  <div class='ocr_page' id='page_1' title='image "/cluster/home/n/w/nwhite01/storage/ocr_20150623/36/uva.x000827105/213.png"; bbox 0 0 3960 6480; ppageno 0'>
   <div class='ocr_carea' id='block_1_1' title="bbox 466 472 2053 558">
    <p class='ocr_par' dir='ltr' id='par_1_1' title="bbox 466 472 2053 558">
     <span class='ocr_line' id='line_1_1' title="bbox 466 472 2053 558; baseline -0.006 -17"><span class='ocrx_word' id='word_1_1' title='bbox 466 484 673 558; x_wconf 90' lang='lat' dir='ltr'><strong>pinqui,</strong></span> <span class='ocrx_word' id='word_1_2' title='bbox 700 481 865 538; x_wconf 89' lang='lat' dir='ltr'><strong>iidem</strong></span> <span class='ocrx_word' id='word_1_3' title='bbox 902 476 1176 551; x_wconf 77' lang='lat' dir='ltr'><strong>longinqui</strong></span> <span class='ocrx_word' id='word_1_4' title='bbox 1206 492 1221 532; x_wconf 93' lang='lat'><strong>:</strong></span> <span class='ocrx_word' id='word_1_5' title='bbox 1251 473 1536 547; x_wconf 82' lang='lat' dir='ltr'><strong>propinqui</strong></span> <span class='ocrx_word' id='word_1_6' title='bbox 1573 472 1751 542; x_wconf 83' lang='lat' dir='ltr'><strong>labiis,</strong></span> <span class='ocrx_word' id='word_1_7' title='bbox 1775 473 2053 546; x_wconf 69' lang='lat' dir='ltr'><strong>longinqui</strong></span> 
     </span>
    </p>
   </div>
   <div class='ocr_carea' id='block_1_2' title="bbox 463 567 2056 640">
    <p class='ocr_par' dir='ltr' id='par_1_2' title="bbox 463 567 2056 640">
     <span class='ocr_line' id='line_1_2' title="bbox 463 567 2056 640; baseline -0.008 -6"><span class='ocrx_word' id='word_1_8' title='bbox 463 577 654 634; x_wconf 83' lang='lat' dir='ltr'><strong>corde.</strong></span> <span class='ocrx_word' id='word_1_9' title='bbox 695 575 1072 630; x_wconf 80' lang='lat' dir='ltr'><strong>Verumtamen</strong></span> <span class='ocrx_word' id='word_1_10' title='bbox 1111 570 1234 640; x_wconf 83' lang='lat' dir='ltr'><strong>quia</strong></span> <span class='ocrx_word' id='word_1_11' title='bbox 1295 568 1454 638; x_wconf 77' lang='lat' dir='ltr'><strong>longe</strong></span> <span class='ocrx_word' id='word_1_12' title='bbox 1497 575 1762 622; x_wconf 84' lang='lat' dir='ltr'><strong>steterunt</strong></span> <span class='ocrx_word' id='word_1_13' title='bbox 1805 567 2056 623; x_wconf 77' lang='lat' dir='ltr'><strong>timentes</strong></span> 
     </span>
    </p>
   </div>
   <div class='ocr_carea' id='block_1_3' title="bbox 466 657 2056 742">
    <p class='ocr_par' dir='ltr' id='par_1_3' title="bbox 466 657 2056 742">
     <span class='ocr_line' id='line_1_3' title="bbox 466 657 2056 742; baseline -0.011 -13"><span class='ocrx_word' id='word_1_14' title='bbox 466 668 732 742; x_wconf 82' lang='lat' dir='ltr'><strong>Apostoli,</strong></span> <span class='ocrx_word' id='word_1_15' title='bbox 760 665 1053 721; x_wconf 75' lang='lat' dir='ltr'><strong>absolutius</strong></span> <span class='ocrx_word' id='word_1_16' title='bbox 1089 671 1147 719; x_wconf 92' lang='lat' dir='ltr'><strong>et</strong></span> <span class='ocrx_word' id='word_1_17' title='bbox 1183 660 1394 732; x_wconf 85' lang='lat' dir='ltr'><strong>planius</strong></span> <span class='ocrx_word' id='word_1_18' title='bbox 1417 659 1487 715; x_wconf 89' lang='lat' dir='ltr'><strong>de</strong></span> <span class='ocrx_word' id='word_1_19' title='bbox 1514 659 1619 715; x_wconf 87' lang='lat' dir='ltr'><strong>illis</strong></span> <span class='ocrx_word' id='word_1_20' title='bbox 1658 657 1971 728; x_wconf 88' lang='lat' dir='ltr'><strong>accipimus,</strong></span> <span class='ocrx_word' id='word_1_21' title='bbox 1998 666 2056 712; x_wconf 92' lang='lat' dir='ltr'><strong>ut</strong></span> 
     </span>
    </p>
   </div>
   <div class='ocr_carea' id='block_1_4' title="bbox 467 751 2050 832">
    <p class='ocr_par' dir='ltr' id='par_1_4' title="bbox 467 751 2050 832">
     <span class='ocr_line' id='line_1_4' title="bbox 467 751 2050 832; baseline -0.011 -13"><span class='ocrx_word' id='word_1_22' title='bbox 467 763 604 818; x_wconf 86' lang='lat' dir='ltr'><strong>alios</strong></span> <span class='ocrx_word' id='word_1_23' title='bbox 630 759 1034 832; x_wconf 81' lang='lat' dir='ltr'><strong>propinquasse,</strong></span> <span class='ocrx_word' id='word_1_24' title='bbox 1057 754 1192 809; x_wconf 89' lang='lat' dir='ltr'><strong>alios</strong></span> <span class='ocrx_word' id='word_1_25' title='bbox 1235 754 1393 822; x_wconf 81' lang='lat' dir='ltr'><strong>longe</strong></span> <span class='ocrx_word' id='word_1_26' title='bbox 1422 751 1634 807; x_wconf 85' lang='lat' dir='ltr'><strong>stetisse</strong></span> <span class='ocrx_word' id='word_1_27' title='bbox 1663 751 2050 821; x_wconf 77' lang='lat' dir='ltr'><strong>intelligamus:</strong></span> 
     </span>
    </p>
   </div>
   <div class='ocr_carea' id='block_1_5' title="bbox 465 840 2052 926">
    <p class='ocr_par' dir='ltr' id='par_1_5' title="bbox 465 840 2052 926">
     <span class='ocr_line' id='line_1_5' title="bbox 465 840 2052 926; baseline -0.01 -17"><span class='ocrx_word' id='word_1_28' title='bbox 465 849 896 926; x_wconf 85' lang='lat' dir='ltr'><strong>quandoquidem</strong></span> <span class='ocrx_word' id='word_1_29' title='bbox 922 855 978 902; x_wconf 90' lang='lat' dir='ltr'><strong>et</strong></span> <span class='ocrx_word' id='word_1_30' title='bbox 1000 846 1191 902; x_wconf 85' lang='lat' dir='ltr'><strong>Petrus</strong></span> <span class='ocrx_word' id='word_1_31' title='bbox 1215 844 1305 915; x_wconf 92' lang='lat' dir='ltr'><strong>qui</strong></span> <span class='ocrx_word' id='word_1_32' title='bbox 1330 843 1586 898; x_wconf 90' lang='lat' dir='ltr'><strong>audacius</strong></span> <span class='ocrx_word' id='word_1_33' title='bbox 1615 851 1830 897; x_wconf 86' lang='lat' dir='ltr'><strong>secutus</strong></span> <span class='ocrx_word' id='word_1_34' title='bbox 1861 840 2052 906; x_wconf 83' lang='lat' dir='ltr'><strong>fuerat,</strong></span> 
     </span>
    </p>
   </div>
   <div class='ocr_carea' id='block_1_6' title="bbox 466 931 2052 1010">
    <p class='ocr_par' dir='ltr' id='par_1_6' title="bbox 466 931 2052 1010">
     <span class='ocr_line' id='line_1_6' title="bbox 466 931 2052 1010; baseline -0.009 -9"><span class='ocrx_word' id='word_1_35' title='bbox 466 945 542 1001; x_wconf 87' lang='lat' dir='ltr'><strong>ita</strong></span> <span class='ocrx_word' id='word_1_36' title='bbox 579 941 753 997; x_wconf 87' lang='lat' dir='ltr'><strong>adhuc</strong></span> <span class='ocrx_word' id='word_1_37' title='bbox 783 940 939 1010; x_wconf 83' lang='lat' dir='ltr'><strong>longe</strong></span> <span class='ocrx_word' id='word_1_38' title='bbox 977 945 1115 1004; x_wconf 89' lang='lat' dir='ltr'><strong>erat,</strong></span> <span class='ocrx_word' id='word_1_39' title='bbox 1142 946 1201 992; x_wconf 92' lang='lat' dir='ltr'><strong>ut</strong></span> <span class='ocrx_word' id='word_1_40' title='bbox 1229 937 1583 1005; x_wconf 82' lang='lat' dir='ltr'><strong>interrogatus</strong></span> <span class='ocrx_word' id='word_1_41' title='bbox 1610 943 1663 990; x_wconf 91' lang='lat' dir='ltr'><strong>et</strong></span> <span class='ocrx_word' id='word_1_42' title='bbox 1692 931 2052 1004; x_wconf 87' lang='lat' dir='ltr'><strong>perturbatus.</strong></span> 
     </span>
    </p>
   </div>
   <div class='ocr_carea' id='block_1_7' title="bbox 465 1026 2056 1103">
    <p class='ocr_par' dir='ltr' id='par_1_7' title="bbox 465 1026 2056 1103">
     <span class='ocr_line' id='line_1_7' title="bbox 465 1026 2056 1103; baseline -0.008 -12"><span class='ocrx_word' id='word_1_43' title='bbox 465 1043 551 1091; x_wconf 83' lang='lat' dir='ltr'><strong>ter</strong></span> <span class='ocrx_word' id='word_1_44' title='bbox 578 1041 796 1103; x_wconf 79' lang='lat' dir='ltr'><strong>negaret</strong></span> <span class='ocrx_word' id='word_1_45' title='bbox 827 1031 1134 1096; x_wconf 91' lang='lat' dir='ltr'><strong>Dominum,</strong></span> <span class='ocrx_word' id='word_1_46' title='bbox 1173 1043 1296 1083; x_wconf 93' lang='lat' dir='ltr'><strong>cum</strong></span> <span class='ocrx_word' id='word_1_47' title='bbox 1340 1042 1446 1096; x_wconf 90' lang='lat' dir='ltr'><strong>quo</strong></span> <span class='ocrx_word' id='word_1_48' title='bbox 1479 1043 1538 1081; x_wconf 88' lang='lat' dir='ltr'><strong>se</strong></span> <span class='ocrx_word' id='word_1_49' title='bbox 1576 1026 1896 1081; x_wconf 89' lang='lat' dir='ltr'><strong>moriturum</strong></span> <span class='ocrx_word' id='word_1_50' title='bbox 1936 1037 2056 1079; x_wconf 88' lang='lat' dir='ltr'><strong>esse</strong></span> 
     </span>
    </p>
   </div>
   <div class='ocr_carea' id='block_1_8' title="bbox 466 1117 2058 1198">
    <p class='ocr_par' dir='ltr' id='par_1_8' title="bbox 466 1117 2058 1198">
     <span class='ocr_line' id='line_1_8' title="bbox 466 1117 2058 1198; baseline -0.009 -16"><span class='ocrx_word' id='word_1_51' title='bbox 466 1127 787 1198; x_wconf 81' lang='lat' dir='ltr'><strong>promiserat</strong></span> <span class='ocrx_word' id='word_1_52' title='bbox 815 1123 1026 1196; x_wconf 75' lang='lat' dir='ltr'><strong>(Matth.</strong></span> <span class='ocrx_word' id='word_1_53' title='bbox 1056 1138 1203 1184; x_wconf 79' lang='lat' dir='ltr'><strong>xxvi,</strong></span> <span class='ocrx_word' id='word_1_54' title='bbox 1228 1120 1341 1190; x_wconf 82' lang='lat'><strong>70).</strong></span> <span class='ocrx_word' id='word_1_55' title='bbox 1369 1119 1469 1189; x_wconf 85' lang='lat' dir='ltr'><strong>Qui</strong></span> <span class='ocrx_word' id='word_1_56' title='bbox 1519 1127 1705 1189; x_wconf 89' lang='lat' dir='ltr'><strong>postea</strong></span> <span class='ocrx_word' id='word_1_57' title='bbox 1745 1133 1811 1172; x_wconf 83' lang='lat' dir='ltr'><strong>ex</strong></span> <span class='ocrx_word' id='word_1_58' title='bbox 1851 1117 2058 1186; x_wconf 77' lang='lat' dir='ltr'><strong>longin-</strong></span> 
     </span>
    </p>
   </div>
   <div class='ocr_carea' id='block_1_9' title="bbox 467 1207 2055 1289">
    <p class='ocr_par' dir='ltr' id='par_1_9' title="bbox 467 1207 2055 1289">
     <span class='ocr_line' id='line_1_9' title="bbox 467 1207 2055 1289; baseline -0.008 -15"><span class='ocrx_word' id='word_1_59' title='bbox 467 1233 575 1289; x_wconf 93' lang='lat' dir='ltr'><strong>quo</strong></span> <span class='ocrx_word' id='word_1_60' title='bbox 615 1226 676 1272; x_wconf 94' lang='lat' dir='ltr'><strong>ut</strong></span> <span class='ocrx_word' id='word_1_61' title='bbox 723 1217 1054 1285; x_wconf 90' lang='lat' dir='ltr'><strong>propinquus</strong></span> <span class='ocrx_word' id='word_1_62' title='bbox 1100 1212 1273 1277; x_wconf 82' lang='lat' dir='ltr'><strong>fieret,</strong></span> <span class='ocrx_word' id='word_1_63' title='bbox 1301 1209 1504 1266; x_wconf 86' lang='lat' dir='ltr'><strong>audivit</strong></span> <span class='ocrx_word' id='word_1_64' title='bbox 1548 1217 1669 1279; x_wconf 90' lang='lat' dir='ltr'><strong>post</strong></span> <span class='ocrx_word' id='word_1_65' title='bbox 1705 1207 2055 1264; x_wconf 88' lang='lat' dir='ltr'><strong>resurrectio-</strong></span> 
     </span>
    </p>
   </div>
   <div class='ocr_carea' id='block_1_10' title="bbox 466 1297 2055 1376">
    <p class='ocr_par' dir='ltr' id='par_1_10' title="bbox 466 1297 2055 1376">
     <span class='ocr_line' id='line_1_10' title="bbox 466 1297 2055 1376; baseline -0.009 -10"><span class='ocrx_word' id='word_1_66' title='bbox 466 1325 616 1376; x_wconf 87' lang='lat' dir='ltr'><strong>nem,</strong></span> <span class='ocrx_word' id='word_1_67' title='bbox 657 1309 809 1362; x_wconf 81' lang='lat' dir='ltr'><strong>Amas</strong></span> <span class='ocrx_word' id='word_1_68' title='bbox 849 1307 967 1360; x_wconf 87' lang='lat' dir='ltr'><strong>me?</strong></span> <span class='ocrx_word' id='word_1_69' title='bbox 1005 1315 1061 1360; x_wconf 89' lang='lat' dir='ltr'><strong>et</strong></span> <span class='ocrx_word' id='word_1_70' title='bbox 1103 1304 1334 1370; x_wconf 91' lang='lat' dir='ltr'><strong>dicebat,</strong></span> <span class='ocrx_word' id='word_1_71' title='bbox 1378 1303 1504 1355; x_wconf 82' lang='lat' dir='ltr'><strong>Amo</strong></span> <span class='ocrx_word' id='word_1_72' title='bbox 1534 1301 1554 1372; x_wconf 96' lang='lat'><strong>(</strong></span> <span class='ocrx_word' id='word_1_73' title='bbox 1584 1300 1741 1355; x_wconf 79' lang='lat' dir='ltr'><strong>Joan.</strong></span> <span class='ocrx_word' id='word_1_74' title='bbox 1783 1315 1895 1364; x_wconf 76' lang='grc' dir='ltr'>χιιι,</span> <span class='ocrx_word' id='word_1_75' title='bbox 1943 1297 2055 1370; x_wconf 87' lang='lat'><strong>17).</strong></span> 
     </span>
    </p>
   </div>
   <div class='ocr_carea' id='block_1_11' title="bbox 468 1391 2056 1469">
    <p class='ocr_par' dir='ltr' id='par_1_11' title="bbox 468 1391 2056 1469">
     <span class='ocr_line' id='line_1_11' title="bbox 468 1391 2056 1469; baseline -0.008 -10"><span class='ocrx_word' id='word_1_76' title='bbox 468 1403 541 1459; x_wconf 88' lang='lat' dir='ltr'><strong>Et</strong></span> <span class='ocrx_word' id='word_1_77' title='bbox 573 1402 800 1458; x_wconf 88' lang='lat' dir='ltr'><strong>dicendo</strong></span> <span class='ocrx_word' id='word_1_78' title='bbox 838 1398 1250 1469; x_wconf 86' lang='lat' dir='ltr'><strong>pr0pinquabat,</strong></span> <span class='ocrx_word' id='word_1_79' title='bbox 1282 1397 1371 1468; x_wconf 88' lang='lat' dir='ltr'><strong>qui</strong></span> <span class='ocrx_word' id='word_1_80' title='bbox 1404 1394 1644 1465; x_wconf 81' lang='lat' dir='ltr'><strong>negando</strong></span> <span class='ocrx_word' id='word_1_81' title='bbox 1687 1393 1843 1463; x_wconf 78' lang='lat' dir='ltr'><strong>longe</strong></span> <span class='ocrx_word' id='word_1_82' title='bbox 1886 1391 2056 1446; x_wconf 83' lang='lat' dir='ltr'><strong>factus</strong></span> 
     </span>
    </p>
   </div>
   <div class='ocr_carea' id='block_1_12' title="bbox 471 1488 2055 1562">
    <p class='ocr_par' dir='ltr' id='par_1_12' title="bbox 471 1488 2055 1562">
     <span class='ocr_line' id='line_1_12' title="bbox 471 1488 2055 1562; baseline -0.006 -12"><span class='ocrx_word' id='word_1_83' title='bbox 471 1503 609 1562; x_wconf 87' lang='lat' dir='ltr'><strong>erat,</strong></span> <span class='ocrx_word' id='word_1_84' title='bbox 626 1493 800 1548; x_wconf 82' lang='lat' dir='ltr'><strong>donec</strong></span> <span class='ocrx_word' id='word_1_85' title='bbox 833 1493 968 1546; x_wconf 90' lang='lat' dir='ltr'><strong>trina</strong></span> <span class='ocrx_word' id='word_1_86' title='bbox 994 1506 1126 1546; x_wconf 86' lang='lat' dir='ltr'><strong>voce</strong></span> <span class='ocrx_word' id='word_1_87' title='bbox 1152 1489 1368 1555; x_wconf 85' lang='lat' dir='ltr'><strong>amoris,</strong></span> <span class='ocrx_word' id='word_1_88' title='bbox 1393 1488 1626 1543; x_wconf 80' lang='lat' dir='ltr'><strong>solveret</strong></span> <span class='ocrx_word' id='word_1_89' title='bbox 1651 1488 1843 1541; x_wconf 87' lang='lat' dir='ltr'><strong>trinam</strong></span> <span class='ocrx_word' id='word_1_90' title='bbox 1869 1499 2055 1541; x_wconf 88' lang='lat' dir='ltr'><strong>vocem</strong></span> 
     </span>
    </p>
   </div>
   <div class='ocr_carea' id='block_1_13' title="bbox 471 1579 1794 1655">
    <p class='ocr_par' dir='ltr' id='par_1_13' title="bbox 471 1579 1794 1655">
     <span class='ocr_line' id='line_1_13' title="bbox 471 1579 1794 1655; baseline -0.005 -15"><span class='ocrx_word' id='word_1_91' title='bbox 471 1585 825 1655; x_wconf 77' lang='lat' dir='ltr'><strong>negationis‘.</strong></span> <span class='ocrx_word' id='word_1_92' title='bbox 859 1581 925 1635; x_wconf 89' lang='lat' dir='ltr'><strong>Et</strong></span> <span class='ocrx_word' id='word_1_93' title='bbox 949 1583 1167 1654; x_wconf 77' lang='lat' dir='ltr'><strong>proximi</strong></span> <span class='ocrx_word' id='word_1_94' title='bbox 1188 1582 1284 1635; x_wconf 88' lang='lat' dir='ltr'><strong>mei</strong></span> <span class='ocrx_word' id='word_1_95' title='bbox 1304 1597 1336 1635; x_wconf 89' lang='lat' dir='ltr'><strong>a</strong></span> <span class='ocrx_word' id='word_1_96' title='bbox 1365 1579 1513 1652; x_wconf 82' lang='lat' dir='ltr'><strong>longe</strong></span> <span class='ocrx_word' id='word_1_97' title='bbox 1529 1587 1794 1635; x_wconf 88' lang='lat' dir='ltr'><strong>steterunt.</strong></span> 
     </span>
    </p>
   </div>
   <div class='ocr_carea' id='block_1_14' title="bbox 545 1671 2054 1742">
    <p class='ocr_par' dir='ltr' id='par_1_14' title="bbox 545 1671 2054 1742">
     <span class='ocr_line' id='line_1_14' title="bbox 545 1671 2054 1742; baseline -0.004 -12"><span class='ocrx_word' id='word_1_98' title='bbox 545 1676 632 1730; x_wconf 90' lang='lat'><strong>18.</strong></span> <span class='ocrx_word' id='word_1_99' title='bbox 676 1675 743 1728; x_wconf 86' lang='lat' dir='ltr'><strong>Et</strong></span> <span class='ocrx_word' id='word_1_100' title='bbox 768 1675 865 1726; x_wconf 84' lang='lat' dir='ltr'><strong>vim</strong></span> <span class='ocrx_word' id='word_1_101' title='bbox 906 1674 1158 1742; x_wconf 78' lang='lat' dir='ltr'><strong>faciebant</strong></span> <span class='ocrx_word' id='word_1_102' title='bbox 1185 1673 1272 1742; x_wconf 89' lang='lat' dir='ltr'><strong>qui</strong></span> <span class='ocrx_word' id='word_1_103' title='bbox 1303 1671 1592 1740; x_wconf 82' lang='lat' dir='ltr'><strong>quterebant</strong></span> <span class='ocrx_word' id='word_1_104' title='bbox 1621 1672 1843 1725; x_wconf 86' lang='lat' dir='ltr'><strong>animam</strong></span> <span class='ocrx_word' id='word_1_105' title='bbox 1871 1685 2054 1724; x_wconf 85' lang='lat' dir='ltr'><strong>meam.</strong></span> 
     </span>
    </p>
   </div>
   <div class='ocr_carea' id='block_1_15' title="bbox 470 1762 2054 1834">
    <p class='ocr_par' dir='ltr' id='par_1_15' title="bbox 470 1762 2054 1834">
     <span class='ocr_line' id='line_1_15' title="bbox 470 1762 2054 1834; baseline -0.004 -12"><span class='ocrx_word' id='word_1_106' title='bbox 470 1765 588 1823; x_wconf 84' lang='lat' dir='ltr'><strong>Jam</strong></span> <span class='ocrx_word' id='word_1_107' title='bbox 618 1767 956 1821; x_wconf 88' lang='lat' dir='ltr'><strong>manifestum</strong></span> <span class='ocrx_word' id='word_1_108' title='bbox 1001 1765 1196 1834; x_wconf 88' lang='lat' dir='ltr'><strong>estqui</strong></span> <span class='ocrx_word' id='word_1_109' title='bbox 1239 1763 1547 1834; x_wconf 76' lang='lat' dir='ltr'><strong>qumrebant</strong></span> <span class='ocrx_word' id='word_1_110' title='bbox 1591 1763 1821 1817; x_wconf 90' lang='lat' dir='ltr'><strong>animam</strong></span> <span class='ocrx_word' id='word_1_111' title='bbox 1854 1762 2054 1832; x_wconf 86' lang='lat' dir='ltr'><strong>ipsius:</strong></span> 
     </span>
    </p>
   </div>
   <div class='ocr_carea' id='block_1_16' title="bbox 469 1854 2059 1928">
    <p class='ocr_par' dir='ltr' id='par_1_16' title="bbox 469 1854 2059 1928">
     <span class='ocr_line' id='line_1_16' title="bbox 469 1854 2059 1928; baseline -0.002 -17"><span class='ocrx_word' id='word_1_112' title='bbox 469 1858 560 1928; x_wconf 89' lang='lat' dir='ltr'><strong>qui</strong></span> <span class='ocrx_word' id='word_1_113' title='bbox 603 1873 707 1911; x_wconf 91' lang='lat' dir='ltr'><strong>non</strong></span> <span class='ocrx_word' id='word_1_114' title='bbox 741 1855 1007 1909; x_wconf 79' lang='lat' dir='ltr'><strong>habebant</strong></span> <span class='ocrx_word' id='word_1_115' title='bbox 1041 1856 1274 1909; x_wconf 88' lang='lat' dir='ltr'><strong>animam</strong></span> <span class='ocrx_word' id='word_1_116' title='bbox 1321 1855 1458 1924; x_wconf 88' lang='lat' dir='ltr'><strong>ejus,</strong></span> <span class='ocrx_word' id='word_1_117' title='bbox 1499 1854 1623 1924; x_wconf 87' lang='lat' dir='ltr'><strong>quia</strong></span> <span class='ocrx_word' id='word_1_118' title='bbox 1667 1869 1772 1908; x_wconf 91' lang='lat' dir='ltr'><strong>non</strong></span> <span class='ocrx_word' id='word_1_119' title='bbox 1821 1863 1975 1909; x_wconf 88' lang='lat' dir='ltr'><strong>erant</strong></span> <span class='ocrx_word' id='word_1_120' title='bbox 2004 1854 2059 1908; x_wconf 89' lang='lat' dir='ltr'><strong>in</strong></span> 
     </span>
    </p>
   </div>
   <div class='ocr_carea' id='block_1_17' title="bbox 469 1943 2059 2018">
    <p class='ocr_par' dir='ltr' id='par_1_17' title="bbox 469 1943 2059 2018">
     <span class='ocr_line' id='line_1_17' title="bbox 469 1943 2059 2018; baseline -0.003 -13"><span class='ocrx_word' id='word_1_121' title='bbox 469 1963 694 2018; x_wconf 89' lang='lat' dir='ltr'><strong>corpore</strong></span> <span class='ocrx_word' id='word_1_122' title='bbox 741 1948 874 2016; x_wconf 85' lang='lat' dir='ltr'><strong>ejus.</strong></span> <span class='ocrx_word' id='word_1_123' title='bbox 927 1947 1026 2015; x_wconf 85' lang='lat' dir='ltr'><strong>Qui</strong></span> <span class='ocrx_word' id='word_1_124' title='bbox 1059 1946 1368 2016; x_wconf 71' lang='lat' dir='ltr'><strong>quaerebant</strong></span> <span class='ocrx_word' id='word_1_125' title='bbox 1419 1945 1656 2000; x_wconf 90' lang='lat' dir='ltr'><strong>animam</strong></span> <span class='ocrx_word' id='word_1_126' title='bbox 1705 1944 1845 2015; x_wconf 85' lang='lat' dir='ltr'><strong>ejus,</strong></span> <span class='ocrx_word' id='word_1_127' title='bbox 1899 1943 2059 2015; x_wconf 79' lang='lat' dir='ltr'><strong>longe</strong></span> 
     </span>
    </p>
   </div>
   <div class='ocr_carea' id='block_1_18' title="bbox 469 2031 2060 2110">
    <p class='ocr_par' dir='ltr' id='par_1_18' title="bbox 469 2031 2060 2110">
     <span class='ocr_line' id='line_1_18' title="bbox 469 2031 2060 2110; baseline -0.002 -13"><span class='ocrx_word' id='word_1_128' title='bbox 469 2051 624 2098; x_wconf 90' lang='lat' dir='ltr'><strong>erant</strong></span> <span class='ocrx_word' id='word_1_129' title='bbox 651 2041 717 2096; x_wconf 89' lang='lat' dir='ltr'><strong>ab</strong></span> <span class='ocrx_word' id='word_1_130' title='bbox 755 2042 928 2096; x_wconf 87' lang='lat' dir='ltr'><strong>anima</strong></span> <span class='ocrx_word' id='word_1_131' title='bbox 959 2040 1074 2110; x_wconf 87' lang='lat' dir='ltr'><strong>ejus</strong></span> <span class='ocrx_word' id='word_1_132' title='bbox 1107 2057 1122 2096; x_wconf 90' lang='lat'><strong>:</strong></span> <span class='ocrx_word' id='word_1_133' title='bbox 1154 2039 1249 2094; x_wconf 89' lang='lat' dir='ltr'><strong>sed</strong></span> <span class='ocrx_word' id='word_1_134' title='bbox 1295 2031 1606 2109; x_wconf 58' lang='lat' dir='ltr'><strong>quierebant</strong></span> <span class='ocrx_word' id='word_1_135' title='bbox 1647 2045 1707 2092; x_wconf 91' lang='lat' dir='ltr'><strong>ut</strong></span> <span class='ocrx_word' id='word_1_136' title='bbox 1749 2038 2060 2095; x_wconf 91' lang='lat' dir='ltr'><strong>occiderent</strong></span> 
     </span>
    </p>
   </div>
   <div class='ocr_carea' id='block_1_19' title="bbox 469 2131 2057 2202">
    <p class='ocr_par' dir='ltr' id='par_1_19' title="bbox 469 2131 2057 2202">
     <span class='ocr_line' id='line_1_19' title="bbox 469 2131 2057 2202; baseline -0.001 -13"><span class='ocrx_word' id='word_1_137' title='bbox 469 2149 609 2190; x_wconf 87' lang='lat' dir='ltr'><strong>eam.</strong></span> <span class='ocrx_word' id='word_1_138' title='bbox 655 2134 922 2202; x_wconf 65' lang='lat' dir='ltr'><strong>Quaeritur</strong></span> <span class='ocrx_word' id='word_1_139' title='bbox 968 2136 1109 2188; x_wconf 90' lang='lat' dir='ltr'><strong>enim</strong></span> <span class='ocrx_word' id='word_1_140' title='bbox 1155 2134 1333 2186; x_wconf 90' lang='lat' dir='ltr'><strong>anima</strong></span> <span class='ocrx_word' id='word_1_141' title='bbox 1365 2131 1481 2202; x_wconf 83' lang='lat' dir='ltr'><strong>ejus</strong></span> <span class='ocrx_word' id='word_1_142' title='bbox 1509 2142 1562 2187; x_wconf 90' lang='lat' dir='ltr'><strong>et</strong></span> <span class='ocrx_word' id='word_1_143' title='bbox 1590 2132 1748 2188; x_wconf 87' lang='lat' dir='ltr'><strong>bene.</strong></span> <span class='ocrx_word' id='word_1_144' title='bbox 1776 2132 1908 2188; x_wconf 89' lang='lat' dir='ltr'><strong>Nam</strong></span> <span class='ocrx_word' id='word_1_145' title='bbox 1952 2133 2057 2188; x_wconf 89' lang='lat' dir='ltr'><strong>alio</strong></span> 
     </span>
    </p>
   </div>
   <div class='ocr_carea' id='block_1_20' title="bbox 467 2221 2057 2294">
    <p class='ocr_par' dir='ltr' id='par_1_20' title="bbox 467 2221 2057 2294">
     <span class='ocr_line' id='line_1_20' title="bbox 467 2221 2057 2294; baseline -0.002 -14"><span class='ocrx_word' id='word_1_146' title='bbox 467 2225 587 2280; x_wconf 91' lang='lat' dir='ltr'><strong>loco</strong></span> <span class='ocrx_word' id='word_1_147' title='bbox 614 2225 786 2294; x_wconf 81' lang='lat' dir='ltr'><strong>arguit</strong></span> <span class='ocrx_word' id='word_1_148' title='bbox 820 2223 1076 2293; x_wconf 84' lang='lat' dir='ltr'><strong>quosdam</strong></span> <span class='ocrx_word' id='word_1_149' title='bbox 1119 2222 1304 2278; x_wconf 91' lang='lat' dir='ltr'><strong>dicens</strong></span> <span class='ocrx_word' id='word_1_150' title='bbox 1335 2240 1348 2277; x_wconf 91' lang='lat'><strong>:</strong></span> <span class='ocrx_word' id='word_1_151' title='bbox 1400 2221 1470 2275; x_wconf 89' lang='lat' dir='ltr'><strong>Et</strong></span> <span class='ocrx_word' id='word_1_152' title='bbox 1502 2237 1600 2277; x_wconf 88' lang='lat' dir='ltr'><strong>non</strong></span> <span class='ocrx_word' id='word_1_153' title='bbox 1627 2232 1698 2278; x_wconf 89' lang='lat' dir='ltr'><strong>est</strong></span> <span class='ocrx_word' id='word_1_154' title='bbox 1723 2223 1810 2294; x_wconf 87' lang='lat' dir='ltr'><strong>qui</strong></span> <span class='ocrx_word' id='word_1_155' title='bbox 1835 2225 2057 2292; x_wconf 79' lang='lat' dir='ltr'><strong>requirat</strong></span> 
     </span>
    </p>
   </div>
   <div class='ocr_carea' id='block_1_21' title="bbox 468 2314 2055 2385">
    <p class='ocr_par' dir='ltr' id='par_1_21' title="bbox 468 2314 2055 2385">
     <span class='ocr_line' id='line_1_21' title="bbox 468 2314 2055 2385; baseline 0 -15"><span class='ocrx_word' id='word_1_156' title='bbox 468 2317 694 2370; x_wconf 90' lang='lat' dir='ltr'><strong>animam</strong></span> <span class='ocrx_word' id='word_1_157' title='bbox 734 2331 894 2370; x_wconf 90' lang='lat' dir='ltr'><strong>meam</strong></span> <span class='ocrx_word' id='word_1_158' title='bbox 929 2314 1100 2385; x_wconf 81' lang='lat' dir='ltr'><strong>(l’sal.</strong></span> <span class='ocrx_word' id='word_1_159' title='bbox 1131 2329 1269 2378; x_wconf 84' lang='lat' dir='ltr'><strong>cxu,</strong></span> <span class='ocrx_word' id='word_1_160' title='bbox 1309 2315 1388 2385; x_wconf 86' lang='lat'><strong>5).</strong></span> <span class='ocrx_word' id='word_1_161' title='bbox 1418 2315 1608 2385; x_wconf 80' lang='lat' dir='ltr'><strong>Arguit</strong></span> <span class='ocrx_word' id='word_1_162' title='bbox 1650 2315 1908 2384; x_wconf 92' lang='lat' dir='ltr'><strong>quosdam</strong></span> <span class='ocrx_word' id='word_1_163' title='bbox 1949 2330 2055 2370; x_wconf 90' lang='lat' dir='ltr'><strong>non</strong></span> 
     </span>
    </p>
   </div>
   <div class='ocr_carea' id='block_1_22' title="bbox 468 2406 2055 2477">
    <p class='ocr_par' dir='ltr' id='par_1_22' title="bbox 468 2406 2055 2477">
     <span class='ocr_line' id='line_1_22' title="bbox 468 2406 2055 2477; baseline 0 -17"><span class='ocrx_word' id='word_1_164' title='bbox 468 2414 773 2477; x_wconf 79' lang='lat' dir='ltr'><strong>quaerentes</strong></span> <span class='ocrx_word' id='word_1_165' title='bbox 797 2406 1026 2460; x_wconf 87' lang='lat' dir='ltr'><strong>animam</strong></span> <span class='ocrx_word' id='word_1_166' title='bbox 1055 2406 1192 2475; x_wconf 88' lang='lat' dir='ltr'><strong>ejus,</strong></span> <span class='ocrx_word' id='word_1_167' title='bbox 1225 2414 1279 2460; x_wconf 88' lang='lat' dir='ltr'><strong>et</strong></span> <span class='ocrx_word' id='word_1_168' title='bbox 1306 2421 1492 2462; x_wconf 90' lang='lat' dir='ltr'><strong>rursus</strong></span> <span class='ocrx_word' id='word_1_169' title='bbox 1532 2407 1705 2475; x_wconf 77' lang='lat' dir='ltr'><strong>arguit</strong></span> <span class='ocrx_word' id='word_1_170' title='bbox 1743 2407 1876 2460; x_wconf 84' lang='lat' dir='ltr'><strong>alios</strong></span> <span class='ocrx_word' id='word_1_171' title='bbox 1906 2422 2055 2476; x_wconf 71' lang='lat' dir='ltr'><strong>qure-</strong></span> 
     </span>
    </p>
   </div>
   <div class='ocr_carea' id='block_1_23' title="bbox 469 2497 2055 2568">
    <p class='ocr_par' dir='ltr' id='par_1_23' title="bbox 469 2497 2055 2568">
     <span class='ocr_line' id='line_1_23' title="bbox 469 2497 2055 2568; baseline -0.001 -14"><span class='ocrx_word' id='word_1_172' title='bbox 469 2507 650 2554; x_wconf 84' lang='lat' dir='ltr'><strong>rentes</strong></span> <span class='ocrx_word' id='word_1_173' title='bbox 671 2498 900 2551; x_wconf 84' lang='lat' dir='ltr'><strong>animam</strong></span> <span class='ocrx_word' id='word_1_174' title='bbox 929 2497 1208 2566; x_wconf 88' lang='lat' dir='ltr'><strong>ejus.Qnis</strong></span> <span class='ocrx_word' id='word_1_175' title='bbox 1233 2506 1314 2552; x_wconf 91' lang='lat' dir='ltr'><strong>est</strong></span> <span class='ocrx_word' id='word_1_176' title='bbox 1331 2498 1417 2567; x_wconf 90' lang='lat' dir='ltr'><strong>qui</strong></span> <span class='ocrx_word' id='word_1_177' title='bbox 1440 2497 1631 2568; x_wconf 72' lang='lat' dir='ltr'><strong>quarrit</strong></span> <span class='ocrx_word' id='word_1_178' title='bbox 1663 2498 1800 2554; x_wconf 90' lang='lat' dir='ltr'><strong>bene</strong></span> <span class='ocrx_word' id='word_1_179' title='bbox 1823 2499 2055 2552; x_wconf 91' lang='lat' dir='ltr'><strong>animam</strong></span> 
     </span>
    </p>
   </div>
   <div class='ocr_carea' id='block_1_24' title="bbox 469 2588 2056 2661">
    <p class='ocr_par' dir='ltr' id='par_1_24' title="bbox 469 2588 2056 2661">
     <span class='ocr_line' id='line_1_24' title="bbox 469 2588 2056 2661; baseline 0.002 -19"><span class='ocrx_word' id='word_1_180' title='bbox 469 2589 678 2660; x_wconf 88' lang='lat' dir='ltr'><strong>ipsius?</strong></span> <span class='ocrx_word' id='word_1_181' title='bbox 707 2588 805 2656; x_wconf 86' lang='lat' dir='ltr'><strong>Qui</strong></span> <span class='ocrx_word' id='word_1_182' title='bbox 851 2591 967 2658; x_wconf 88' lang='lat' dir='ltr'><strong>ejus</strong></span> <span class='ocrx_word' id='word_1_183' title='bbox 1011 2590 1285 2659; x_wconf 88' lang='lat' dir='ltr'><strong>passiones</strong></span> <span class='ocrx_word' id='word_1_184' title='bbox 1334 2590 1590 2645; x_wconf 88' lang='lat' dir='ltr'><strong>imitatur.</strong></span> <span class='ocrx_word' id='word_1_185' title='bbox 1643 2591 1742 2659; x_wconf 88' lang='lat' dir='ltr'><strong>Qui</strong></span> <span class='ocrx_word' id='word_1_186' title='bbox 1793 2599 1919 2646; x_wconf 90' lang='lat' dir='ltr'><strong>sunt</strong></span> <span class='ocrx_word' id='word_1_187' title='bbox 1965 2591 2056 2661; x_wconf 86' lang='lat' dir='ltr'><strong>qui</strong></span> 
     </span>
    </p>
   </div>
   <div class='ocr_carea' id='block_1_25' title="bbox 469 2680 2054 2753">
    <p class='ocr_par' dir='ltr' id='par_1_25' title="bbox 469 2680 2054 2753">
     <span class='ocr_line' id='line_1_25' title="bbox 469 2680 2054 2753; baseline 0.002 -18"><span class='ocrx_word' id='word_1_188' title='bbox 469 2680 776 2750; x_wconf 73' lang='lat' dir='ltr'><strong>quaerebant</strong></span> <span class='ocrx_word' id='word_1_189' title='bbox 806 2681 942 2735; x_wconf 87' lang='lat' dir='ltr'><strong>male</strong></span> <span class='ocrx_word' id='word_1_190' title='bbox 968 2681 1198 2734; x_wconf 89' lang='lat' dir='ltr'><strong>animam</strong></span> <span class='ocrx_word' id='word_1_191' title='bbox 1230 2680 1386 2751; x_wconf 88' lang='lat' dir='ltr'><strong>ejus?</strong></span> <span class='ocrx_word' id='word_1_192' title='bbox 1425 2681 1523 2750; x_wconf 92' lang='lat' dir='ltr'><strong>Qui</strong></span> <span class='ocrx_word' id='word_1_193' title='bbox 1550 2682 1600 2737; x_wconf 90' lang='lat' dir='ltr'><strong>ei</strong></span> <span class='ocrx_word' id='word_1_194' title='bbox 1627 2685 1734 2736; x_wconf 92' lang='lat' dir='ltr'><strong>vim</strong></span> <span class='ocrx_word' id='word_1_195' title='bbox 1766 2681 2054 2753; x_wconf 82' lang='lat' dir='ltr'><strong>faciebant,</strong></span> 
     </span>
    </p>
   </div>
   <div class='ocr_carea' id='block_1_26' title="bbox 468 2771 1112 2841">
    <p class='ocr_par' dir='ltr' id='par_1_26' title="bbox 468 2771 1112 2841">
     <span class='ocr_line' id='line_1_26' title="bbox 468 2771 1112 2841; baseline -0.003 -13"><span class='ocrx_word' id='word_1_196' title='bbox 468 2780 524 2828; x_wconf 89' lang='lat' dir='ltr'><strong>et</strong></span> <span class='ocrx_word' id='word_1_197' title='bbox 547 2771 929 2841; x_wconf 82' lang='lat' dir='ltr'><strong>crucifigebant</strong></span> <span class='ocrx_word' id='word_1_198' title='bbox 967 2787 1112 2826; x_wconf 89' lang='lat' dir='ltr'><strong>eum.</strong></span> 
     </span>
    </p>
   </div>
   <div class='ocr_carea' id='block_1_27' title="bbox 541 2865 2057 2937">
    <p class='ocr_par' dir='ltr' id='par_1_27' title="bbox 541 2865 2057 2937">
     <span class='ocr_line' id='line_1_27' title="bbox 541 2865 2057 2937; baseline 0.002 -16"><span class='ocrx_word' id='word_1_199' title='bbox 541 2865 630 2921; x_wconf 87' lang='lat'><strong>19.</strong></span> <span class='ocrx_word' id='word_1_200' title='bbox 667 2865 934 2936; x_wconf 82' lang='lat' dir='ltr'><strong>Sequitur,</strong></span> <span class='ocrx_word' id='word_1_201' title='bbox 971 2866 1069 2934; x_wconf 93' lang='lat' dir='ltr'><strong>Qui</strong></span> <span class='ocrx_word' id='word_1_202' title='bbox 1094 2867 1382 2937; x_wconf 65' lang='lat' dir='ltr'><strong>quaerebant</strong></span> <span class='ocrx_word' id='word_1_203' title='bbox 1411 2867 1548 2921; x_wconf 87' lang='lat' dir='ltr'><strong>mala</strong></span> <span class='ocrx_word' id='word_1_204' title='bbox 1575 2883 1706 2932; x_wconf 89' lang='lat' dir='ltr'><strong>mea,</strong></span> <span class='ocrx_word' id='word_1_205' title='bbox 1743 2867 1902 2924; x_wconf 83' lang='lat' dir='ltr'><strong>locuti</strong></span> <span class='ocrx_word' id='word_1_206' title='bbox 1939 2877 2057 2924; x_wconf 88' lang='lat' dir='ltr'><strong>sunt</strong></span> 
     </span>
    </p>
   </div>
   <div class='ocr_carea' id='block_1_28' title="bbox 466 2959 2056 3027">
    <p class='ocr_par' dir='ltr' id='par_1_28' title="bbox 466 2959 2056 3027">
     <span class='ocr_line' id='line_1_28' title="bbox 466 2959 2056 3027; baseline 0.003 -15"><span class='ocrx_word' id='word_1_207' title='bbox 466 2959 757 3012; x_wconf 77' lang='lat' dir='ltr'><strong>vanitatem.</strong></span> <span class='ocrx_word' id='word_1_208' title='bbox 802 2959 938 3027; x_wconf 87' lang='lat' dir='ltr'><strong>Quid</strong></span> <span class='ocrx_word' id='word_1_209' title='bbox 969 2968 1070 3023; x_wconf 88' lang='lat' dir='ltr'><strong>est,</strong></span> <span class='ocrx_word' id='word_1_210' title='bbox 1105 2959 1204 3026; x_wconf 91' lang='lat' dir='ltr'><strong>Qui</strong></span> <span class='ocrx_word' id='word_1_211' title='bbox 1228 2960 1512 3026; x_wconf 79' lang='lat' dir='ltr'><strong>qtta&#39;rebanl</strong></span> <span class='ocrx_word' id='word_1_212' title='bbox 1552 2961 1688 3015; x_wconf 86' lang='lat' dir='ltr'><strong>mala</strong></span> <span class='ocrx_word' id='word_1_213' title='bbox 1708 2961 1860 3016; x_wconf 85' lang='lat' dir='ltr'><strong>mea?</strong></span> <span class='ocrx_word' id='word_1_214' title='bbox 1893 2962 2056 3018; x_wconf 86' lang='lat' dir='ltr'><strong>Multa</strong></span> 
     </span>
    </p>
   </div>
   <div class='ocr_carea' id='block_1_29' title="bbox 467 3051 2051 3125">
    <p class='ocr_par' dir='ltr' id='par_1_29' title="bbox 467 3051 2051 3125">
     <span class='ocr_line' id='line_1_29' title="bbox 467 3051 2051 3125; baseline 0.003 -19"><span class='ocrx_word' id='word_1_215' title='bbox 467 3051 800 3122; x_wconf 79' lang='lat' dir='ltr'><strong>qtuerebant,</strong></span> <span class='ocrx_word' id='word_1_216' title='bbox 846 3061 900 3106; x_wconf 91' lang='lat' dir='ltr'><strong>et</strong></span> <span class='ocrx_word' id='word_1_217' title='bbox 941 3067 1050 3106; x_wconf 92' lang='lat' dir='ltr'><strong>non</strong></span> <span class='ocrx_word' id='word_1_218' title='bbox 1098 3052 1457 3107; x_wconf 86' lang='lat' dir='ltr'><strong>inveniebant.</strong></span> <span class='ocrx_word' id='word_1_219' title='bbox 1504 3053 1664 3110; x_wconf 87' lang='lat' dir='ltr'><strong>Forte</strong></span> <span class='ocrx_word' id='word_1_220' title='bbox 1709 3055 1809 3109; x_wconf 90' lang='lat' dir='ltr'><strong>hoc</strong></span> <span class='ocrx_word' id='word_1_221' title='bbox 1839 3056 2051 3125; x_wconf 84' lang='lat' dir='ltr'><strong>dixerit,</strong></span> 
     </span>
    </p>
   </div>
   <div class='ocr_carea' id='block_1_30' title="bbox 469 3143 2055 3216">
    <p class='ocr_par' dir='ltr' id='par_1_30' title="bbox 469 3143 2055 3216">
     <span class='ocr_line' id='line_1_30' title="bbox 469 3143 2055 3216; baseline 0.003 -19"><span class='ocrx_word' id='word_1_222' title='bbox 469 3143 791 3212; x_wconf 73' lang='lat' dir='ltr'><strong>Quarrebant</strong></span> <span class='ocrx_word' id='word_1_223' title='bbox 831 3143 1052 3198; x_wconf 87' lang='lat' dir='ltr'><strong>crimina</strong></span> <span class='ocrx_word' id='word_1_224' title='bbox 1099 3159 1238 3200; x_wconf 88' lang='lat' dir='ltr'><strong>mea.</strong></span> <span class='ocrx_word' id='word_1_225' title='bbox 1284 3145 1625 3212; x_wconf 78' lang='lat' dir='ltr'><strong>Quaesierunt</strong></span> <span class='ocrx_word' id='word_1_226' title='bbox 1667 3147 1810 3201; x_wconf 89' lang='lat' dir='ltr'><strong>enim</strong></span> <span class='ocrx_word' id='word_1_227' title='bbox 1840 3164 1957 3216; x_wconf 82' lang='lat' dir='ltr'><strong>qua:</strong></span> <span class='ocrx_word' id='word_1_228' title='bbox 2000 3148 2055 3203; x_wconf 88' lang='lat' dir='ltr'><strong>in</strong></span> 
     </span>
    </p>
   </div>
   <div class='ocr_carea' id='block_1_31' title="bbox 469 3234 2051 3310">
    <p class='ocr_par' dir='ltr' id='par_1_31' title="bbox 469 3234 2051 3310">
     <span class='ocr_line' id='line_1_31' title="bbox 469 3234 2051 3310; baseline 0.003 -20"><span class='ocrx_word' id='word_1_229' title='bbox 469 3234 620 3290; x_wconf 87' lang='lat' dir='ltr'><strong>illum</strong></span> <span class='ocrx_word' id='word_1_230' title='bbox 649 3235 908 3298; x_wconf 87' lang='lat' dir='ltr'><strong>dicerent,</strong></span> <span class='ocrx_word' id='word_1_231' title='bbox 939 3244 992 3289; x_wconf 90' lang='lat' dir='ltr'><strong>et</strong></span> <span class='ocrx_word' id='word_1_232' title='bbox 1021 3250 1126 3290; x_wconf 92' lang='lat' dir='ltr'><strong>non</strong></span> <span class='ocrx_word' id='word_1_233' title='bbox 1169 3235 1511 3292; x_wconf 83' lang='lat' dir='ltr'><strong>inveniebant</strong></span> <span class='ocrx_word' id='word_1_234' title='bbox 1544 3236 1756 3310; x_wconf 82' lang='lat' dir='ltr'><strong>(Matth.</strong></span> <span class='ocrx_word' id='word_1_235' title='bbox 1787 3253 1931 3304; x_wconf 80' lang='lat' dir='ltr'><strong>xxvi,</strong></span> <span class='ocrx_word' id='word_1_236' title='bbox 1960 3238 2051 3304; x_wconf 83' lang='lat'><strong>59,</strong></span> 
     </span>
    </p>
   </div>
   <div class='ocr_carea' id='block_1_32' title="bbox 467 3327 2055 3399">
    <p class='ocr_par' dir='ltr' id='par_1_32' title="bbox 467 3327 2055 3399">
     <span class='ocr_line' id='line_1_32' title="bbox 467 3327 2055 3399; baseline 0.001 -14"><span class='ocrx_word' id='word_1_237' title='bbox 467 3327 583 3399; x_wconf 84' lang='lat'><strong>60).</strong></span> <span class='ocrx_word' id='word_1_238' title='bbox 627 3327 946 3395; x_wconf 65' lang='lat' dir='ltr'><strong>Quaerebam</strong></span> <span class='ocrx_word' id='word_1_239' title='bbox 970 3327 1112 3383; x_wconf 88' lang='lat' dir='ltr'><strong>enim</strong></span> <span class='ocrx_word' id='word_1_240' title='bbox 1150 3329 1288 3383; x_wconf 84' lang='lat' dir='ltr'><strong>mala</strong></span> <span class='ocrx_word' id='word_1_241' title='bbox 1318 3330 1384 3384; x_wconf 90' lang='lat' dir='ltr'><strong>de</strong></span> <span class='ocrx_word' id='word_1_242' title='bbox 1415 3330 1576 3398; x_wconf 90' lang='lat' dir='ltr'><strong>bono,</strong></span> <span class='ocrx_word' id='word_1_243' title='bbox 1605 3331 1914 3398; x_wconf 65' lang='lat' dir='ltr'><strong>quaerebant</strong></span> <span class='ocrx_word' id='word_1_244' title='bbox 1937 3347 2055 3387; x_wconf 83' lang='lat' dir='ltr'><strong>sce-</strong></span> 
     </span>
    </p>
   </div>
   <div class='ocr_carea' id='block_1_33' title="bbox 467 3419 2051 3493">
    <p class='ocr_par' dir='ltr' id='par_1_33' title="bbox 467 3419 2051 3493">
     <span class='ocr_line' id='line_1_33' title="bbox 467 3419 2051 3493; baseline 0.001 -17"><span class='ocrx_word' id='word_1_245' title='bbox 467 3420 582 3476; x_wconf 85' lang='lat' dir='ltr'><strong>lera</strong></span> <span class='ocrx_word' id='word_1_246' title='bbox 609 3419 675 3475; x_wconf 91' lang='lat' dir='ltr'><strong>de</strong></span> <span class='ocrx_word' id='word_1_247' title='bbox 703 3421 986 3476; x_wconf 87' lang='lat' dir='ltr'><strong>innocente</strong></span> <span class='ocrx_word' id='word_1_248' title='bbox 1011 3440 1024 3476; x_wconf 89' lang='lat'><strong>:</strong></span> <span class='ocrx_word' id='word_1_249' title='bbox 1058 3421 1272 3492; x_wconf 86' lang='lat' dir='ltr'><strong>quando</strong></span> <span class='ocrx_word' id='word_1_250' title='bbox 1303 3423 1602 3478; x_wconf 86' lang='lat' dir='ltr'><strong>invenirent</strong></span> <span class='ocrx_word' id='word_1_251' title='bbox 1629 3421 1680 3476; x_wconf 92' lang='lat' dir='ltr'><strong>in</strong></span> <span class='ocrx_word' id='word_1_252' title='bbox 1723 3439 1786 3478; x_wconf 90' lang='lat' dir='ltr'><strong>eo</strong></span> <span class='ocrx_word' id='word_1_253' title='bbox 1816 3425 1902 3493; x_wconf 89' lang='lat' dir='ltr'><strong>qui</strong></span> <span class='ocrx_word' id='word_1_254' title='bbox 1931 3424 2051 3478; x_wconf 88' lang='lat' dir='ltr'><strong>nul-</strong></span> 
     </span>
    </p>
   </div>
   <div class='ocr_carea' id='block_1_34' title="bbox 465 3513 2054 3586">
    <p class='ocr_par' dir='ltr' id='par_1_34' title="bbox 465 3513 2054 3586">
     <span class='ocr_line' id='line_1_34' title="bbox 465 3513 2054 3586; baseline 0.003 -17"><span class='ocrx_word' id='word_1_255' title='bbox 465 3513 579 3570; x_wconf 90' lang='lat' dir='ltr'><strong>lum</strong></span> <span class='ocrx_word' id='word_1_256' title='bbox 601 3524 876 3584; x_wconf 88' lang='lat' dir='ltr'><strong>peccatum</strong></span> <span class='ocrx_word' id='word_1_257' title='bbox 899 3514 1280 3571; x_wconf 85' lang='lat' dir='ltr'><strong>babebat?Sed</strong></span> <span class='ocrx_word' id='word_1_258' title='bbox 1299 3513 1419 3585; x_wconf 89' lang='lat' dir='ltr'><strong>quia</strong></span> <span class='ocrx_word' id='word_1_259' title='bbox 1440 3525 1654 3585; x_wconf 87' lang='lat' dir='ltr'><strong>peccata</strong></span> <span class='ocrx_word' id='word_1_260' title='bbox 1673 3516 1981 3586; x_wconf 76' lang='lat' dir='ltr'><strong>qumrebant</strong></span> <span class='ocrx_word' id='word_1_261' title='bbox 1999 3518 2054 3573; x_wconf 92' lang='lat' dir='ltr'><strong>in</strong></span> 
     </span>
    </p>
   </div>
   <div class='ocr_carea' id='block_1_35' title="bbox 464 3606 2054 3676">
    <p class='ocr_par' dir='ltr' id='par_1_35' title="bbox 464 3606 2054 3676">
     <span class='ocr_line' id='line_1_35' title="bbox 464 3606 2054 3676; baseline -0.001 -13"><span class='ocrx_word' id='word_1_262' title='bbox 464 3621 534 3663; x_wconf 87' lang='lat' dir='ltr'><strong>eo</strong></span> <span class='ocrx_word' id='word_1_263' title='bbox 549 3606 635 3676; x_wconf 90' lang='lat' dir='ltr'><strong>qui</strong></span> <span class='ocrx_word' id='word_1_264' title='bbox 657 3606 858 3660; x_wconf 89' lang='lat' dir='ltr'><strong>nullum</strong></span> <span class='ocrx_word' id='word_1_265' title='bbox 880 3615 1154 3675; x_wconf 90' lang='lat' dir='ltr'><strong>peccatum</strong></span> <span class='ocrx_word' id='word_1_266' title='bbox 1179 3606 1425 3670; x_wconf 84' lang='lat' dir='ltr'><strong>habebat,</strong></span> <span class='ocrx_word' id='word_1_267' title='bbox 1445 3606 1683 3662; x_wconf 87' lang='lat' dir='ltr'><strong>restabat</strong></span> <span class='ocrx_word' id='word_1_268' title='bbox 1711 3615 1768 3661; x_wconf 94' lang='lat' dir='ltr'><strong>ut</strong></span> <span class='ocrx_word' id='word_1_269' title='bbox 1795 3606 2054 3676; x_wconf 71' lang='lat' dir='ltr'><strong>fingerent</strong></span> 
     </span>
    </p>
   </div>
   <div class='ocr_carea' id='block_1_36' title="bbox 465 3697 2050 3768">
    <p class='ocr_par' dir='ltr' id='par_1_36' title="bbox 465 3697 2050 3768">
     <span class='ocr_line' id='line_1_36' title="bbox 465 3697 2050 3768; baseline 0.001 -16"><span class='ocrx_word' id='word_1_270' title='bbox 465 3697 607 3768; x_wconf 91' lang='lat' dir='ltr'><strong>quod</strong></span> <span class='ocrx_word' id='word_1_271' title='bbox 629 3713 734 3752; x_wconf 92' lang='lat' dir='ltr'><strong>non</strong></span> <span class='ocrx_word' id='word_1_272' title='bbox 757 3697 1115 3754; x_wconf 77' lang='lat' dir='ltr'><strong>inveniebant.</strong></span> <span class='ocrx_word' id='word_1_273' title='bbox 1138 3697 1282 3764; x_wconf 85' lang='lat' dir='ltr'><strong>Ideo,</strong></span> <span class='ocrx_word' id='word_1_274' title='bbox 1315 3697 1418 3765; x_wconf 85' lang='lat' dir='ltr'><strong>Qui</strong></span> <span class='ocrx_word' id='word_1_275' title='bbox 1441 3697 1729 3767; x_wconf 76' lang='lat' dir='ltr'><strong>qua&#39;rebant</strong></span> <span class='ocrx_word' id='word_1_276' title='bbox 1757 3701 1892 3753; x_wconf 86' lang='lat' dir='ltr'><strong>mala</strong></span> <span class='ocrx_word' id='word_1_277' title='bbox 1919 3717 2050 3763; x_wconf 83' lang='lat' dir='ltr'><strong>mea,</strong></span> 
     </span>
    </p>
   </div>
   <div class='ocr_carea' id='block_1_37' title="bbox 465 3788 2057 3855">
    <p class='ocr_par' dir='ltr' id='par_1_37' title="bbox 465 3788 2057 3855">
     <span class='ocr_line' id='line_1_37' title="bbox 465 3788 2057 3855; baseline 0.003 -13"><span class='ocrx_word' id='word_1_278' title='bbox 465 3788 622 3843; x_wconf 80' lang='lat' dir='ltr'><strong>locuti</strong></span> <span class='ocrx_word' id='word_1_279' title='bbox 645 3799 762 3843; x_wconf 87' lang='lat' dir='ltr'><strong>sunt</strong></span> <span class='ocrx_word' id='word_1_280' title='bbox 785 3791 1075 3855; x_wconf 89' lang='lat' dir='ltr'><strong>vanitatem,</strong></span> <span class='ocrx_word' id='word_1_281' title='bbox 1109 3804 1215 3844; x_wconf 89' lang='lat' dir='ltr'><strong>non</strong></span> <span class='ocrx_word' id='word_1_282' title='bbox 1243 3790 1542 3844; x_wconf 85' lang='lat' dir='ltr'><strong>veritatem.</strong></span> <span class='ocrx_word' id='word_1_283' title='bbox 1573 3788 1640 3843; x_wconf 82' lang='lat' dir='ltr'><strong>Et</strong></span> <span class='ocrx_word' id='word_1_284' title='bbox 1661 3789 1833 3844; x_wconf 84' lang='lat' dir='ltr'><strong>dolum</strong></span> <span class='ocrx_word' id='word_1_285' title='bbox 1855 3800 1956 3845; x_wconf 88' lang='lat' dir='ltr'><strong>tota</strong></span> <span class='ocrx_word' id='word_1_286' title='bbox 1974 3792 2057 3848; x_wconf 87' lang='lat' dir='ltr'><strong>die</strong></span> 
     </span>
    </p>
   </div>
   <div class='ocr_carea' id='block_1_38' title="bbox 464 3879 2056 3961">
    <p class='ocr_par' dir='ltr' id='par_1_38' title="bbox 464 3879 2056 3961">
     <span class='ocr_line' id='line_1_38' title="bbox 464 3879 2056 3961; baseline 0.004 -27"><span class='ocrx_word' id='word_1_287' title='bbox 464 3879 837 3934; x_wconf 88' lang='lat' dir='ltr'><strong>meditabantur</strong></span> <span class='ocrx_word' id='word_1_288' title='bbox 858 3897 876 3934; x_wconf 92' lang='lat'><strong>:</strong></span> <span class='ocrx_word' id='word_1_289' title='bbox 899 3880 999 3936; x_wconf 90' lang='lat' dir='ltr'><strong>hoc</strong></span> <span class='ocrx_word' id='word_1_290' title='bbox 1025 3888 1126 3947; x_wconf 90' lang='lat' dir='ltr'><strong>est,</strong></span> <span class='ocrx_word' id='word_1_291' title='bbox 1149 3880 1410 3936; x_wconf 78' lang='lat' dir='ltr'><strong>fallaciam</strong></span> <span class='ocrx_word' id='word_1_292' title='bbox 1433 3882 1546 3936; x_wconf 92' lang='lat' dir='ltr'><strong>sine</strong></span> <span class='ocrx_word' id='word_1_293' title='bbox 1563 3884 1863 3961; x_wconf 82' lang='lat' dir='ltr'><strong>cessatione</strong></span> <span class='ocrx_word' id='word_1_294' title='bbox 1886 3885 2056 3940; x_wconf 88' lang='lat' dir='ltr'><strong>medi-</strong></span> 
     </span>
    </p>
   </div>
   <div class='ocr_carea' id='block_1_39' title="bbox 467 3969 2050 4041">
    <p class='ocr_par' dir='ltr' id='par_1_39' title="bbox 467 3969 2050 4041">
     <span class='ocr_line' id='line_1_39' title="bbox 467 3969 2050 4041; baseline 0.005 -17"><span class='ocrx_word' id='word_1_295' title='bbox 467 3969 737 4025; x_wconf 84' lang='lat' dir='ltr'><strong>tabantur.</strong></span> <span class='ocrx_word' id='word_1_296' title='bbox 759 3969 937 4024; x_wconf 77' lang='lat' dir='ltr'><strong>Nostis</strong></span> <span class='ocrx_word' id='word_1_297' title='bbox 964 3981 1160 4041; x_wconf 91' lang='lat' dir='ltr'><strong>quanta</strong></span> <span class='ocrx_word' id='word_1_298' title='bbox 1183 3972 1310 4027; x_wconf 88' lang='lat' dir='ltr'><strong>falsa</strong></span> <span class='ocrx_word' id='word_1_299' title='bbox 1353 3973 1652 4029; x_wconf 84' lang='lat' dir='ltr'><strong>testimonia</strong></span> <span class='ocrx_word' id='word_1_300' title='bbox 1679 3974 1818 4031; x_wconf 91' lang='lat' dir='ltr'><strong>dicta</strong></span> <span class='ocrx_word' id='word_1_301' title='bbox 1845 3987 1969 4032; x_wconf 89' lang='lat' dir='ltr'><strong>sunt</strong></span> <span class='ocrx_word' id='word_1_302' title='bbox 1999 3978 2050 4032; x_wconf 92' lang='lat' dir='ltr'><strong>in</strong></span> 
     </span>
    </p>
   </div>
   <div class='ocr_carea' id='block_1_40' title="bbox 467 4060 2050 4138">
    <p class='ocr_par' dir='ltr' id='par_1_40' title="bbox 467 4060 2050 4138">
     <span class='ocr_line' id='line_1_40' title="bbox 467 4060 2050 4138; baseline 0.006 -22"><span class='ocrx_word' id='word_1_303' title='bbox 467 4060 775 4124; x_wconf 89' lang='lat' dir='ltr'><strong>Dominum.</strong></span> <span class='ocrx_word' id='word_1_304' title='bbox 804 4072 1090 4134; x_wconf 87' lang='lat' dir='ltr'><strong>antequam</strong></span> <span class='ocrx_word' id='word_1_305' title='bbox 1137 4072 1427 4134; x_wconf 89' lang='lat' dir='ltr'><strong>pateretur.</strong></span> <span class='ocrx_word' id='word_1_306' title='bbox 1473 4064 1652 4122; x_wconf 87' lang='lat' dir='ltr'><strong>Nostis</strong></span> <span class='ocrx_word' id='word_1_307' title='bbox 1680 4080 1874 4138; x_wconf 85' lang='lat' dir='ltr'><strong>quanta</strong></span> <span class='ocrx_word' id='word_1_308' title='bbox 1919 4069 2050 4125; x_wconf 84' lang='lat' dir='ltr'><strong>falsa</strong></span> 
     </span>
    </p>
   </div>
   <div class='ocr_carea' id='block_1_41' title="bbox 462 4156 2052 4224">
    <p class='ocr_par' dir='ltr' id='par_1_41' title="bbox 462 4156 2052 4224">
     <span class='ocr_line' id='line_1_41' title="bbox 462 4156 2052 4224; baseline 0.004 -14"><span class='ocrx_word' id='word_1_309' title='bbox 462 4158 774 4212; x_wconf 87' lang='lat' dir='ltr'><strong>testimonia</strong></span> <span class='ocrx_word' id='word_1_310' title='bbox 804 4156 944 4211; x_wconf 88' lang='lat' dir='ltr'><strong>dicta</strong></span> <span class='ocrx_word' id='word_1_311' title='bbox 981 4167 1121 4224; x_wconf 90' lang='lat' dir='ltr'><strong>sunt,</strong></span> <span class='ocrx_word' id='word_1_312' title='bbox 1153 4159 1314 4214; x_wconf 86' lang='lat' dir='ltr'><strong>etiam</strong></span> <span class='ocrx_word' id='word_1_313' title='bbox 1341 4174 1462 4214; x_wconf 90' lang='lat' dir='ltr'><strong>cum</strong></span> <span class='ocrx_word' id='word_1_314' title='bbox 1490 4163 1892 4216; x_wconf 84' lang='lat' dir='ltr'><strong>resurrexisset.</strong></span> <span class='ocrx_word' id='word_1_315' title='bbox 1922 4162 2052 4216; x_wconf 84' lang='lat' dir='ltr'><strong>Nam</strong></span> 
     </span>
    </p>
   </div>
   <div class='ocr_carea' id='block_1_42' title="bbox 465 4245 2047 4321">
    <p class='ocr_par' dir='ltr' id='par_1_42' title="bbox 465 4245 2047 4321">
     <span class='ocr_line' id='line_1_42' title="bbox 465 4245 2047 4321; baseline 0.003 -19"><span class='ocrx_word' id='word_1_316' title='bbox 465 4245 543 4304; x_wconf 84' lang='lat' dir='ltr'><strong>illi</strong></span> <span class='ocrx_word' id='word_1_317' title='bbox 581 4250 779 4304; x_wconf 81' lang='lat' dir='ltr'><strong>milites</strong></span> <span class='ocrx_word' id='word_1_318' title='bbox 808 4247 1058 4304; x_wconf 87' lang='lat' dir='ltr'><strong>custodes</strong></span> <span class='ocrx_word' id='word_1_319' title='bbox 1092 4251 1346 4320; x_wconf 91' lang='lat' dir='ltr'><strong>sepulcri,</strong></span> <span class='ocrx_word' id='word_1_320' title='bbox 1377 4251 1443 4306; x_wconf 93' lang='lat' dir='ltr'><strong>de</strong></span> <span class='ocrx_word' id='word_1_321' title='bbox 1481 4253 1674 4321; x_wconf 90' lang='lat' dir='ltr'><strong>quibus</strong></span> <span class='ocrx_word' id='word_1_322' title='bbox 1702 4252 1862 4308; x_wconf 80' lang='lat' dir='ltr'><strong>Isaias</strong></span> <span class='ocrx_word' id='word_1_323' title='bbox 1891 4253 2047 4318; x_wconf 82' lang='lat' dir='ltr'><strong>dixit,</strong></span> 
     </span>
    </p>
   </div>
   <div class='ocr_carea' id='block_1_43' title="bbox 465 4335 2051 4414">
    <p class='ocr_par' dir='ltr' id='par_1_43' title="bbox 465 4335 2051 4414">
     <span class='ocr_line' id='line_1_43' title="bbox 465 4335 2051 4414; baseline 0.003 -23"><span class='ocrx_word' id='word_1_324' title='bbox 465 4335 670 4391; x_wconf 88' lang='lat' dir='ltr'><strong>Ponam</strong></span> <span class='ocrx_word' id='word_1_325' title='bbox 709 4337 872 4393; x_wconf 87' lang='lat' dir='ltr'><strong>malos</strong></span> <span class='ocrx_word' id='word_1_326' title='bbox 897 4355 989 4410; x_wconf 88' lang='lat' dir='ltr'><strong>pro</strong></span> <span class='ocrx_word' id='word_1_327' title='bbox 1014 4341 1275 4409; x_wconf 78' lang='lat' dir='ltr'><strong>sepultura</strong></span> <span class='ocrx_word' id='word_1_328' title='bbox 1315 4342 1425 4412; x_wconf 88' lang='lat' dir='ltr'><strong>ejus</strong></span> <span class='ocrx_word' id='word_1_329' title='bbox 1475 4341 1624 4411; x_wconf 88' lang='lat' dir='ltr'><strong>(Isai.</strong></span> <span class='ocrx_word' id='word_1_330' title='bbox 1673 4357 1780 4404; x_wconf 86' lang='lat' dir='ltr'><strong>Llll,</strong></span> <span class='ocrx_word' id='word_1_331' title='bbox 1805 4342 1902 4414; x_wconf 88' lang='lat'><strong>9)(</strong></span> <span class='ocrx_word' id='word_1_332' title='bbox 1929 4345 2051 4396; x_wconf 90' lang='lat' dir='ltr'><strong>mali</strong></span> 
     </span>
    </p>
   </div>
   <div class='ocr_carea' id='block_1_44' title="bbox 467 4428 2052 4497">
    <p class='ocr_par' dir='ltr' id='par_1_44' title="bbox 467 4428 2052 4497">
     <span class='ocr_line' id='line_1_44' title="bbox 467 4428 2052 4497; baseline 0.002 -13"><span class='ocrx_word' id='word_1_333' title='bbox 467 4428 610 4484; x_wconf 84' lang='lat' dir='ltr'><strong>enim</strong></span> <span class='ocrx_word' id='word_1_334' title='bbox 657 4435 828 4493; x_wconf 88' lang='lat' dir='ltr'><strong>erant,</strong></span> <span class='ocrx_word' id='word_1_335' title='bbox 870 4438 924 4482; x_wconf 93' lang='lat' dir='ltr'><strong>et</strong></span> <span class='ocrx_word' id='word_1_336' title='bbox 952 4431 1228 4486; x_wconf 78' lang='lat' dir='ltr'><strong>veritatem</strong></span> <span class='ocrx_word' id='word_1_337' title='bbox 1274 4430 1454 4484; x_wconf 89' lang='lat' dir='ltr'><strong>dicere</strong></span> <span class='ocrx_word' id='word_1_338' title='bbox 1504 4429 1808 4497; x_wconf 78' lang='lat' dir='ltr'><strong>noluerunt,</strong></span> <span class='ocrx_word' id='word_1_339' title='bbox 1839 4441 1892 4486; x_wconf 90' lang='lat' dir='ltr'><strong>ct</strong></span> <span class='ocrx_word' id='word_1_340' title='bbox 1933 4447 2052 4487; x_wconf 90' lang='lat' dir='ltr'><strong>cor-</strong></span> 
     </span>
    </p>
   </div>
   <div class='ocr_carea' id='block_1_45' title="bbox 464 4518 2050 4593">
    <p class='ocr_par' dir='ltr' id='par_1_45' title="bbox 464 4518 2050 4593">
     <span class='ocr_line' id='line_1_45' title="bbox 464 4518 2050 4593; baseline 0.001 -17"><span class='ocrx_word' id='word_1_341' title='bbox 464 4519 610 4588; x_wconf 84' lang='lat' dir='ltr'><strong>rupti</strong></span> <span class='ocrx_word' id='word_1_342' title='bbox 663 4518 1000 4575; x_wconf 91' lang='lat' dir='ltr'><strong>mendacium</strong></span> <span class='ocrx_word' id='word_1_343' title='bbox 1048 4521 1471 4589; x_wconf 88' lang='lat' dir='ltr'><strong>seminaverunt)</strong></span> <span class='ocrx_word' id='word_1_344' title='bbox 1506 4539 1516 4573; x_wconf 94' lang='lat'><strong>:</strong></span> <span class='ocrx_word' id='word_1_345' title='bbox 1546 4522 1803 4578; x_wconf 84' lang='lat' dir='ltr'><strong>attendite</strong></span> <span class='ocrx_word' id='word_1_346' title='bbox 1842 4525 2050 4593; x_wconf 86' lang='lat' dir='ltr'><strong>qualem</strong></span> 
     </span>
    </p>
   </div>
   <div class='ocr_carea' id='block_1_46' title="bbox 465 4610 2053 4686">
    <p class='ocr_par' dir='ltr' id='par_1_46' title="bbox 465 4610 2053 4686">
     <span class='ocr_line' id='line_1_46' title="bbox 465 4610 2053 4686; baseline 0.004 -20"><span class='ocrx_word' id='word_1_347' title='bbox 465 4613 757 4666; x_wconf 87' lang='lat' dir='ltr'><strong>vanitatem</strong></span> <span class='ocrx_word' id='word_1_348' title='bbox 800 4611 962 4666; x_wconf 87' lang='lat' dir='ltr'><strong>locuti</strong></span> <span class='ocrx_word' id='word_1_349' title='bbox 988 4619 1130 4666; x_wconf 89' lang='lat' dir='ltr'><strong>sunt.</strong></span> <span class='ocrx_word' id='word_1_350' title='bbox 1162 4610 1476 4681; x_wconf 84' lang='lat' dir='ltr'><strong>Interrogati</strong></span> <span class='ocrx_word' id='word_1_351' title='bbox 1510 4622 1634 4666; x_wconf 88' lang='lat' dir='ltr'><strong>sunt</strong></span> <span class='ocrx_word' id='word_1_352' title='bbox 1662 4614 1820 4686; x_wconf 88' lang='lat' dir='ltr'><strong>etiam</strong></span> <span class='ocrx_word' id='word_1_353' title='bbox 1849 4615 1967 4685; x_wconf 88' lang='lat' dir='ltr'><strong>ipsi,</strong></span> <span class='ocrx_word' id='word_1_354' title='bbox 1999 4627 2053 4672; x_wconf 90' lang='lat' dir='ltr'><strong>et</strong></span> 
     </span>
    </p>
   </div>
   <div class='ocr_carea' id='block_1_47' title="bbox 465 4700 2046 4778">
    <p class='ocr_par' dir='ltr' id='par_1_47' title="bbox 465 4700 2046 4778">
     <span class='ocr_line' id='line_1_47' title="bbox 465 4700 2046 4778; baseline 0.004 -22"><span class='ocrx_word' id='word_1_355' title='bbox 465 4700 761 4757; x_wconf 83' lang='lat' dir='ltr'><strong>dixerunt:</strong></span> <span class='ocrx_word' id='word_1_356' title='bbox 791 4701 916 4754; x_wconf 87' lang='lat' dir='ltr'><strong>Cum</strong></span> <span class='ocrx_word' id='word_1_357' title='bbox 962 4701 1316 4766; x_wconf 87' lang='lat' dir='ltr'><strong>dormiremus,</strong></span> <span class='ocrx_word' id='word_1_358' title='bbox 1359 4713 1597 4757; x_wconf 85' lang='lat' dir='ltr'><strong>venerunt</strong></span> <span class='ocrx_word' id='word_1_359' title='bbox 1637 4706 1875 4776; x_wconf 82' lang='lat' dir='ltr'><strong>discipuli</strong></span> <span class='ocrx_word' id='word_1_360' title='bbox 1917 4709 2046 4778; x_wconf 82' lang='lat' dir='ltr'><strong>ejus,</strong></span> 
     </span>
    </p>
   </div>
   <div class='ocr_carea' id='block_1_48' title="bbox 467 4792 2048 4871">
    <p class='ocr_par' dir='ltr' id='par_1_48' title="bbox 467 4792 2048 4871">
     <span class='ocr_line' id='line_1_48' title="bbox 467 4792 2048 4871; baseline 0.003 -21"><span class='ocrx_word' id='word_1_361' title='bbox 467 4803 516 4850; x_wconf 89' lang='lat' dir='ltr'><strong>et</strong></span> <span class='ocrx_word' id='word_1_362' title='bbox 536 4793 851 4848; x_wconf 88' lang='lat' dir='ltr'><strong>abstulerunt</strong></span> <span class='ocrx_word' id='word_1_363' title='bbox 880 4810 993 4847; x_wconf 87' lang='lat' dir='ltr'><strong>eum</strong></span> <span class='ocrx_word' id='word_1_364' title='bbox 1029 4792 1240 4865; x_wconf 79' lang='lat' dir='ltr'><strong>(Matth.</strong></span> <span class='ocrx_word' id='word_1_365' title='bbox 1275 4810 1464 4859; x_wconf 78' lang='lat' dir='ltr'><strong>xxvm,</strong></span> <span class='ocrx_word' id='word_1_366' title='bbox 1498 4797 1609 4868; x_wconf 81' lang='lat'><strong>15).</strong></span> <span class='ocrx_word' id='word_1_367' title='bbox 1647 4797 1760 4853; x_wconf 84' lang='lat' dir='ltr'><strong>Hoc</strong></span> <span class='ocrx_word' id='word_1_368' title='bbox 1798 4811 1878 4854; x_wconf 91' lang='lat' dir='ltr'><strong>est</strong></span> <span class='ocrx_word' id='word_1_369' title='bbox 1907 4801 2048 4871; x_wconf 90' lang='lat' dir='ltr'><strong>loqui</strong></span> 
     </span>
    </p>
   </div>
   <div class='ocr_carea' id='block_1_49' title="bbox 465 4887 2049 4965">
    <p class='ocr_par' dir='ltr' id='par_1_49' title="bbox 465 4887 2049 4965">
     <span class='ocr_line' id='line_1_49' title="bbox 465 4887 2049 4965; baseline 0.003 -22"><span class='ocrx_word' id='word_1_370' title='bbox 465 4889 776 4943; x_wconf 86' lang='lat' dir='ltr'><strong>vanitatem.</strong></span> <span class='ocrx_word' id='word_1_371' title='bbox 821 4887 880 4943; x_wconf 92' lang='lat' dir='ltr'><strong>Si</strong></span> <span class='ocrx_word' id='word_1_372' title='bbox 913 4888 1056 4943; x_wconf 88' lang='lat' dir='ltr'><strong>enim</strong></span> <span class='ocrx_word' id='word_1_373' title='bbox 1093 4887 1450 4957; x_wconf 88' lang='lat' dir='ltr'><strong>dormiebant,</strong></span> <span class='ocrx_word' id='word_1_374' title='bbox 1479 4889 1617 4946; x_wconf 89' lang='lat' dir='ltr'><strong>unde</strong></span> <span class='ocrx_word' id='word_1_375' title='bbox 1643 4892 1881 4948; x_wconf 88' lang='lat' dir='ltr'><strong>sciebant</strong></span> <span class='ocrx_word' id='word_1_376' title='bbox 1909 4894 2049 4965; x_wconf 90' lang='lat' dir='ltr'><strong>quod</strong></span> 
     </span>
    </p>
   </div>
   <div class='ocr_carea' id='block_1_50' title="bbox 465 4979 869 5050">
    <p class='ocr_par' dir='ltr' id='par_1_50' title="bbox 465 4979 869 5050">
     <span class='ocr_line' id='line_1_50' title="bbox 465 4979 869 5050; baseline 0.002 -17"><span class='ocrx_word' id='word_1_377' title='bbox 465 4988 670 5050; x_wconf 79' lang='lat' dir='ltr'><strong>gestum</strong></span> <span class='ocrx_word' id='word_1_378' title='bbox 717 4979 869 5034; x_wconf 81' lang='lat' dir='ltr'><strong>erat?</strong></span> 
     </span>
    </p>
   </div>
   <div class='ocr_carea' id='block_1_51' title="bbox 536 5071 2049 5147">
    <p class='ocr_par' dir='ltr' id='par_1_51' title="bbox 536 5071 2049 5147">
     <span class='ocr_line' id='line_1_51' title="bbox 536 5071 2049 5147; baseline 0.003 -19"><span class='ocrx_word' id='word_1_379' title='bbox 536 5073 626 5128; x_wconf 77' lang='lat'><strong>&#39;20.</strong></span> <span class='ocrx_word' id='word_1_380' title='bbox 670 5072 842 5146; x_wconf 86' lang='lat' dir='ltr'><strong>[vers.</strong></span> <span class='ocrx_word' id='word_1_381' title='bbox 887 5073 990 5139; x_wconf 64' lang='lat'><strong>14,</strong></span> <span class='ocrx_word' id='word_1_382' title='bbox 1041 5071 1174 5147; x_wconf 64' lang='lat'><strong>{3.}.</strong></span> <span class='ocrx_word' id='word_1_383' title='bbox 1229 5073 1369 5144; x_wconf 83' lang='lat' dir='ltr'><strong>Ergo</strong></span> <span class='ocrx_word' id='word_1_384' title='bbox 1413 5075 1506 5140; x_wconf 88' lang='lat' dir='ltr'><strong>ait,</strong></span> <span class='ocrx_word' id='word_1_385' title='bbox 1553 5073 1668 5147; x_wconf 87' lang='lat' dir='ltr'><strong>Ego</strong></span> <span class='ocrx_word' id='word_1_386' title='bbox 1711 5085 1879 5131; x_wconf 76' lang='lat' dir='ltr'><strong>autem</strong></span> <span class='ocrx_word' id='word_1_387' title='bbox 1918 5079 2049 5133; x_wconf 84' lang='lat' dir='ltr'><strong>velut</strong></span> 
     </span>
    </p>
   </div>
   <div class='ocr_carea' id='block_1_52' title="bbox 464 5166 2046 5238">
    <p class='ocr_par' dir='ltr' id='par_1_52' title="bbox 464 5166 2046 5238">
     <span class='ocr_line' id='line_1_52' title="bbox 464 5166 2046 5238; baseline 0.003 -14"><span class='ocrx_word' id='word_1_388' title='bbox 464 5167 648 5224; x_wconf 81' lang='lat' dir='ltr'><strong>surdus</strong></span> <span class='ocrx_word' id='word_1_389' title='bbox 692 5185 792 5220; x_wconf 88' lang='lat' dir='ltr'><strong>non</strong></span> <span class='ocrx_word' id='word_1_390' title='bbox 820 5167 1104 5221; x_wconf 82' lang='lat' dir='ltr'><strong>audiebam.</strong></span> <span class='ocrx_word' id='word_1_391' title='bbox 1137 5166 1236 5234; x_wconf 90' lang='lat' dir='ltr'><strong>Qui</strong></span> <span class='ocrx_word' id='word_1_392' title='bbox 1282 5169 1347 5222; x_wconf 84' lang='lat' dir='ltr'><strong>ad</strong></span> <span class='ocrx_word' id='word_1_393' title='bbox 1391 5185 1449 5224; x_wconf 87' lang='lat' dir='ltr'><strong>ea</strong></span> <span class='ocrx_word' id='word_1_394' title='bbox 1493 5186 1609 5238; x_wconf 72' lang='lat' dir='ltr'><strong>qua:</strong></span> <span class='ocrx_word' id='word_1_395' title='bbox 1649 5171 1896 5225; x_wconf 83' lang='lat' dir='ltr'><strong>audiebat</strong></span> <span class='ocrx_word' id='word_1_396' title='bbox 1942 5189 2046 5229; x_wconf 90' lang='lat' dir='ltr'><strong>non</strong></span> 
     </span>
    </p>
   </div>
   <div class='ocr_carea' id='block_1_53' title="bbox 466 5261 2050 5334">
    <p class='ocr_par' dir='ltr' id='par_1_53' title="bbox 466 5261 2050 5334">
     <span class='ocr_line' id='line_1_53' title="bbox 466 5261 2050 5334; baseline 0.004 -19"><span class='ocrx_word' id='word_1_397' title='bbox 466 5261 852 5327; x_wconf 67' lang='lat' dir='ltr'><strong>respondebat,</strong></span> <span class='ocrx_word' id='word_1_398' title='bbox 909 5270 1159 5330; x_wconf 87' lang='lat' dir='ltr'><strong>tanquam</strong></span> <span class='ocrx_word' id='word_1_399' title='bbox 1223 5278 1326 5316; x_wconf 88' lang='lat' dir='ltr'><strong>non</strong></span> <span class='ocrx_word' id='word_1_400' title='bbox 1385 5263 1652 5318; x_wconf 87' lang='lat' dir='ltr'><strong>audiebat.</strong></span> <span class='ocrx_word' id='word_1_401' title='bbox 1719 5263 1831 5334; x_wconf 84' lang='lat' dir='ltr'><strong>Ego</strong></span> <span class='ocrx_word' id='word_1_402' title='bbox 1883 5276 2050 5321; x_wconf 87' lang='lat' dir='ltr'><strong>autem</strong></span> 
     </span>
    </p>
   </div>
   <div class='ocr_carea' id='block_1_54' title="bbox 466 5353 2050 5427">
    <p class='ocr_par' dir='ltr' id='par_1_54' title="bbox 466 5353 2050 5427">
     <span class='ocr_line' id='line_1_54' title="bbox 466 5353 2050 5427; baseline 0.005 -21"><span class='ocrx_word' id='word_1_403' title='bbox 466 5353 596 5406; x_wconf 75' lang='lat' dir='ltr'><strong>velut</strong></span> <span class='ocrx_word' id='word_1_404' title='bbox 618 5353 805 5406; x_wconf 86' lang='lat' dir='ltr'><strong>surdus</strong></span> <span class='ocrx_word' id='word_1_405' title='bbox 834 5370 933 5406; x_wconf 90' lang='lat' dir='ltr'><strong>non</strong></span> <span class='ocrx_word' id='word_1_406' title='bbox 955 5353 1256 5406; x_wconf 87' lang='lat' dir='ltr'><strong>audiebam:</strong></span> <span class='ocrx_word' id='word_1_407' title='bbox 1278 5364 1324 5406; x_wconf 82' lang='lat' dir='ltr'><strong>et</strong></span> <span class='ocrx_word' id='word_1_408' title='bbox 1349 5354 1475 5408; x_wconf 83' lang='lat' dir='ltr'><strong>sicut</strong></span> <span class='ocrx_word' id='word_1_409' title='bbox 1502 5366 1669 5409; x_wconf 86' lang='lat' dir='ltr'><strong>mutus</strong></span> <span class='ocrx_word' id='word_1_410' title='bbox 1700 5373 1798 5410; x_wconf 85' lang='lat' dir='ltr'><strong>non</strong></span> <span class='ocrx_word' id='word_1_411' title='bbox 1821 5359 2050 5427; x_wconf 84' lang='lat' dir='ltr'><strong>aperiens</strong></span> 
     </span>
    </p>
   </div>
   <div class='ocr_carea' id='block_1_55' title="bbox 465 5443 2050 5516">
    <p class='ocr_par' dir='ltr' id='par_1_55' title="bbox 465 5443 2050 5516">
     <span class='ocr_line' id='line_1_55' title="bbox 465 5443 2050 5516; baseline 0.005 -20"><span class='ocrx_word' id='word_1_412' title='bbox 465 5459 523 5498; x_wconf 85' lang='lat' dir='ltr'><strong>os</strong></span> <span class='ocrx_word' id='word_1_413' title='bbox 548 5459 712 5496; x_wconf 84' lang='lat' dir='ltr'><strong>suum.</strong></span> <span class='ocrx_word' id='word_1_414' title='bbox 749 5444 812 5497; x_wconf 79' lang='lat' dir='ltr'><strong>Et</strong></span> <span class='ocrx_word' id='word_1_415' title='bbox 840 5444 1027 5513; x_wconf 86' lang='lat' dir='ltr'><strong>repetit</strong></span> <span class='ocrx_word' id='word_1_416' title='bbox 1057 5445 1240 5499; x_wconf 90' lang='lat' dir='ltr'><strong>eadem</strong></span> <span class='ocrx_word' id='word_1_417' title='bbox 1270 5462 1284 5497; x_wconf 93' lang='lat'><strong>:</strong></span> <span class='ocrx_word' id='word_1_418' title='bbox 1318 5443 1386 5497; x_wconf 85' lang='lat' dir='ltr'><strong>Et</strong></span> <span class='ocrx_word' id='word_1_419' title='bbox 1415 5450 1578 5516; x_wconf 76' lang='lat' dir='ltr'><strong>[actus</strong></span> <span class='ocrx_word' id='word_1_420' title='bbox 1605 5461 1716 5498; x_wconf 86' lang='lat' dir='ltr'><strong>sum</strong></span> <span class='ocrx_word' id='word_1_421' title='bbox 1744 5446 1873 5500; x_wconf 85' lang='lat' dir='ltr'><strong>sicut</strong></span> <span class='ocrx_word' id='word_1_422' title='bbox 1903 5447 2050 5504; x_wconf 89' lang='lat' dir='ltr'><strong>homo</strong></span> 
     </span>
    </p>
   </div>
   <div class='ocr_carea' id='block_1_56' title="bbox 465 5535 2047 5609">
    <p class='ocr_par' dir='ltr' id='par_1_56' title="bbox 465 5535 2047 5609">
     <span class='ocr_line' id='line_1_56' title="bbox 465 5535 2047 5609; baseline 0.006 -21"><span class='ocrx_word' id='word_1_423' title='bbox 465 5550 570 5588; x_wconf 87' lang='lat' dir='ltr'><strong>non</strong></span> <span class='ocrx_word' id='word_1_424' title='bbox 611 5535 853 5601; x_wconf 82' lang='lat' dir='ltr'><strong>audiens,</strong></span> <span class='ocrx_word' id='word_1_425' title='bbox 897 5545 945 5588; x_wconf 93' lang='lat' dir='ltr'><strong>et</strong></span> <span class='ocrx_word' id='word_1_426' title='bbox 989 5552 1090 5590; x_wconf 89' lang='lat' dir='ltr'><strong>non</strong></span> <span class='ocrx_word' id='word_1_427' title='bbox 1132 5535 1317 5590; x_wconf 89' lang='lat' dir='ltr'><strong>habens</strong></span> <span class='ocrx_word' id='word_1_428' title='bbox 1361 5537 1416 5590; x_wconf 87' lang='lat' dir='ltr'><strong>in</strong></span> <span class='ocrx_word' id='word_1_429' title='bbox 1454 5553 1540 5591; x_wconf 84' lang='lat' dir='ltr'><strong>ore</strong></span> <span class='ocrx_word' id='word_1_430' title='bbox 1575 5552 1668 5592; x_wconf 86' lang='lat' dir='ltr'><strong>suo</strong></span> <span class='ocrx_word' id='word_1_431' title='bbox 1706 5539 2047 5609; x_wconf 80' lang='lat' dir='ltr'><strong>argutiones&#39;.</strong></span> 
     </span>
    </p>
   </div>
   <div class='ocr_carea' id='block_1_57' title="bbox 533 5687 1061 5746">
    <p class='ocr_par' dir='ltr' id='par_1_57' title="bbox 533 5687 1061 5746">
     <span class='ocr_line' id='line_1_57' title="bbox 533 5687 1061 5746; baseline -0.008 -6"><span class='ocrx_word' id='word_1_432' title='bbox 533 5690 546 5720; x_wconf 77' lang='lat'><strong>’</strong></span> <span class='ocrx_word' id='word_1_433' title='bbox 574 5697 688 5739; x_wconf 87' lang='lat' dir='ltr'><strong>Ucto</strong></span> <span class='ocrx_word' id='word_1_434' title='bbox 708 5696 835 5746; x_wconf 61' lang='lat' dir='ltr'><strong>Mss,</strong></span> <span class='ocrx_word' id='word_1_435' title='bbox 860 5687 1061 5739; x_wconf 85' lang='lat' dir='ltr'><strong>timoris.</strong></span> 
     </span>
    </p>
   </div>
   <div class='ocr_carea' id='block_1_58' title="bbox 465 5750 2050 5875">
    <p class='ocr_par' dir='ltr' id='par_1_58' title="bbox 465 5750 2050 5875">
     <span class='ocr_line' id='line_1_58' title="bbox 465 5750 2050 5875; baseline 0.008 -77"><span class='ocrx_word' id='word_1_436' title='bbox 465 5751 553 5862; x_wconf 53' lang='grc' dir='ltr'><strong>ΜΞ</strong></span> <span class='ocrx_word' id='word_1_437' title='bbox 572 5756 642 5875; x_wconf 55' lang='lat' dir='ltr'><strong>ita</strong></span> <span class='ocrx_word' id='word_1_438' title='bbox 678 5753 756 5802; x_wconf 83' lang='lat' dir='ltr'><strong>hic</strong></span> <span class='ocrx_word' id='word_1_439' title='bbox 795 5759 847 5802; x_wconf 91' lang='lat' dir='ltr'><strong>et</strong></span> <span class='ocrx_word' id='word_1_440' title='bbox 883 5750 998 5801; x_wconf 83' lang='lat' dir='ltr'><strong>alibi</strong></span> <span class='ocrx_word' id='word_1_441' title='bbox 1033 5751 1209 5812; x_wconf 89' lang='lat' dir='ltr'><strong>passim</strong></span> <span class='ocrx_word' id='word_1_442' title='bbox 1232 5757 1331 5799; x_wconf 79' lang='lat' dir='ltr'><strong>Am.</strong></span> <span class='ocrx_word' id='word_1_443' title='bbox 1385 5755 1459 5801; x_wconf 76' lang='lat' dir='ltr'><strong>Er.</strong></span> <span class='ocrx_word' id='word_1_444' title='bbox 1481 5758 1535 5805; x_wconf 87' lang='lat' dir='ltr'><strong>et</strong></span> <span class='ocrx_word' id='word_1_445' title='bbox 1553 5759 1662 5805; x_wconf 70' lang='lat' dir='ltr'><strong>Mss.</strong></span> <span class='ocrx_word' id='word_1_446' title='bbox 1709 5753 2050 5822; x_wconf 80' lang='lat' dir='ltr'><strong>[redargutio-</strong></span> 
     </span>
    </p>
   </div>
   <div class='ocr_carea' id='block_1_59' title="bbox 1705 343 2512 415">
    <p class='ocr_par' dir='ltr' id='par_1_59' title="bbox 1705 343 2512 415">
     <span class='ocr_line' id='line_1_59' title="bbox 1705 343 2512 415; baseline -0.002 0"><span class='ocrx_word' id='word_1_447' title='bbox 1705 357 1764 415; x_wconf 89' lang='lat' dir='ltr'><strong>S.</strong></span> <span class='ocrx_word' id='word_1_448' title='bbox 1799 343 2169 413; x_wconf 57' lang='lat' dir='ltr'><strong>AUGUSTHI</strong></span> <span class='ocrx_word' id='word_1_449' title='bbox 2204 351 2512 413; x_wconf 84' lang='lat' dir='ltr'><strong>EPISCOPI</strong></span> 
     </span>
    </p>
   </div>
   <div class='ocr_carea' id='block_1_60' title="bbox 3667 364 3760 422">
    <p class='ocr_par' dir='ltr' id='par_1_60' title="bbox 3667 364 3760 422">
     <span class='ocr_line' id='line_1_60' title="bbox 3667 364 3760 422; baseline 0.011 -1"><span class='ocrx_word' id='word_1_450' title='bbox 3667 364 3760 422; x_wconf 79' lang='grc'><strong>408</strong></span> 
     </span>
    </p>
   </div>
   <div class='ocr_carea' id='block_1_61' title="bbox 2164 453 3762 545">
    <p class='ocr_par' dir='ltr' id='par_1_61' title="bbox 2164 453 3762 545">
     <span class='ocr_line' id='line_1_61' title="bbox 2164 453 3762 545; baseline 0.001 -17"><span class='ocrx_word' id='word_1_451' title='bbox 2164 469 2327 542; x_wconf 90' lang='lat' dir='ltr'><strong>Quasi</strong></span> <span class='ocrx_word' id='word_1_452' title='bbox 2368 487 2476 528; x_wconf 89' lang='lat' dir='ltr'><strong>non</strong></span> <span class='ocrx_word' id='word_1_453' title='bbox 2506 479 2651 527; x_wconf 90' lang='lat' dir='ltr'><strong>esset</strong></span> <span class='ocrx_word' id='word_1_454' title='bbox 2689 470 2834 543; x_wconf 90' lang='lat' dir='ltr'><strong>quod</strong></span> <span class='ocrx_word' id='word_1_455' title='bbox 2883 453 2989 528; x_wconf 82' lang='lat' dir='ltr'><strong>illis</strong></span> <span class='ocrx_word' id='word_1_456' title='bbox 3030 471 3251 540; x_wconf 83' lang='lat' dir='ltr'><strong>diceret,</strong></span> <span class='ocrx_word' id='word_1_457' title='bbox 3279 474 3452 545; x_wconf 88' lang='lat' dir='ltr'><strong>quasi</strong></span> <span class='ocrx_word' id='word_1_458' title='bbox 3489 489 3600 530; x_wconf 88' lang='lat' dir='ltr'><strong>non</strong></span> <span class='ocrx_word' id='word_1_459' title='bbox 3636 491 3762 537; x_wconf 77' lang='lat' dir='ltr'><strong>esset</strong></span> 
     </span>
    </p>
   </div>
   <div class='ocr_carea' id='block_1_62' title="bbox 2165 561 3762 640">
    <p class='ocr_par' dir='ltr' id='par_1_62' title="bbox 2165 561 3762 640">
     <span class='ocr_line' id='line_1_62' title="bbox 2165 561 3762 640; baseline 0.005 -24"><span class='ocrx_word' id='word_1_460' title='bbox 2165 561 2307 617; x_wconf 91' lang='lat' dir='ltr'><strong>unde</strong></span> <span class='ocrx_word' id='word_1_461' title='bbox 2333 562 2454 617; x_wconf 92' lang='lat' dir='ltr'><strong>illos</strong></span> <span class='ocrx_word' id='word_1_462' title='bbox 2490 573 2761 632; x_wconf 78' lang='lat' dir='ltr'><strong>argueret.</strong></span> <span class='ocrx_word' id='word_1_463' title='bbox 2790 562 2979 620; x_wconf 87' lang='lat' dir='ltr'><strong>Nonne</strong></span> <span class='ocrx_word' id='word_1_464' title='bbox 2992 563 3104 635; x_wconf 92' lang='lat' dir='ltr'><strong>jam</strong></span> <span class='ocrx_word' id='word_1_465' title='bbox 3139 573 3296 620; x_wconf 85' lang='lat' dir='ltr'><strong>antea</strong></span> <span class='ocrx_word' id='word_1_466' title='bbox 3327 565 3512 622; x_wconf 71' lang='lat' dir='ltr'><strong>multa</strong></span> <span class='ocrx_word' id='word_1_467' title='bbox 3537 568 3762 640; x_wconf 84' lang='lat' dir='ltr'><strong>increpa-</strong></span> 
     </span>
    </p>
   </div>
   <div class='ocr_carea' id='block_1_63' title="bbox 2160 655 3768 727">
    <p class='ocr_par' dir='ltr' id='par_1_63' title="bbox 2160 655 3768 727">
     <span class='ocr_line' id='line_1_63' title="bbox 2160 655 3768 727; baseline 0.007 -18"><span class='ocrx_word' id='word_1_468' title='bbox 2160 664 2330 722; x_wconf 89' lang='lat' dir='ltr'><strong>verat,</strong></span> <span class='ocrx_word' id='word_1_469' title='bbox 2362 655 2527 710; x_wconf 86' lang='lat' dir='ltr'><strong>multa</strong></span> <span class='ocrx_word' id='word_1_470' title='bbox 2561 655 2788 724; x_wconf 81' lang='lat' dir='ltr'><strong>dixerat,</strong></span> <span class='ocrx_word' id='word_1_471' title='bbox 2819 664 2877 712; x_wconf 91' lang='lat' dir='ltr'><strong>et</strong></span> <span class='ocrx_word' id='word_1_472' title='bbox 2915 657 3145 727; x_wconf 80' lang='lat' dir='ltr'><strong>dixerat,</strong></span> <span class='ocrx_word' id='word_1_473' title='bbox 3185 656 3274 715; x_wconf 69' lang='lat' dir='ltr'><strong>Vt:</strong></span> <span class='ocrx_word' id='word_1_474' title='bbox 3301 659 3480 725; x_wconf 81' lang='lat' dir='ltr'><strong>vobis,</strong></span> <span class='ocrx_word' id='word_1_475' title='bbox 3513 661 3704 717; x_wconf 71' lang='lat' dir='ltr'><strong>Scribe</strong></span> <span class='ocrx_word' id='word_1_476' title='bbox 3731 678 3768 720; x_wconf 80' lang='lat' dir='ltr'><strong>et</strong></span> 
     </span>
    </p>
   </div>
   <div class='ocr_carea' id='block_1_64' title="bbox 2163 747 3767 823">
    <p class='ocr_par' dir='ltr' id='par_1_64' title="bbox 2163 747 3767 823">
     <span class='ocr_line' id='line_1_64' title="bbox 2163 747 3767 823; baseline 0.007 -23"><span class='ocrx_word' id='word_1_477' title='bbox 2163 747 2439 815; x_wconf 73' lang='lat' dir='ltr'><strong>Pharistei,</strong></span> <span class='ocrx_word' id='word_1_478' title='bbox 2461 749 2743 820; x_wconf 70' lang='lat' dir='ltr'><strong>hypocrita:</strong></span> <span class='ocrx_word' id='word_1_479' title='bbox 2767 749 2978 822; x_wconf 69' lang='lat' dir='ltr'><strong>(Matth.</strong></span> <span class='ocrx_word' id='word_1_480' title='bbox 3010 766 3164 816; x_wconf 78' lang='lat' dir='ltr'><strong>mu,</strong></span> <span class='ocrx_word' id='word_1_481' title='bbox 3191 753 3303 823; x_wconf 76' lang='lat'><strong>13),</strong></span> <span class='ocrx_word' id='word_1_482' title='bbox 3330 763 3395 809; x_wconf 88' lang='lat' dir='ltr'><strong>et</strong></span> <span class='ocrx_word' id='word_1_483' title='bbox 3420 755 3596 810; x_wconf 88' lang='lat' dir='ltr'><strong>multa</strong></span> <span class='ocrx_word' id='word_1_484' title='bbox 3617 757 3767 811; x_wconf 74' lang='lat' dir='ltr'><strong>talia&#39;</strong></span> 
     </span>
    </p>
   </div>
   <div class='ocr_carea' id='block_1_65' title="bbox 2161 839 3768 913">
    <p class='ocr_par' dir='ltr' id='par_1_65' title="bbox 2161 839 3768 913">
     <span class='ocr_line' id='line_1_65' title="bbox 2161 839 3768 913; baseline 0.006 -17"><span class='ocrx_word' id='word_1_485' title='bbox 2161 839 2366 896; x_wconf 85' lang='lat' dir='ltr'><strong>Tamen</strong></span> <span class='ocrx_word' id='word_1_486' title='bbox 2407 841 2621 912; x_wconf 88' lang='lat' dir='ltr'><strong>quando</strong></span> <span class='ocrx_word' id='word_1_487' title='bbox 2665 857 2852 913; x_wconf 88' lang='lat' dir='ltr'><strong>passus</strong></span> <span class='ocrx_word' id='word_1_488' title='bbox 2891 852 2995 910; x_wconf 86' lang='lat' dir='ltr'><strong>est,</strong></span> <span class='ocrx_word' id='word_1_489' title='bbox 3036 844 3170 901; x_wconf 87' lang='lat' dir='ltr'><strong>nihil</strong></span> <span class='ocrx_word' id='word_1_490' title='bbox 3214 844 3424 901; x_wconf 84' lang='lat' dir='ltr'><strong>borum</strong></span> <span class='ocrx_word' id='word_1_491' title='bbox 3468 846 3644 902; x_wconf 79' lang='lat' dir='ltr'><strong>dixit:</strong></span> <span class='ocrx_word' id='word_1_492' title='bbox 3677 865 3768 905; x_wconf 83' lang='lat' dir='ltr'><strong>non</strong></span> 
     </span>
    </p>
   </div>
   <div class='ocr_carea' id='block_1_66' title="bbox 2159 934 3766 1010">
    <p class='ocr_par' dir='ltr' id='par_1_66' title="bbox 2159 934 3766 1010">
     <span class='ocr_line' id='line_1_66' title="bbox 2159 934 3766 1010; baseline 0.005 -22"><span class='ocrx_word' id='word_1_493' title='bbox 2159 936 2285 1005; x_wconf 89' lang='lat' dir='ltr'><strong>quia</strong></span> <span class='ocrx_word' id='word_1_494' title='bbox 2314 950 2420 990; x_wconf 91' lang='lat' dir='ltr'><strong>non</strong></span> <span class='ocrx_word' id='word_1_495' title='bbox 2453 934 2685 990; x_wconf 86' lang='lat' dir='ltr'><strong>habebat</strong></span> <span class='ocrx_word' id='word_1_496' title='bbox 2722 936 2863 1006; x_wconf 92' lang='lat' dir='ltr'><strong>quod</strong></span> <span class='ocrx_word' id='word_1_497' title='bbox 2905 936 3128 1005; x_wconf 88' lang='lat' dir='ltr'><strong>diceret,</strong></span> <span class='ocrx_word' id='word_1_498' title='bbox 3166 937 3260 994; x_wconf 90' lang='lat' dir='ltr'><strong>sed</strong></span> <span class='ocrx_word' id='word_1_499' title='bbox 3309 939 3678 1010; x_wconf 80' lang='lat' dir='ltr'><strong>exspectabat</strong></span> <span class='ocrx_word' id='word_1_500' title='bbox 3722 957 3766 996; x_wconf 86' lang='lat' dir='ltr'><strong>ut</strong></span> 
     </span>
    </p>
   </div>
   <div class='ocr_carea' id='block_1_67' title="bbox 2161 1025 3769 1102">
    <p class='ocr_par' dir='ltr' id='par_1_67' title="bbox 2161 1025 3769 1102">
     <span class='ocr_line' id='line_1_67' title="bbox 2161 1025 3769 1102; baseline 0.004 -22"><span class='ocrx_word' id='word_1_501' title='bbox 2161 1025 2493 1096; x_wconf 90' lang='lat' dir='ltr'><strong>complerent</strong></span> <span class='ocrx_word' id='word_1_502' title='bbox 2521 1026 2592 1081; x_wconf 92' lang='lat' dir='ltr'><strong>illi</strong></span> <span class='ocrx_word' id='word_1_503' title='bbox 2619 1027 2820 1093; x_wconf 90' lang='lat' dir='ltr'><strong>omnia,</strong></span> <span class='ocrx_word' id='word_1_504' title='bbox 2849 1035 2905 1082; x_wconf 89' lang='lat' dir='ltr'><strong>et</strong></span> <span class='ocrx_word' id='word_1_505' title='bbox 2931 1027 3283 1098; x_wconf 89' lang='lat' dir='ltr'><strong>implerentur</strong></span> <span class='ocrx_word' id='word_1_506' title='bbox 3313 1045 3526 1085; x_wconf 83' lang='lat' dir='ltr'><strong>omnes</strong></span> <span class='ocrx_word' id='word_1_507' title='bbox 3554 1031 3769 1102; x_wconf 79' lang='lat' dir='ltr'><strong>prophe-</strong></span> 
     </span>
    </p>
   </div>
   <div class='ocr_carea' id='block_1_68' title="bbox 2160 1117 3764 1190">
    <p class='ocr_par' dir='ltr' id='par_1_68' title="bbox 2160 1117 3764 1190">
     <span class='ocr_line' id='line_1_68' title="bbox 2160 1117 3764 1190; baseline 0.006 -18"><span class='ocrx_word' id='word_1_508' title='bbox 2160 1117 2250 1172; x_wconf 79' lang='lat' dir='ltr'><strong>tite</strong></span> <span class='ocrx_word' id='word_1_509' title='bbox 2274 1117 2342 1173; x_wconf 92' lang='lat' dir='ltr'><strong>de</strong></span> <span class='ocrx_word' id='word_1_510' title='bbox 2372 1118 2484 1182; x_wconf 90' lang='lat' dir='ltr'><strong>illo,</strong></span> <span class='ocrx_word' id='word_1_511' title='bbox 2524 1119 2592 1174; x_wconf 90' lang='lat' dir='ltr'><strong>de</strong></span> <span class='ocrx_word' id='word_1_512' title='bbox 2620 1134 2727 1190; x_wconf 90' lang='lat' dir='ltr'><strong>quo</strong></span> <span class='ocrx_word' id='word_1_513' title='bbox 2752 1119 2952 1175; x_wconf 89' lang='lat' dir='ltr'><strong>dictum</strong></span> <span class='ocrx_word' id='word_1_514' title='bbox 2991 1130 3142 1178; x_wconf 85' lang='lat' dir='ltr'><strong>erat:</strong></span> <span class='ocrx_word' id='word_1_515' title='bbox 3174 1120 3244 1176; x_wconf 86' lang='lat' dir='ltr'><strong>Et</strong></span> <span class='ocrx_word' id='word_1_516' title='bbox 3275 1123 3430 1178; x_wconf 82' lang='lat' dir='ltr'><strong>sicut</strong></span> <span class='ocrx_word' id='word_1_517' title='bbox 3458 1124 3573 1180; x_wconf 81' lang='lat' dir='ltr'><strong>ouis</strong></span> <span class='ocrx_word' id='word_1_518' title='bbox 3610 1142 3764 1182; x_wconf 81' lang='lat' dir='ltr'><strong>eorum</strong></span> 
     </span>
    </p>
   </div>
   <div class='ocr_carea' id='block_1_69' title="bbox 2162 1210 3764 1286">
    <p class='ocr_par' dir='ltr' id='par_1_69' title="bbox 2162 1210 3764 1286">
     <span class='ocr_line' id='line_1_69' title="bbox 2162 1210 3764 1286; baseline 0.006 -25"><span class='ocrx_word' id='word_1_519' title='bbox 2162 1210 2400 1262; x_wconf 84' lang='lat' dir='ltr'><strong>tondente</strong></span> <span class='ocrx_word' id='word_1_520' title='bbox 2421 1225 2476 1263; x_wconf 86' lang='lat' dir='ltr'><strong>se</strong></span> <span class='ocrx_word' id='word_1_521' title='bbox 2497 1210 2606 1264; x_wconf 87' lang='lat' dir='ltr'><strong>sine</strong></span> <span class='ocrx_word' id='word_1_522' title='bbox 2633 1226 2770 1277; x_wconf 84' lang='lat' dir='ltr'><strong>voce,</strong></span> <span class='ocrx_word' id='word_1_523' title='bbox 2802 1227 2904 1265; x_wconf 88' lang='lat' dir='ltr'><strong>non</strong></span> <span class='ocrx_word' id='word_1_524' title='bbox 2946 1212 3141 1283; x_wconf 84' lang='lat' dir='ltr'><strong>aperuit</strong></span> <span class='ocrx_word' id='word_1_525' title='bbox 3180 1229 3238 1266; x_wconf 91' lang='lat' dir='ltr'><strong>os</strong></span> <span class='ocrx_word' id='word_1_526' title='bbox 3260 1230 3431 1268; x_wconf 84' lang='lat' dir='ltr'><strong>suum</strong></span> <span class='ocrx_word' id='word_1_527' title='bbox 3480 1212 3637 1286; x_wconf 87' lang='lat' dir='ltr'><strong>(Isai.</strong></span> <span class='ocrx_word' id='word_1_528' title='bbox 3667 1233 3764 1280; x_wconf 86' lang='lat' dir='ltr'><strong>un,</strong></span> 
     </span>
    </p>
   </div>
   <div class='ocr_carea' id='block_1_70' title="bbox 2164 1299 3764 1376">
    <p class='ocr_par' dir='ltr' id='par_1_70' title="bbox 2164 1299 3764 1376">
     <span class='ocr_line' id='line_1_70' title="bbox 2164 1299 3764 1376; baseline 0.008 -24"><span class='ocrx_word' id='word_1_529' title='bbox 2164 1300 2240 1370; x_wconf 87' lang='lat'><strong>7).</strong></span> <span class='ocrx_word' id='word_1_530' title='bbox 2270 1299 2561 1371; x_wconf 87' lang='lat' dir='ltr'><strong>Oportebat</strong></span> <span class='ocrx_word' id='word_1_531' title='bbox 2602 1318 2729 1374; x_wconf 79' lang='lat' dir='ltr'><strong>ergo</strong></span> <span class='ocrx_word' id='word_1_532' title='bbox 2753 1311 2814 1358; x_wconf 91' lang='lat' dir='ltr'><strong>ut</strong></span> <span class='ocrx_word' id='word_1_533' title='bbox 2847 1313 3047 1360; x_wconf 90' lang='lat' dir='ltr'><strong>taceret</strong></span> <span class='ocrx_word' id='word_1_534' title='bbox 3073 1306 3125 1360; x_wconf 92' lang='lat' dir='ltr'><strong>in</strong></span> <span class='ocrx_word' id='word_1_535' title='bbox 3166 1307 3458 1376; x_wconf 89' lang='lat' dir='ltr'><strong>passione,</strong></span> <span class='ocrx_word' id='word_1_536' title='bbox 3487 1324 3612 1371; x_wconf 38' lang='lat' dir='ltr'><strong>,non</strong></span> <span class='ocrx_word' id='word_1_537' title='bbox 3652 1313 3764 1366; x_wconf 84' lang='lat' dir='ltr'><strong>taci-</strong></span> 
     </span>
    </p>
   </div>
   <div class='ocr_carea' id='block_1_71' title="bbox 2163 1394 3765 1470">
    <p class='ocr_par' dir='ltr' id='par_1_71' title="bbox 2163 1394 3765 1470">
     <span class='ocr_line' id='line_1_71' title="bbox 2163 1394 3765 1470; baseline 0.007 -24"><span class='ocrx_word' id='word_1_538' title='bbox 2163 1399 2313 1447; x_wconf 92' lang='lat' dir='ltr'><strong>turus</strong></span> <span class='ocrx_word' id='word_1_539' title='bbox 2341 1394 2394 1448; x_wconf 91' lang='lat' dir='ltr'><strong>in</strong></span> <span class='ocrx_word' id='word_1_540' title='bbox 2415 1394 2635 1464; x_wconf 86' lang='lat' dir='ltr'><strong>judicio.</strong></span> <span class='ocrx_word' id='word_1_541' title='bbox 2657 1395 2982 1452; x_wconf 76' lang='lat' dir='ltr'><strong>Judicandss</strong></span> <span class='ocrx_word' id='word_1_542' title='bbox 3009 1398 3153 1453; x_wconf 92' lang='lat' dir='ltr'><strong>enim</strong></span> <span class='ocrx_word' id='word_1_543' title='bbox 3181 1407 3445 1463; x_wconf 88' lang='lat' dir='ltr'><strong>venerat,</strong></span> <span class='ocrx_word' id='word_1_544' title='bbox 3471 1400 3568 1470; x_wconf 89' lang='lat' dir='ltr'><strong>qui</strong></span> <span class='ocrx_word' id='word_1_545' title='bbox 3601 1411 3765 1469; x_wconf 86' lang='lat' dir='ltr'><strong>postea</strong></span> 
     </span>
    </p>
   </div>
   <div class='ocr_carea' id='block_1_72' title="bbox 2159 1485 3764 1563">
    <p class='ocr_par' dir='ltr' id='par_1_72' title="bbox 2159 1485 3764 1563">
     <span class='ocr_line' id='line_1_72' title="bbox 2159 1485 3764 1563; baseline 0.008 -26"><span class='ocrx_word' id='word_1_546' title='bbox 2159 1485 2493 1553; x_wconf 89' lang='lat' dir='ltr'><strong>jndieaturus</strong></span> <span class='ocrx_word' id='word_1_547' title='bbox 2540 1487 2790 1543; x_wconf 89' lang='lat' dir='ltr'><strong>veniret:</strong></span> <span class='ocrx_word' id='word_1_548' title='bbox 2829 1499 2885 1544; x_wconf 91' lang='lat' dir='ltr'><strong>et</strong></span> <span class='ocrx_word' id='word_1_549' title='bbox 2924 1488 3046 1544; x_wconf 91' lang='lat' dir='ltr'><strong>ideo</strong></span> <span class='ocrx_word' id='word_1_550' title='bbox 3085 1505 3208 1546; x_wconf 91' lang='lat' dir='ltr'><strong>cum</strong></span> <span class='ocrx_word' id='word_1_551' title='bbox 3254 1506 3467 1562; x_wconf 82' lang='lat' dir='ltr'><strong>magna</strong></span> <span class='ocrx_word' id='word_1_552' title='bbox 3517 1501 3764 1563; x_wconf 85' lang='lat' dir='ltr'><strong>potestate</strong></span> 
     </span>
    </p>
   </div>
   <div class='ocr_carea' id='block_1_73' title="bbox 2159 1573 3703 1651">
    <p class='ocr_par' dir='ltr' id='par_1_73' title="bbox 2159 1573 3703 1651">
     <span class='ocr_line' id='line_1_73' title="bbox 2159 1573 3703 1651; baseline 0.007 -24"><span class='ocrx_word' id='word_1_553' title='bbox 2159 1573 2517 1644; x_wconf 84' lang='lat' dir='ltr'><strong>jndieaturus,</strong></span> <span class='ocrx_word' id='word_1_554' title='bbox 2547 1578 2670 1647; x_wconf 89' lang='lat' dir='ltr'><strong>quia</strong></span> <span class='ocrx_word' id='word_1_555' title='bbox 2697 1593 2818 1633; x_wconf 91' lang='lat' dir='ltr'><strong>cum</strong></span> <span class='ocrx_word' id='word_1_556' title='bbox 2848 1593 3038 1650; x_wconf 78' lang='lat' dir='ltr'><strong>magna</strong></span> <span class='ocrx_word' id='word_1_557' title='bbox 3072 1578 3380 1636; x_wconf 85' lang='lat' dir='ltr'><strong>humilitate</strong></span> <span class='ocrx_word' id='word_1_558' title='bbox 3407 1580 3703 1651; x_wconf 88' lang='lat' dir='ltr'><strong>judicatus.</strong></span> 
     </span>
    </p>
   </div>
   <div class='ocr_carea' id='block_1_74' title="bbox 2231 1664 3763 1744">
    <p class='ocr_par' dir='ltr' id='par_1_74' title="bbox 2231 1664 3763 1744">
     <span class='ocr_line' id='line_1_74' title="bbox 2231 1664 3763 1744; baseline 0.007 -24"><span class='ocrx_word' id='word_1_559' title='bbox 2231 1665 2319 1720; x_wconf 77' lang='grc'><strong>21.</strong></span> <span class='ocrx_word' id='word_1_560' title='bbox 2366 1664 2527 1739; x_wconf 79' lang='lat' dir='ltr'><strong>[vers.</strong></span> <span class='ocrx_word' id='word_1_561' title='bbox 2603 1667 2715 1741; x_wconf 83' lang='lat'><strong>16.]</strong></span> <span class='ocrx_word' id='word_1_562' title='bbox 2758 1669 3010 1733; x_wconf 82' lang='lat' dir='ltr'><strong>Quoniam</strong></span> <span class='ocrx_word' id='word_1_563' title='bbox 3047 1670 3100 1724; x_wconf 89' lang='lat' dir='ltr'><strong>in</strong></span> <span class='ocrx_word' id='word_1_564' title='bbox 3137 1679 3205 1739; x_wconf 86' lang='lat' dir='ltr'><strong>te,</strong></span> <span class='ocrx_word' id='word_1_565' title='bbox 3245 1669 3509 1740; x_wconf 81' lang='lat' dir='ltr'><strong>Domine,</strong></span> <span class='ocrx_word' id='word_1_566' title='bbox 3546 1676 3763 1744; x_wconf 79' lang='lat' dir='ltr'><strong>speravi;</strong></span> 
     </span>
    </p>
   </div>
   <div class='ocr_carea' id='block_1_75' title="bbox 2163 1758 3761 1834">
    <p class='ocr_par' dir='ltr' id='par_1_75' title="bbox 2163 1758 3761 1834">
     <span class='ocr_line' id='line_1_75' title="bbox 2163 1758 3761 1834; baseline 0.009 -24"><span class='ocrx_word' id='word_1_567' title='bbox 2163 1764 2217 1812; x_wconf 88' lang='lat' dir='ltr'><strong>tu</strong></span> <span class='ocrx_word' id='word_1_568' title='bbox 2243 1758 2499 1825; x_wconf 72' lang='lat' dir='ltr'><strong>exaudies,</strong></span> <span class='ocrx_word' id='word_1_569' title='bbox 2533 1759 2765 1828; x_wconf 85' lang='lat' dir='ltr'><strong>Domine,</strong></span> <span class='ocrx_word' id='word_1_570' title='bbox 2793 1760 2936 1816; x_wconf 87' lang='lat' dir='ltr'><strong>Deus</strong></span> <span class='ocrx_word' id='word_1_571' title='bbox 2970 1778 3127 1817; x_wconf 84' lang='lat' dir='ltr'><strong>meus.</strong></span> <span class='ocrx_word' id='word_1_572' title='bbox 3160 1763 3456 1834; x_wconf 86' lang='lat' dir='ltr'><strong>Tanquam</strong></span> <span class='ocrx_word' id='word_1_573' title='bbox 3481 1767 3528 1820; x_wconf 89' lang='lat' dir='ltr'><strong>si</strong></span> <span class='ocrx_word' id='word_1_574' title='bbox 3558 1768 3606 1822; x_wconf 81' lang='lat' dir='ltr'><strong>ei</strong></span> <span class='ocrx_word' id='word_1_575' title='bbox 3633 1767 3761 1825; x_wconf 52' lang='lat' dir='ltr'><strong>dice.</strong></span> 
     </span>
    </p>
   </div>
   <div class='ocr_carea' id='block_1_76' title="bbox 2162 1852 3760 1929">
    <p class='ocr_par' dir='ltr' id='par_1_76' title="bbox 2162 1852 3760 1929">
     <span class='ocr_line' id='line_1_76' title="bbox 2162 1852 3760 1929; baseline 0.006 -23"><span class='ocrx_word' id='word_1_576' title='bbox 2162 1859 2331 1917; x_wconf 90' lang='lat' dir='ltr'><strong>retur,</strong></span> <span class='ocrx_word' id='word_1_577' title='bbox 2361 1852 2537 1920; x_wconf 90' lang='lat' dir='ltr'><strong>Quare</strong></span> <span class='ocrx_word' id='word_1_578' title='bbox 2561 1868 2668 1908; x_wconf 91' lang='lat' dir='ltr'><strong>non</strong></span> <span class='ocrx_word' id='word_1_579' title='bbox 2694 1853 2949 1924; x_wconf 89' lang='lat' dir='ltr'><strong>aperuisti</strong></span> <span class='ocrx_word' id='word_1_580' title='bbox 2978 1870 3042 1920; x_wconf 89' lang='lat' dir='ltr'><strong>os</strong></span> <span class='ocrx_word' id='word_1_581' title='bbox 3077 1857 3268 1912; x_wconf 80' lang='lat' dir='ltr'><strong>tuum?</strong></span> <span class='ocrx_word' id='word_1_582' title='bbox 3295 1874 3484 1929; x_wconf 88' lang='lat' dir='ltr'><strong>quare</strong></span> <span class='ocrx_word' id='word_1_583' title='bbox 3507 1874 3614 1915; x_wconf 87' lang='lat' dir='ltr'><strong>non</strong></span> <span class='ocrx_word' id='word_1_584' title='bbox 3643 1861 3760 1917; x_wconf 83' lang='lat' dir='ltr'><strong>dixi-</strong></span> 
     </span>
    </p>
   </div>
   <div class='ocr_carea' id='block_1_77' title="bbox 2162 1943 3762 2022">
    <p class='ocr_par' dir='ltr' id='par_1_77' title="bbox 2162 1943 3762 2022">
     <span class='ocr_line' id='line_1_77' title="bbox 2162 1943 3762 2022; baseline 0.008 -26"><span class='ocrx_word' id='word_1_585' title='bbox 2162 1943 2248 2007; x_wconf 92' lang='lat' dir='ltr'><strong>sti,</strong></span> <span class='ocrx_word' id='word_1_586' title='bbox 2299 1943 2550 1998; x_wconf 85' lang='lat' dir='ltr'><strong>Parcite?</strong></span> <span class='ocrx_word' id='word_1_587' title='bbox 2597 1960 2763 2015; x_wconf 86' lang='lat' dir='ltr'><strong>quare</strong></span> <span class='ocrx_word' id='word_1_588' title='bbox 2809 1961 2913 2002; x_wconf 91' lang='lat' dir='ltr'><strong>non</strong></span> <span class='ocrx_word' id='word_1_589' title='bbox 2956 1947 3012 2003; x_wconf 91' lang='lat' dir='ltr'><strong>in</strong></span> <span class='ocrx_word' id='word_1_590' title='bbox 3051 1963 3215 2005; x_wconf 88' lang='lat' dir='ltr'><strong>cruce</strong></span> <span class='ocrx_word' id='word_1_591' title='bbox 3261 1950 3525 2020; x_wconf 86' lang='lat' dir='ltr'><strong>pendens</strong></span> <span class='ocrx_word' id='word_1_592' title='bbox 3569 1953 3762 2022; x_wconf 89' lang='lat' dir='ltr'><strong>iniquos</strong></span> 
     </span>
    </p>
   </div>
   <div class='ocr_carea' id='block_1_78' title="bbox 2162 2035 3756 2114">
    <p class='ocr_par' dir='ltr' id='par_1_78' title="bbox 2162 2035 3756 2114">
     <span class='ocr_line' id='line_1_78' title="bbox 2162 2035 3756 2114; baseline 0.008 -27"><span class='ocrx_word' id='word_1_593' title='bbox 2162 2035 2427 2104; x_wconf 76' lang='lat' dir='ltr'><strong>arguisti?</strong></span> <span class='ocrx_word' id='word_1_594' title='bbox 2466 2036 2720 2106; x_wconf 86' lang='lat' dir='ltr'><strong>Sequitur</strong></span> <span class='ocrx_word' id='word_1_595' title='bbox 2757 2047 2810 2093; x_wconf 91' lang='lat' dir='ltr'><strong>et</strong></span> <span class='ocrx_word' id='word_1_596' title='bbox 2839 2037 2968 2093; x_wconf 91' lang='lat' dir='ltr'><strong>dicit</strong></span> <span class='ocrx_word' id='word_1_597' title='bbox 2996 2057 3011 2094; x_wconf 92' lang='lat'><strong>:</strong></span> <span class='ocrx_word' id='word_1_598' title='bbox 3046 2040 3310 2108; x_wconf 82' lang='lat' dir='ltr'><strong>Quoniam</strong></span> <span class='ocrx_word' id='word_1_599' title='bbox 3345 2042 3506 2107; x_wconf 83' lang='lat' dir='ltr'><strong>inte,</strong></span> <span class='ocrx_word' id='word_1_600' title='bbox 3541 2041 3756 2114; x_wconf 78' lang='lat' dir='ltr'><strong>Domine,</strong></span> 
     </span>
    </p>
   </div>
   <div class='ocr_carea' id='block_1_79' title="bbox 2161 2129 3757 2200">
    <p class='ocr_par' dir='ltr' id='par_1_79' title="bbox 2161 2129 3757 2200">
     <span class='ocr_line' id='line_1_79' title="bbox 2161 2129 3757 2200; baseline 0.008 -18"><span class='ocrx_word' id='word_1_601' title='bbox 2161 2129 2397 2198; x_wconf 85' lang='lat' dir='ltr'><strong>speravi;</strong></span> <span class='ocrx_word' id='word_1_602' title='bbox 2433 2139 2486 2182; x_wconf 88' lang='lat' dir='ltr'><strong>tu</strong></span> <span class='ocrx_word' id='word_1_603' title='bbox 2525 2130 2786 2196; x_wconf 75' lang='lat' dir='ltr'><strong>exaudies,</strong></span> <span class='ocrx_word' id='word_1_604' title='bbox 2815 2129 3053 2200; x_wconf 78' lang='lat' dir='ltr'><strong>Domine,</strong></span> <span class='ocrx_word' id='word_1_605' title='bbox 3085 2134 3432 2190; x_wconf 78' lang='lat' dir='ltr'><strong>Deusmests.</strong></span> <span class='ocrx_word' id='word_1_606' title='bbox 3478 2135 3680 2193; x_wconf 81' lang='lat' dir='ltr'><strong>Monuit</strong></span> <span class='ocrx_word' id='word_1_607' title='bbox 3715 2147 3757 2194; x_wconf 78' lang='lat' dir='ltr'><strong>to</strong></span> 
     </span>
    </p>
   </div>
   <div class='ocr_carea' id='block_1_80' title="bbox 2161 2219 3753 2295">
    <p class='ocr_par' dir='ltr' id='par_1_80' title="bbox 2161 2219 3753 2295">
     <span class='ocr_line' id='line_1_80' title="bbox 2161 2219 3753 2295; baseline 0.008 -22"><span class='ocrx_word' id='word_1_608' title='bbox 2161 2219 2288 2290; x_wconf 88' lang='lat' dir='ltr'><strong>quid</strong></span> <span class='ocrx_word' id='word_1_609' title='bbox 2321 2220 2504 2287; x_wconf 83' lang='lat' dir='ltr'><strong>facias,</strong></span> <span class='ocrx_word' id='word_1_610' title='bbox 2521 2222 2565 2276; x_wconf 91' lang='lat' dir='ltr'><strong>si</strong></span> <span class='ocrx_word' id='word_1_611' title='bbox 2596 2221 2734 2278; x_wconf 89' lang='lat' dir='ltr'><strong>forte</strong></span> <span class='ocrx_word' id='word_1_612' title='bbox 2757 2226 3052 2281; x_wconf 88' lang='lat' dir='ltr'><strong>occurrerit</strong></span> <span class='ocrx_word' id='word_1_613' title='bbox 3074 2226 3380 2282; x_wconf 87' lang='lat' dir='ltr'><strong>tribulatio.</strong></span> <span class='ocrx_word' id='word_1_614' title='bbox 3396 2228 3612 2295; x_wconf 76' lang='lat' dir='ltr'><strong>Quaeris</strong></span> <span class='ocrx_word' id='word_1_615' title='bbox 3631 2229 3753 2286; x_wconf 74' lang='lat' dir='ltr'><strong>enim</strong></span> 
     </span>
    </p>
   </div>
   <div class='ocr_carea' id='block_1_81' title="bbox 2162 2312 3753 2389">
    <p class='ocr_par' dir='ltr' id='par_1_81' title="bbox 2162 2312 3753 2389">
     <span class='ocr_line' id='line_1_81' title="bbox 2162 2312 3753 2389; baseline 0.007 -22"><span class='ocrx_word' id='word_1_616' title='bbox 2162 2321 2216 2368; x_wconf 91' lang='lat' dir='ltr'><strong>te</strong></span> <span class='ocrx_word' id='word_1_617' title='bbox 2238 2312 2548 2381; x_wconf 88' lang='lat' dir='ltr'><strong>defendere,</strong></span> <span class='ocrx_word' id='word_1_618' title='bbox 2566 2324 2615 2369; x_wconf 83' lang='lat' dir='ltr'><strong>et</strong></span> <span class='ocrx_word' id='word_1_619' title='bbox 2643 2318 2780 2372; x_wconf 90' lang='lat' dir='ltr'><strong>forte</strong></span> <span class='ocrx_word' id='word_1_620' title='bbox 2806 2333 2965 2373; x_wconf 91' lang='lat' dir='ltr'><strong>nemo</strong></span> <span class='ocrx_word' id='word_1_621' title='bbox 2986 2320 3584 2389; x_wconf 86' lang='lat' dir='ltr'><strong>accipitdefensionem</strong></span> <span class='ocrx_word' id='word_1_622' title='bbox 3609 2331 3753 2379; x_wconf 88' lang='lat' dir='ltr'><strong>tuam.</strong></span> 
     </span>
    </p>
   </div>
   <div class='ocr_carea' id='block_1_82' title="bbox 2161 2401 3748 2481">
    <p class='ocr_par' dir='ltr' id='par_1_82' title="bbox 2161 2401 3748 2481">
     <span class='ocr_line' id='line_1_82' title="bbox 2161 2401 3748 2481; baseline 0.006 -23"><span class='ocrx_word' id='word_1_623' title='bbox 2161 2401 2278 2458; x_wconf 85' lang='lat' dir='ltr'><strong>Jam</strong></span> <span class='ocrx_word' id='word_1_624' title='bbox 2310 2413 2364 2458; x_wconf 88' lang='lat' dir='ltr'><strong>tu</strong></span> <span class='ocrx_word' id='word_1_625' title='bbox 2405 2406 2754 2475; x_wconf 87' lang='lat' dir='ltr'><strong>perturbaris,</strong></span> <span class='ocrx_word' id='word_1_626' title='bbox 2787 2408 2938 2475; x_wconf 86' lang='lat' dir='ltr'><strong>quasi</strong></span> <span class='ocrx_word' id='word_1_627' title='bbox 2984 2409 3280 2479; x_wconf 89' lang='lat' dir='ltr'><strong>perdideris</strong></span> <span class='ocrx_word' id='word_1_628' title='bbox 3329 2426 3560 2468; x_wconf 85' lang='lat' dir='ltr'><strong>causam</strong></span> <span class='ocrx_word' id='word_1_629' title='bbox 3610 2423 3748 2481; x_wconf 86' lang='lat' dir='ltr'><strong>tuam,</strong></span> 
     </span>
    </p>
   </div>
   <div class='ocr_carea' id='block_1_83' title="bbox 2163 2496 3752 2567">
    <p class='ocr_par' dir='ltr' id='par_1_83' title="bbox 2163 2496 3752 2567">
     <span class='ocr_line' id='line_1_83' title="bbox 2163 2496 3752 2567; baseline 0.008 -18"><span class='ocrx_word' id='word_1_630' title='bbox 2163 2496 2286 2567; x_wconf 90' lang='lat' dir='ltr'><strong>quia</strong></span> <span class='ocrx_word' id='word_1_631' title='bbox 2317 2496 2515 2552; x_wconf 90' lang='lat' dir='ltr'><strong>nullius</strong></span> <span class='ocrx_word' id='word_1_632' title='bbox 2546 2498 2709 2553; x_wconf 88' lang='lat' dir='ltr'><strong>babes</strong></span> <span class='ocrx_word' id='word_1_633' title='bbox 2735 2499 3096 2556; x_wconf 88' lang='lat' dir='ltr'><strong>defensionem</strong></span> <span class='ocrx_word' id='word_1_634' title='bbox 3123 2511 3214 2558; x_wconf 92' lang='lat' dir='ltr'><strong>aut</strong></span> <span class='ocrx_word' id='word_1_635' title='bbox 3241 2503 3646 2560; x_wconf 90' lang='lat' dir='ltr'><strong>testimonium.</strong></span> <span class='ocrx_word' id='word_1_636' title='bbox 3672 2504 3752 2565; x_wconf 57' lang='lat' dir='ltr'><strong>Cu.</strong></span> 
     </span>
    </p>
   </div>
   <div class='ocr_carea' id='block_1_84' title="bbox 2164 2587 3751 2667">
    <p class='ocr_par' dir='ltr' id='par_1_84' title="bbox 2164 2587 3751 2667">
     <span class='ocr_line' id='line_1_84' title="bbox 2164 2587 3751 2667; baseline 0.005 -24"><span class='ocrx_word' id='word_1_637' title='bbox 2164 2587 2304 2644; x_wconf 89' lang='lat' dir='ltr'><strong>stodi</strong></span> <span class='ocrx_word' id='word_1_638' title='bbox 2355 2589 2500 2645; x_wconf 90' lang='lat' dir='ltr'><strong>intus</strong></span> <span class='ocrx_word' id='word_1_639' title='bbox 2552 2590 2910 2646; x_wconf 88' lang='lat' dir='ltr'><strong>innocentiam</strong></span> <span class='ocrx_word' id='word_1_640' title='bbox 2961 2601 3126 2659; x_wconf 87' lang='lat' dir='ltr'><strong>tuam,</strong></span> <span class='ocrx_word' id='word_1_641' title='bbox 3163 2593 3254 2649; x_wconf 89' lang='lat' dir='ltr'><strong>ubi</strong></span> <span class='ocrx_word' id='word_1_642' title='bbox 3300 2609 3477 2650; x_wconf 85' lang='lat' dir='ltr'><strong>nemo</strong></span> <span class='ocrx_word' id='word_1_643' title='bbox 3524 2596 3751 2667; x_wconf 87' lang='lat' dir='ltr'><strong>opprimit</strong></span> 
     </span>
    </p>
   </div>
   <div class='ocr_carea' id='block_1_85' title="bbox 2161 2682 3748 2754">
    <p class='ocr_par' dir='ltr' id='par_1_85' title="bbox 2161 2682 3748 2754">
     <span class='ocr_line' id='line_1_85' title="bbox 2161 2682 3748 2754; baseline 0.004 -18"><span class='ocrx_word' id='word_1_644' title='bbox 2161 2694 2379 2737; x_wconf 90' lang='lat' dir='ltr'><strong>causam</strong></span> <span class='ocrx_word' id='word_1_645' title='bbox 2408 2691 2574 2738; x_wconf 89' lang='lat' dir='ltr'><strong>tuam.</strong></span> <span class='ocrx_word' id='word_1_646' title='bbox 2607 2682 2894 2739; x_wconf 87' lang='lat' dir='ltr'><strong>Praevaluit</strong></span> <span class='ocrx_word' id='word_1_647' title='bbox 2939 2683 2992 2739; x_wconf 88' lang='lat' dir='ltr'><strong>in</strong></span> <span class='ocrx_word' id='word_1_648' title='bbox 3033 2692 3087 2742; x_wconf 88' lang='lat' dir='ltr'><strong>te</strong></span> <span class='ocrx_word' id='word_1_649' title='bbox 3131 2684 3329 2741; x_wconf 89' lang='lat' dir='ltr'><strong>falsum</strong></span> <span class='ocrx_word' id='word_1_650' title='bbox 3377 2687 3748 2754; x_wconf 85' lang='lat' dir='ltr'><strong>testimonium,</strong></span> 
     </span>
    </p>
   </div>
   <div class='ocr_carea' id='block_1_86' title="bbox 2157 2769 3746 2847">
    <p class='ocr_par' dir='ltr' id='par_1_86' title="bbox 2157 2769 3746 2847">
     <span class='ocr_line' id='line_1_86' title="bbox 2157 2769 3746 2847; baseline 0.005 -21"><span class='ocrx_word' id='word_1_651' title='bbox 2157 2769 2262 2827; x_wconf 85' lang='lat' dir='ltr'><strong>sed</strong></span> <span class='ocrx_word' id='word_1_652' title='bbox 2289 2772 2430 2843; x_wconf 91' lang='lat' dir='ltr'><strong>apud</strong></span> <span class='ocrx_word' id='word_1_653' title='bbox 2453 2772 2732 2830; x_wconf 87' lang='lat' dir='ltr'><strong>homines:</strong></span> <span class='ocrx_word' id='word_1_654' title='bbox 2769 2775 3024 2846; x_wconf 89' lang='lat' dir='ltr'><strong>numquid</strong></span> <span class='ocrx_word' id='word_1_655' title='bbox 3052 2776 3193 2847; x_wconf 90' lang='lat' dir='ltr'><strong>apud</strong></span> <span class='ocrx_word' id='word_1_656' title='bbox 3225 2776 3404 2834; x_wconf 89' lang='lat' dir='ltr'><strong>Deum</strong></span> <span class='ocrx_word' id='word_1_657' title='bbox 3438 2779 3654 2845; x_wconf 83' lang='lat' dir='ltr'><strong>valebit,</strong></span> <span class='ocrx_word' id='word_1_658' title='bbox 3675 2779 3746 2834; x_wconf 85' lang='lat' dir='ltr'><strong>ubi</strong></span> 
     </span>
    </p>
   </div>
   <div class='ocr_carea' id='block_1_87' title="bbox 2162 2866 3744 2940">
    <p class='ocr_par' dir='ltr' id='par_1_87' title="bbox 2162 2866 3744 2940">
     <span class='ocr_line' id='line_1_87' title="bbox 2162 2866 3744 2940; baseline 0.004 -19"><span class='ocrx_word' id='word_1_659' title='bbox 2162 2880 2322 2921; x_wconf 80' lang='lat' dir='ltr'><strong>causa</strong></span> <span class='ocrx_word' id='word_1_660' title='bbox 2345 2874 2431 2921; x_wconf 91' lang='lat' dir='ltr'><strong>tua</strong></span> <span class='ocrx_word' id='word_1_661' title='bbox 2457 2866 2682 2922; x_wconf 85' lang='lat' dir='ltr'><strong>dicenda</strong></span> <span class='ocrx_word' id='word_1_662' title='bbox 2712 2869 2832 2924; x_wconf 88' lang='lat' dir='ltr'><strong>est?</strong></span> <span class='ocrx_word' id='word_1_663' title='bbox 2856 2868 3083 2937; x_wconf 89' lang='lat' dir='ltr'><strong>Quando</strong></span> <span class='ocrx_word' id='word_1_664' title='bbox 3112 2870 3252 2926; x_wconf 88' lang='lat' dir='ltr'><strong>Deus</strong></span> <span class='ocrx_word' id='word_1_665' title='bbox 3271 2870 3454 2940; x_wconf 80' lang='lat' dir='ltr'><strong>judex</strong></span> <span class='ocrx_word' id='word_1_666' title='bbox 3485 2873 3607 2935; x_wconf 87' lang='lat' dir='ltr'><strong>erit,</strong></span> <span class='ocrx_word' id='word_1_667' title='bbox 3631 2870 3744 2927; x_wconf 77' lang='lat' dir='ltr'><strong>alios</strong></span> 
     </span>
    </p>
   </div>
   <div class='ocr_carea' id='block_1_88' title="bbox 2161 2958 3743 3033">
    <p class='ocr_par' dir='ltr' id='par_1_88' title="bbox 2161 2958 3743 3033">
     <span class='ocr_line' id='line_1_88' title="bbox 2161 2958 3743 3033; baseline 0.003 -19"><span class='ocrx_word' id='word_1_668' title='bbox 2161 2958 2316 3014; x_wconf 89' lang='lat' dir='ltr'><strong>testis</strong></span> <span class='ocrx_word' id='word_1_669' title='bbox 2347 2974 2508 3030; x_wconf 90' lang='lat' dir='ltr'><strong>quam</strong></span> <span class='ocrx_word' id='word_1_670' title='bbox 2545 2961 2871 3015; x_wconf 88' lang='lat' dir='ltr'><strong>conscientia</strong></span> <span class='ocrx_word' id='word_1_671' title='bbox 2907 2968 2995 3016; x_wconf 91' lang='lat' dir='ltr'><strong>tua</strong></span> <span class='ocrx_word' id='word_1_672' title='bbox 3037 2977 3142 3017; x_wconf 91' lang='lat' dir='ltr'><strong>non</strong></span> <span class='ocrx_word' id='word_1_673' title='bbox 3174 2962 3300 3018; x_wconf 91' lang='lat' dir='ltr'><strong>erit.</strong></span> <span class='ocrx_word' id='word_1_674' title='bbox 3337 2961 3496 3020; x_wconf 81' lang='lat' dir='ltr'><strong>Inter</strong></span> <span class='ocrx_word' id='word_1_675' title='bbox 3532 2961 3743 3033; x_wconf 87' lang='lat' dir='ltr'><strong>judicem</strong></span> 
     </span>
    </p>
   </div>
   <div class='ocr_carea' id='block_1_89' title="bbox 2156 3046 3741 3119">
    <p class='ocr_par' dir='ltr' id='par_1_89' title="bbox 2156 3046 3741 3119">
     <span class='ocr_line' id='line_1_89' title="bbox 2156 3046 3741 3119; baseline 0.005 -17"><span class='ocrx_word' id='word_1_676' title='bbox 2156 3046 2361 3119; x_wconf 89' lang='lat' dir='ltr'><strong>justum</strong></span> <span class='ocrx_word' id='word_1_677' title='bbox 2383 3058 2434 3104; x_wconf 91' lang='lat' dir='ltr'><strong>et</strong></span> <span class='ocrx_word' id='word_1_678' title='bbox 2460 3050 2842 3106; x_wconf 90' lang='lat' dir='ltr'><strong>conscientiam</strong></span> <span class='ocrx_word' id='word_1_679' title='bbox 2884 3061 3030 3108; x_wconf 91' lang='lat' dir='ltr'><strong>tuam</strong></span> <span class='ocrx_word' id='word_1_680' title='bbox 3052 3053 3160 3108; x_wconf 90' lang='lat' dir='ltr'><strong>noli</strong></span> <span class='ocrx_word' id='word_1_681' title='bbox 3195 3054 3393 3111; x_wconf 90' lang='lat' dir='ltr'><strong>timere</strong></span> <span class='ocrx_word' id='word_1_682' title='bbox 3422 3054 3530 3110; x_wconf 91' lang='lat' dir='ltr'><strong>nisi</strong></span> <span class='ocrx_word' id='word_1_683' title='bbox 3553 3068 3741 3110; x_wconf 84' lang='lat' dir='ltr'><strong>causam</strong></span> 
     </span>
    </p>
   </div>
   <div class='ocr_carea' id='block_1_90' title="bbox 2163 3141 3742 3212">
    <p class='ocr_par' dir='ltr' id='par_1_90' title="bbox 2163 3141 3742 3212">
     <span class='ocr_line' id='line_1_90' title="bbox 2163 3141 3742 3212; baseline 0.004 -16"><span class='ocrx_word' id='word_1_684' title='bbox 2163 3147 2309 3196; x_wconf 89' lang='lat' dir='ltr'><strong>tuam</strong></span> <span class='ocrx_word' id='word_1_685' title='bbox 2344 3159 2358 3196; x_wconf 92' lang='lat'><strong>:</strong></span> <span class='ocrx_word' id='word_1_686' title='bbox 2389 3141 2433 3196; x_wconf 94' lang='lat' dir='ltr'><strong>si</strong></span> <span class='ocrx_word' id='word_1_687' title='bbox 2462 3157 2676 3197; x_wconf 90' lang='lat' dir='ltr'><strong>causam</strong></span> <span class='ocrx_word' id='word_1_688' title='bbox 2706 3143 2898 3198; x_wconf 90' lang='lat' dir='ltr'><strong>malam</strong></span> <span class='ocrx_word' id='word_1_689' title='bbox 2930 3159 3034 3199; x_wconf 90' lang='lat' dir='ltr'><strong>non</strong></span> <span class='ocrx_word' id='word_1_690' title='bbox 3062 3145 3345 3212; x_wconf 88' lang='lat' dir='ltr'><strong>habueris,</strong></span> <span class='ocrx_word' id='word_1_691' title='bbox 3375 3147 3587 3202; x_wconf 86' lang='lat' dir='ltr'><strong>nullum</strong></span> <span class='ocrx_word' id='word_1_692' title='bbox 3617 3161 3742 3202; x_wconf 83' lang='lat' dir='ltr'><strong>accu-</strong></span> 
     </span>
    </p>
   </div>
   <div class='ocr_carea' id='block_1_91' title="bbox 2161 3235 3738 3306">
    <p class='ocr_par' dir='ltr' id='par_1_91' title="bbox 2161 3235 3738 3306">
     <span class='ocr_line' id='line_1_91' title="bbox 2161 3235 3738 3306; baseline 0.004 -18"><span class='ocrx_word' id='word_1_693' title='bbox 2161 3241 2395 3288; x_wconf 88' lang='lat' dir='ltr'><strong>satorem</strong></span> <span class='ocrx_word' id='word_1_694' title='bbox 2439 3235 2806 3301; x_wconf 90' lang='lat' dir='ltr'><strong>pertimesces,</strong></span> <span class='ocrx_word' id='word_1_695' title='bbox 2835 3235 3038 3289; x_wconf 89' lang='lat' dir='ltr'><strong>nullum</strong></span> <span class='ocrx_word' id='word_1_696' title='bbox 3069 3236 3258 3292; x_wconf 87' lang='lat' dir='ltr'><strong>falsum</strong></span> <span class='ocrx_word' id='word_1_697' title='bbox 3291 3247 3498 3296; x_wconf 83' lang='lat' dir='ltr'><strong>testem</strong></span> <span class='ocrx_word' id='word_1_698' title='bbox 3529 3238 3738 3306; x_wconf 76' lang='lat' dir='ltr'><strong>refelles,</strong></span> 
     </span>
    </p>
   </div>
   <div class='ocr_carea' id='block_1_92' title="bbox 2160 3322 3739 3395">
    <p class='ocr_par' dir='ltr' id='par_1_92' title="bbox 2160 3322 3739 3395">
     <span class='ocr_line' id='line_1_92' title="bbox 2160 3322 3739 3395; baseline 0.006 -19"><span class='ocrx_word' id='word_1_699' title='bbox 2160 3322 2368 3378; x_wconf 91' lang='lat' dir='ltr'><strong>nullum</strong></span> <span class='ocrx_word' id='word_1_700' title='bbox 2401 3339 2583 3378; x_wconf 81' lang='lat' dir='ltr'><strong>verum</strong></span> <span class='ocrx_word' id='word_1_701' title='bbox 2612 3325 2872 3395; x_wconf 78' lang='lat' dir='ltr'><strong>requires.</strong></span> <span class='ocrx_word' id='word_1_702' title='bbox 2901 3325 2981 3380; x_wconf 92' lang='lat' dir='ltr'><strong>Tu</strong></span> <span class='ocrx_word' id='word_1_703' title='bbox 3021 3335 3222 3383; x_wconf 90' lang='lat' dir='ltr'><strong>tantum</strong></span> <span class='ocrx_word' id='word_1_704' title='bbox 3253 3327 3460 3385; x_wconf 85' lang='lat' dir='ltr'><strong>bonam</strong></span> <span class='ocrx_word' id='word_1_705' title='bbox 3488 3331 3739 3386; x_wconf 66' lang='lat' dir='ltr'><strong>consciam</strong></span> 
     </span>
    </p>
   </div>
   <div class='ocr_carea' id='block_1_93' title="bbox 2162 3413 3734 3489">
    <p class='ocr_par' dir='ltr' id='par_1_93' title="bbox 2162 3413 3734 3489">
     <span class='ocr_line' id='line_1_93' title="bbox 2162 3413 3734 3489; baseline 0.006 -22"><span class='ocrx_word' id='word_1_706' title='bbox 2162 3414 2289 3468; x_wconf 90' lang='lat' dir='ltr'><strong>tiam</strong></span> <span class='ocrx_word' id='word_1_707' title='bbox 2321 3413 2476 3481; x_wconf 85' lang='lat' dir='ltr'><strong>all&#39;er,</strong></span> <span class='ocrx_word' id='word_1_708' title='bbox 2507 3422 2565 3469; x_wconf 91' lang='lat' dir='ltr'><strong>ut</strong></span> <span class='ocrx_word' id='word_1_709' title='bbox 2598 3415 2771 3486; x_wconf 86' lang='lat' dir='ltr'><strong>possis</strong></span> <span class='ocrx_word' id='word_1_710' title='bbox 2799 3415 2980 3472; x_wconf 90' lang='lat' dir='ltr'><strong>dicere</strong></span> <span class='ocrx_word' id='word_1_711' title='bbox 3010 3435 3025 3473; x_wconf 92' lang='lat'><strong>:</strong></span> <span class='ocrx_word' id='word_1_712' title='bbox 3057 3417 3310 3486; x_wconf 84' lang='lat' dir='ltr'><strong>Quoniam</strong></span> <span class='ocrx_word' id='word_1_713' title='bbox 3341 3422 3398 3478; x_wconf 85' lang='lat' dir='ltr'><strong>in</strong></span> <span class='ocrx_word' id='word_1_714' title='bbox 3424 3431 3492 3489; x_wconf 87' lang='lat' dir='ltr'><strong>te,</strong></span> <span class='ocrx_word' id='word_1_715' title='bbox 3525 3421 3734 3485; x_wconf 82' lang='lat' dir='ltr'><strong>Domine.</strong></span> 
     </span>
    </p>
   </div>
   <div class='ocr_carea' id='block_1_94' title="bbox 2159 3505 3396 3577">
    <p class='ocr_par' dir='ltr' id='par_1_94' title="bbox 2159 3505 3396 3577">
     <span class='ocr_line' id='line_1_94' title="bbox 2159 3505 3396 3577; baseline 0.009 -22"><span class='ocrx_word' id='word_1_716' title='bbox 2159 3505 2390 3574; x_wconf 84' lang='lat' dir='ltr'><strong>speravi;</strong></span> <span class='ocrx_word' id='word_1_717' title='bbox 2418 3513 2471 3556; x_wconf 88' lang='lat' dir='ltr'><strong>tu</strong></span> <span class='ocrx_word' id='word_1_718' title='bbox 2497 3505 2754 3572; x_wconf 75' lang='lat' dir='ltr'><strong>exaudies,</strong></span> <span class='ocrx_word' id='word_1_719' title='bbox 2780 3505 3019 3577; x_wconf 88' lang='lat' dir='ltr'><strong>Domine,</strong></span> <span class='ocrx_word' id='word_1_720' title='bbox 3051 3506 3189 3565; x_wconf 87' lang='lat' dir='ltr'><strong>Deus</strong></span> <span class='ocrx_word' id='word_1_721' title='bbox 3226 3528 3396 3568; x_wconf 86' lang='lat' dir='ltr'><strong>meus.</strong></span> 
     </span>
    </p>
   </div>
   <div class='ocr_carea' id='block_1_95' title="bbox 2230 3592 3734 3671">
    <p class='ocr_par' dir='ltr' id='par_1_95' title="bbox 2230 3592 3734 3671">
     <span class='ocr_line' id='line_1_95' title="bbox 2230 3592 3734 3671; baseline 0.007 -25"><span class='ocrx_word' id='word_1_722' title='bbox 2230 3592 2320 3647; x_wconf 74' lang='lat'><strong>2‘2.</strong></span> <span class='ocrx_word' id='word_1_723' title='bbox 2351 3592 2500 3666; x_wconf 86' lang='lat' dir='ltr'><strong>[vers.</strong></span> <span class='ocrx_word' id='word_1_724' title='bbox 2535 3594 2646 3669; x_wconf 88' lang='lat'><strong>17.]</strong></span> <span class='ocrx_word' id='word_1_725' title='bbox 2692 3596 2826 3664; x_wconf 89' lang='lat' dir='ltr'><strong>Quia</strong></span> <span class='ocrx_word' id='word_1_726' title='bbox 2867 3597 2976 3654; x_wconf 75' lang='lat' dir='ltr'><strong>dixi</strong></span> <span class='ocrx_word' id='word_1_727' title='bbox 3007 3615 3028 3654; x_wconf 91' lang='lat'><strong>:</strong></span> <span class='ocrx_word' id='word_1_728' title='bbox 3059 3599 3352 3671; x_wconf 81' lang='lat' dir='ltr'><strong>Nequando</strong></span> <span class='ocrx_word' id='word_1_729' title='bbox 3396 3605 3635 3660; x_wconf 85' lang='lat' dir='ltr'><strong>insultent</strong></span> <span class='ocrx_word' id='word_1_730' title='bbox 3656 3605 3670 3636; x_wconf 79' lang='grc'><strong>⁸</strong></span> <span class='ocrx_word' id='word_1_731' title='bbox 3691 3604 3734 3657; x_wconf 85' lang='lat' dir='ltr'><strong>in</strong></span> 
     </span>
    </p>
   </div>
   <div class='ocr_carea' id='block_1_96' title="bbox 2159 3686 3733 3766">
    <p class='ocr_par' dir='ltr' id='par_1_96' title="bbox 2159 3686 3733 3766">
     <span class='ocr_line' id='line_1_96' title="bbox 2159 3686 3733 3766; baseline 0.006 -27"><span class='ocrx_word' id='word_1_732' title='bbox 2159 3699 2240 3740; x_wconf 89' lang='lat' dir='ltr'><strong>me</strong></span> <span class='ocrx_word' id='word_1_733' title='bbox 2268 3686 2460 3740; x_wconf 87' lang='lat' dir='ltr'><strong>inimici</strong></span> <span class='ocrx_word' id='word_1_734' title='bbox 2486 3687 2613 3751; x_wconf 86' lang='lat' dir='ltr'><strong>mei,</strong></span> <span class='ocrx_word' id='word_1_735' title='bbox 2636 3697 2681 3742; x_wconf 92' lang='lat' dir='ltr'><strong>et</strong></span> <span class='ocrx_word' id='word_1_736' title='bbox 2709 3688 2831 3743; x_wconf 89' lang='lat' dir='ltr'><strong>dum</strong></span> <span class='ocrx_word' id='word_1_737' title='bbox 2856 3702 3229 3748; x_wconf 83' lang='lat' dir='ltr'><strong>commoventur</strong></span> <span class='ocrx_word' id='word_1_738' title='bbox 3261 3695 3424 3766; x_wconf 84' lang='lat' dir='ltr'><strong>pedes</strong></span> <span class='ocrx_word' id='word_1_739' title='bbox 3453 3697 3570 3765; x_wconf 78' lang='lat' dir='ltr'><strong>mei,</strong></span> <span class='ocrx_word' id='word_1_740' title='bbox 3592 3697 3640 3751; x_wconf 87' lang='lat' dir='ltr'><strong>in</strong></span> <span class='ocrx_word' id='word_1_741' title='bbox 3667 3710 3733 3749; x_wconf 84' lang='lat' dir='ltr'><strong>me</strong></span> 
     </span>
    </p>
   </div>
   <div class='ocr_carea' id='block_1_97' title="bbox 2158 3776 3728 3846">
    <p class='ocr_par' dir='ltr' id='par_1_97' title="bbox 2158 3776 3728 3846">
     <span class='ocr_line' id='line_1_97' title="bbox 2158 3776 3728 3846; baseline 0.01 -18"><span class='ocrx_word' id='word_1_742' title='bbox 2158 3791 2344 3846; x_wconf 86' lang='lat' dir='ltr'><strong>magna</strong></span> <span class='ocrx_word' id='word_1_743' title='bbox 2375 3776 2529 3831; x_wconf 85' lang='lat' dir='ltr'><strong>locuti</strong></span> <span class='ocrx_word' id='word_1_744' title='bbox 2557 3790 2695 3833; x_wconf 86' lang='lat' dir='ltr'><strong>sunt.</strong></span> <span class='ocrx_word' id='word_1_745' title='bbox 2731 3779 2923 3836; x_wconf 88' lang='lat' dir='ltr'><strong>lterum</strong></span> <span class='ocrx_word' id='word_1_746' title='bbox 2954 3783 3091 3838; x_wconf 87' lang='lat' dir='ltr'><strong>redit</strong></span> <span class='ocrx_word' id='word_1_747' title='bbox 3118 3784 3185 3839; x_wconf 92' lang='lat' dir='ltr'><strong>ad</strong></span> <span class='ocrx_word' id='word_1_748' title='bbox 3221 3786 3590 3844; x_wconf 72' lang='lat' dir='ltr'><strong>infirmitatem</strong></span> <span class='ocrx_word' id='word_1_749' title='bbox 3623 3802 3728 3844; x_wconf 89' lang='lat' dir='ltr'><strong>cor-</strong></span> 
     </span>
    </p>
   </div>
   <div class='ocr_carea' id='block_1_98' title="bbox 2161 3869 3728 3951">
    <p class='ocr_par' dir='ltr' id='par_1_98' title="bbox 2161 3869 3728 3951">
     <span class='ocr_line' id='line_1_98' title="bbox 2161 3869 3728 3951; baseline 0.008 -30"><span class='ocrx_word' id='word_1_750' title='bbox 2161 3869 2306 3938; x_wconf 89' lang='lat' dir='ltr'><strong>poris</strong></span> <span class='ocrx_word' id='word_1_751' title='bbox 2332 3869 2435 3932; x_wconf 93' lang='lat' dir='ltr'><strong>sui,</strong></span> <span class='ocrx_word' id='word_1_752' title='bbox 2467 3877 2521 3925; x_wconf 91' lang='lat' dir='ltr'><strong>ct</strong></span> <span class='ocrx_word' id='word_1_753' title='bbox 2543 3886 2729 3926; x_wconf 90' lang='lat' dir='ltr'><strong>rursus</strong></span> <span class='ocrx_word' id='word_1_754' title='bbox 2766 3883 2926 3942; x_wconf 90' lang='lat' dir='ltr'><strong>caput</strong></span> <span class='ocrx_word' id='word_1_755' title='bbox 2963 3875 3090 3930; x_wconf 88' lang='lat' dir='ltr'><strong>illud</strong></span> <span class='ocrx_word' id='word_1_756' title='bbox 3122 3878 3357 3935; x_wconf 90' lang='lat' dir='ltr'><strong>attendit</strong></span> <span class='ocrx_word' id='word_1_757' title='bbox 3381 3881 3550 3951; x_wconf 87' lang='lat' dir='ltr'><strong>pedes</strong></span> <span class='ocrx_word' id='word_1_758' title='bbox 3575 3893 3689 3936; x_wconf 89' lang='lat' dir='ltr'><strong>suos</strong></span> <span class='ocrx_word' id='word_1_759' title='bbox 3715 3897 3728 3934; x_wconf 93' lang='lat'><strong>:</strong></span> 
     </span>
    </p>
   </div>
   <div class='ocr_carea' id='block_1_99' title="bbox 2166 3959 3725 4038">
    <p class='ocr_par' dir='ltr' id='par_1_99' title="bbox 2166 3959 3725 4038">
     <span class='ocr_line' id='line_1_99' title="bbox 2166 3959 3725 4038; baseline 0.008 -26"><span class='ocrx_word' id='word_1_760' title='bbox 2166 3972 2273 4013; x_wconf 92' lang='lat' dir='ltr'><strong>non</strong></span> <span class='ocrx_word' id='word_1_761' title='bbox 2303 3959 2382 4014; x_wconf 89' lang='lat' dir='ltr'><strong>sic</strong></span> <span class='ocrx_word' id='word_1_762' title='bbox 2407 3969 2490 4014; x_wconf 91' lang='lat' dir='ltr'><strong>est</strong></span> <span class='ocrx_word' id='word_1_763' title='bbox 2520 3960 2570 4014; x_wconf 92' lang='lat' dir='ltr'><strong>in</strong></span> <span class='ocrx_word' id='word_1_764' title='bbox 2599 3961 2756 4027; x_wconf 76' lang='lat' dir='ltr'><strong>cmlo,</strong></span> <span class='ocrx_word' id='word_1_765' title='bbox 2787 3972 2844 4018; x_wconf 93' lang='lat' dir='ltr'><strong>ut</strong></span> <span class='ocrx_word' id='word_1_766' title='bbox 2868 3964 3081 4021; x_wconf 88' lang='lat' dir='ltr'><strong>deserat</strong></span> <span class='ocrx_word' id='word_1_767' title='bbox 3119 3969 3260 4038; x_wconf 90' lang='lat' dir='ltr'><strong>quod</strong></span> <span class='ocrx_word' id='word_1_768' title='bbox 3292 3970 3462 4028; x_wconf 88' lang='lat' dir='ltr'><strong>habet</strong></span> <span class='ocrx_word' id='word_1_769' title='bbox 3485 3972 3537 4028; x_wconf 92' lang='lat' dir='ltr'><strong>in</strong></span> <span class='ocrx_word' id='word_1_770' title='bbox 3567 3983 3725 4028; x_wconf 85' lang='lat' dir='ltr'><strong>terra:</strong></span> 
     </span>
    </p>
   </div>
   <div class='ocr_carea' id='block_1_100' title="bbox 2163 4051 3726 4130">
    <p class='ocr_par' dir='ltr' id='par_1_100' title="bbox 2163 4051 3726 4130">
     <span class='ocr_line' id='line_1_100' title="bbox 2163 4051 3726 4130; baseline 0.008 -26"><span class='ocrx_word' id='word_1_771' title='bbox 2163 4051 2393 4105; x_wconf 87' lang='lat' dir='ltr'><strong>attendit</strong></span> <span class='ocrx_word' id='word_1_772' title='bbox 2425 4051 2602 4120; x_wconf 91' lang='lat' dir='ltr'><strong>plane,</strong></span> <span class='ocrx_word' id='word_1_773' title='bbox 2635 4061 2688 4107; x_wconf 90' lang='lat' dir='ltr'><strong>et</strong></span> <span class='ocrx_word' id='word_1_774' title='bbox 2711 4053 2854 4109; x_wconf 91' lang='lat' dir='ltr'><strong>videt</strong></span> <span class='ocrx_word' id='word_1_775' title='bbox 2882 4069 3000 4111; x_wconf 89' lang='lat' dir='ltr'><strong>nos.</strong></span> <span class='ocrx_word' id='word_1_776' title='bbox 3030 4057 3336 4130; x_wconf 80' lang='lat' dir='ltr'><strong>Aliquando</strong></span> <span class='ocrx_word' id='word_1_777' title='bbox 3362 4065 3544 4130; x_wconf 92' lang='lat' dir='ltr'><strong>enim,</strong></span> <span class='ocrx_word' id='word_1_778' title='bbox 3576 4070 3630 4118; x_wconf 93' lang='lat' dir='ltr'><strong>ut</strong></span> <span class='ocrx_word' id='word_1_779' title='bbox 3659 4069 3726 4116; x_wconf 86' lang='lat' dir='ltr'><strong>est</strong></span> 
     </span>
    </p>
   </div>
   <div class='ocr_carea' id='block_1_101' title="bbox 2146 4141 3724 4218">
    <p class='ocr_par' dir='ltr' id='par_1_101' title="bbox 2146 4141 3724 4218">
     <span class='ocr_line' id='line_1_101' title="bbox 2146 4141 3724 4218; baseline 0.007 -22"><span class='ocrx_word' id='word_1_780' title='bbox 2146 4141 2257 4196; x_wconf 69' lang='lat' dir='ltr'><strong>ista</strong></span> <span class='ocrx_word' id='word_1_781' title='bbox 2291 4142 2419 4206; x_wconf 87' lang='lat' dir='ltr'><strong>vita,</strong></span> <span class='ocrx_word' id='word_1_782' title='bbox 2448 4154 2853 4200; x_wconf 88' lang='lat' dir='ltr'><strong>commoventur</strong></span> <span class='ocrx_word' id='word_1_783' title='bbox 2897 4146 3058 4216; x_wconf 86' lang='lat' dir='ltr'><strong>pedes</strong></span> <span class='ocrx_word' id='word_1_784' title='bbox 3108 4153 3298 4218; x_wconf 91' lang='lat' dir='ltr'><strong>nostri,</strong></span> <span class='ocrx_word' id='word_1_785' title='bbox 3337 4165 3395 4211; x_wconf 89' lang='lat' dir='ltr'><strong>et</strong></span> <span class='ocrx_word' id='word_1_786' title='bbox 3425 4154 3659 4210; x_wconf 81' lang='lat' dir='ltr'><strong>labuntur</strong></span> <span class='ocrx_word' id='word_1_787' title='bbox 3679 4151 3724 4207; x_wconf 88' lang='lat' dir='ltr'><strong>in</strong></span> 
     </span>
    </p>
   </div>
   <div class='ocr_carea' id='block_1_102' title="bbox 2158 4231 3724 4317">
    <p class='ocr_par' dir='ltr' id='par_1_102' title="bbox 2158 4231 3724 4317">
     <span class='ocr_line' id='line_1_102' title="bbox 2158 4231 3724 4317; baseline 0.009 -33"><span class='ocrx_word' id='word_1_788' title='bbox 2158 4231 2338 4300; x_wconf 88' lang='lat' dir='ltr'><strong>aliquo</strong></span> <span class='ocrx_word' id='word_1_789' title='bbox 2369 4243 2587 4302; x_wconf 82' lang='lat' dir='ltr'><strong>peccato</strong></span> <span class='ocrx_word' id='word_1_790' title='bbox 2617 4253 2629 4288; x_wconf 90' lang='lat'><strong>:</strong></span> <span class='ocrx_word' id='word_1_791' title='bbox 2663 4235 2732 4291; x_wconf 90' lang='lat' dir='ltr'><strong>ibi</strong></span> <span class='ocrx_word' id='word_1_792' title='bbox 2755 4250 3046 4310; x_wconf 75' lang='lat' dir='ltr'><strong>exsurgunt</strong></span> <span class='ocrx_word' id='word_1_793' title='bbox 3067 4240 3259 4313; x_wconf 70' lang='lat' dir='ltr'><strong>lingua:</strong></span> <span class='ocrx_word' id='word_1_794' title='bbox 3284 4243 3724 4317; x_wconf 73' lang='lat' dir='ltr'><strong>nequissimteini-</strong></span> 
     </span>
    </p>
   </div>
   <div class='ocr_carea' id='block_1_103' title="bbox 2158 4322 3719 4401">
    <p class='ocr_par' dir='ltr' id='par_1_103' title="bbox 2158 4322 3719 4401">
     <span class='ocr_line' id='line_1_103' title="bbox 2158 4322 3719 4401; baseline 0.011 -27"><span class='ocrx_word' id='word_1_795' title='bbox 2158 4322 2441 4379; x_wconf 81' lang='lat' dir='ltr'><strong>micorum.</strong></span> <span class='ocrx_word' id='word_1_796' title='bbox 2474 4324 2608 4380; x_wconf 91' lang='lat' dir='ltr'><strong>llinc</strong></span> <span class='ocrx_word' id='word_1_797' title='bbox 2635 4342 2760 4396; x_wconf 79' lang='lat' dir='ltr'><strong>ergo</strong></span> <span class='ocrx_word' id='word_1_798' title='bbox 2791 4329 3154 4401; x_wconf 83' lang='lat' dir='ltr'><strong>intelligimus,</strong></span> <span class='ocrx_word' id='word_1_799' title='bbox 3178 4335 3342 4392; x_wconf 89' lang='lat' dir='ltr'><strong>etiam</strong></span> <span class='ocrx_word' id='word_1_800' title='bbox 3364 4352 3486 4394; x_wconf 90' lang='lat' dir='ltr'><strong>cum</strong></span> <span class='ocrx_word' id='word_1_801' title='bbox 3508 4337 3719 4393; x_wconf 83' lang='lat' dir='ltr'><strong>tacebant</strong></span> 
     </span>
    </p>
   </div>
   <div class='ocr_carea' id='block_1_104' title="bbox 2157 4409 3717 4498">
    <p class='ocr_par' dir='ltr' id='par_1_104' title="bbox 2157 4409 3717 4498">
     <span class='ocr_line' id='line_1_104' title="bbox 2157 4409 3717 4498; baseline 0.014 -35"><span class='ocrx_word' id='word_1_802' title='bbox 2157 4409 2281 4480; x_wconf 90' lang='lat' dir='ltr'><strong>quid</strong></span> <span class='ocrx_word' id='word_1_803' title='bbox 2312 4412 2638 4482; x_wconf 68' lang='lat' dir='ltr'><strong>quaerebant.</strong></span> <span class='ocrx_word' id='word_1_804' title='bbox 2661 4415 2978 4486; x_wconf 88' lang='lat' dir='ltr'><strong>Loquuntur</strong></span> <span class='ocrx_word' id='word_1_805' title='bbox 2995 4430 3120 4478; x_wconf 91' lang='lat' dir='ltr'><strong>tunc</strong></span> <span class='ocrx_word' id='word_1_806' title='bbox 3137 4438 3326 4496; x_wconf 87' lang='lat' dir='ltr'><strong>aspere</strong></span> <span class='ocrx_word' id='word_1_807' title='bbox 3343 4427 3592 4492; x_wconf 72' lang='lat' dir='ltr'><strong>immites,</strong></span> <span class='ocrx_word' id='word_1_808' title='bbox 3605 4439 3717 4498; x_wconf 74' lang='lat' dir='ltr'><strong>gall-</strong></span> 
     </span>
    </p>
   </div>
   <div class='ocr_carea' id='block_1_105' title="bbox 2157 4501 3714 4578">
    <p class='ocr_par' dir='ltr' id='par_1_105' title="bbox 2157 4501 3714 4578">
     <span class='ocr_line' id='line_1_105' title="bbox 2157 4501 3714 4578; baseline 0.008 -23"><span class='ocrx_word' id='word_1_809' title='bbox 2157 4501 2345 4556; x_wconf 88' lang='lat' dir='ltr'><strong>dentes</strong></span> <span class='ocrx_word' id='word_1_810' title='bbox 2375 4506 2394 4534; x_wconf 82' lang='lat'>&quot;</span> <span class='ocrx_word' id='word_1_811' title='bbox 2419 4519 2476 4557; x_wconf 92' lang='lat' dir='ltr'><strong>se</strong></span> <span class='ocrx_word' id='word_1_812' title='bbox 2506 4505 2773 4562; x_wconf 86' lang='lat' dir='ltr'><strong>invenisse</strong></span> <span class='ocrx_word' id='word_1_813' title='bbox 2799 4509 2938 4578; x_wconf 87' lang='lat' dir='ltr'><strong>quod</strong></span> <span class='ocrx_word' id='word_1_814' title='bbox 2965 4510 3149 4569; x_wconf 89' lang='lat' dir='ltr'><strong>dolere</strong></span> <span class='ocrx_word' id='word_1_815' title='bbox 3169 4515 3496 4575; x_wconf 87' lang='lat' dir='ltr'><strong>debuerunt.</strong></span> <span class='ocrx_word' id='word_1_816' title='bbox 3516 4518 3577 4573; x_wconf 83' lang='lat' dir='ltr'><strong>Et</strong></span> <span class='ocrx_word' id='word_1_817' title='bbox 3589 4515 3684 4570; x_wconf 73' lang='lat' dir='ltr'><strong>diri</strong></span> <span class='ocrx_word' id='word_1_818' title='bbox 3695 4528 3714 4568; x_wconf 88' lang='lat'><strong>:</strong></span> 
     </span>
    </p>
   </div>
   <div class='ocr_carea' id='block_1_106' title="bbox 2158 4590 3714 4673">
    <p class='ocr_par' dir='ltr' id='par_1_106' title="bbox 2158 4590 3714 4673">
     <span class='ocr_line' id='line_1_106' title="bbox 2158 4590 3714 4673; baseline 0.01 -27"><span class='ocrx_word' id='word_1_819' title='bbox 2158 4590 2242 4647; x_wconf 87' lang='lat' dir='ltr'><strong>Ne</strong></span> <span class='ocrx_word' id='word_1_820' title='bbox 2270 4595 2542 4664; x_wconf 89' lang='lat' dir='ltr'><strong>aliquando</strong></span> <span class='ocrx_word' id='word_1_821' title='bbox 2573 4597 2812 4654; x_wconf 87' lang='lat' dir='ltr'><strong>insultent</strong></span> <span class='ocrx_word' id='word_1_822' title='bbox 2839 4600 2892 4654; x_wconf 90' lang='lat' dir='ltr'><strong>in</strong></span> <span class='ocrx_word' id='word_1_823' title='bbox 2921 4619 3001 4657; x_wconf 90' lang='lat' dir='ltr'><strong>me</strong></span> <span class='ocrx_word' id='word_1_824' title='bbox 3027 4603 3220 4662; x_wconf 85' lang='lat' dir='ltr'><strong>inimici</strong></span> <span class='ocrx_word' id='word_1_825' title='bbox 3251 4610 3370 4665; x_wconf 83' lang='lat' dir='ltr'><strong>mei.</strong></span> <span class='ocrx_word' id='word_1_826' title='bbox 3400 4610 3519 4666; x_wconf 79' lang='lat' dir='ltr'><strong>Dixi</strong></span> <span class='ocrx_word' id='word_1_827' title='bbox 3543 4610 3651 4673; x_wconf 85' lang='lat' dir='ltr'><strong>hoc,</strong></span> <span class='ocrx_word' id='word_1_828' title='bbox 3670 4612 3714 4662; x_wconf 87' lang='lat' dir='ltr'><strong>et</strong></span> 
     </span>
    </p>
   </div>
   <div class='ocr_carea' id='block_1_107' title="bbox 2158 4685 3708 4775">
    <p class='ocr_par' dir='ltr' id='par_1_107' title="bbox 2158 4685 3708 4775">
     <span class='ocr_line' id='line_1_107' title="bbox 2158 4685 3708 4775; baseline 0.009 -35"><span class='ocrx_word' id='word_1_829' title='bbox 2158 4692 2338 4742; x_wconf 79' lang='lat' dir='ltr'><strong>tamen</strong></span> <span class='ocrx_word' id='word_1_830' title='bbox 2362 4685 2497 4742; x_wconf 87' lang='lat' dir='ltr'><strong>forte</strong></span> <span class='ocrx_word' id='word_1_831' title='bbox 2523 4689 2588 4742; x_wconf 91' lang='lat' dir='ltr'><strong>ad</strong></span> <span class='ocrx_word' id='word_1_832' title='bbox 2611 4691 3039 4751; x_wconf 85' lang='lat' dir='ltr'><strong>emendationem</strong></span> <span class='ocrx_word' id='word_1_833' title='bbox 3065 4696 3236 4756; x_wconf 80' lang='lat' dir='ltr'><strong>iecisti</strong></span> <span class='ocrx_word' id='word_1_834' title='bbox 3257 4717 3354 4759; x_wconf 87' lang='lat' dir='ltr'><strong>eos</strong></span> <span class='ocrx_word' id='word_1_835' title='bbox 3377 4718 3561 4775; x_wconf 78' lang='lat' dir='ltr'><strong>magna</strong></span> <span class='ocrx_word' id='word_1_836' title='bbox 3589 4697 3708 4770; x_wconf 86' lang='lat' dir='ltr'><strong>loqui</strong></span> 
     </span>
    </p>
   </div>
   <div class='ocr_carea' id='block_1_108' title="bbox 2155 4776 3706 4858">
    <p class='ocr_par' dir='ltr' id='par_1_108' title="bbox 2155 4776 3706 4858">
     <span class='ocr_line' id='line_1_108' title="bbox 2155 4776 3706 4858; baseline 0.011 -28"><span class='ocrx_word' id='word_1_837' title='bbox 2155 4776 2222 4832; x_wconf 91' lang='lat' dir='ltr'><strong>de</strong></span> <span class='ocrx_word' id='word_1_838' title='bbox 2249 4791 2334 4832; x_wconf 92' lang='lat' dir='ltr'><strong>me</strong></span> <span class='ocrx_word' id='word_1_839' title='bbox 2356 4820 2369 4843; x_wconf 94' lang='lat'><strong>,</strong></span> <span class='ocrx_word' id='word_1_840' title='bbox 2404 4779 2525 4833; x_wconf 82' lang='lat' dir='ltr'><strong>dum</strong></span> <span class='ocrx_word' id='word_1_841' title='bbox 2551 4793 2866 4838; x_wconf 83' lang='lat' dir='ltr'><strong>moverentur</strong></span> <span class='ocrx_word' id='word_1_842' title='bbox 2894 4785 3046 4856; x_wconf 84' lang='lat' dir='ltr'><strong>pedes</strong></span> <span class='ocrx_word' id='word_1_843' title='bbox 3083 4790 3200 4856; x_wconf 89' lang='lat' dir='ltr'><strong>mei,</strong></span> <span class='ocrx_word' id='word_1_844' title='bbox 3231 4791 3286 4850; x_wconf 89' lang='lat' dir='ltr'><strong>id</strong></span> <span class='ocrx_word' id='word_1_845' title='bbox 3311 4803 3395 4852; x_wconf 83' lang='lat' dir='ltr'><strong>est</strong></span> <span class='ocrx_word' id='word_1_846' title='bbox 3425 4792 3549 4850; x_wconf 82' lang='lat' dir='ltr'><strong>elati</strong></span> <span class='ocrx_word' id='word_1_847' title='bbox 3571 4797 3706 4858; x_wconf 86' lang='lat' dir='ltr'><strong>sunt,</strong></span> 
     </span>
    </p>
   </div>
   <div class='ocr_carea' id='block_1_109' title="bbox 2155 4867 3702 4943">
    <p class='ocr_par' dir='ltr' id='par_1_109' title="bbox 2155 4867 3702 4943">
     <span class='ocr_line' id='line_1_109' title="bbox 2155 4867 3702 4943; baseline 0.009 -21"><span class='ocrx_word' id='word_1_848' title='bbox 2155 4867 2320 4922; x_wconf 90' lang='lat' dir='ltr'><strong>multa</strong></span> <span class='ocrx_word' id='word_1_849' title='bbox 2351 4869 2487 4924; x_wconf 84' lang='lat' dir='ltr'><strong>mala</strong></span> <span class='ocrx_word' id='word_1_850' title='bbox 2503 4871 2772 4941; x_wconf 69' lang='lat' dir='ltr'><strong>dixerunt;</strong></span> <span class='ocrx_word' id='word_1_851' title='bbox 2786 4889 2908 4931; x_wconf 91' lang='lat' dir='ltr'><strong>cum</strong></span> <span class='ocrx_word' id='word_1_852' title='bbox 2926 4891 3313 4940; x_wconf 88' lang='lat' dir='ltr'><strong>commoverer.</strong></span> <span class='ocrx_word' id='word_1_853' title='bbox 3333 4885 3565 4943; x_wconf 78' lang='lat' dir='ltr'><strong>Misereri</strong></span> <span class='ocrx_word' id='word_1_854' title='bbox 3587 4883 3702 4938; x_wconf 87' lang='lat' dir='ltr'><strong>enim</strong></span> 
     </span>
    </p>
   </div>
   <div class='ocr_carea' id='block_1_110' title="bbox 2155 4959 3702 5058">
    <p class='ocr_par' dir='ltr' id='par_1_110' title="bbox 2155 4959 3702 5058">
     <span class='ocr_line' id='line_1_110' title="bbox 2155 4959 3702 5058; baseline 0.014 -42"><span class='ocrx_word' id='word_1_855' title='bbox 2155 4959 2456 5017; x_wconf 89' lang='lat' dir='ltr'><strong>debuerunt</strong></span> <span class='ocrx_word' id='word_1_856' title='bbox 2483 4963 2726 5033; x_wconf 79' lang='lat' dir='ltr'><strong>inﬁrmis,</strong></span> <span class='ocrx_word' id='word_1_857' title='bbox 2759 4983 2865 5023; x_wconf 91' lang='lat' dir='ltr'><strong>non</strong></span> <span class='ocrx_word' id='word_1_858' title='bbox 2894 4969 3181 5042; x_wconf 88' lang='lat' dir='ltr'><strong>insultare;</strong></span> <span class='ocrx_word' id='word_1_859' title='bbox 3214 4979 3702 5058; x_wconf 51' lang='lat' dir='ltr'><strong>quomodo&#39;Apole-</strong></span> 
     </span>
    </p>
   </div>
   <div class='ocr_carea' id='block_1_111' title="bbox 2154 5050 3696 5138">
    <p class='ocr_par' dir='ltr' id='par_1_111' title="bbox 2154 5050 3696 5138">
     <span class='ocr_line' id='line_1_111' title="bbox 2154 5050 3696 5138; baseline 0.008 -33"><span class='ocrx_word' id='word_1_860' title='bbox 2154 5050 2238 5106; x_wconf 90' lang='lat' dir='ltr'><strong>lus</strong></span> <span class='ocrx_word' id='word_1_861' title='bbox 2273 5051 2400 5108; x_wconf 89' lang='lat' dir='ltr'><strong>dicit</strong></span> <span class='ocrx_word' id='word_1_862' title='bbox 2431 5072 2443 5108; x_wconf 93' lang='lat'><strong>:</strong></span> <span class='ocrx_word' id='word_1_863' title='bbox 2477 5052 2709 5122; x_wconf 85' lang='lat' dir='ltr'><strong>Fratres,</strong></span> <span class='ocrx_word' id='word_1_864' title='bbox 2730 5058 2777 5111; x_wconf 87' lang='lat' dir='ltr'><strong>si</strong></span> <span class='ocrx_word' id='word_1_865' title='bbox 2801 5074 3184 5134; x_wconf 79' lang='lat' dir='ltr'><strong>prteoccupatus</strong></span> <span class='ocrx_word' id='word_1_866' title='bbox 3215 5071 3370 5138; x_wconf 80' lang='lat' dir='ltr'><strong>fuerit</strong></span> <span class='ocrx_word' id='word_1_867' title='bbox 3395 5050 3537 5126; x_wconf 69' lang='lat' dir='ltr'><strong>homo</strong></span> <span class='ocrx_word' id='word_1_868' title='bbox 3553 5067 3600 5121; x_wconf 87' lang='lat' dir='ltr'><strong>in</strong></span> <span class='ocrx_word' id='word_1_869' title='bbox 3618 5065 3696 5119; x_wconf 80' lang='lat' dir='ltr'><strong>ali-</strong></span> 
     </span>
    </p>
   </div>
   <div class='ocr_carea' id='block_1_112' title="bbox 2153 5145 3696 5231">
    <p class='ocr_par' dir='ltr' id='par_1_112' title="bbox 2153 5145 3696 5231">
     <span class='ocr_line' id='line_1_112' title="bbox 2153 5145 3696 5231; baseline 0.013 -36"><span class='ocrx_word' id='word_1_870' title='bbox 2153 5159 2251 5211; x_wconf 89' lang='lat' dir='ltr'><strong>quo</strong></span> <span class='ocrx_word' id='word_1_871' title='bbox 2278 5145 2478 5211; x_wconf 82' lang='lat' dir='ltr'><strong>delicto,</strong></span> <span class='ocrx_word' id='word_1_872' title='bbox 2507 5161 2594 5200; x_wconf 87' lang='lat' dir='ltr'><strong>vos</strong></span> <span class='ocrx_word' id='word_1_873' title='bbox 2613 5151 2701 5216; x_wconf 88' lang='lat' dir='ltr'><strong>qui</strong></span> <span class='ocrx_word' id='word_1_874' title='bbox 2718 5150 3011 5220; x_wconf 84' lang='lat' dir='ltr'><strong>spirituales</strong></span> <span class='ocrx_word' id='word_1_875' title='bbox 3037 5156 3172 5223; x_wconf 87' lang='lat' dir='ltr'><strong>estis,</strong></span> <span class='ocrx_word' id='word_1_876' title='bbox 3195 5158 3426 5216; x_wconf 87' lang='lat' dir='ltr'><strong>instruite</strong></span> <span class='ocrx_word' id='word_1_877' title='bbox 3445 5154 3696 5231; x_wconf 61' lang='lat' dir='ltr'><strong>hujusmwi</strong></span> 
     </span>
    </p>
   </div>
   <div class='ocr_carea' id='block_1_113' title="bbox 2153 5234 3694 5322">
    <p class='ocr_par' dir='ltr' id='par_1_113' title="bbox 2153 5234 3694 5322">
     <span class='ocr_line' id='line_1_113' title="bbox 2153 5234 3694 5322; baseline 0.01 -34"><span class='ocrx_word' id='word_1_878' title='bbox 2153 5234 2208 5288; x_wconf 87' lang='lat' dir='ltr'><strong>in</strong></span> <span class='ocrx_word' id='word_1_879' title='bbox 2236 5236 2416 5305; x_wconf 83' lang='lat' dir='ltr'><strong>spiritu</strong></span> <span class='ocrx_word' id='word_1_880' title='bbox 2447 5241 2868 5297; x_wconf 85' lang='lat' dir='ltr'><strong>mansuetudinis.</strong></span> <span class='ocrx_word' id='word_1_881' title='bbox 2912 5241 2979 5299; x_wconf 88' lang='lat' dir='ltr'><strong>Et</strong></span> <span class='ocrx_word' id='word_1_882' title='bbox 3014 5248 3384 5317; x_wconf 90' lang='lat' dir='ltr'><strong>complectitur</strong></span> <span class='ocrx_word' id='word_1_883' title='bbox 3413 5265 3566 5322; x_wconf 87' lang='lat' dir='ltr'><strong>quare</strong></span> <span class='ocrx_word' id='word_1_884' title='bbox 3593 5247 3694 5302; x_wconf 73' lang='grc' dir='ltr'><strong>εἱπ-</strong></span> 
     </span>
    </p>
   </div>
   <div class='ocr_carea' id='block_1_114' title="bbox 2155 5326 3712 5414">
    <p class='ocr_par' dir='ltr' id='par_1_114' title="bbox 2155 5326 3712 5414">
     <span class='ocr_line' id='line_1_114' title="bbox 2155 5326 3712 5414; baseline 0.012 -37"><span class='ocrx_word' id='word_1_885' title='bbox 2155 5327 2382 5392; x_wconf 87' lang='lat' dir='ltr'><strong>tendens,</strong></span> <span class='ocrx_word' id='word_1_886' title='bbox 2433 5326 2624 5398; x_wconf 89' lang='lat' dir='ltr'><strong>inquit,</strong></span> <span class='ocrx_word' id='word_1_887' title='bbox 2658 5332 2894 5402; x_wconf 86' lang='lat' dir='ltr'><strong>teipsum,</strong></span> <span class='ocrx_word' id='word_1_888' title='bbox 2923 5351 2986 5388; x_wconf 86' lang='lat' dir='ltr'><strong>ne</strong></span> <span class='ocrx_word' id='word_1_889' title='bbox 3013 5346 3057 5390; x_wconf 88' lang='lat' dir='ltr'><strong>et</strong></span> <span class='ocrx_word' id='word_1_890' title='bbox 3089 5347 3144 5392; x_wconf 87' lang='lat' dir='ltr'><strong>tu</strong></span> <span class='ocrx_word' id='word_1_891' title='bbox 3169 5342 3368 5398; x_wconf 79' lang='lat' dir='ltr'><strong>tenter-is</strong></span> <span class='ocrx_word' id='word_1_892' title='bbox 3394 5341 3524 5414; x_wconf 81' lang='lat' dir='ltr'><strong>(Gal.</strong></span> <span class='ocrx_word' id='word_1_893' title='bbox 3547 5353 3607 5400; x_wconf 78' lang='lat' dir='ltr'><strong>Vl.</strong></span> <span class='ocrx_word' id='word_1_894' title='bbox 3635 5335 3712 5404; x_wconf 81' lang='lat' dir='ltr'><strong>l)-.</strong></span> 
     </span>
    </p>
   </div>
   <div class='ocr_carea' id='block_1_115' title="bbox 2152 5413 3712 5501">
    <p class='ocr_par' dir='ltr' id='par_1_115' title="bbox 2152 5413 3712 5501">
     <span class='ocr_line' id='line_1_115' title="bbox 2152 5413 3712 5501; baseline 0.01 -29"><span class='ocrx_word' id='word_1_895' title='bbox 2152 5413 2268 5472; x_wconf 88' lang='lat' dir='ltr'><strong>Non</strong></span> <span class='ocrx_word' id='word_1_896' title='bbox 2299 5428 2451 5474; x_wconf 87' lang='lat' dir='ltr'><strong>erant</strong></span> <span class='ocrx_word' id='word_1_897' title='bbox 2474 5421 2558 5475; x_wconf 91' lang='lat' dir='ltr'><strong>isti</strong></span> <span class='ocrx_word' id='word_1_898' title='bbox 2589 5423 2740 5490; x_wconf 90' lang='lat' dir='ltr'><strong>tales,</strong></span> <span class='ocrx_word' id='word_1_899' title='bbox 2771 5424 2839 5479; x_wconf 90' lang='lat' dir='ltr'><strong>de</strong></span> <span class='ocrx_word' id='word_1_900' title='bbox 2862 5426 3052 5495; x_wconf 88' lang='lat' dir='ltr'><strong>quibus</strong></span> <span class='ocrx_word' id='word_1_901' title='bbox 3079 5429 3240 5501; x_wconf 88' lang='lat' dir='ltr'><strong>dicit,</strong></span> <span class='ocrx_word' id='word_1_902' title='bbox 3271 5432 3341 5489; x_wconf 82' lang='lat' dir='ltr'><strong>Et</strong></span> <span class='ocrx_word' id='word_1_903' title='bbox 3365 5413 3481 5489; x_wconf 84' lang='lat' dir='ltr'><strong>dum</strong></span> <span class='ocrx_word' id='word_1_904' title='bbox 3505 5437 3712 5487; x_wconf 59' lang='lat' dir='ltr'><strong>sommo“</strong></span> 
     </span>
    </p>
   </div>
   <div class='ocr_carea' id='block_1_116' title="bbox 2153 5512 3683 5590">
    <p class='ocr_par' dir='ltr' id='par_1_116' title="bbox 2153 5512 3683 5590">
     <span class='ocr_line' id='line_1_116' title="bbox 2153 5512 3683 5590; baseline 0.014 -29"><span class='ocrx_word' id='word_1_905' title='bbox 2153 5518 2381 5563; x_wconf 81' lang='lat' dir='ltr'><strong>verentur</strong></span> <span class='ocrx_word' id='word_1_906' title='bbox 2399 5512 2551 5582; x_wconf 88' lang='lat' dir='ltr'><strong>pedes</strong></span> <span class='ocrx_word' id='word_1_907' title='bbox 2575 5514 2694 5579; x_wconf 86' lang='lat' dir='ltr'><strong>mei,</strong></span> <span class='ocrx_word' id='word_1_908' title='bbox 2712 5514 2765 5571; x_wconf 86' lang='lat' dir='ltr'><strong>in</strong></span> <span class='ocrx_word' id='word_1_909' title='bbox 2780 5531 2861 5572; x_wconf 87' lang='lat' dir='ltr'><strong>me</strong></span> <span class='ocrx_word' id='word_1_910' title='bbox 2881 5533 3065 5590; x_wconf 88' lang='lat' dir='ltr'><strong>magna</strong></span> <span class='ocrx_word' id='word_1_911' title='bbox 3094 5521 3249 5580; x_wconf 83' lang='lat' dir='ltr'><strong>locuti</strong></span> <span class='ocrx_word' id='word_1_912' title='bbox 3273 5535 3389 5582; x_wconf 86' lang='lat' dir='ltr'><strong>sunt</strong></span> <span class='ocrx_word' id='word_1_913' title='bbox 3415 5542 3436 5582; x_wconf 91' lang='lat'><strong>:</strong></span> <span class='ocrx_word' id='word_1_914' title='bbox 3461 5523 3545 5580; x_wconf 88' lang='lat' dir='ltr'><strong>sed</strong></span> <span class='ocrx_word' id='word_1_915' title='bbox 3565 5523 3683 5576; x_wconf 66' lang='lat' dir='ltr'><strong>eram</strong></span> 
     </span>
    </p>
   </div>
   <div class='ocr_carea' id='block_1_117' title="bbox 2219 5701 3256 5768">
    <p class='ocr_par' dir='ltr' id='par_1_117' title="bbox 2219 5701 3256 5768">
     <span class='ocr_line' id='line_1_117' title="bbox 2219 5701 3256 5768; baseline 0.02 -20"><span class='ocrx_word' id='word_1_916' title='bbox 2219 5701 2236 5768; x_wconf 64' lang='grc' dir='ltr'><strong>ξ</strong></span> <span class='ocrx_word' id='word_1_917' title='bbox 2261 5701 2394 5768; x_wconf 82' lang='lat' dir='ltr'><strong>t‘._olb._</strong></span> <span class='ocrx_word' id='word_1_918' title='bbox 2531 5713 2810 5757; x_wconf 70' lang='lat' dir='ltr'><strong>constanter</strong></span> <span class='ocrx_word' id='word_1_919' title='bbox 2830 5709 2980 5762; x_wconf 85' lang='lat' dir='ltr'><strong>habet</strong></span> <span class='ocrx_word' id='word_1_920' title='bbox 3000 5715 3256 5768; x_wconf 71' lang='lat' dir='ltr'><strong>exsultent.</strong></span> 
     </span>
    </p>
   </div>
   <div class='ocr_carea' id='block_1_118' title="bbox 2215 5763 3673 5846">
    <p class='ocr_par' dir='ltr' id='par_1_118' title="bbox 2215 5763 3673 5846">
     <span class='ocr_line' id='line_1_118' title="bbox 2215 5763 3673 5846; baseline 0.003 0"><span class='ocrx_word' id='word_1_921' title='bbox 2215 5763 2933 5846; x_wconf 29' lang='lat' dir='ltr'><strong>1meisquemiveo.</strong></span> <span class='ocrx_word' id='word_1_922' title='bbox 2955 5763 3313 5846; x_wconf 46' lang='lat' dir='ltr'><strong>adamarat</strong></span> <span class='ocrx_word' id='word_1_923' title='bbox 3326 5768 3673 5846; x_wconf 52' lang='grc' dir='ltr'><strong>ωρενίλπυηίια»</strong></span> 
     </span>
    </p>
   </div>
   <div class='ocr_carea' id='block_1_119' title="bbox 2150 5825 3392 5902">
    <p class='ocr_par' dir='ltr' id='par_1_119' title="bbox 2150 5825 3392 5902">
     <span class='ocr_line' id='line_1_119' title="bbox 2150 5825 3392 5902; baseline 0.018 -30"><span class='ocrx_word' id='word_1_924' title='bbox 2150 5825 2364 5884; x_wconf 80' lang='lat' dir='ltr'><strong>gaudent</strong></span> <span class='ocrx_word' id='word_1_925' title='bbox 2386 5825 2452 5890; x_wconf 67' lang='lat' dir='ltr'><strong>se,</strong></span> <span class='ocrx_word' id='word_1_926' title='bbox 2479 5835 2574 5880; x_wconf 88' lang='lat' dir='ltr'><strong>etc.</strong></span> <span class='ocrx_word' id='word_1_927' title='bbox 2601 5831 2818 5885; x_wconf 78' lang='lat' dir='ltr'><strong>Nonnulli</strong></span> <span class='ocrx_word' id='word_1_928' title='bbox 2835 5825 3392 5902; x_wconf 55' lang='lat' dir='ltr'><strong>uss&#39;.,‘asp¢r&#39;é&#39;bi&quot;niiofé</strong></span> 
     </span>
    </p>
   </div>
   <div class='ocr_carea' id='block_1_120' title="bbox 3613 5722 3894 6385">
    <p class='ocr_par' dir='ltr' id='par_1_120' title="bbox 3613 5722 3890 6381">
     <span class='ocr_line' id='line_1_120' title="bbox 3613 5722 3890 6381; baseline 0.007 -16"><span class='ocrx_word' id='word_1_929' title='bbox 3617 5722 3890 6381; x_wconf 54' lang='grc' dir='ltr'><em>Α</em></span> 
     </span>
    </p>
   </div>
  </div>
