3960 6408
99 382 179 439 ιοθ

76 500 203 556 tales
225 494 287 549 de
308 488 485 562 quibus
510 483 637 540 alibi
661 481 810 549 dicit,
863 477 965 545 Qui
1001 492 1082 532 me
1109 481 1365 548 premunt,
1380 466 1615 526 exsulta-

95 594 191 647 bunt
209 588 248 643 si
268 592 417 638 motus
445 584 583 651 fuero
609 574 779 648 (Psal.
805 588 903 639 xu,
934 570 1013 643 5).

148 681 224 736 23.
250 676 387 751 (vers.
422 672 512 738 18,
546 668 655 743 19.]
688 668 939 735 Quoniam
966 680 1058 736 ego
1083 664 1137 717 in
1162 661 1367 733 ﬂagella
1412 665 1621 729 paratus

93 793 195 833 sum.
222 750 431 827 Omnino
471 764 767 833 magniﬁce,
815 769 1061 829 tanquam
1104 756 1307 811 diceret
1358 772 1373 809 :
1410 752 1490 807 Ad
1520 750 1622 806 hoc

94 880 217 925 natus
238 878 344 920 sum
370 902 386 927 ,
425 869 483 915 ut
509 857 712 929 ﬂagella
741 854 1013 911 snﬂ'eram.
1050 849 1164 906 Non
1196 849 1338 905 enim
1366 859 1623 901 nascere-

94 957 309 1018 tur‘nisi
335 954 399 1009 de
432 951 635 1014 Adam,
679 949 764 1004 cui
808 945 1013 1016 ﬂagella
1044 943 1327 998 debentur.
1369 936 1473 993 Sed
1514 936 1621 991 ali-

91 1048 264 1123 quando
290 1052 588 1116 peccatores
623 1041 676 1095 in
707 1039 807 1093 hac
845 1038 947 1091 vita
979 1044 1070 1090 aut
1104 1049 1211 1088 non
1236 1074 1251 1098 ,
1303 1039 1394 1086 aut
1446 1030 1622 1084 minus

93 1142 406 1213 ﬂagellantnr:
437 1135 561 1205 quia
584 1133 694 1203 jam
724 1131 1004 1201 desperata
1033 1136 1117 1184 est
1156 1125 1380 1181 intentio
1405 1137 1616 1179 eorum.

92 1240 144 1294 At
164 1246 270 1288 vero
296 1230 363 1284 illi
392 1227 584 1299 quibus
622 1232 836 1294 paratur
866 1222 974 1276 vita
1001 1218 1326 1288 sempiterna
1351 1242 1367 1281 ,
1401 1226 1623 1269 necesse

93 1334 224 1383 estut
249 1322 327 1377 hic
348 1317 713 1389 ﬂagellentur;
740 1314 863 1385 quia
898 1326 1022 1368 vera
1063 1319 1148 1366 est
1181 1309 1272 1363 illa
1307 1305 1571 1362 sententia
1606 1321 1620 1357 :

94 1418 189 1484 Fili,
216 1432 271 1471 ne
307 1413 511 1482 deﬁcias
546 1411 600 1464 in
629 1407 898 1479 disciplina
929 1403 1169 1468 Domini,
1214 1416 1372 1472 neque
1399 1396 1624 1469 [aligeris

91 1528 177 1566 cum
198 1509 252 1563 ab
286 1506 371 1560 illo
406 1501 686 1574 increparis
717 1516 737 1555 :
760 1515 909 1570 quem
953 1496 1089 1551 enim
1126 1493 1293 1563 diligit
1334 1489 1621 1555 Dominus,

91 1604 288 1672 corripit;
327 1596 554 1671 ﬂagellat
588 1605 755 1650 autem
801 1607 998 1646 onmem
1041 1589 1205 1660 ﬁlium
1254 1602 1399 1658 quem
1446 1582 1627 1653 recipit

93 1695 235 1767 (Prov.
265 1708 335 1758 ιιι,
368 1692 455 1752 li,
490 1687 607 1760 l2).
652 1685 777 1741 ideo
816 1697 945 1754 ergo
991 1695 1099 1737 non
1143 1677 1396 1735 insultent
1425 1673 1623 1730 inimici

93 1766 187 1849 mei,
215 1799 306 1840 non
338 1795 523 1851 magna
568 1779 855 1849 loquantur
889 1791 903 1829 :
934 1783 989 1829 et
1017 1772 1063 1828 si
1094 1770 1324 1842 ﬂagellat
1352 1782 1439 1823 me
1468 1766 1627 1821 Pater

94 1893 223 1942 meus,
268 1875 316 1929 in
343 1870 550 1944 ﬂagella
583 1877 797 1940 paratus
823 1882 967 1931 sum;
1003 1864 1129 1935 quia
1168 1861 1298 1916 mihi
1339 1857 1625 1914 hazrcditas

94 1979 385 2043 ριτεροιδιιιιιιθ.
418 1965 535 2021 Non
564 1965 649 2019 vis
677 1960 970 2033 ﬂagellum,
1003 1972 1112 2013 non
1142 1955 1235 2011 tibi
1261 1953 1419 2009 datur
1449 1952 1623 2007 haere-

95 2065 215 2121 ditas.
256 2060 433 2118 Omnis
476 2057 625 2114 enim
660 2055 799 2111 ﬁlius
840 2064 1064 2108 necesse
1100 2054 1184 2104 est
1222 2053 1281 2101 ut
1309 2042 1623 2115 ﬂagelletur.

96 2160 236 2230 Usque
270 2156 397 2211 adeo
440 2152 621 2209 omnis
667 2146 985 2219 ﬂagellatur,
1016 2150 1075 2197 ut
1102 2154 1200 2195 nec
1228 2138 1305 2194 illi
1332 2133 1629 2208 pepercerit

97 2254 334 2323 (Bonum
354 2290 368 2313 ,
400 2244 490 2319 52)
524 2244 617 2315 qui
645 2250 921 2314 peccatum
959 2251 1064 2292 non
1096 2233 1278 2290 habuit
1303 2231 1351 2303 (l
1377 2230 1518 2285 Petr.
1545 2244 1623 2295 ιι,

95 2345 178 2416 22).
205 2342 435 2412 Quoniam
455 2354 547 2410 ego
566 2338 623 2391 in
648 2334 854 2407 ﬂagella
882 2339 1092 2402 paratus
1111 2344 1241 2383 sum.

148 2439 220 2494 ει.
251 2435 309 2492 Et
337 2434 481 2488 dolor
509 2446 655 2486 meus
688 2436 805 2482 ante
830 2441 908 2480 me
930 2433 1004 2480 est
1030 2438 1242 2494 semper.
1274 2418 1404 2489 Quis
1428 2417 1582 2473 dolor
1604 2417 1630 2470 ἲ

96 2534 220 2590 Forte
260 2531 321 2586 de
364 2526 591 2599 ﬂagello.
625 2523 694 2578 Et
719 2536 863 2584 vere,
898 2518 1088 2574 fratres
1132 2515 1276 2581 mei,
1304 2527 1430 2569 vere
1454 2511 1629 2567 dicam

99 2626 234 2691 vobis,
264 2621 461 2692 ﬂagella
506 2632 609 2673 sua
634 2615 818 2670 dolent
844 2611 1121 2674 homines;
1165 2620 1329 2676 quare
1360 2603 1632 2673 ﬂagellan-

96 2728 161 2772 tur
176 2732 263 2770 non
286 2714 479 2769 dolent.
503 2710 625 2766 Non
646 2713 761 2761 erat
784 2705 885 2759 iste
904 2703 1000 2757 sic.
1026 2699 1237 2762 Audite,
1268 2697 1461 2752 fratres
1487 2694 1626 2749 mei:

98 2809 246 2865 Nescio
286 2805 397 2877 quis
440 2804 485 2859 si
538 2801 794 2857 damnum
845 2794 1066 2866 patitur,
1109 2788 1396 2861 proclivior
1445 2794 1528 2841 est
1572 2793 1634 2840 ut

99 2901 224 2963 dicat,
246 2897 449 2968 indigne
473 2906 666 2965 passus
692 2903 832 2953 sum,
865 2900 1023 2956 quam
1056 2889 1113 2937 ut
1135 2878 1438 2936 consideret
1465 2892 1632 2947 quare

100 3004 248 3063 passus
290 2989 388 3053 sit;
431 2986 627 3042 dolens
665 2982 916 3041 damnum
964 2974 1243 3046 pecunite,
1286 2984 1394 3024 non
1448 2968 1634 3023 dolens

101 3058 289 3154 institit».
309 3080 360 3136 Si
378 3076 634 3149 peccasti,
648 3073 954 3129 thesaurum
971 3076 1117 3122 tuum
1145 3062 1450 3119 interiorem
1476 3058 1630 3115 dole:

103 3150 204 3228 nihil
228 3171 378 3227 habes
401 3170 451 3225 in
481 3168 671 3230 domo,
698 3161 791 3218 sed
823 3160 959 3215 forte
985 3155 1193 3212 inanior
1217 3168 1277 3209 es
1304 3153 1328 3186 ³
1354 3151 1516 3209 corde
1542 3169 1556 3205 :
1589 3150 1634 3205 si

103 3274 238 3319 autem
271 3262 474 3332 plenum
503 3264 593 3313 est
618 3270 712 3310 cor
733 3253 887 3333 bona
905 3264 1025 3316 suo,
1054 3247 1163 3301 Deo
1188 3253 1307 3310 tuo;
1330 3256 1495 3313 quare
1528 3255 1636 3296 non

101 3354 509 3411 dicis:Dominus
535 3348 714 3413 dedit,
754 3343 1012 3400 Dominus
1052 3339 1297 3402 abstulit;
1343 3336 1481 3392 sicut
1528 3336 1639 3390 Do-

102 3449 215 3502 mino
240 3445 443 3517 placuit,
474 3445 547 3499 ita
576 3439 776 3496 factum
815 3444 930 3499 est;
963 3434 1032 3488 sit
1069 3445 1261 3486 nomen
1298 3427 1509 3484 Domini
1540 3426 1640 3482 be-

106 3540 321 3596 nedictum
372 3537 490 3610 (Job
560 3550 602 3599 ι,
640 3530 773 3601 2i)?
812 3526 967 3584 Unde
994 3540 1120 3596 ergo
1151 3523 1252 3577 iste
1288 3518 1542 3576 dolebat?
1570 3518 1642 3574 de

106 3633 272 3703 ﬂagello
296 3648 395 3701 quo
437 3621 850 3699 ﬂagellabatur?
877 3617 1050 3675 Absit.
1085 3615 1149 3671 Et
1191 3614 1338 3669 dolor
1370 3629 1531 3677 meus,
1559 3612 1641 3666 in—

105 3701 209 3794 quit,
232 3733 336 3779 ante
356 3739 433 3777 me
457 3730 529 3776 est
553 3732 771 3789 semper.
801 3713 868 3768 Et
890 3708 1041 3782 quasi
1071 3707 1391 3770 diceremus,
1411 3704 1531 3774 quis
1546 3701 1648 3758 do-

108 3813 194 3869 lor?
217 3816 339 3872 unde
365 3814 553 3871 dolor?
590 3809 843 3878 Quoniam
870 3802 1182 3873 iniquitatem
1209 3814 1370 3852 meam
1398 3813 1490 3867 ego
1520 3812 1644 3867 pro-

109 3911 262 3977 nuntio,
287 3920 330 3965 et
355 3924 527 3964 curam
568 3918 742 3976 geram
780 3914 871 3971 pro
901 3903 1103 3967 peccato
1146 3908 1276 3947 meo.
1331 3889 1473 3945 Ecce
1506 3887 1647 3944 unde

111 4000 244 4056 dolor.
271 4000 377 4057 Non
404 4000 471 4055 de
498 3994 712 4066 ﬂagello
737 3991 890 4045 dolor
914 4006 927 4042 :
958 3985 1025 4042 de
1040 3984 1283 4049 vulnere,
1310 3997 1417 4037 non
1443 3980 1510 4035 de
1531 3992 1650 4037 mc-

112 4090 265 4149 dicina.
312 4092 438 4149 Nam
488 4087 759 4160 ﬂagellum
808 4081 1256 4138 medicamentum
1315 4084 1399 4131 est
1461 4082 1647 4130 contra

114 4195 304 4253 peccata.
331 4184 542 4248 Audite,
573 4180 766 4235 fratres
797 4194 810 4231 :
839 4170 1115 4230 christiani
1143 4183 1359 4232 sumus;
1387 4173 1442 4223 et
1468 4173 1647 4220 tamen

115 4276 374 4348 plerumque
393 4277 436 4331 si
467 4274 609 4329 tilius
630 4269 942 4341 cujusquam
960 4263 1235 4327 moriatur,
1255 4258 1458 4332 plangit
1478 4256 1647 4320 illum;

118 4368 148 4420 si
180 4373 355 4437 peccet,
388 4383 494 4422 non
537 4364 690 4420 illum
741 4357 957 4430 plangit.
989 4355 1138 4411 Tunc
1178 4352 1473 4423 plangeret,
1528 4357 1655 4403 tunc

120 4456 300 4527 doleret,
328 4475 444 4516 cum
476 4462 786 4527 peccantem
818 4448 1053 4513 videret;
1087 4453 1214 4501 tunc
1237 4442 1450 4498 modum
1482 4440 1654 4509 impo-

121 4560 254 4617 neret,
300 4559 418 4606 tunc
464 4560 708 4605 normam
762 4538 975 4596 vivendi
1018 4537 1268 4601 doceret,
1319 4531 1652 4602 disciplinam

122 4639 279 4699 daret:
307 4651 392 4698 aut
426 4643 472 4697 si
524 4638 679 4701 fecit,
723 4642 779 4691 et
824 4631 914 4687 ille
941 4645 1046 4685 non
1084 4626 1320 4689 audivit,
1371 4632 1498 4680 tunc
1540 4630 1657 4678 erat

126 4734 431 4803 plangendus;
472 4743 597 4788 tunc
646 4727 796 4798 pejus
839 4730 1085 4778 mortuus
1129 4717 1405 4774 luxuriose
1429 4714 1655 4781 vivens,

128 4838 250 4893 quam
267 4825 528 4881 moriendo
566 4821 829 4878 luxuriam
872 4814 1063 4871 liniens
1090 4828 1104 4865 :
1136 4818 1264 4864 tunc
1286 4822 1416 4877 ergo
1444 4805 1658 4877 quando

130 4913 205 4968 ista
230 4917 434 4972 faciebat
460 4916 512 4971 in
547 4914 707 4969 domo
742 4919 860 4975 tua,
905 4920 1011 4960 non
1041 4902 1213 4957 solum
1244 4906 1482 4953 mortuus
1504 4906 1617 4952 erat
1638 4937 1655 4960 ,

129 5008 199 5061 sed
224 5021 265 5064 ct
294 5010 517 5080 patebat.
546 5008 675 5063 Hzrc
714 4999 943 5059 dolenda
990 5004 1134 5060 sunt,
1179 4992 1265 5048 illa
1308 4988 1659 5046 sustinenda:

132 5100 197 5153 illa
225 5101 441 5167 ferenda,
473 5102 571 5155 ista
599 5093 915 5169 plangentia.
940 5083 1248 5156 Plangenda
1269 5091 1447 5138 autem
1480 5122 1493 5145 ,
1525 5093 1661 5149 quo-

134 5191 261 5244 modo
284 5193 490 5247 audistis
516 5190 762 5261 plangere
803 5185 961 5239 istutn
1013 5198 1028 5235 :
1072 5176 1323 5245 Quoniam
1352 5172 1666 5243 iniquitatem

137 5294 267 5332 nteant
292 5299 373 5353 ego
397 5281 683 5353 pronuntio,
721 5286 765 5331 et
788 5288 963 5329 curant
992 5284 1163 5342 geram
1192 5281 1283 5337 pro
1308 5271 1507 5335 peccato
1530 5276 1663 5315 meo.

138 5367 200 5424 Ne
223 5388 421 5429 securus
443 5375 534 5439 sis,
566 5387 684 5427 eum
712 5367 988 5425 confessus
1016 5361 1178 5417 fueris
1204 5365 1475 5430 peccatum
1495 5361 1664 5419 tuum,

141 5469 350 5535 tauquam
376 5481 581 5537 semper
606 5468 931 5535 praeparatus
951 5454 1020 5512 ad
1045 5448 1405 5509 confitendum
1436 5454 1489 5501 et
1513 5459 1668 5501 com-

144 5554 413 5613 mittendum
478 5548 768 5628 peccatum.
830 5550 921 5607 Sic
985 5542 1268 5618 pronuntia
1331 5537 1665 5610 iniquitatem

202 5706 469 5773 ENOdﬁcim
489 5714 613 5767 ms"
634 5708 896 5773 Paw“!-
1148 5754 1330 5773 μμ--.
1384 5750 1433 5773 ι..
1460 5749 1535 5773 ...ι

152 5751 760 5882 ὡῆῇίῆἷὶἆοῖῖὲὀὶἷᾶ
773 5751 980 5830 mare.
1009 5766 1115 5812 Mss.
1148 5754 1361 5815 mea.
1383 5751 1435 5804 ίη
1456 5751 1614 5801 aeno
1630 5751 1677 5798 et

1074 348 1476 417 ENARRATIO
1510 343 1581 403 IN
1616 339 1943 403 PSAIMUM
1982 345 2247 405 XXXV".

3210 354 3318 413 410

1729 469 1898 532 tuam,
1919 473 1980 521 ut
2005 479 2187 522 curam
2209 482 2366 540 geras
2376 480 2475 539 pro
2493 475 2717 539 peccato
2736 475 2849 523 tuo.
2865 467 3002 537 Quid
3013 474 3115 534 est,
3127 481 3313 526 curam

1725 570 1916 628 gerere
1957 572 2053 628 pro
2100 569 2318 629 peccato
2369 560 2504 616 tuo?
2536 559 2728 616 Curam
2755 576 2943 633 gerere
2968 577 3065 632 pro
3090 561 3316 623 vulnere

1728 658 1841 705 tuo.
1867 649 1923 706 Si
1948 650 2178 719 diceres,
2205 650 2399 708 Curam
2430 669 2610 724 geram
2638 669 2736 725 pro
2759 654 2979 711 vulnere
2998 670 3157 723 meo;
3186 654 3314 727 quid

1729 743 2133 814 intelligeretur,
2165 746 2286 813 nisi,
2312 747 2459 803 Dabo
2484 762 2701 817 operam
2724 756 2787 804 ut
2810 749 3067 805 sanetur?
3090 748 3206 807 Hoc
3229 758 3316 808 est

1728 838 1874 895 enim
1901 852 2084 894 curam
2114 854 2301 910 gerere
2325 856 2422 911 pro
2446 841 2662 908 delicto,
2692 857 2905 914 semper
2941 844 3073 911 niti,
3099 858 3320 916 semper

1730 933 2032 1001 intendere,
2056 949 2270 1006 semper
2297 935 2535 992 studiose
2564 945 2619 993 et
2642 935 2831 992 sedulo
2867 952 3027 1009 agere
3055 945 3115 993 ut
3154 951 3316 994 sanes

1728 1035 2030 1098 peccatum.
2080 1027 2218 1083 Ecce
2252 1027 2322 1084 de
2368 1027 2457 1084 die
2495 1028 2548 1083 in
2592 1027 2736 1085 diem
2779 1028 2987 1101 plangis
3034 1039 3316 1102 peccatum

1731 1128 1902 1185 tuum,
1933 1119 2028 1174 sed
2055 1118 2194 1175 forte
2228 1119 2480 1192 iacrymte
2496 1129 2737 1187 currunt,
2769 1130 2824 1176 et
2856 1136 3048 1178 manus
3079 1130 3314 1179 cessant.

1728 1212 1888 1269 Fiant
1915 1212 2271 1286 eleemosyna:
2294 1256 2309 1279 ,
2338 1212 2667 1269 redimantur
2694 1224 2909 1285 peccata
2929 1256 2946 1282 ,
2972 1214 3201 1286 gaudeat
3232 1215 3317 1271 in-
3364 1224 3379 1283 ξ

1729 1306 1915 1375 digens
1940 1304 2007 1361 de
2029 1305 2154 1361 dato
2183 1313 2297 1371 tuo,
2336 1315 2396 1360 ut
2431 1313 2488 1361 et
2532 1313 2588 1361 tu
2636 1304 2869 1377 gaudeas
2908 1306 2977 1362 de
3025 1306 3152 1363 dato
3192 1306 3312 1364 Del.

1730 1397 1864 1469 Eget
1895 1397 1987 1454 ille
2006 1440 2021 1465 ,
2053 1411 2179 1468 eges
2207 1406 2261 1452 et
2290 1406 2346 1452 tu
2376 1415 2388 1451 :
2418 1405 2539 1468 eget
2567 1396 2656 1453 ille
2685 1396 2752 1452 ad
2783 1405 2836 1453 te
2855 1437 2871 1463 ,
2901 1411 3029 1468 eges
3058 1406 3113 1454 et
3155 1406 3214 1454 tu
3244 1398 3315 1454 ad

1730 1492 1899 1547 Deum
1930 1492 1971 1544 ί.
2010 1491 2090 1547 Tu
2121 1491 2419 1548 contemnis
2462 1498 2707 1562 egentem
2760 1490 2878 1559 tui,
2928 1490 3071 1546 Deus
3116 1504 3224 1546 non
3262 1499 3316 1547 te

1729 1594 2035 1642 contemnet
2058 1594 2301 1657 egentem
2326 1584 2453 1640 sui?
2480 1585 2619 1656 Ergo
2644 1584 2866 1655 impleto
2906 1593 2965 1639 tu
2999 1585 3202 1655 egentis
3230 1582 3317 1639 in-

1730 1678 1929 1749 opiam,
1958 1686 2015 1733 ut
2043 1678 2260 1749 impleat
2289 1678 2430 1733 Deus
2458 1678 2708 1733 interiora
2731 1684 2840 1732 tua.
2870 1676 2982 1732 Hoc
3010 1685 3113 1743 est,
3131 1674 3320 1730 Curam

1730 1785 1903 1842 geram
1924 1786 2015 1839 pro
2041 1779 2244 1841 peccato
2266 1786 2398 1833 meo,
2422 1768 2609 1825 faciam
2637 1768 2817 1824 omnia
2850 1781 3201 1839 quaecumque
3239 1766 3320 1822 fa-

1732 1861 1919 1918 cienda
1960 1871 2106 1931 sunt,
2153 1861 2220 1917 ad
2250 1861 2569 1918 abolendum
2614 1869 2669 1916 et
2706 1860 3003 1916 sanandum
3040 1870 3317 1931 peccatum

1731 1969 1931 2010 meum.
1952 1954 2019 2008 Et
2045 1971 2218 2008 curam
2247 1970 2418 2026 geram
2440 1970 2533 2026 pro
2552 1960 2756 2025 peccato
2783 1967 2915 2006 meo.

1801 2047 1893 2103 25.
1925 2046 2075 2120 [uers.
2105 2045 2227 2121 20.]
2256 2046 2463 2101 Inimici
2504 2055 2673 2099 autent
2698 2044 2795 2099 mei
2821 2044 3013 2099 uiuunt.
3052 2042 3198 2100 Bene
3235 2051 3320 2101 est

1731 2141 1831 2206 eis,
1858 2140 2089 2212 gaudent
2134 2139 2187 2194 in
2238 2138 2417 2194 saeculi
2467 2136 2737 2203 felicitate,
2768 2135 2859 2191 ubi
2897 2150 2997 2206 ego
3025 2134 3232 2201 laboro,
3260 2142 3317 2192 et

1730 2235 1884 2306 rugio
1912 2249 1943 2289 a
1970 2232 2168 2304 gemitu
2195 2231 2373 2287 cordis
2402 2233 2526 2285 mei.
2558 2228 2839 2297 Quomodo
2877 2229 3065 2284 vivunt
3111 2227 3314 2285 inimici

1733 2329 1897 2396 illius,
1929 2328 2053 2398 quia
2078 2326 2187 2396 jam
2215 2324 2352 2380 dixit
2392 2323 2460 2379 de
2505 2321 2631 2390 illis,
2677 2320 2931 2393 quoniam
2976 2320 3141 2377 locuti
3191 2328 3320 2376 sunt

1731 2422 2055 2479 vanitatem?
2083 2419 2218 2475 Audi
2246 2427 2297 2474 et
2325 2418 2379 2473 in
2404 2416 2510 2472 alio
2537 2416 2781 2486 psalmo:
2813 2414 3039 2482 Quorum
3067 2412 3164 2483 filii
3189 2413 3319 2468 sicut

1732 2516 1949 2572 novella:
1976 2513 2326 2569 constabilitte.
2375 2509 2483 2567 Sed
2524 2510 2773 2579 superius
2799 2507 3008 2563 dixerat
3038 2522 3051 2560 :
3088 2503 3322 2573 Quorum

1734 2626 1791 2665 os
1819 2610 2039 2664 locutum
2068 2615 2140 2661 est
2169 2605 2460 2666 vanitatem.
2490 2603 2613 2673 filia:
2642 2617 2819 2657 eorum
2854 2599 3148 2671 composita
3189 2598 3320 2655 sicut

1734 2701 2014 2759 similitudo
2040 2700 2244 2771 templi;
2282 2696 2491 2752 cellaria
2529 2712 2704 2751 eorum
2741 2695 2922 2766 plena,
2950 2692 3233 2748 eructantia
3257 2709 3323 2748 es

1737 2797 1833 2851 hoc
1862 2796 1915 2849 in
1945 2795 2071 2858 Itoc;
2101 2792 2247 2847 boves
2285 2807 2459 2846 eorum
2489 2790 2684 2855 crassi;
2710 2804 2822 2842 oves
2850 2803 3025 2842 eorum
3065 2784 3315 2857 fecunda,

1737 2888 2130 2960 multiplicantes
2144 2886 2197 2938 in
2215 2884 2426 2938 exitibus
2445 2882 2551 2934 suis
2574 2896 2593 2934 :
2616 2887 2805 2934 nonest
2825 2878 2973 2931 ruina
2993 2878 3146 2947 scpis,
3163 2890 3323 2947 neque

1736 2982 1931 3040 clamor
1949 2982 2002 3035 in
2030 2978 2210 3051 plateis
2236 2992 2425 3032 eorum.
2452 2974 2650 3029 Vivunt
2668 2986 2795 3042 ergo
2821 2969 3016 3025 inimici
3035 2967 3138 3023 mei
3164 2985 3177 3024 :
3201 2965 3321 3022 haec

1737 3076 1846 3132 vita
1870 3082 1972 3140 est,
2011 3071 2149 3127 hanc
2187 3068 2424 3132 laudant,
2454 3066 2593 3121 hanc
2621 3071 2823 3129 amant,
2869 3060 3007 3116 hanc
3050 3058 3192 3115 malo
3221 3072 3323 3115 suo

1740 3169 1956 3226 habent.
1984 3164 2121 3235 Quid
2155 3164 2298 3220 enim
2328 3158 2613 3230 sequitur?
2651 3157 2864 3212 Beatum
2896 3154 3131 3210 dixerunt
3158 3168 3325 3225 popu-

1741 3260 1847 3315 lum
1870 3301 1885 3327 ,
1928 3256 2011 3312 cui
2038 3257 2145 3309 Ittec
2179 3262 2315 3308 sunt.
2346 3248 2484 3319 Quid
2514 3257 2690 3303 autem
2722 3255 2809 3312 tu,
2850 3245 2940 3317 qui
2973 3257 3155 3299 curam
3184 3241 3327 3312 geris

1743 3367 1841 3423 pro
1866 3358 2085 3422 peccato
2114 3345 2239 3402 tuo?
2266 3342 2392 3415 quid
2420 3352 2495 3407 tu,
2528 3342 2618 3412 qui
2653 3340 2966 3411 pronuntias
2990 3336 3325 3407 iniquitatem

1746 3441 1924 3497 tuam?
1948 3439 2155 3505 Beatus,
2187 3436 2374 3506 inquit,
2408 3432 2626 3505 populus
2646 3433 2790 3500 cujus
2817 3438 2889 3484 est
2914 3427 3164 3483 Dominus
3188 3425 3328 3481 Deus

1743 3534 1904 3606 ipsius
1928 3530 2100 3602 (Psal.
2130 3543 2312 3595 exuit,
2343 3523 2552 3595 12-15).
2577 3522 2785 3577 Inimici
2806 3530 2971 3575 autem
2993 3520 3090 3575 mei
3110 3519 3279 3574 vivunt
3311 3534 3331 3575 :

1747 3636 1795 3683 et
1817 3623 2105 3694 conﬁrmati
2132 3630 2250 3676 sunt
2277 3634 2430 3689 super
2454 3633 2551 3681 me,
2580 3623 2626 3669 et
2652 3612 2973 3684 multiplicati
3001 3620 3118 3665 sunt
3140 3611 3226 3682 qui
3252 3626 3333 3665 me

1748 3718 1959 3773 oderunt
1987 3714 2176 3785 inique.
2206 3708 2343 3780 Quid
2365 3717 2469 3773 est,
2489 3706 2575 3777 qui
2603 3705 2816 3760 oderunt
2836 3702 3042 3773 inique?
3064 3702 3206 3756 Bona
3229 3700 3332 3756 sibi

1747 3810 2015 3866 volentem
2041 3803 2291 3859 oderunt.
2320 3799 2422 3868 Qui
2449 3798 2493 3853 si
2522 3796 2810 3853 redderent
2833 3796 2971 3849 mala
2998 3807 3095 3863 pro
3134 3792 3291 3847 malis
3312 3832 3328 3859 ,

1748 3904 1876 3961 boni
1903 3916 2006 3956 non
2034 3904 2215 3953 essent
2247 3896 2375 3966 :qui
2414 3892 2459 3947 si
2490 3907 2597 3946 non
2635 3888 2923 3945 redderent
2946 3887 3082 3942 bona
3113 3900 3210 3955 pro
3232 3884 3333 3940 bo-

1751 3996 1867 4061 nis,
1900 3990 2093 4063 ingrati
2131 3995 2312 4044 esscnt
2352 4002 2365 4041 :
2402 3983 2635 4040 reddunt
2667 3990 2846 4036 autem
2885 3979 3023 4035 mala
3058 3992 3156 4049 pro
3182 3976 3337 4033 bonis

1751 4086 1844 4161 qui
1882 4084 2109 4139 oderunt
2138 4080 2337 4150 inique.
2384 4075 2541 4131 Tales
2583 4072 2798 4129 fuerunt
2841 4070 3010 4126 Judaei
3044 4086 3060 4123 :
3091 4069 3237 4123 venit
3270 4066 3336 4122 ad

1754 4158 1876 4236 illos
1901 4172 2141 4230 Christus
2169 4186 2289 4226 cum
2332 4167 2508 4233 bonis,
2551 4162 2898 4221 reddiderunt
2939 4160 3015 4215 illi
3060 4158 3199 4215 mala
3239 4172 3340 4228 pro

1754 4268 1932 4325 bonis.
1976 4264 2174 4321 Cavete
2217 4260 2319 4315 hoc
2361 4259 2559 4314 malum
2589 4298 2606 4324 ,
2654 4255 2887 4311 fratres:
2918 4254 3026 4309 cito
3054 4250 3340 4307 subintrat.

1756 4360 1890 4429 Quia
1919 4358 2168 4420 diximus,
2198 4352 2355 4407 'l‘ales
2398 4357 2551 4405 erant
2593 4346 2762 4403 Jud:ci
2809 4362 2825 4400 :
2874 4358 2943 4398 ne
2996 4350 3148 4412 putet
3180 4355 3345 4396 unus-

1758 4453 1983 4526 quisque
2031 4456 2265 4502 vestrum
2307 4443 2464 4513 longe
2507 4456 2566 4496 se
2616 4445 2917 4507 exceptum.
2971 4434 3238 4503 Corripiat
3292 4442 3345 4489 te

1758 4525 1950 4615 aliquis
1979 4541 2140 4596 frater
2171 4549 2296 4592 tuus
2316 4577 2329 4602 ,
2363 4536 2559 4590 bonum
2589 4530 2681 4586 tibi
2710 4530 2928 4595 volens;
2959 4527 3139 4583 oderis
3168 4525 3340 4593 illum,

1761 4647 1817 4696 et
1841 4636 1963 4692 talis
1990 4649 2067 4689 es.
2100 4632 2164 4687 Et
2195 4629 2371 4685 videte
2399 4641 2557 4697 quam
2595 4624 2703 4679 cito
2734 4623 2844 4689 liat,
2873 4636 3031 4692 quam
3058 4618 3212 4675 facile
3243 4635 3258 4672 :
3291 4628 3346 4676 et

1762 4733 1985 4789 vitatote
2007 4730 2027 4760 ¹
2052 4736 2157 4781 tam
2187 4738 2433 4793 magnum
2461 4719 2682 4782 malum,
2714 4726 2820 4772 tam
2864 4715 3005 4787 agile
3045 4720 3344 4784 peccatum.

1833 4825 1923 4880 26.
1956 4821 2105 4897 [vers.
2135 4817 2253 4891 2L]
2282 4813 2623 4871 Detraltebanl
2651 4810 2774 4865 mihi
2797 4809 2883 4880 qui
2909 4806 3185 4861 retribuunt
3212 4806 3348 4859 mala

1766 4933 1858 4989 pro
1885 4915 2047 4977 bonis,
2074 4911 2308 4983 quoniam
2333 4913 2620 4979 persecutus
2639 4918 2752 4955 sum
2768 4900 3043 4970 justitiam.
3064 4896 3186 4952 Ideo
3210 4897 3348 4951 mala

1766 4986 1866 5080 pro
1896 5005 2072 5062 bonis.
2118 5000 2256 5069 Quid
2292 5007 2396 5064 est,
2440 5003 2729 5067 persecutus
2772 5007 2883 5045 sum
2904 4988 3204 5062 justitiam?
3233 4986 3348 5043 Non

1769 5102 1945 5159 dimisi
1979 5118 1992 5155 :
2025 5113 2091 5153 ne
2117 5098 2253 5151 forte
2277 5090 2704 5164 persecutionem
2753 5100 2968 5156 semper
3009 5084 3060 5138 in
3092 5083 3234 5138 malo
3265 5082 3348 5135 in-

1772 5195 1999 5265 telligas,
2030 5197 2314 5262 persecutus
2352 5184 2506 5250 dixit,
2538 5180 2769 5252 perfecte
2806 5188 3023 5234 secutus
3050 5193 3065 5230 :
3097 5174 3350 5242 Quoniam

1774 5292 2059 5359 persecutus
2085 5296 2197 5335 sum
2218 5277 2493 5349 justitiam.
2523 5272 2592 5329 Et
2614 5270 2737 5327 audi
2761 5278 2920 5341 caput
2956 5278 3196 5323 nostrum
3236 5268 3352 5335 eju-

1773 5357 1891 5434 lans
1919 5376 1940 5407 ³
1970 5376 2024 5429 in
2074 5370 2321 5428 passione
2367 5386 2381 5422 :
2426 5366 2495 5420 Et
2534 5363 2877 5435 proiecerunt
2924 5373 3011 5414 me
3050 5357 3303 5413 dilectum
3331 5393 3350 5421 ,

1842 5559 1857 5589 ³
1885 5562 1984 5604 Duo
2003 5558 2131 5609 Mss,
2155 5552 2259 5611 eget
2277 5542 2359 5596 ille
2380 5557 2410 5593 a
2433 5548 2495 5601 te,
2518 5553 2628 5608 eges
2644 5546 2695 5590 tu
2716 5552 2747 5589 a
2768 5546 2881 5611 pet}:

1842 5621 1863 5651 ι
1885 5598 1979 5666 ξίῖ
1993 5598 2159 5678 plures
2181 5598 2303 5659 "Mss.
2338 5613 2393 5657 At
2425 5598 2568 5664 Lo'v.,'
2580 5614 2725 5667 quam
2758 5598 2901 5665 facile
2934 5601 3101 5648 currat
3137 5602 3235 5648 tam
3256 5607 3355 5646 ma-

1780 5684 2081 5789 “mstiti:
2097 5743 2225 5795 Mss,
2239 5731 2434 5785 evidens
2461 5741 2479 5779 :
2505 5732 2714 5795 excepto
2735 5724 3026 5775 Fuliensium
3047 5720 3203 5773 veteri
3226 5716 3358 5770 codi-

1783 5817 1863 5867 ce,
1880 5788 2018 5865 cuius
2038 5812 2133 5864 ope
2149 5788 2467 5853 restituimus,
2486 5788 2688 5854 q'ulans.
