3960 6442
152 390 255 452 417

146 516 444 594 periclitans
484 532 557 574 ne
599 531 708 574 non
745 521 932 586 eroget
952 511 1153 569 cibaria
1192 510 1514 568 conservis:
1546 508 1601 563 in
1628 504 1731 560 hoc

144 621 276 670 :estu
300 610 544 681 qutcsivit
568 610 729 666 alium
760 606 1036 663 meliorem
1062 604 1238 661 locum
1274 603 1343 659 ab
1384 602 1485 656 hac
1512 598 1732 669 dispen-

68 726 71 731 ⁴
132 704 361 767 satione,
402 702 456 757 in
494 717 600 772 qua
637 699 717 757 sic
744 698 954 754 laborat
994 696 1156 752 homo
1179 703 1234 751 et
1276 692 1645 765 periclitatur;
1675 696 1733 745 et

134 792 407 863 suspirans
433 792 484 846 in
505 794 665 847 linem
693 789 1001 862 quemdam,
1024 787 1115 843 ubi
1144 787 1244 842 ista
1274 801 1380 842 non
1402 792 1518 840 erat
1544 798 1727 854 passuc

136 900 253 946 rus,
271 884 319 938 in
337 882 504 949 illum,
526 882 759 952 inquam,
783 878 943 936 linem
969 894 1076 951 quo
1096 878 1336 934 dicturus
1348 885 1427 933 est
1451 876 1592 932 bono
1607 888 1731 930 ero-

129 975 303 1047 gatori
332 973 606 1039 Dominus,
640 971 790 1027 Intra
830 972 885 1027 in
909 970 1154 1044 gaudium
1183 968 1390 1023 Domini
1413 968 1489 1022 tui
1515 966 1727 1039 (Matth.

134 1083 265 1131 Juv,
300 1065 392 1136 2|)
424 1080 444 1119 :
469 1063 695 1120 Locutus
732 1080 867 1129 sum,
899 1063 1089 1135 inquit,
1117 1061 1169 1115 in
1199 1062 1375 1133 lingua
1408 1076 1540 1115 mea.
1584 1058 1731 1115 Inter

130 1168 319 1218 :rstns.
351 1160 487 1211 inter
515 1155 747 1226 pericula
776 1154 912 1222 hrec,
945 1155 1085 1209 inter
1110 1152 1476 1216 difficultates,
1504 1152 1627 1223 quia
1655 1152 1729 1208 ita

130 1232 367 1306 «laedat
420 1248 504 1303 lex
537 1247 767 1313 Domini,
797 1256 856 1302 ut
883 1256 1058 1302 tamen
1090 1252 1308 1317 propter
1345 1243 1727 1300 abundantiam

132 1339 508 1397 scandalorum
532 1340 841 1409 refrigescat
875 1337 1108 1393 charitas
1131 1336 1418 1391 multorum
1446 1333 1556 1409 (Id.
1575 1350 1724 1402 xxiv,

138 1432 425 1503 42):inter
467 1430 565 1486 hos
608 1444 737 1501 ergo
777 1438 962 1497 aestus,
1002 1428 1227 1484 Locutus
1273 1444 1406 1495 sum,
1444 1427 1633 1499 inquit,
1674 1428 1730 1483 in

135 1526 312 1595 lingua
340 1540 467 1577 mea.
489 1522 626 1578 Cui?
652 1521 770 1577 Non
798 1520 1027 1577 auditori
1050 1536 1207 1591 quem
1226 1521 1350 1575 volo
1372 1520 1606 1583 erudire,
1630 1519 1728 1577 sed

131 1614 432 1673 exauditori
460 1630 489 1669 a
518 1628 626 1685 quo
654 1612 776 1668 volo
805 1611 1027 1667 erudiri.
1059 1610 1279 1666 Locutus
1324 1627 1437 1665 sum
1461 1612 1517 1665 in
1553 1611 1729 1682 lingua

130 1724 263 1773 mea,
295 1706 371 1761 illi
400 1720 431 1760 a
460 1720 565 1776 quo
600 1704 743 1759 intus
768 1703 948 1772 audio,
988 1703 1034 1759 si
1070 1702 1215 1775 quod
1256 1703 1476 1767 bonum,
1508 1703 1552 1757 si
1582 1702 1728 1774 quod

131 1816 317 1855 verum
350 1798 526 1853 audio.
554 1796 689 1866 Quid
716 1798 924 1854 locutus
962 1797 1065 1853 es?
1113 1794 1330 1864 Notum,
1364 1795 1553 1868 inquit,
1598 1797 1726 1852 mihi

133 1894 235 1965 fac,
258 1889 497 1959 Domine,
521 1890 671 1959 ﬁnem
693 1906 876 1943 meum.
900 1888 1181 1944 Transilivi
1206 1888 1349 1943 enim
1377 1886 1645 1959 quzedam,
1670 1895 1725 1944 et

130 1984 251 2041 veni
282 1983 352 2037 ad
389 1982 669 2052 quasdam;
718 1990 858 2037 etea
901 1982 953 2037 in
996 1996 1116 2052 qua:
1158 1981 1302 2048 veni,
1345 1981 1568 2036 meliora
1599 1990 1725 2037 sunt

134 2076 211 2132 eis
238 2092 269 2129 a
300 2076 490 2145 quibus
520 2073 781 2131 transilivi
809 2093 823 2129 :
846 2072 943 2130 sed
970 2083 1135 2130 restat
1158 2073 1333 2129 adlmc
1356 2073 1498 2144 quod
1532 2074 1727 2129 transi-

132 2167 367 2224 liendum
389 2166 478 2222 sit.
508 2164 625 2221 Non
651 2165 793 2221 enim
816 2164 904 2220 hic
922 2164 1337 2227 remanebimus.
1357 2165 1446 2221 ubi
1470 2165 1722 2221 tentatio—

134 2277 265 2325 nes.
315 2261 402 2316 ubi
444 2258 715 2326 scandala,
764 2258 854 2315 ubi
902 2258 1175 2314 auditores
1222 2266 1278 2313 et
1306 2257 1724 2313 calumniatores

132 2354 382 2425 patimur.
410 2349 595 2406 Finem
621 2366 785 2404 meum
807 2360 979 2405 notum
1003 2350 1127 2404 mihi
1157 2353 1239 2421 [ac
1256 2365 1274 2402 :
1293 2348 1455 2404 ﬁnem
1479 2347 1571 2419 qui
1590 2347 1724 2404 mihi

132 2444 305 2510 deest,
336 2457 436 2496 non
467 2456 685 2498 cursum
714 2441 805 2510 qui
836 2440 967 2495 mihi
991 2439 1164 2496 adest.

202 2537 256 2594 6.
300 2536 483 2591 Finem
528 2535 675 2589 illum
719 2533 880 2600 dicit,
932 2548 1092 2605 quem
1137 2547 1363 2589 currens
1414 2531 1723 2589 intuebatur

136 2629 438 2701 Apostolus,
460 2635 515 2683 et
541 2627 607 2682 dc
633 2642 726 2681 sua
756 2625 1158 2696 itnperl'ectioue
1176 2624 1553 2691 conﬁtebatur,
1576 2624 1723 2681 aliud

139 2724 188 2777 in
207 2738 262 2776 se
286 2722 516 2786 intuens,
542 2718 683 2774 aliud
710 2718 834 2773 alibi
858 2732 1123 2788 quaerens.
1151 2717 1241 2771 Ait
1265 2716 1432 2781 enim,
1463 2714 1584 2771 Non
1603 2720 1725 2788 quia

125 2814 236 2885 jam
282 2813 589 2883 acceperim,
630 2822 717 2867 aut
746 2812 861 2883 jam
915 2812 1163 2880 perfectus
1204 2813 1335 2875 sim,
1378 2810 1582 2880 fratres,
1630 2827 1723 2881 ego

138 2905 377 2975 meipsum
395 2922 496 2957 non
524 2902 741 2957 arbitror
760 2902 1174 2972 apprehendisse.
1205 2902 1274 2956 Et
1300 2915 1368 2956 ne
1396 2901 1625 2965 diceres,
1655 2902 1719 2957 Si

143 3012 242 3052 non
268 2996 611 3068 apprehendit
654 2996 961 3066 Apostolus,
993 3009 1093 3065 ego
1126 2994 1495 3064 apprehendi?
1520 2994 1567 3049 si
1598 3010 1723 3065 per-

145 3089 304 3146 lectus
345 3105 447 3145 non
492 3096 576 3143 est
604 3088 916 3159 Apostolus,
947 3102 1049 3158 ego
1098 3086 1368 3159 perfectus
1408 3088 1568 3143 sum?
1602 3089 1723 3145 vide

145 3183 257 3254 quid
281 3190 420 3254 agat,
453 3181 668 3238 attende
692 3180 818 3251 quid
847 3179 1008 3235 dicat.
1039 3178 1177 3247 Quid
1203 3194 1331 3251 ergo
1361 3180 1475 3252 agis
1506 3180 1548 3245 ⁸,
1576 3181 1723 3251 Αροο

145 3275 316 3332 stole?
344 3274 585 3331 Nondum
612 3271 1027 3345 apprchendisti,
1060 3271 1297 3327 nonduin
1326 3270 1598 3342 perfectus
1622 3272 1723 3328 es?

143 3369 269 3436 Quid
290 3368 441 3439 agis?
463 3367 530 3423 ad
556 3382 712 3437 quam
739 3365 1004 3423 actionem
1029 3380 1113 3420 me
1140 3362 1414 3419 hortaris?
1438 3364 1562 3434 quid
1587 3364 1719 3420 mibi

144 3461 443 3517 imitandum
493 3457 929 3530 sequendumque
974 3456 1269 3528 proponis?
1303 3456 1473 3511 Unum
1511 3466 1720 3529 autem,

145 3552 326 3622 inquit,
354 3566 468 3625 qua:
504 3561 638 3605 retro
664 3558 780 3605 sunt
806 3547 1009 3615 oblitus,
1039 3548 1172 3603 inea
1206 3563 1318 3617 qua:
1342 3557 1460 3603 ante
1494 3557 1610 3603 sunt
1636 3565 1725 3604 ea:-

145 3654 320 3714 tentus,
365 3644 644 3700 secundum
691 3643 1016 3697 intentionem
1064 3657 1245 3711 sequor
1270 3640 1339 3693 ad
1383 3642 1604 3710 palmam
1630 3657 1723 3696 su-

148 3755 306 3807 perna:
341 3737 613 3793 vocationis
650 3735 747 3789 Dei
775 3735 826 3788 in
852 3733 1052 3789 Christo
1075 3731 1201 3787 Jestt
1229 3729 1487 3805 (Philipp.
1515 3748 1591 3795 ut,
1624 3732 1724 3788 12-

150 3826 612 3901 1ι);εεειιιιι1ιιῖῐι
677 3825 1061 3887 intentionem,
1124 3822 1364 3877 nondum
1430 3822 1723 3879 secundum

149 3919 535 3988 perventionem
556 3958 572 3983 ,
610 3915 845 3970 nondum
892 3913 1184 3968 secundum
1214 3912 1720 3983 apprehensionem.

148 4009 256 4065 Non
280 4010 583 4067 relabamur
606 4007 747 4063 unde
764 4007 873 4077 jam
902 4006 1299 4069 transilivimus,
1326 4021 1425 4061 nec
1448 4022 1726 4061 remanea-

152 4116 261 4157 mus
288 4103 337 4156 in
368 4101 475 4156 illis
504 4100 556 4154 in
582 4116 701 4169 qua:
728 4098 835 4169 jam
858 4098 1120 4153 venimus.
1148 4096 1461 4163 Curramus,
1482 4098 1725 4154 intenda-

148 4208 281 4261 mus,
310 4193 362 4249 in
394 4192 477 4247 via
502 4206 685 4245 sumus
717 4207 731 4243 :
762 4205 860 4245 nec
902 4197 1007 4244 tam
1038 4189 1114 4244 sis
1150 4203 1372 4244 securus
1406 4204 1472 4244 ex
1503 4189 1583 4244 eis
1607 4205 1725 4261 qua:

138 4284 394 4351 transisti,
436 4297 595 4355 quam
644 4282 902 4337 sollicitus
953 4295 1049 4350 pro
1088 4281 1166 4335 eis
1211 4278 1277 4335 ad
1322 4296 1441 4351 qua:
1488 4281 1725 4337 nondum

138 4378 445 4450 pervenisti.
473 4376 601 4445 Qua:
638 4385 791 4440 retro,
834 4373 1023 4443 inquit,
1054 4370 1258 4440 oblitus,
1295 4373 1345 4427 in
1375 4390 1436 4428 ea
1472 4389 1586 4442 qua:
1613 4382 1728 4429 ante

140 4482 257 4529 sunt
284 4480 528 4534 extentus,
555 4468 830 4523 secmtdum
856 4466 1178 4520 intentionem
1204 4482 1383 4537 sequor
1407 4467 1475 4519 ad
1502 4468 1725 4537 palmam

142 4579 371 4633 superna!
405 4561 678 4617 vocationis
708 4558 802 4614 Dei
827 4559 880 4613 in
911 4557 1109 4615 Christo
1143 4556 1290 4613 Jesu.
1339 4558 1457 4628 Ipse
1478 4570 1561 4614 est
1584 4560 1724 4615 enim

146 4654 285 4712 ﬁnis.
330 4653 503 4712 Unum
552 4662 767 4719 autem,
817 4650 921 4706 hoc
971 4658 1055 4706 est
1106 4650 1233 4704 illud
1278 4666 1483 4705 unum:
1516 4650 1729 4707 Domine

147 4750 348 4806 ostende
376 4749 517 4805 nobis
548 4747 779 4814 Patrem,
806 4754 853 4799 et
889 4744 1066 4815 att/ﬁcit
1096 4744 1238 4798 nobis
1267 4743 1447 4815 (Joan.
1494 4761 1602 4810 xtv,
1648 4745 1725 4818 9).

149 4840 317 4899 Unum
346 4851 545 4903 autem,
586 4854 708 4910 qua:
750 4844 805 4892 et
843 4851 947 4891 una
989 4835 1183 4891 dicitur
1226 4835 1281 4891 in
1326 4836 1430 4892 alio
1475 4837 1725 4907 psalmo:

149 4936 315 4994 Unam
345 4936 460 5007 petii
480 4951 511 4986 a
532 4931 774 4995 Domino,
807 4930 936 4983 hanc
975 4928 1248 5001 requiram.
1279 4926 1407 4993 Qua:
1429 4940 1562 4983 retro
1603 4930 1731 4983 obli-

144 5040 243 5095 tus,
275 5026 323 5081 in
345 5044 401 5081 ea
422 5040 535 5095 qua:
553 5035 670 5078 ante
691 5031 807 5077 sunt
828 5030 1073 5085 extentus,
1100 5018 1265 5073 Unam
1287 5021 1408 5091 petti
1429 5037 1459 5073 tt
1488 5019 1727 5086 Domina,

142 5125 277 5176 hanc
303 5118 571 5191 requiram,
592 5125 648 5168 ut
672 5114 942 5167 inhabilem
963 5113 1015 5166 in
1041 5112 1190 5166 domo
1218 5110 1422 5165 Domini
1450 5129 1537 5180 per
1561 5128 1731 5167 omnes

139 5217 251 5271 dies
273 5212 382 5265 vitm
406 5225 545 5265 mete.
575 5208 797 5275 Propter
824 5205 987 5273 quid?
1018 5203 1085 5261 Ut
1112 5203 1419 5274 contempler
1443 5205 1733 5259 delectatio-

138 5323 263 5363 nem
290 5303 491 5357 Domini
535 5299 707 5375 (Psal.
750 5314 892 5361 XXVI,
942 5298 1023 5367 4).
1076 5296 1149 5351 Ibi
1193 5298 1333 5352 enim
1382 5295 1620 5366 gaudebo
1664 5296 1733 5352 de

139 5400 316 5461 διδοῖς»,
350 5413 449 5449 non
484 5391 682 5447 timebo
721 5389 787 5444 de
822 5387 1125 5443 adversario
1160 5406 1172 5442 :
1206 5387 1277 5441 ibi
1307 5388 1447 5451 enim
1488 5398 1731 5443 euntem-

141 5494 322 5562 νιηιοι·
342 5501 550 5541 mecum
582 5483 681 5538 erit
705 5482 926 5546 amicus,
950 5496 1056 5535 non
1084 5479 1437 5533 calumniator
1458 5479 1728 5536 inimicus.

150 5584 267 5639 lict:
291 5576 609 5636 desideravit
634 5575 735 5630 istc
765 5573 996 5640 Idithun,
1030 5585 1209 5629 notum
1235 5573 1345 5629 ﬁeri
1376 5573 1475 5630 sibi
1498 5589 1617 5630 cum
1648 5573 1734 5630 hic

161 5681 313 5741 esset,
340 5681 399 5726 ut
422 5670 585 5727 sciret
608 5666 734 5739 quid
763 5664 862 5721 sibi
892 5664 1143 5729 deesset;
1174 5673 1228 5721 et
1264 5681 1372 5722 non
1401 5675 1508 5721 tam
1534 5667 1733 5739 gaude-

230 5880 250 5915 ι
263 5878 450 5933 δὴ...
463 5879 519 5928 ιι
531 5868 643 5927 edd.
663 5870 807 5925 Ilicet
823 5870 1044 5949 proximo
1060 5868 1185 5932 loco,
1200 5884 1286 5936 pro
1306 5869 1429 5937 agis,
1442 5870 1625 5924 habent
1638 5884 1730 5924 au.

142 5982 155 6026 ἰ

156 6024 187 6036 ε..
204 6032 207 6033 ,

1166 379 1564 439 ENARRATIO
1600 377 1669 437 IN
1704 377 2030 438 PSALMUM
2068 379 2355 437 XXXVIII.

3318 386 3429 448 H8

1836 518 1957 573 quae
1984 503 2217 559 nondum
2250 512 2603 574 pervenerat;
2630 509 2688 560 et
2712 501 3029 574 quibusdam
3055 502 3164 575 jam
3192 506 3427 561 transili-

1838 597 1929 663 tis,
1957 612 2063 653 non
2088 607 2392 655 remaneret
2420 599 2470 653 in
2499 598 2605 659 via.
2646 597 2743 653 sed
2768 597 3036 669 desiderio
3065 608 3341 669 raperetur
3365 599 3422 658 in

1836 704 2107 761 superna;
2139 704 2307 760 usque
2350 704 2456 761 quo
2501 690 2589 746 ille
2635 689 2727 760 qui
2771 658 3015 760 quamam
3063 658 3428 760 transilierat,

1835 784 2017 841 omnia
2044 783 2356 849 transiliret,
2378 792 2434 839 et
2457 782 2526 837 ab
2549 782 2866 839 irroratione
2889 781 3119 854 quadam
3147 791 3424 855 guttarum

1836 876 2226 932 dominicarum
2270 875 2339 932 de
2386 876 2781 945 Scripturarum
2840 876 2982 933 nube
3042 876 3413 945 venientium,

1836 969 2045 1025 veniret
2064 970 2201 1025 sicut
2228 984 2418 1025 cervus
2443 969 2509 1024 ad
2538 967 2739 1023 fontem
2770 969 2892 1024 vita:
2917 967 3093 1041 (Psal.
3120 985 3228 1035 xu,
3252 970 3332 1042 2),
3374 980 3432 1029 et

1836 1062 1892 1119 in
1920 1063 2011 1118 illo
2036 1063 2237 1119 lumine
2265 1062 2472 1118 videret
2497 1059 2861 1133 lumen(Psal.
2895 1077 3059 1129 xxxv,
3084 1060 3195 1135 l0),
3221 1073 3276 1119 et
3300 1065 3427 1121 abs-

1835 1155 2158 1212 conderetur
2203 1154 2254 1209 in
2298 1155 2445 1209 vultu
2486 1153 2580 1210 Dei
2618 1168 2649 1208 a
2694 1154 3103 1211 conturbatione
3140 1154 3418 1211 hominum

1836 1248 2010 1319 (Paul.
2041 1264 2169 1314 xxx,
2212 1246 2466 1318 21):ubi
2508 1245 2730 1312 diceret,
2777 1246 2923 1302 Bene
2963 1255 3067 1312 est,
3111 1246 3248 1303 ultra
3294 1246 3424 1303 nihil

1833 1340 1978 1407 volo,
2019 1352 2206 1394 omnes
2254 1336 2341 1393 hic
2368 1353 2510 1402 amo,
2557 1337 2826 1393 neminem
2871 1336 2959 1393 hic
3002 1336 3183 1394 timeo.
3215 1337 3424 1394 Bonum

1834 1430 2180 1497 desiderium,
2209 1436 2449 1485 sanctum
2475 1428 2820 1485 desiderium.
2851 1428 2952 1497 Qui
2988 1428 3101 1499 jam
3130 1429 3231 1484 hoc
3258 1428 3427 1487 habe-

1835 1524 1924 1591 tis,
1955 1523 2284 1595 eongaudete
2314 1522 2466 1578 nobis
2488 1538 2504 1589 ;
2528 1530 2585 1579 et
2611 1530 2761 1578 orate
2789 1530 2846 1576 ut
2889 1531 3294 1592 perseveranter
3325 1523 3427 1578 ha-

1832 1617 2078 1685 beamus,
2110 1631 2179 1673 ne
2220 1616 2363 1673 inter
2388 1615 2635 1672 scandala
2675 1615 3005 1671 deficiamus.
3052 1615 3187 1671 Nam
3229 1625 3284 1671 et
3326 1632 3426 1672 nos

1832 1724 1933 1781 pro
1993 1709 2147 1767 vobis
2194 1708 2298 1765 hoc
2346 1708 2488 1765 idem
2548 1723 2820 1779 rogamus.
2873 1707 2988 1763 Non
3037 1708 3180 1764 enim
3220 1719 3274 1765 et
3327 1724 3427 1766 nos

1830 1801 1979 1873 digni
2015 1803 2104 1873 qui
2148 1817 2248 1873 pro
2286 1802 2437 1858 vobis
2478 1816 2713 1867 oremus,
2760 1810 2814 1857 et
2845 1815 2943 1857 vos
2971 1802 3171 1872 indigni
3199 1805 3288 1872 qui
3325 1818 3427 1873 pro

1831 1895 1984 1950 nobis
2004 1894 2190 1950 oretis.
2222 1894 2569 1950 Auditoribus
2592 1894 2705 1949 suis
2727 1892 2923 1964 quibus
2952 1893 3275 1963 praedicabat
3305 1910 3426 1950 ver-

1831 1986 1959 2043 bum
1992 1987 2107 2055 Dei,
2154 2002 2214 2042 se
2240 1985 2650 2042 commendabat
2672 1985 2962 2056 Apostolus
2987 1984 3206 2055 (Coloss.
3236 2001 3309 2053 tv,
3337 1988 3422 2059 5).

1830 2077 1993 2135 Orate
2018 2094 2145 2149 ergo
2174 2092 2272 2149 pro
2300 2078 2475 2145 nobis,
2523 2076 2735 2143 fratres,
2766 2085 2824 2131 nt
2863 2086 2919 2131 et
2965 2077 3107 2147 quod
3134 2076 3421 2135 videndum

1828 2181 1913 2229 est
1941 2172 2079 2228 bene
2105 2170 2405 2239 videamus,
2436 2179 2490 2225 et
2515 2170 2656 2241 quod
2687 2168 2970 2225 dicendum
3000 2178 3083 2225 est
3112 2169 3250 2225 bene
3276 2170 3426 2226 dica-

1829 2281 1969 2321 mus.
2005 2263 2269 2321 Caeterum
2298 2262 2399 2320 hoc
2424 2261 2769 2328 desiderium,
2814 2261 2958 2327 novi,
3000 2262 3052 2316 in
3081 2262 3265 2333 paucis
3294 2272 3379 2319 est
3403 2279 3420 2319 :

1827 2372 1930 2412 nec
1956 2370 2044 2412 me
2072 2356 2274 2426 optime
2300 2354 2621 2425 intelligunt,
2662 2352 2764 2407 nisi
2807 2354 2897 2423 qui
2924 2354 3256 2424 gustaveriut
3277 2353 3423 2411 unde

1827 2448 2039 2521 loquor.
2068 2446 2362 2517 Loquimur
2385 2458 2565 2502 tamen
2593 2443 2862 2506 omnibus,
2890 2451 2944 2499 et
2966 2442 3286 2500 habentibus
3317 2446 3423 2501 tale

1827 2540 2176 2607 desiderium,
2221 2549 2278 2595 et
2318 2538 2555 2595 nondum
2604 2535 2963 2593 habentibus:
2997 2535 3333 2601 habentibus,
3365 2547 3426 2593 ut

1828 2634 2108 2689 nobiscum
2132 2632 2184 2686 in
2213 2631 2305 2686 illa
2330 2630 2604 2702 suspirent
2628 2645 2642 2695 ;
2676 2644 2781 2684 non
2806 2627 3149 2695 habentibus,
3173 2637 3233 2685 ut
3260 2630 3425 2700 pigri-

1829 2725 1956 2781 tiam
1995 2723 2288 2788 excutiant,
2318 2722 2425 2776 ima
2472 2720 2795 2787 transiliunt,
2827 2719 2893 2777 ad
2922 2718 3259 2777 dulcedinem
3290 2720 3422 2791 legis

1827 2816 2110 2872 dominica:
2135 2815 2370 2881 veniant,
2404 2829 2510 2868 non
2542 2812 2594 2867 in
2621 2811 3068 2868 delectationibus
3118 2813 3418 2881 iniquorum

1828 2915 2161 2965 remaneant.
2205 2906 2438 2963 Narrant
2476 2907 2621 2962 enim
2674 2905 2839 2961 multa
2883 2905 3056 2971 multi,
3102 2916 3158 2962 et
3203 2905 3425 2962 laudant

1827 3001 1992 3055 multa
2020 3000 2195 3066 multi,
2242 3000 2422 3071 iniqua
2467 2998 2652 3070 iniqui.
2684 2999 2751 3054 Et
2794 3013 2981 3054 revera
3021 3006 3077 3054 et
3105 2997 3193 3054 illa
3236 2998 3417 3068 iniqua

1829 3092 2027 3149 habent
2050 3091 2481 3158 delectationem,
2504 3091 2600 3148 sed
2629 3106 2734 3147 non
2764 3091 2904 3147 sicut
2930 3091 3015 3147 lex
3046 3100 3155 3157 tua,
3190 3091 3417 3148 Domine

1831 3184 2003 3259 (Paul.
2030 3201 2222 3252 cxvut,
2267 3184 2380 3257 85).
2413 3184 2601 3240 Dicant
2626 3198 2755 3255 ergo
2778 3183 3055 3240 nobiscum
3084 3183 3174 3254 qui
3195 3182 3422 3240 credunt

1828 3278 1942 3334 hinc
1965 3277 2146 3335 dicere
2187 3286 2242 3333 et
2288 3292 2405 3333 nos.
2451 3276 2729 3348 Negotium
2780 3276 2923 3332 enim
2968 3277 3072 3332 hoc
3113 3276 3258 3331 intns
3295 3285 3418 3343 est,

1827 3372 1988 3426 nullis
2014 3370 2189 3426 verbis
2218 3369 2426 3426 ostendi
2457 3378 2652 3441 potest.
2680 3367 2788 3425 Sed
2812 3369 2902 3440 qui
2930 3368 3033 3425 hoc
3074 3371 3204 3441 agit,
3234 3369 3422 3425 credat

1827 3479 1949 3521 esse
1976 3472 2031 3521 et
2055 3463 2109 3518 in
2154 3462 2261 3519 alio
2291 3481 2305 3518 :
2333 3478 2439 3520 non
2481 3463 2652 3518 solum
2677 3477 2737 3517 se
2779 3470 2928 3533 putet
2967 3463 3240 3533 accepisse
3276 3463 3420 3534 quod

1828 3558 1927 3614 Dei
1957 3567 2060 3614 est.
2091 3558 2242 3614 Dicat
2266 3572 2395 3628 ergo
2436 3556 2489 3612 in
2519 3554 2605 3612 his
2642 3555 2876 3625 Idithun,
2921 3555 3121 3612 Notum
3142 3561 3227 3631 [ac
3270 3556 3418 3625 mihi,

1825 3648 2065 3715 Domine,
2088 3650 2242 3718 ﬁnem
2261 3665 2446 3703 meum.
2680 3640 2685 3645 ”

1899 3743 1954 3797 7.
1998 3740 2068 3796 Et
2095 3758 2357 3797 numerum
2381 3742 2577 3796 dierum
2617 3756 2844 3797 meorum
2888 3743 3096 3813 quiest.
3126 3741 3417 3799 Numerum

1826 3835 2033 3891 dierum
2064 3850 2246 3907 quaaro
2266 3836 2354 3905 qui
2376 3843 2478 3890 est.
2503 3834 2593 3892 Sic
2615 3849 2831 3905 possum
2858 3834 3038 3892 dicere
3056 3877 3072 3901 ,
3094 3835 3174 3891 sic
3201 3850 3418 3907 possum

1826 3927 2123 3999 intelligere
2148 3944 2427 3983 numerum
2457 3928 2574 3984 sine
2602 3943 2827 3985 munero
2847 3970 2863 3994 ,
2896 3928 3166 3999 quomodo
3197 3937 3421 3999 possunt

1826 4020 1930 4076 dici
1958 4021 2083 4076 anni
2102 4022 2220 4077 sine
2247 4021 2422 4076 annis.
2456 4020 2553 4077 Ubi
2578 4021 2720 4076 enim
2741 4021 2865 4075 anni
2892 4061 2907 4087 ,
2938 4021 3119 4090 utique
3142 4021 3293 4090 quasi
3318 4036 3419 4076 nu-

1826 4131 2048 4181 merus;
2078 4114 2173 4171 sed
2203 4124 2376 4170 tamen
2400 4156 2416 4181 ,
2445 4114 2523 4169 Tu
2552 4113 2692 4169 idem
2721 4113 2835 4182 ipse
2858 4128 2917 4168 es
2938 4152 2957 4181 ,
2982 4122 3036 4167 ct
3058 4112 3183 4167 anni
3210 4112 3282 4166 tui
3309 4126 3417 4169 non

1826 4210 2072 4266 delicient
2103 4207 2272 4279 (Psal.
2316 4222 2402 4273 ει,
2448 4205 2563 4279 9.8).
2608 4204 2899 4261 Numerum
2941 4204 3147 4261 dierum
3176 4220 3416 4261 meorum

1827 4304 1959 4359 mihi
1987 4312 2170 4359 notum
2192 4301 2293 4365 Iac,
2316 4299 2409 4356 sed
2430 4300 2518 4370 qui
2549 4308 2649 4355 est.
2675 4298 2814 4366 Quid
2841 4299 3011 4370 ergo?
3037 4298 3140 4355 Iste
3162 4315 3419 4356 numerus

1830 4396 1881 4452 in
1904 4410 2009 4465 quo
2030 4404 2082 4449 tu
2105 4410 2186 4462 es,
2216 4408 2321 4448 non
2345 4394 2465 4448 est?
2492 4392 2654 4447 Plane
2673 4432 2689 4457 ,
2720 4391 2767 4447 si
2790 4390 3063 4448 attendam
3088 4392 3226 4448 bene
3248 4434 3263 4457 ,
3310 4408 3418 4448 non

1827 4500 1913 4547 est
1943 4508 1957 4544 :
1984 4490 2029 4544 si
2055 4490 2305 4550 lueream,
2331 4486 2481 4559 quasi
2508 4497 2624 4552 est;
2656 4487 2701 4541 si
2728 4485 3019 4543 transiliam
3045 4528 3059 4553 ,
3091 4502 3197 4541 non
3223 4496 3306 4542 est
3330 4505 3343 4541 :
3370 4486 3419 4542 si

1828 4584 1897 4640 ab
1926 4584 2041 4639 istis
2081 4598 2168 4637 me
2197 4577 2473 4638 excutiens
2499 4594 2727 4650 superna
2754 4580 3085 4649 contempler
3103 4620 3118 4643 ,
3164 4579 3210 4636 si
3247 4588 3423 4635 trans-

1830 4676 2009 4733 euntia
2039 4674 2377 4732 manentibus
2403 4686 2732 4743 comparem,
2759 4671 2915 4729 video
2940 4672 3065 4743 quid
3092 4686 3279 4727 verum
3310 4673 3419 4727 sit:

1831 4770 1958 4842 quid
1983 4778 2158 4824 autem
2199 4768 2368 4838 magis
2406 4766 2648 4821 videatur
2684 4780 2804 4822 esse
2827 4808 2841 4827 ,
2873 4780 3031 4836 quam
3077 4764 3188 4819 sit?
3244 4762 3422 4820 Dictu-

1831 4876 1995 4918 rusne
2013 4874 2129 4915 sum
2153 4874 2274 4914 esse
2300 4859 2430 4913 istos
2457 4857 2574 4913 dies
2599 4870 2749 4911 meos
2778 4858 2792 4887 ¹
2810 4858 2835 4909 ?
2855 4854 2964 4910 llos
2987 4897 3002 4921 ,
3026 4855 3241 4924 inquam
3262 4894 3278 4919 ,
3306 4853 3423 4910 dies

1832 4969 1953 5011 esse
1976 4952 2214 5009 dicturus
2237 4967 2377 5016 sum;
2403 4960 2456 5007 et
2483 4958 2589 5004 tam
2620 4964 2866 5019 magnum
2895 4950 2997 5004 hoc
3024 4948 3266 5015 verbum,
3294 4947 3425 5004 huic

1834 5049 2010 5103 cursui
2057 5061 2236 5102 rerum
2282 5043 2569 5099 labentium
2602 5052 2803 5097 temere
2826 5040 3004 5096 dabo?
3035 5041 3106 5097 Ita
3134 5056 3263 5112 ergo
3311 5043 3424 5113 ipse

1834 5138 2086 5195 deﬁciens
2114 5152 2249 5206 pene
2268 5151 2374 5191 non
2402 5150 2519 5189 sum
2544 5175 2560 5200 ,
2589 5143 2646 5188 ut
2681 5133 2937 5189 exciderit
2970 5134 3103 5189 mihi
3132 5133 3224 5205 qui
3247 5133 3386 5188 dixit
3407 5173 3423 5198 ,

1835 5228 1951 5301 Ego
1974 5244 2092 5285 sum
2121 5228 2213 5299 qui
2239 5242 2355 5283 sum
2378 5225 2571 5299 (Exod.
2601 5240 2677 5291 ut,
2702 5224 2813 5297 14).
2848 5225 3085 5297 Estergo
3105 5225 3298 5296 aliquis
3323 5240 3425 5279 ιιυη

1835 5338 2016 5381 merus
2038 5322 2281 5379 dierum?
2310 5321 2447 5377 Vere
2470 5331 2592 5389 est,
2622 5330 2675 5375 et
2700 5322 2817 5377 sine
2846 5321 2952 5376 line
2979 5329 3082 5376 est.
3115 5319 3172 5374 In
3205 5318 3290 5374 bis
3334 5334 3427 5372 au-

1836 5429 1943 5474 tem
1973 5417 2161 5472 diebus
2188 5416 2358 5471 dicam
2384 5415 2581 5486 aliquid
2606 5430 2759 5481 esse,
2799 5416 2844 5470 si
2884 5426 3038 5471 teneo
3076 5413 3146 5469 de
3190 5428 3296 5485 quo
3338 5411 3427 5468 dic

1835 5526 1923 5566 me
1954 5510 2249 5579 interrogas
2281 5517 2451 5563 utrum
2473 5509 2580 5565 sit:
2608 5517 2666 5562 ut
2692 5507 2772 5562 vel
2801 5507 3095 5575 interroges
3135 5518 3222 5560 me
3242 5544 3259 5568 ,
3302 5514 3428 5557 tene

1838 5603 1980 5662 unde
2006 5619 2094 5660 me
2121 5604 2435 5674 interrogas.
2465 5603 2639 5658 Tenes
2678 5601 2819 5656 diem
2862 5597 3061 5655 istum?
3100 5598 3155 5655 Si
3207 5597 3428 5654 tenuisti

164 5774 238 5825 re!
256 5764 321 5822 de
341 5763 425 5821 his
446 5760 516 5818 ad
539 5774 660 5832 quae
687 5766 1023 5830 pervenerat.
1046 5774 1206 5829 quam
1232 5757 1560 5816 desideraret
1578 5775 1641 5816 ea
1662 5759 1731 5816 ad
1782 5728 2647 5832 ἱθ-.2ίὲἱὲῗὶἱὲῗθλὶίῗὲοηῧξηὲἳτίξ
2657 5734 2936 5832 Ψξέἷῖἱξξηὲ
2938 5732 3197 5832 ίὲίηὶίνέἑᾲίτ
3207 5742 3427 5832 153?“;

1837 5818 1949 5859 sum
1981 5798 2083 5858 ess'e
2110 5798 2227 5857 istos
2263 5803 2368 5855 dies
2400 5813 2528 5853 meos
2544 5802 2569 5850 ξ)
2590 5798 2686 5858 t-:r.',
2707 5799 2925 5862 uideatur
2948 5810 3040 5848 non
3062 5811 3183 5859 esse,
3206 5810 3351 5862 quam
3386 5798 3431 5851 si

1839 5860 2741 5925 dhménmislosdiesmeos?
