3960 6424
580 337 688 404 ιιθ

583 460 894 516 hesternum
913 497 928 522 ,
955 465 1112 515 tenes
1135 461 1190 511 ct
1209 453 1547 510 hodiernum.
1570 449 1678 510 Sed
1706 451 2054 522 hesternum,
2083 454 2169 510 in-

584 553 740 625 quis,
771 567 876 608 non
908 561 1094 625 teneo,
1125 549 1249 619 quia
1269 548 1380 620 jam
1409 563 1516 604 non
1545 556 1627 603 est
1655 565 1669 602 ι
1697 547 1858 604 istum
1886 556 2066 602 autem
2093 554 2172 602 te-

584 622 688 701 neo
714 645 763 698 in
786 659 890 714 quo
917 622 1132 706 sumfet
1151 641 1240 713 qui
1268 656 1474 696 mecum
1498 648 1598 696 est.
1627 638 1776 695 itane
1799 640 1870 694 de
1892 639 1994 696 isto
2020 641 2169 695 exci-

582 741 660 793 dit
688 737 778 793 tibi
812 737 922 806 jam
954 745 1209 808 quantum
1236 751 1266 789 a
1300 734 1469 804 prima
1497 734 1612 790 luce
1639 731 1946 789 transierit?
1981 731 2170 789 Nonne

581 831 679 885 iste
702 829 816 886 dies
843 843 872 882 a
897 830 1067 900 prima
1090 828 1219 882 hora
1249 827 1453 896 coepit?
1481 826 1554 881 Da
1577 823 1711 880 mihi
1733 825 1957 894 primum
1981 822 2168 879 horam

579 919 738 990 ejus?
775 920 841 976 da
882 920 1011 975 mihi
1053 930 1108 975 et
1135 918 1423 976 secundum
1465 918 1617 989 ejus;
1650 917 1772 988 quia
1813 917 1950 973 forte
1975 923 2030 972 et
2054 916 2168 986 ipsa

580 1011 942 1066 transvolavit.
972 1009 1205 1066 Tertiam
1225 1049 1242 1074 ,
1267 1009 1442 1080 inquis
1465 1050 1480 1076 ,
1507 1008 1646 1064 dabo
1685 1008 1777 1064 tibi
1813 1026 1827 1063 :
1857 1007 1994 1063 forte
2023 1006 2167 1063 enim

579 1102 630 1155 in
661 1102 769 1171 ipsa
803 1117 942 1157 nunc
967 1116 1172 1158 sumus.
1209 1101 1366 1158 Certe
1395 1115 1524 1172 ergo
1555 1109 1680 1156 sunt
1705 1099 1790 1155 isti
1815 1099 1968 1164 dies,
1994 1105 2050 1154 et
2085 1105 2169 1155 est

578 1193 732 1249 tertia
754 1194 868 1253 dim
897 1212 910 1247 :
941 1204 993 1248 et
1018 1194 1062 1249 si
1095 1193 1301 1250 tertiam
1327 1193 1507 1260 dabis,
1539 1207 1644 1270 non
1675 1192 1840 1255 diem,
1865 1189 1959 1246 sed
1981 1191 2167 1245 horam

579 1283 748 1341 dabis;
785 1285 1158 1340 Verumtamen
1188 1300 1258 1340 ne
1285 1283 1386 1340 hoc
1425 1284 1636 1354 quidem
1664 1283 1756 1337 tibi
1801 1280 2038 1338 concedo
2060 1319 2077 1348 ,
2118 1283 2167 1336 si

578 1389 786 1429 mecum
830 1375 927 1430 ista
955 1387 1238 1445 utcumque
1267 1375 1558 1431 transilisti.
1606 1375 1681 1430 Da
1707 1374 1838 1429 mihi
1866 1375 1950 1430 vel
1977 1374 2165 1430 horam

580 1470 786 1524 tertiam
809 1509 823 1533 ,
870 1469 1038 1538 ipsum
1079 1469 1210 1524 mihi
1246 1469 1312 1524 da
1356 1469 1408 1524 in
1455 1483 1559 1540 qua
1595 1482 1674 1523 es.
1702 1467 1757 1525 Si
1783 1467 1928 1523 enim
1966 1466 2166 1538 aliquid

578 1562 698 1631 ejus
727 1562 837 1632 jam
864 1560 1150 1630 przcteriit,
1183 1570 1237 1616 et
1264 1558 1464 1631 aliquid
1493 1559 1610 1630 eius
1634 1559 1813 1615 adimo
1835 1567 2038 1626 restat;
2067 1573 2167 1616 nec

577 1654 717 1726 quod
747 1654 998 1724 praeteriit
1027 1654 1154 1708 mihi
1181 1662 1332 1724 potes
1357 1653 1506 1718 dare,
1533 1654 1657 1724 quia
1675 1653 1784 1724 iam
1806 1669 1912 1708 non
1935 1663 2038 1720 est;
2066 1668 2166 1710 nec

577 1747 717 1817 quod
748 1756 930 1813 restat,
955 1747 1076 1816 quia
1105 1748 1338 1803 nondum
1361 1756 1462 1803 est.
1487 1746 1623 1814 Quid
1649 1748 1780 1804 mihi
1801 1747 1870 1804 de
1889 1748 2019 1804 liora
2039 1748 2162 1818 ista,

577 1855 695 1910 qua:
726 1855 864 1894 nunc
891 1840 1188 1910 peragitur,
1219 1839 1410 1897 dabis?
1439 1840 1576 1907 Quid
1601 1839 1670 1896 de
1692 1840 1782 1896 illa
1811 1841 1942 1896 mihi
1970 1840 2122 1898 dabis
2143 1882 2160 1909 ,

575 1934 660 1989 cui
691 1934 1017 1991 catamitum
1050 1934 1152 1993 hoc
1176 1935 1396 1992 verbum
1424 1945 1481 1991 ut
1504 1935 1697 2003 dicam,
1721 1935 1851 1994 Est?
1873 1937 2004 1994 Cum
2031 1937 2164 1994 dicis

575 2027 748 2098 ipsum
777 2027 891 2095 Bst,
918 2041 1063 2084 certe
1083 2045 1185 2083 una
1213 2029 1416 2100 syllaba
1441 2042 1541 2096 est,
1565 2040 1619 2087 et
1638 2038 1967 2087 momentum
1997 2045 2163 2088 unum

576 2128 681 2184 est,
713 2127 768 2175 et
793 2128 899 2175 tres
924 2119 1130 2176 litteras
1153 2121 1357 2192 syllaba
1383 2121 1540 2177 habet
1571 2140 1584 2176 :
1616 2122 1668 2177 in
1696 2123 1812 2192 ipso
1837 2123 1945 2179 ictu
1968 2123 2036 2179 ad
2073 2139 2165 2181 se-

581 2219 811 2274 cundant
841 2219 997 2290 hujus
1022 2219 1168 2274 verbi
1196 2219 1424 2276 litteram
1451 2236 1556 2275 non
1579 2222 1844 2290 pervenis,
1866 2220 1970 2276 nisi
1993 2222 2164 2292 prima

581 2311 730 2368 ﬁnita
757 2311 952 2378 fuerit;
983 2313 1137 2369 tertia
1159 2328 1264 2368 non
1292 2313 1539 2380 sonabit,
1573 2314 1672 2369 nisi
1702 2325 1824 2370 eum
1853 2316 2164 2373 etsecunda

581 2406 877 2460 transierit.
905 2405 1042 2472 Quid
1087 2405 1214 2460 mihi
1262 2405 1330 2460 de
1368 2405 1468 2460 hac
1494 2419 1597 2460 una
1627 2405 1832 2477 syllaba
1870 2404 2064 2462 dabis?
2099 2406 2167 2463 Bt

579 2505 734 2552 tenes
765 2496 882 2553 dies
903 2538 918 2562 ,
945 2498 1033 2568 qui
1065 2511 1224 2552 unum
1248 2498 1506 2569 syllabam
1538 2511 1647 2553 non
1673 2499 1861 2554 tenes?
1882 2497 2164 2557 lamentis

583 2587 1030 2643 transvolantibus
1058 2595 1247 2643 cuncta
1268 2588 1562 2658 rapiuntur,
1587 2597 1798 2644 terrens
1821 2605 2002 2646 rerum
2029 2591 2162 2659 linit;

580 2679 651 2737 de
694 2695 800 2750 quo
843 2681 1192 2739 torrente.il-ie
1222 2681 1272 2734 in
1302 2680 1386 2734 via
1417 2680 1548 2736 bibit
1589 2687 1685 2751 pro
1713 2682 1898 2749 nobis,
1927 2683 2022 2754 qui
2055 2683 2165 2754 iam

581 2771 835 2828 exultavit
859 2777 1018 2844 caput
1045 2773 1062 2840 (
1075 2771 1218 2827 Ptol.
1239 2787 1348 2839 clx,
1381 2774 1457 2841 7).
1485 2772 1575 2828 isti
1598 2788 1726 2846 ergo
1745 2775 1862 2830 dies
1882 2790 1989 2831 non
2004 2775 2161 2832 sunt:

580 2867 708 2919 ante
732 2864 930 2919 abeunt
970 2868 1104 2933 pene
1124 2904 1138 2928 ,
1166 2868 1323 2934 quam
1356 2864 1607 2931 veniant;
1637 2874 1694 2920 et
1729 2877 1851 2921 cum
1881 2869 2162 2938 venerint,

579 2965 726 3012 stare
764 2963 870 3012 non
915 2965 1177 3026 possunt:
1213 2957 1438 3028 jungunt
1477 2965 1537 3015 se
1564 2960 1582 2992 ⁸
1607 2999 1626 3027 ,
1655 2964 1948 3032 sequuntur
1987 2978 2079 3029 se,
2111 2971 2167 3019 et

581 3062 688 3104 non
733 3063 794 3103 se
843 3055 1044 3103 tenent.
1077 3047 1214 3102 Nihil
1241 3049 1308 3104 de
1351 3052 1619 3120 [tr-merito
1662 3059 1991 3109 revocatur:
2023 3055 2165 3126 quod

581 3141 814 3195 futurum
842 3149 926 3196 est
951 3142 1292 3195 transiturum
1319 3149 1698 3212 exspectatur;
1726 3145 1957 3200 nondum
2001 3145 2167 3204 imber

583 3242 686 3298 tur,
719 3233 848 3288 dum
870 3249 974 3288 non
1001 3234 1179 3300 venit;
1211 3250 1314 3289 non
1344 3235 1584 3303 tenettJr,
1629 3236 1754 3291 dum
1783 3239 2010 3294 venerit.
2045 3238 2164 3294 Nat-

582 3340 778 3379 tnmmt
799 3334 928 3394 ergo
953 3325 1148 3378 dierum
1176 3331 1398 3380 meum
1433 3327 1522 3397 qui
1563 3337 1634 3382 cst
1672 3342 1691 3382 :
1720 3343 1826 3383 non
1874 3330 2030 3384 istum
2073 3330 2165 3401 qui

580 3432 693 3473 non
715 3426 796 3473 est
812 3445 833 3485 ι
859 3428 913 3473 ει
935 3417 1076 3488 quod
1104 3432 1190 3474 tne
1211 3416 1478 3474 difﬁcilius
1503 3428 1557 3475 et
1583 3421 1928 3491 periculosius
1953 3431 2164 3492 pertur-

579 3508 693 3577 bat,
717 3517 774 3564 et
798 3517 881 3564 est
904 3518 956 3564 et
979 3524 1087 3565 non
1111 3520 1216 3576 est;
1241 3519 1340 3565 net:
1370 3523 1491 3568 esse
1517 3520 1802 3584 possumus
1823 3514 2003 3570 dicere
2023 3514 2164 3585 quod

581 3617 689 3658 non
713 3611 837 3671 stat,
870 3617 969 3658 nec
994 3618 1098 3658 non
1129 3618 1248 3660 esse
1268 3605 1408 3674 quod
1430 3605 1645 3662 venitet
1673 3607 1882 3662 transit.
1913 3606 2011 3662 Est
2036 3607 2163 3663 illud

577 3693 802 3764 simplex
845 3707 1056 3763 tinnire,
1097 3693 1194 3750 Est
1230 3711 1418 3750 verum
1444 3702 1666 3766 quam,
1715 3698 1812 3752 Est
1851 3703 2162 3768 gertnanum

579 3802 765 3858 quiem
785 3827 803 3853 ,
829 3787 923 3844 Est
947 3787 1090 3859 quod
1109 3797 1192 3843 est
1221 3791 1274 3842 in
1296 3788 1384 3843 illa
1409 3789 1708 3845 Jerusalem
1730 3807 1925 3862 sponsa
1953 3793 2161 3851 Domini

577 3880 718 3946 mei,
745 3880 834 3936 ubi
862 3895 965 3936 non
996 3883 1100 3938 erit
1140 3897 1286 3936 nmrs
1310 3925 1324 3949 ,
1356 3899 1462 3938 non
1491 3885 1594 3940 erit
1619 3885 1858 3942 deiectus
1879 3929 1897 3956 ,
1924 3902 2029 3942 non
2060 3889 2163 3945 erit

559 3971 693 4030 dies
720 3973 1001 4039 transiens,
1033 3973 1125 4030 sed
1155 3991 1376 4032 manens
1396 4018 1410 4041 ,
1439 3977 1526 4048 qui
1555 3992 1656 4032 nec
1681 3978 1934 4035 hesterno
1962 3993 2163 4050 praece-

575 4063 740 4133 ditur,
765 4076 865 4122 uec
887 4066 1122 4123 crastino
1151 4067 1456 4138 impellitur.
1481 4068 1664 4138 Hunc,
1693 4071 1908 4138 inquam
1931 4111 1949 4141 ,
1977 4089 2156 4128 num-

574 4173 690 4214 rum
710 4158 908 4214 dierum
934 4173 1161 4215 meorum
1183 4163 1271 4229 qui
1291 4168 1363 4217 est
1378 4205 1393 4228 ,
1428 4169 1600 4218 notum
1624 4165 1750 4219 milri
1773 4168 1875 4237 fac.

646 4250 700 4306 8.
727 4247 796 4304 Ut
822 4251 976 4305 sciam
995 4252 1116 4324 quid
1141 4254 1266 4308 desit
1285 4254 1426 4308 mihi.
1452 4255 1563 4310 Hoc
1583 4256 1728 4311 enim
1746 4256 2048 4315 mihi-deest
2074 4259 2159 4318 hic

574 4337 874 4408 laboranti;
902 4350 955 4397 et
979 4344 1230 4412 quamdiu
1269 4344 1399 4400 mihi
1427 4345 1612 4414 deest,
1641 4363 1751 4405 non
1777 4365 1864 4407 me
1891 4351 2012 4408 dico
2033 4369 2157 4424 per-

573 4431 776 4489 fectum
808 4452 822 4489 :
850 4437 1102 4505 quamdiu
1130 4437 1233 4494 hoc
1266 4453 1370 4494 non
1409 4440 1614 4510 accipio
1634 4483 1648 4508 ,
1682 4441 1804 4499 dice
1826 4485 1843 4513 ,
1891 4443 2013 4501 Non
2037 4447 2156 4519 quin

565 4525 680 4598 jam
707 4529 1005 4596 acceperim,
1036 4538 1124 4582 aut
1143 4531 1258 4600 jam
1286 4536 1536 4602 perfectus
1559 4535 1678 4601 sint;
1697 4553 1877 4610 sequor
1896 4551 2060 4598 autem
2089 4545 2158 4599 ad

573 4620 798 4709 palmam
822 4639 1055 4694 superna:
1078 4625 1357 4681 vocationis
1377 4625 1472 4682 Dei
1493 4628 1710 4702 (Philip.
1745 4647 1829 4701 ιιι,
1860 4635 1930 4690 Β
1950 4678 1965 4703 ,
2014 4637 2105 4709 14)
2139 4657 2152 4694 :

570 4707 713 4765 banc
739 4713 993 4782 accipiam
1023 4731 1117 4784 pro
1147 4717 1391 4774 mercede
1413 4733 1602 4776 cursus
1630 4724 1757 4779 mei.
1783 4725 1986 4784 Mansio
2011 4707 2158 4800 quaa-

571 4801 693 4858 dam
738 4805 841 4860 erit
869 4805 991 4864 tinis
1035 4809 1320 4877 currendi;
1365 4822 1420 4866 et
1449 4813 1501 4868 in
1542 4815 1653 4886 ipsa
1685 4821 1960 4877 mansione
1988 4824 2153 4893 putria

571 4897 689 4952 sine
719 4899 1180 4968 peregrinatione,
1212 4905 1330 4958 sine
1367 4905 1661 4973 seditione,
1694 4913 1810 4968 sine
1841 4917 2150 4975 tentatiene.

569 4988 738 5062 Ergo,
770 4989 965 5048 Notum
1001 4999 1084 5066 [ac
1112 4996 1234 5051 mihi
1257 4996 1396 5055 hunc
1423 5017 1684 5057 numerum
1707 5006 1902 5062 dierum
1929 5024 2154 5066 meorum

569 5084 655 5156 qui
688 5093 799 5152 est,
845 5096 903 5142 ut
927 5089 1082 5144 sciam
1117 5090 1239 5160 quid
1279 5093 1404 5149 desit
1448 5097 1610 5164 mihi;
1650 5102 1772 5169 quia
1805 5103 2038 5158 nondum
2082 5105 2152 5162 ibi

567 5189 684 5233 eum
716 5194 730 5233 :
759 5191 827 5234 ne
854 5180 1154 5251 superbiam
1182 5193 1247 5238 ex
1275 5200 1344 5240 eo
1366 5185 1419 5240 in
1447 5202 1552 5258 quo
1583 5189 1701 5258 jam
1722 5205 1875 5258 sum,
1906 5202 1964 5248 ut
2004 5195 2152 5251 inve-

566 5269 684 5326 niar
710 5271 764 5327 in
793 5271 884 5328 illo
910 5289 1016 5330 non
1044 5273 1250 5332 hebetis
1275 5290 1448 5334 meam
1470 5278 1752 5350 justitiam.
1787 5283 1840 5337 in
1869 5298 2148 5356 compara-

562 5361 710 5421 tione
730 5365 873 5422 enim
892 5367 1034 5424 illius
1057 5369 1196 5439 quod
1222 5378 1338 5436 est,
1365 5371 1645 5428 attendens
1675 5374 1770 5429 ista
1795 5391 1912 5446 qua:
1943 5393 2046 5434 non
2077 5380 2147 5437 ita

560 5466 720 5524 sunt,
757 5468 812 5514 et
851 5458 969 5530 plus
998 5461 1129 5516 mibi
1170 5462 1362 5518 vid-ens
1385 5463 1572 5520 deesse
1601 5481 1761 5537 quam
1791 5468 2012 5540 adesse,
2053 5487 2146 5528 ero

562 5543 817 5604 humilior
839 5563 906 5607 ex
935 5566 1001 5607 eo
1021 5552 1164 5622 quod
1200 5552 1389 5621 deest,
1421 5569 1581 5626 quam
1609 5558 1800 5615 elatior
1821 5577 1889 5616 ex
1913 5578 1978 5618 co
2001 5564 2145 5634 quod

558 5640 730 5698 adest.
763 5642 895 5697 Nam
923 5644 1013 5714 qui
1053 5653 1239 5716 putant
1262 5661 1321 5703 se
1351 5648 1547 5719 aliquid
1572 5649 1768 5709 habere
1795 5670 1916 5710 cum
1949 5656 2033 5712 hic
2061 5658 2142 5712 .vi-

548 5743 722 5803 Vunt,
754 5735 1118 5806 superbiendo
1155 5754 1264 5796 non
1310 5741 1576 5815 aecipiuut
1616 5739 1757 5818 quod
1797 5743 1990 5821 deest;
2021 5751 2141 5824 quia

619 5845 636 5878 ί
662 5853 858 5912 Septem
883 5857 1006 5914 Mss,
1030 5854 1199 5917 urgent
1219 5863 1285 5905 te.

1821 337 1882 396 Si
1922 332 2294 396 Αυιιυθτιιιι
2332 333 2638 399 EPIECOPI

2281 468 2531 548 magnum
2558 465 2750 528 putant
2768 471 2891 517 esse
2924 460 3070 533 quod
3115 458 3270 524 adest
3293 485 3310 524 ι
3335 469 3425 542 qui
3447 473 3614 531 enin
3649 477 3798 548 βιιιιι
3819 491 3870 544 te

2275 559 2396 602 esse
2421 547 2652 618 aliquid,
2683 567 2806 608 cum
2835 553 2967 610 nihil
2990 556 3082 623 sit,
3113 561 3459 633 semetipsum
3491 547 3718 625 seducit
3741 572 3867 647 (est.

2275 653 2348 705 vr,
2382 639 2463 710 ὅ).
2487 639 2596 697 Nec
2620 643 2704 697 isti
2733 658 2799 699 ex
2831 647 2935 704 hoe
2961 650 3142 720 magni
3167 658 3330 709 sunt:
3361 672 3487 714 nam
3517 660 3580 716 et
3601 639 3806 722 inﬂatio
3825 679 3866 727 et

2275 737 2458 785 tumor
2498 731 2736 790 imitatur
2763 737 3224 813 magnitudinem,
3249 746 3351 804 sed
3385 759 3497 807 non
3534 751 3706 812 habui
3747 764 3869 816 saui-

2275 829 2458 879 tatem.

2343 918 2397 973 9;
2422 917 2583 1018 ium.
2614 921 2696 1018 ii.)
2734 922 2853 981 Iam
2889 931 3021 1000 ergo
3057 931 3160 988 ille
3189 939 3498 996 transiliens
3525 944 3706 1013 agens
3733 948 3864 1018 quid-

2272 1007 2395 1065 dam
2421 1011 2474 1065 in
2501 1013 2664 1069 corde
2686 1017 2954 1074 occultum
2980 1047 2994 1086 ,
3022 1023 3168 1092 quod
3193 1039 3300 1082 non
3344 1031 3495 1087 novit
3523 1007 3641 1090 nisi
3668 1007 3766 1107 qui
3787 1045 3866 1111 pa.

2271 1103 2403 1160 riter
2429 1107 2556 1176 agit;
2586 1113 2836 1181 tanquam
2867 1123 2996 1170 noto
3024 1116 3124 1173 sibi
3156 1117 3294 1176 tholo
3321 1123 3428 1180 mle
3446 1135 3557 1182 suo
3583 1103 3866 1201 impensius

2270 1195 2411 1264 quod
2440 1199 2683 1268 rogavit,
2729 1211 2857 1258 noto
2900 1205 3000 1262 sibi
3044 1206 3185 1266 facto
3232 1220 3458 1271 numero
3485 1195 3720 1276 dict-ltiti
3759 1229 3867 1280 sito-

2269 1302 2390 1343 rum
2415 1329 2430 1352 ,
2462 1303 2566 1345 non
2595 1293 2684 1362 qui
2728 1297 2948 1366 transit,
2981 1300 3076 1355 sed
3107 1303 3196 1373 qui
3219 1312 3338 1372 est,
3379 1310 3623 1366 attendit
3671 1313 3740 1370 ad
3768 1312 3863 1375 1ης

2269 1389 2390 1448 qua:
2433 1383 2712 1439 transilivit
2738 1419 2755 1453 ,
2782 1396 2838 1442 et
2872 1396 3200 1461 comparavit
3228 1398 3432 1456 notitia:
3472 1405 3758 1473 Super-iuri
3785 1421 3864 1467 :et

2270 1475 2519 1541 tanquam
2545 1473 2753 1533 diceres
2776 1479 2824 1534 ei
2843 1520 2858 1545 ,
2887 1480 3063 1546 Quare
3092 1484 3407 1546 desidet-usu
3437 1499 3741 1552 numerum
3763 1498 3860 1556 die-

2268 1575 2388 1616 rum
2422 1573 2630 1621 tuorum
2655 1569 2746 1639 qui
2772 1570 2893 1626 est?
2917 1570 3045 1644 quid
3081 1578 3224 1633 enim
3254 1580 3320 1636 de
3341 1582 3536 1641 diebus
3560 1587 3687 1644 istis
3713 1589 3863 1648 dicit?

2268 1653 2338 1751 de
2363 1654 2456 1712 illo
2483 1657 2633 1751 θῦε-³
2671 1661 2952 1720 attendens
2980 1666 3094 1722 haec
3118 1670 3192 1724 alt
3219 1689 3234 1725 :
3264 1670 3399 1729 Euce
3424 1685 3627 1736 veteres
3668 1684 3861 1751 potuisti

2267 1745 2375 1804 dies
2391 1764 2546 1804 meost
2571 1749 2922 1812 Veteresebnt
2945 1759 3087 1815 enim
3115 1761 3188 1830 ltl,
3217 1779 3318 1836 ego
3343 1783 3510 1826 novos
3537 1745 3692 1842 volo,
3714 1783 3862 1834 novos

2267 1849 2539 1913 nunquam
2584 1857 3003 1919 veterascentes;
3055 1857 3112 1909 ut
3153 1856 3326 1912 dicam
3353 1901 3366 1927 ,
3401 1849 3609 1920 Vetera
3654 1870 3859 1928 transie-

2268 1942 2433 2003 runt,
2465 1951 2590 1994 ecce
2614 1938 2757 1996 facta
2783 1953 2909 1998 sunt
2945 1957 3078 2002 nova
3110 1946 3178 2023 (li
3205 1950 3321 2006 Cor.
3366 1959 3431 2022 ν,
3463 1957 3564 2032 17)
3601 1977 3616 2014 :
3653 1973 3794 2019 nunc
3816 1965 3857 2022 in

2267 2037 2396 2128 spe,
2441 2037 2567 2088 tunc
2603 2035 2659 2090 in
2700 2045 2780 2092 re.
2812 2036 3049 2095 tonanti
3079 2043 3223 2099 enim
3250 2043 3354 2104 nde
3395 2047 3449 2105 et
3487 2058 3596 2124 spe
3621 2098 3638 2123 ,
3681 2069 3855 2128 quanta

2263 2121 2442 2179 adhuc
2473 2134 2654 2184 vetera
2698 2131 2945 2200 agimus?
2987 2133 3104 2190 Non
3145 2138 3288 2194 enim
3339 2141 3416 2198 sic
3444 2121 3678 2203 censio
3698 2121 3856 2207 induti

2267 2227 2474 2282 minus,
2504 2226 2562 2271 ut
2587 2231 2654 2273 sx
2678 2219 2848 2275 Atiam
2872 2222 2980 2292 jam
3013 2226 3147 2281 nihil
3177 2234 3468 2298 portemus;
3496 2233 3699 2294 Videte
3726 2251 3851 2298 rete-

2268 2308 2566 2362 rascentern
2593 2305 2796 2378 Adam,
2829 2322 2882 2368 et
2909 2315 3147 2374 innovari
3183 2320 3452 2381 Christum
3478 2327 3536 2385 in
3571 2329 3731 2388 nobis
3763 2332 3853 2388 γει

2268 2396 2312 2451 si
2339 2399 2556 2452 exterior
2577 2439 2592 2466 ,
2627 2401 2818 2473 inquit,
2847 2407 2996 2462 [tento
3022 2417 3192 2467 noster
3215 2419 3571 2490 corrumpitur
3591 2465 3605 2489 ,
3634 2417 3726 2480 sed
3747 2425 3849 2481 inta-

2267 2489 2375 2542 sior
2395 2501 2670 2586 renouatur
2699 2495 2764 2550 de
2811 2497 2892 2552 die
2934 2500 2988 2553 in
3015 2501 3149 2557 diem
3193 2493 3304 2576 (id.
3335 2489 3429 2576 iv,
3463 2511 3586 2584 ιο).
3623 2512 3763 2586 Ergo
3796 2517 3848 2573 ad

2269 2593 2584 2649 peceatum-,—
2607 2581 2674 2640 ad
2703 2589 3077 2648 momittatem
3098 2635 3113 2662 ,
3143 2595 3210 2651 ad
3255 2581 3841 2668 prmtervoiantia'tem-

2269 2688 2416 2744 pora,
2447 2676 2513 2731 ad
2537 2680 2794 2748 gemitum
2817 2691 2872 2738 et
2886 2682 3127 2744 laborem
3155 2695 3209 2746 ει
3236 2693 3485 2751 Sudorem
3509 2695 3557 2765 ³,
3588 2700 3659 2756 a‘d
3689 2705 3843 2757 remes

2267 2771 2651 2838 succedentes,
2703 2786 2808 2832 non
2853 2785 3165 2850 manentes,
3197 2784 3267 2842 ab
3307 2787 3534 2846 infantia
3590 2797 3757 2865 iisque
3789 2793 3842 2852 ειά

2267 2872 2601 2920 senectutem
2627 2867 2744 2922 sine
2767 2883 2928 2926 sensu
2957 2879 3316 2945 transeuntes,
3339 2880 3407 2936 ad
3433 2880 3554 2940 lucc
3579 2885 3839 2944 attenderi-

2269 2963 2384 3022 tes,
2413 2956 2690 3015 videamus
2712 2960 2802 3017 hic
2825 2970 3059 3021 veterem
3090 2967 3383 3041 hominem,
3411 2983 3656 3034 "veterem
3685 2975 3836 3048 diem,

2268 3053 2423 3104 vetus
2450 3052 2749 3120 canticum,
2793 3053 2957 3112 Vetus
2983 3057 3428 3122 Testamentum:
3475 3071 3726 3127 cdnvet‘si
3765 3075 3841 3127 ait”.

2269 3147 2376 3195 teni
2420 3141 2487 3198 ad
2517 3142 2824 3202 interiorem
2847 3147 2889 3216 ³,
2918 3149 2985 3205 ad
3010 3157 3071 3206 ea
3099 3159 3219 3224 qua:
3241 3156 3538 3216 introvantla
3569 3167 3725 3231 sunt,
3761 3167 3837 3235 pro

2259 3230 2353 3289 his
2371 3247 2492 3306 quae
2518 3235 2960 3310 imn'tutabu'mur,
2989 3242 3320 3309 inveniamus
3343 3248 3618 3311 hominem
3647 3230 3833 3322 novum,

2266 3323 2408 3382 diem
2449 3339 2678 3397 novam,
2722 3334 2986 3390 canticum
3030 3346 3259 3409 novum,
3303 3340 3712 3404 Testamentum
3747 3341 3834 3403 Ns-

2269 3427 2432 3486 vum;
2457 3429 2513 3476 et
2537 3421 2615 3477 sic
2643 3429 2885 3481 amemus
2914 3426 3070 3484 istam
3096 3434 3427 3504 novitatem,
3461 3449 3519 3494 ut
3547 3445 3657 3497 non
3696 3439 3761 3497 ibi
3784 3437 3834 3496 ti-

2266 3521 2505 3571 meamus
2555 3525 2890 3577 vetustatem.
2930 3522 3082 3582 Nune
3123 3535 3252 3600 ergo
3275 3526 3328 3585 in
3365 3527 3466 3589 hoc
3492 3539 3664 3593 cura:
3684 3542 3832 3592 trans-

2254 3604 2412 3662 illius
2435 3617 2466 3662 ιι
2493 3610 2764 3667 Veteribus
2791 3613 2860 3669 ad
2886 3623 3020 3671 nova
3049 3631 3066 3673 :
3094 3617 3208 3690 ipse
3236 3621 3492 3681 transitus
3529 3629 3708 3698 agitur
3734 3631 3828 3685 cum

2265 3701 2681 3770 corrumpuntur
2705 3703 2999 3776 exteriora,
3031 3716 3085 3765 et
3108 3709 3430 3771 inuertian
3447 3713 3728 3788 interiera;
3748 3715 3826 3776 do-

2266 3799 2367 3847 nee
2395 3793 2555 3849 etiam
2601 3795 2703 3851 hoc
2751 3797 2925 3867 ipsum
2973 3801 3114 3872 quod
3171 3807 3407 3864 exterius
3452 3813 3824 3884 corrumpitur,

2264 3885 2451 3941 reddat
2477 3887 2716 3944 debitum
2744 3901 2968 3960 natm-zu,
2997 3897 3176 3952 veniat
3205 3894 3256 3954 in
3288 3907 3536 3968 martem,
3568 3915 3828 3964 renovetur

2261 3985 2318 4033 et
2365 3978 2467 4034 hoc
2512 3979 2569 4036 in
2614 3983 3024 4043 resurrectione;
3077 3983 3120 4042 Τ
3123 3996 3226 4045 unc
3271 3987 3402 4048 ﬂent
3443 4003 3630 4054 revera
3676 3997 3826 4054 enim:

2263 4079 2398 4130 nova
2422 4117 2438 4144 ,
2466 4074 2667 4148 reliqua
2695 4091 2814 4149 quae
2844 4091 2986 4137 nunc
3022 4076 3222 4140 suntin
3249 4101 3343 4158 Spe
3368 4083 3411 4144 ⁸.
3440 4087 3571 4163 Agis
3597 4095 3720 4166 ergo
3744 4089 3824 4146 ali-

3781 356 3876 429 ﬁt!

3921 3185 3931 3278 1

3919 3895 3931 4050 l

2262 4166 2392 4240 quid
2417 4176 2557 4226 nunc
2580 4185 2610 4226 a
2643 4171 2912 4230 veteribus
2941 4185 2995 4232 ιε
3030 4179 3283 4256 exuendo
3307 4221 3321 4246 ,
3364 4189 3416 4238 et
3461 4182 3515 4238 in
3551 4189 3687 4242 nova
3723 4191 3821 4240 c‘ur-
3929 4195 3931 4218 ι

2261 4260 2452 4323 tendo.
2481 4263 2536 4320 in
2567 4273 2702 4322 nova
2727 4281 2854 4339 ergo
2891 4281 3115 4326 currens
3141 4267 3241 4328 iSIe
3262 4315 3276 4339 ,
3309 4284 3363 4330 et
3403 4273 3455 4331 in
3485 4283 3548 4334 ea
3575 4286 3690 4349 quae
3720 4279 3819 4331 ante

2260 4364 2388 4412 sunt
2410 4361 2682 4427 extentus,
2714 4359 2926 4429 Notum,
2956 4362 3141 4434 inquit,
3173 4361 3410 4436 Domine,
3439 4363 3524 4442 fac
3547 4373 3671 4427 mihi
3694 4363 3816 4443 ﬁniuit

2261 4455 2424 4505 meum
2449 4492 2464 4517 ,
2496 4460 2545 4504 et
2565 4462 2828 4506 numerum
2854 4451 3049 4509 dierum
3088 4467 3312 4513 meorum
3354 4463 3443 4534 q'ui
3464 4469 3540 4518 est
3561 4506 3576 4529 ,
3603 4465 3659 4518 ut
3689 4461 3815 4518 scisti!

2260 4541 2386 4613 quid
2404 4542 2531 4596 desit
2559 4543 2700 4596 milii.
2734 4543 2874 4601 Ecce
2897 4547 3059 4604 trahit
3087 4550 3261 4608 adhuc
3289 4544 3480 4621 Adam,
3514 4555 3568 4612 et
3596 4557 3670 4612 sic
3695 4549 3812 4610 l‘csti-

2259 4644 2353 4692 nat
2395 4636 2461 4694 ad
2492 4636 2783 4694 Christum.
2827 4638 2988 4711 Ecce,
3033 4644 3236 4716 inquit,
3267 4655 3450 4704 veteres
3495 4649 3702 4722 posuisti
3732 4647 3812 4702 die:

2259 4737 2416 4784 Meos.
2450 4725 2670 4785 Veteres
2694 4731 2809 4787 dies
2835 4746 2901 4788 ex
2946 4733 3148 4802 Adam,
3183 4743 3388 4794 veteres
3419 4733 3539 4796 illos
3584 4735 3808 4812 pOsuisti:

2258 4827 2596 4878 veteraseunt
2619 4822 2887 4894 quotidie;
2915 4833 2969 4881 et
2996 4827 3073 4881 sic
3096 4837 3453 4899 vetcrascunt,
3484 4845 3539 4887 ut
3563 4829 3809 4905 aliquando

2259 4914 2417 4968 etiam
2445 4926 2842 4970 consumantur.
2891 4911 2958 4970 Et
2995 4913 3276 4975 substantia
3322 4933 3430 4978 mea
3459 4916 3810 4996 tanquamuiltil

2258 5017 2376 5060 ante
2418 5015 2482 5060 te.
2523 5005 2662 5061 Ante
2694 5017 2744 5063 te
2768 5050 2782 5075 ,
2816 5007 3038 5064 Domine
3063 5050 3077 5076 ,
3110 5018 3357 5082 tanquam
3391 5013 3522 5070 nillil
3554 5011 3806 5073 substantia

2257 5110 2376 5152 mea
2397 5139 2410 5164 ,
2437 5107 2560 5153 ante
2591 5107 2641 5153 ιε
2666 5099 2756 5169 qui
2802 5098 2950 5154 vides
2980 5099 3081 5156 hoc
3114 5119 3126 5156 :
3157 5111 3209 5158 et
3253 5119 3352 5176 ego
3377 5116 3495 5163 cum
3526 5109 3625 5165 hoc
3655 5105 3804 5165 video.

2258 5199 2379 5245 ante
2420 5197 2472 5246 te
2511 5192 2702 5260 video,
2733 5200 2856 5248 ante
2885 5194 3130 5252 homines
3171 5205 3276 5254 non
3307 5199 3481 5257 video.
3525 5197 3658 5271 Quid
3695 5199 3804 5257 enim

2256 5277 2474 5336 dicam?
2500 5283 2690 5352 quibus
2713 5283 2889 5341 verbis
2915 5287 3215 5354 OStendiun,
3247 5283 3380 5347 nihil
3407 5301 3525 5349 esse
3556 5294 3690 5366 qhod
3715 5302 3803 5347 sum

2256 5373 2311 5428 in
2344 5369 2741 5444 comparatione
2778 5377 2891 5448 ejus
2917 5377 3056 5449 (Ῑιιοά
3099 5388 3182 5435 est
3205 5377 3232 5434 τ’
3253 5381 3357 5438 Sed
3391 5384 3532 5441 intus
3559 5379 3734 5442 dicitur
3755 5379 3801 5444 ⁸,

2319 5489 2335 5520 ι
2363 5484 2737 5564 undecimum”
2762 5496 2834 5539 De
2871 5487 2956 5541 illo
2987 5488 3085 5543 alto
3105 5494 3371 5546 attendens.
3396 5493 3482 5546 Alii
3504 5505 3717 5564 septem,
3739 5490 3803 5546 Illi:

2255 5551 2318 5601 de
2339 5549 2436 5600 alto
2456 5551 2721 5601 attendens.

2316 5615 2337 5675 ξ
2360 5613 2493 5670 Edd.,
2518 5618 2563 5661 et
2585 5612 2811 5675 saniorem
2835 5614 2952 5668 {Idm
2979 5629 2996 5667 :
3018 5617 3159 5670 abth
3180 5619 3300 5673 Λιω
3325 5635 3356 5673 a
3377 5627 3486 5675 Mss.

2315 5669 2336 5736 Ρ
2359 5681 2430 5723 Sic
2450 5668 2553 5722 uss.
2580 5668 2690 5736 edd.
2716 5690 2849 5736 vero,
2879 5677 2942 5729 ad
2965 5668 3212 5733 interiora.

2313 5734 2338 5806 ξ
2359 5737 2441 5806 Hic
2463 5736 2514 5785 in
2669 5734 2858 5806 additur
2877 5745 2990 5806 sunt
3017 5754 3034 5791 :
3058 5741 3188 5806 quod
3209 5744 3363 5797 a'd'tss.
3391 5741 3548 5799 abest.

2312 5797 2546 5877 3.5951319?
2567 5805 2716 5877 ,t'ss»
3025 5797 3091 5877 εί
3105 5809 3416 5877 summa;
3429 5797 3672 5877 ῖρεὸιιωιγ
3696 5812 3796 5858 αντα

2253 5861 2505 5926 utrumth
2521 5875 2540 5925 ;
2564 5864 2646 5915 ubi
2670 5864 2885 5917 conuiuii
2908 5866 3036 5930 artis,
3055 5866 3180 5924 unus
3197 5863 3474 5936 irrumat:

3455 6231 3952 6422 .«J
