3960 6408
638 321 748 382 ιεδ

643 453 791 495 neas.
816 435 997 510 Ipsum
1027 435 1186 494 hodie
1213 453 1227 490 :
1255 450 1322 494 ex
1362 449 1470 508 quo
1493 434 1640 507 loqui
1673 435 1936 507 cepimus
1971 451 2142 508 usque
2164 434 2234 491 ad

642 532 744 588 hoc
771 539 1117 596 momentum,
1146 529 1315 585 sentis
1353 528 1477 599 quia
1527 529 1824 585 senuimus.
1862 527 2047 601 Neque
2087 529 2233 586 enim

639 626 819 683 cernis
847 632 902 680 et
947 624 1274 678 incrementa
1318 621 1635 693 capillorum
1682 632 1935 688 tuorum;
1987 629 2044 678 et
2092 637 2234 678 nunc

638 733 761 774 cum
784 725 915 780 stas,
944 729 1065 771 cum
1097 713 1184 770 hic
1210 729 1291 782 es,
1319 729 1440 769 cum
1459 715 1573 785 agis
1592 714 1812 784 aliquid,
1831 729 1951 772 cum
1971 713 2227 785 loqueris,

636 810 689 866 in
717 820 768 866 te
796 817 1043 866 crescunt
1063 807 1238 879 capilli
1269 806 1343 863 tui
1368 825 1382 863 :
1414 823 1586 879 neque
1615 809 1758 864 enim
1788 815 2011 878 repente
2037 822 2229 864 ereveo

633 913 779 970 runt,
811 911 868 957 ut
892 912 1162 958 tonsorem
1190 915 1479 972 quaereres.
1508 901 1696 972 Agitur
1722 915 1851 970 ergo
1885 909 2016 955 retas
2047 907 2228 956 trans-

632 996 838 1062 volans,
873 1002 928 1051 et
970 993 1025 1049 in
1053 993 1493 1065 intelligentibus,
1533 1001 1589 1048 et
1625 1007 1729 1047 non
1775 991 2148 1058 sentientibus,
2173 999 2229 1048 et

631 1087 687 1144 in
719 1087 862 1144 aliud
891 1087 1031 1144 male
1059 1085 1354 1158 occupatis.
1386 1084 1608 1141 Transis
1647 1092 1728 1151 tu,
1756 1092 1813 1141 et
1835 1099 2020 1140 servas
2046 1092 2226 1139 trans-

623 1181 782 1238 .eunti
813 1180 923 1236 lilio
949 1189 1062 1236 tuo.
1091 1179 1274 1236 Primo
1319 1177 1422 1234 hoc
1449 1193 1480 1234 a
1516 1187 1567 1233 te
1587 1193 1790 1248 quzero,
1818 1177 1936 1233 Scis
1956 1191 2077 1232 eum
2101 1190 2228 1248 pos-

632 1287 908 1329 sessurum
940 1271 1028 1329 cui
1063 1269 1284 1328 servas?
1307 1279 1402 1325 aut
1433 1269 1481 1326 si
1526 1268 1762 1324 nondum
1807 1277 1963 1324 natus
1989 1278 2093 1336 est,
2118 1268 2228 1325 scis

633 1365 1007 1422 nasciturum?
1034 1364 1229 1422 Servas
1257 1363 1397 1430 filiis,
1427 1362 1686 1417 incertum
1715 1369 1799 1416 est
1825 1375 1892 1416 an
1916 1360 2125 1426 futuris,
2154 1374 2224 1414 an

635 1457 968 1532 possessuris
995 1472 1010 1509 :
1039 1469 1141 1510 nec
1168 1453 1382 1523 reponis
1413 1451 1719 1507 thesaurum
1759 1451 1846 1506 ubi
1887 1449 2226 1520 reponendus

635 1558 739 1609 est.
768 1549 888 1605 Non
918 1546 1060 1603 enim
1089 1544 1344 1600 Dominus
1371 1551 1493 1599 tuus
1517 1557 1676 1599 servo
1698 1557 1796 1597 suo
1820 1541 1922 1598 tale
1942 1540 2224 1596 consilium

635 1643 808 1707 daret,
840 1649 902 1697 ut
931 1638 1195 1710 peculium
1222 1651 1374 1692 suum
1406 1635 1672 1706 perderet.
1700 1633 2010 1690 Peculiosus
2037 1648 2224 1689 servus

635 1749 696 1792 es
745 1730 1020 1803 cujusdam
1068 1728 1243 1800 magni
1283 1726 1449 1798 patris
1489 1726 1736 1782 familias.
1779 1723 1932 1794 Quod
1973 1739 2123 1779 amas
2169 1729 2226 1779 et

634 1824 775 1897 quod
824 1822 989 1879 habes
1036 1821 1152 1892 ipse
1202 1818 1296 1875 tibi
1333 1818 1500 1884 dedit,
1544 1825 1602 1874 et
1642 1831 1749 1872 non
1778 1815 1892 1872 vult
1920 1825 1979 1871 ut
2027 1813 2223 1886 perdas

634 1915 776 1988 quod
803 1915 897 1970 tibi
931 1911 1098 1980 dedit,
1141 1910 1230 1983 qui
1272 1919 1329 1966 et
1369 1909 1606 1981 seipsum
1651 1908 1744 1964 tibi
1783 1907 1948 1964 dabit.
1985 1906 2092 1965 Sed
2125 1921 2226 1962 nec

632 2008 757 2075 hoc,
784 2007 1022 2077 inquam,
1053 2002 1194 2075 quod
1222 2001 1314 2057 tibi
1335 2001 1403 2056 ad
1432 2010 1643 2072 tempus
1667 1999 1832 2068 dedit,
1859 1999 1974 2055 vult
2011 2008 2070 2054 ut
2098 2013 2224 2069 per-

633 2100 750 2156 das.
794 2097 1016 2154 Multum
1043 2103 1146 2160 est,
1189 2093 1468 2157 exuberat,
1499 2089 1903 2162 supergreditur
1934 2089 2077 2146 vires
2122 2103 2224 2145 ne-

633 2191 896 2250 cessitatis
927 2199 1048 2251 tute,
1067 2187 1178 2256 jam
1207 2195 1355 2242 certe
1384 2182 1710 2255 superfluum
1752 2182 2038 2253 deputatur
2069 2199 2082 2235 :
2124 2195 2224 2237 nec

634 2284 738 2340 hoc
765 2282 887 2338 volo
916 2287 974 2335 ut
1001 2277 1212 2350 perdas,
1242 2277 1317 2331 ait
1347 2275 1604 2331 Dominus
1633 2283 1777 2329 tuus.
1808 2272 1876 2329 Et
1901 2272 2028 2343 quid
2057 2271 2222 2328 facio?

631 2379 820 2448 Migra,
846 2374 936 2431 ubi
965 2371 1190 2444 posuisti
1227 2384 1335 2425 non
1364 2377 1448 2424 est
1477 2376 1622 2423 tutus
1652 2367 1670 2400 ί
1695 2366 1868 2422 locus.
1913 2364 2072 2421 Certe
2101 2379 2220 2421 ser-

630 2469 746 2525 vire
772 2468 794 2500 ⁸
846 2465 927 2520 vis
965 2461 1202 2518 avaritiae
1242 2476 1258 2513 :
1300 2457 1425 2514 vide
1466 2471 1534 2514 ne
1569 2455 1708 2512 forte
1742 2463 1798 2513 et
1842 2455 1944 2526 ipsi
1981 2455 2220 2510 avaritia:

629 2565 888 2631 congruat
911 2551 1194 2613 consilium
1217 2564 1414 2606 meum.
1448 2547 1657 2603 Habere
1682 2547 1825 2603 enim
1855 2545 1936 2601 vis
1957 2545 2099 2618 quod
2121 2545 2219 2602 ha-

628 2653 744 2718 bes,
768 2658 823 2708 et
850 2664 956 2704 non
987 2646 1212 2716 perdere
1244 2659 1260 2697 :
1303 2639 1529 2698 ostendo
1567 2638 1662 2696 tibi
1689 2640 1866 2696 locum
1907 2638 1996 2694 ubi
2024 2652 2214 2709 ponas.

626 2747 706 2804 Ne
735 2743 1062 2802 thesaurizes
1086 2739 1138 2794 in
1168 2746 1310 2794 terra
1324 2778 1342 2805 ,
1370 2735 1614 2792 nesciens
1633 2734 1716 2789 cui
1737 2747 2031 2805 congreges
2054 2745 2138 2799 ea,
2161 2738 2217 2788 et

624 2847 811 2911 pOStea
851 2827 1301 2905 quemadmodum
1343 2833 1759 2895 consumpturus
1805 2825 1874 2880 sit
1922 2823 2014 2894 qui
2039 2822 2214 2894 possi-

623 2929 794 2994 debit,
817 2925 907 2996 qui
933 2921 1154 2979 tenebit.
1179 2917 1344 2975 Forte
1372 2916 1516 2974 enim
1540 2930 1824 2988 possessus
1847 2915 2140 2986 possidebit
2166 2917 2211 2986 ⁸,

622 3032 680 3079 et
697 3018 888 3092 quoda
931 3024 985 3071 te
1026 3012 1245 3069 habebit
1270 3027 1376 3067 non
1407 3009 1627 3066 tenebit.
1657 3008 1820 3064 Forte
1855 3023 1976 3064 cum
2003 3009 2053 3064 ei
2099 3024 2213 3065 ser-

619 3129 738 3179 vas,
765 3118 1049 3180 antequam
1071 3105 1163 3161 ille
1185 3103 1364 3162 veniat
1389 3111 1444 3158 tu
1465 3100 1680 3173 perdes.
1711 3099 2061 3156 Sollicitudini
2105 3109 2210 3157 tuae

620 3201 900 3261 consilium
943 3197 1051 3254 do:
1083 3194 1447 3252 Thesaurisate
1487 3192 1629 3247 vobis
1669 3191 1956 3247 thesaurum
1992 3191 2046 3246 in
2084 3192 2210 3248 calo

623 3295 835 3370 (Matth.
860 3309 933 3362 Vt,
957 3291 1075 3363 20).
1100 3290 1198 3346 Hic
1227 3289 1279 3344 in
1307 3297 1449 3344 terra
1474 3287 1520 3343 si
1544 3285 1708 3342 velles
1733 3300 1952 3342 servare
1972 3284 2204 3356 divitias,

617 3403 890 3462 qumreres
917 3387 1170 3441 horreum
1209 3399 1224 3436 :
1265 3380 1405 3437 forte
1447 3394 1554 3435 non
1602 3377 1851 3435 crederes
1889 3378 2070 3434 domui
2102 3389 2206 3436 tua:

617 3487 834 3553 propter
857 3476 1182 3533 domesticos
1207 3482 1325 3528 tuos
1352 3488 1365 3525 :
1397 3470 1804 3527 commendares
1826 3469 1894 3526 ad
1918 3471 2092 3526 vicum
2117 3487 2204 3527 ar-

614 3572 912 3645 gentarium
942 3568 1003 3624 δε
1031 3567 1264 3623 difficilis
1289 3571 1371 3622 est
1405 3564 1545 3620 enim
1573 3563 1646 3619 ibi
1671 3577 1846 3630 casus,
1881 3562 1966 3618 fur
1992 3579 2101 3620 non
2128 3564 2205 3620 fa-

612 3663 716 3720 cile
735 3659 960 3725 acccdit,
988 3657 1125 3714 bene
1154 3655 1332 3712 omnia
1359 3663 1659 3709 servantur.
1696 3653 1873 3722 Quare
1917 3654 2016 3708 ista
2053 3653 2201 3726 cogi-

614 3765 716 3820 tas,
744 3752 845 3808 nisi
870 3749 992 3822 quia
1032 3763 1139 3804 non
1179 3747 1346 3802 habes
1369 3745 1561 3801 melius
1603 3743 1693 3800 ubi
1741 3745 1961 3800 serves?
1989 3744 2126 3814 Quid
2154 3745 2201 3801 si

611 3845 750 3902 dabo
776 3840 1005 3898 melius?
1034 3839 1213 3895 Dicam
1241 3836 1352 3902 tibi,
1391 3835 1512 3891 Noli
1548 3833 1926 3890 commendare
1951 3834 2076 3890 huic
2100 3835 2201 3890 mi-

616 3952 716 3994 nus
741 3933 955 3998 idoneo,
986 3931 1081 3987 sed
1112 3938 1196 3986 est
1220 3927 1434 4000 quidam
1469 3926 1712 3994 idoneus,
1742 3925 1817 3981 illi
1846 3926 2196 3983 commenda:

610 4029 772 4085 habet
799 4038 989 4097 magna
1016 4022 1233 4088 horrea,
1266 4019 1355 4075 ubi
1385 4019 1558 4089 perire
1586 4033 1692 4073 non
1723 4015 1928 4088 possint
1956 4017 2196 4085 divitiae;

611 4133 838 4192 magnus
878 4129 1044 4187 super
1067 4126 1258 4169 omnes
1285 4109 1475 4166 divites
1505 4109 1652 4165 dives
1677 4118 1778 4164 est.
1810 4107 1928 4164 Jam
1956 4109 2091 4163 forte
2118 4107 2202 4164 di-

608 4224 792 4270 cturus
817 4223 896 4275 es,
931 4206 999 4261 Et
1022 4202 1233 4275 quando
1261 4200 1434 4256 audeo
1473 4199 1564 4255 tali
1601 4197 2013 4254 commendare?
2058 4197 2197 4266 Quid

608 4306 655 4362 si
685 4305 800 4375 ipse
831 4311 884 4356 te
925 4296 1202 4354 hortatur?
1231 4295 1477 4365 Agnosco
1514 4291 1687 4358 illum,
1710 4305 1817 4345 non
1849 4291 2020 4345 solum
2046 4300 2198 4362 pater

611 4397 838 4455 familias
862 4401 964 4459 est,
994 4388 1090 4446 sed
1121 4395 1177 4444 et
1208 4386 1464 4442 Dominus
1502 4393 1622 4438 tuus
1659 4391 1762 4439 est.
1802 4380 1957 4448 Nolo,
1999 4383 2194 4455 inquit,

606 4505 762 4550 serve
786 4500 957 4547 meus,
991 4480 1178 4553 perdas
1199 4477 1463 4549 peculium
1507 4484 1676 4542 tuum,
1715 4487 1945 4546 agnosce
1973 4474 2060 4531 ubi
2098 4490 2197 4546 po-

608 4598 705 4639 nas
733 4599 746 4634 :
775 4591 941 4649 quare
966 4573 1037 4629 ibi
1063 4569 1218 4642 ponis
1239 4567 1327 4624 ubi
1353 4565 1524 4638 possis
1548 4564 1812 4629 amittere;
1842 4565 1931 4619 ubi
1959 4565 2060 4620 etsi
2086 4579 2194 4622 non

607 4674 841 4736 amittas,
865 4668 937 4724 ibi
958 4676 1272 4738 permanere
1287 4670 1546 4732 perpetuo
1567 4669 1622 4713 tu
1637 4673 1741 4714 non
1763 4659 1940 4729 potes?
1955 4659 2048 4714 Est
2059 4658 2195 4715 alius

585 4769 776 4831 locus,
803 4777 911 4835 quo
954 4769 1007 4816 te
1051 4755 1388 4814 transferam.
1430 4751 1703 4809 Pnrcedat
1736 4761 1788 4807 te
1817 4750 1954 4822 quod
1992 4749 2189 4818 habes;

576 4865 596 4950 ξ

607 4859 714 4917 noli
754 4857 943 4912 timere
987 4866 1054 4906 ne
1096 4847 1320 4920 perdas;
1363 4843 1519 4901 dator
1561 4858 1662 4916 ego
1688 4858 1855 4908 eram,
1889 4850 2069 4898 custos
2091 4857 2193 4914 ego

577 4940 720 5008 z'ero.
745 4948 880 5005 Dicit
911 4944 1005 5002 tibi
1036 4942 1139 4998 hoc
1166 4940 1422 4996 Dominus
1452 4947 1574 4994 tuus
1605 4954 1620 4992 :
1652 4935 1811 4992 fidem
1841 4945 1982 4990 tuam
2021 4935 2191 4992 inter-

573 5018 590 5066 li
603 5059 731 5116 roga
759 5043 802 5108 ⁵,
831 5039 952 5096 vide
980 5037 1025 5093 si
1060 5033 1191 5091 velis
1233 5032 1306 5089 illi
1332 5030 1574 5088 credere.
1624 5029 1871 5086 Dicturus
1899 5045 1978 5095 es,
2007 5027 2193 5085 Perdi-

605 5113 718 5192 tum
741 5135 912 5190 habeo
937 5129 1078 5202 quod
1103 5143 1209 5184 non
1237 5127 1410 5191 video,
1441 5125 1528 5180 hic
1547 5123 1672 5180 illud
1699 5123 1820 5178 volo
1833 5122 2036 5178 videre.
2055 5121 2190 5177 Dum

603 5231 688 5284 vis
717 5227 804 5282 hic
826 5223 1028 5290 videre,
1053 5235 1155 5276 nec
1197 5218 1284 5274 hic
1307 5216 1533 5282 videbis,
1574 5223 1628 5270 et
1656 5213 1728 5269 ibi
1768 5213 1901 5270 nihil
1948 5211 2187 5270 habebis.

601 5319 796 5378 Nescio
847 5329 981 5386 quos
1027 5312 1309 5368 thesauros
1349 5307 1516 5362 habes
1558 5305 1900 5360 absconditos
1931 5305 1982 5360 in
2012 5313 2186 5372 terra;

601 5428 724 5470 eum
746 5407 1009 5482 procedis,
1037 5419 1144 5460 non
1179 5417 1271 5458 eos
1313 5409 1487 5458 tecum
1526 5407 1725 5471 portas.
1759 5397 1961 5454 Venisti
1990 5397 2058 5454 ad
2089 5413 2189 5454 au-

665 5569 683 5602 ι
707 5566 844 5622 εδει-ς
869 5559 1505 5636 ιιιμεθιιξιίεεξιιεεςίέιιειες-

662 5633 685 5664 ⁸
708 5637 783 5679 Er.
811 5634 864 5676 et
885 5624 1109 5687 plerique
1131 5627 1258 5676 Mss,
1281 5629 1491 5669 seruare.

665 5693 687 5726 ⁸
711 5697 761 5739 ιιι
784 5686 917 5745 Edd.,
938 5679 1194 5752 possidebit
1211 5686 1279 5752 te:
1307 5681 1454 5730 Abest
1469 5684 1514 5728 te
1535 5682 1690 5752 abiss.

663 5755 686 5784 δ
709 5743 1065 5813 Quatuor
1088 5743 1153 5794 ad
1406 5743 1752 5813 argentarium.

664 5816 688 5849 ⁸
710 5805 934 5864 i‘resllss
950 5841 971 5874 ,
992 5805 1300 5871 interrogavi,
1325 5810 1422 5858 etc.
1447 5810 1575 5854 Unus
1593 5809 1696 5866 his,
1718 5805 1973 5866 interrogo.

1886 319 1948 378 S.
1985 315 2356 378 AUGUSTINI
2395 318 2707 382 EPISCOPI

3831 341 3911 401 425

2341 435 2597 496 diendum
2641 456 2968 512 sermonem,
3012 444 3081 501 ad
3118 446 3463 520 colligendas
3507 449 3787 510 interiores
3807 456 3912 514 divi-

2339 531 2461 596 tias,
2488 534 2692 604 cogitas
2711 535 2781 592 de
2800 538 3189 595 exterioribus:
3219 541 3494 612 numquid
3526 559 3623 598 eas
3651 545 3752 602 huc
3773 557 3908 608 tecum

2337 623 2640 682 adduxisti?
2668 628 2808 685 Ecce
2836 645 2934 686 nec
2959 647 3099 688 nunc
3119 648 3210 688 eas
3232 634 3417 691 vides.
3444 635 3645 692 Credis
3675 648 3725 694 te
3749 639 3909 700 habere

2336 718 2392 772 in
2421 717 2602 787 domo,
2625 721 2764 791 quod
2792 723 2899 778 seis
2928 733 2979 780 te
3019 727 3297 796 posuisse:
3330 729 3615 800 numquid
3638 731 3742 788 scis
3763 745 3808 789 te
3827 753 3907 792 non

2335 811 2672 881 perdidisse?
2695 813 2864 882 Quam
2891 816 3042 872 multi
3069 817 3342 874 redierunt
3376 819 3452 874 ad
3497 819 3696 877 domos
3723 837 3847 890 suas,
3871 837 3909 883 et

2334 900 2477 972 quod
2505 914 2794 974 posuerant
2820 921 2926 960 non
2957 907 3292 963 invenerunt.
3343 907 3495 964 Hine
3527 908 3755 968 fortasse
3779 931 3904 983 exp:-

2337 1003 2524 1050 verunt
2546 996 2703 1053 corda
2726 998 3071 1068 cupidorum;
3093 1011 3143 1056 et
3169 1001 3435 1071 quoniam
3459 1000 3581 1056 dixi
3599 1004 3786 1060 multos
3802 1021 3905 1077 sape

2332 1085 2400 1140 ad
2428 1085 2642 1142 domum
2667 1102 2818 1143 suam
2842 1089 3086 1155 rediisse,
3113 1099 3169 1146 et
3196 1091 3342 1162 quod
3373 1103 3685 1163 posuerant
3721 1111 3813 1151 non
3847 1099 3902 1152 iu-

2331 1176 2563 1245 venisse,
2590 1177 2723 1233 dixit
2748 1181 2973 1251 quisque
2998 1181 3049 1235 in
3075 1181 3236 1238 corde
3263 1196 3371 1237 suo
3399 1200 3415 1236 :
3454 1183 3640 1248 Absit,
3669 1184 3901 1256 Episcope;

2331 1266 2530 1322 bonum
2562 1279 2708 1340 opta,
2738 1285 2832 1324 ora
2860 1286 2958 1340 pro
2985 1272 3170 1338 nobis;
3192 1273 3337 1328 absit
3384 1283 3452 1330 ut
3482 1275 3776 1347 contingat,
3799 1279 3900 1338 absit

2331 1365 2392 1412 ut
2417 1359 2488 1413 ita
2515 1359 2635 1428 fiat;
2665 1361 2828 1418 credo
2854 1363 2908 1417 in
2941 1363 3130 1432 Deum,
3161 1366 3430 1436 quoniam
3475 1367 3627 1438 quod
3661 1372 3800 1439 posui
3824 1374 3900 1426 sal-

2329 1465 2454 1506 vum
2486 1452 2717 1509 invenio.
2749 1453 2936 1510 Credis
2956 1455 3009 1510 in
3038 1457 3225 1525 Deum,
3253 1468 3308 1514 et
3341 1473 3461 1514 non
3496 1460 3680 1517 credis
3699 1463 3788 1533 ipsi
3803 1463 3898 1521 Deo?

2329 1540 2504 1598 Credo
2540 1543 2592 1598 in
2635 1544 2944 1614 Christum,
2982 1550 3106 1620 quia
3155 1549 3369 1606 salvum
3422 1553 3536 1607 erit
3581 1554 3725 1624 quod
3766 1560 3896 1626 posui,

2330 1648 2490 1690 nemo
2527 1637 2762 1703 accedet,
2797 1654 2954 1695 nemo
2990 1639 3218 1697 auferet.
3256 1641 3515 1698 Securus
3558 1645 3642 1699 vis
3681 1660 3789 1702 esse
3811 1662 3894 1705 cre-
3940 1713 3941 1716 η

2328 1725 2506 1782 dendo
2547 1727 2600 1782 in
2635 1728 2928 1798 Christum,
2979 1741 3036 1787 ut
3075 1733 3204 1788 nihil
3251 1734 3463 1804 perdas
3509 1735 3584 1793 de
3620 1735 3774 1794 domo
3798 1750 3894 1795 tua:
3940 1733 3941 1810 ξ

2328 1833 2551 1876 securus
2574 1822 2682 1878 eris
2721 1824 2897 1893 potius
2925 1825 3196 1883 credendo
3235 1826 3496 1898 Christo,
3541 1839 3601 1886 ut
3640 1831 3710 1888 ibi
3753 1849 3888 1903 ponas,

2329 1911 2420 1968 ubi
2445 1914 2726 1970 consilium
2753 1915 2920 1972 dedit.
2962 1919 3044 1973 An
3074 1933 3296 1975 securus
3344 1937 3412 1977 es
3454 1922 3528 1979 de
3565 1939 3724 1980 servo
3747 1935 3837 1992 tuo,
3857 1937 3891 1982 et

2328 2006 2590 2064 sollicitus
2617 2023 2677 2065 es
2700 2009 2769 2066 de
2798 2011 3023 2068 Domino
3048 2015 3177 2070 tuo?
3203 2029 3443 2073 securus
3465 2035 3530 2074 es
3556 2019 3627 2076 de
3645 2021 3792 2078 domo
3813 2032 3886 2086 tua,

2328 2105 2383 2152 et
2409 2097 2668 2155 sollicitus
2691 2101 2760 2156 de
2783 2102 2964 2158 coelo?
2989 2103 3094 2160 Sed
3115 2120 3237 2177 ego,
3264 2107 3481 2178 inquis,
3506 2112 3770 2180 quomodo
3789 2127 3887 2183 pono

2327 2187 2381 2244 in
2415 2190 2591 2282 ericio?
2642 2192 2770 2248 Dedi
2808 2194 2900 2250 tibi
2937 2197 3216 2254 consilium
3245 2216 3261 2256 :
3296 2200 3394 2256 ubi
3427 2202 3579 2268 dico,
3609 2219 3886 2276 pone:quo-
3940 2273 3941 2282 χ

2325 2280 2487 2337 modo
2515 2285 2789 2352 perveniat
2815 2285 2883 2341 ad
2911 2287 3125 2355 caelum,
3157 2289 3285 2346 nolo
3310 2293 3486 2348 scias.
3520 2294 3670 2352 Pone
3691 2296 3738 2351 in
3755 2299 3883 2351 mani.
3940 2309 3941 2355 ὲ

2323 2370 2426 2428 bus
2451 2389 2761 2444 pauperum,
2803 2377 2869 2433 da
2908 2381 3186 2451 egentibus
3231 2400 3248 2438 :
3297 2385 3437 2454 quid
3469 2385 3545 2442 ad
3580 2397 3634 2444 te
3669 2387 3880 2460 quomodo

2325 2467 2638 2534 perveniat?
2688 2468 2804 2526 Non
2854 2472 3140 2541 perducam
3173 2475 3190 2507 ί
3229 2476 3382 2546 quod
3419 2492 3530 2550 ego
3570 2481 3795 2551 accipio?
3823 2483 3878 2536 An

2323 2557 2520 2614 oblitus
2547 2575 2626 2626 es,
2657 2561 2784 2616 Cum
2819 2565 2908 2618 uni
2949 2581 3013 2619 ea:
3045 2567 3266 2622 minimis
3294 2571 3432 2625 meis
3459 2572 3675 2642 fecistis,
3708 2573 3812 2627 mihi
3827 2575 3877 2645 [e-

2321 2649 2460 2704 cistis
2484 2649 2694 2724 (Matth.
2713 2669 2842 2722 xxv,
2859 2655 2976 2727 40)?
2991 2655 3047 2712 Si
3061 2656 3575 2732 baberetquispiam
3588 2665 3774 2720 amicus
3791 2675 3872 2719 tuus

2318 2741 2580 2812 quosdam
2615 2743 2764 2800 lacus
2808 2747 2891 2802 vel
2921 2747 3200 2816 cisternas,
3229 2760 3286 2808 et
3314 2768 3560 2826 quaeque
3599 2754 3871 2825 receptacula

2317 2831 2636 2889 fabricarum
2675 2835 2743 2891 ad
2773 2839 3090 2894 servandum
3119 2841 3356 2912 aliquem
3408 2844 3676 2915 liquorem
3704 2845 3774 2902 vel
3794 2845 3868 2898 viui

2316 2926 2403 2981 vel
2441 2927 2568 2996 olei,
2604 2943 2875 3000 quzereres
2902 2931 2991 2986 ubi
3031 2932 3406 2993 absconderes
3438 2937 3528 2994 vel
3553 2937 3869 2993 servaresiru-

2315 3027 2435 3074 ctus
2461 3026 2602 3086 tuos,
2630 3028 2685 3076 et
2711 3020 2917 3078 diceret
2944 3024 3059 3091 tibi,
3088 3024 3203 3096 Ego
3231 3026 3331 3083 tibi
3361 3043 3530 3086 servo
3559 3049 3575 3085 :
3600 3029 3865 3098 haberetque

2313 3110 2381 3166 ad
2409 3111 2495 3167 illa
2521 3113 2856 3182 receptacula
2895 3115 3132 3172 occultos
3159 3119 3383 3176 canales
3442 3121 3699 3193 quosdam
3735 3133 3868 3176 trans-

2313 3201 2545 3274 itusque,
2571 3211 2629 3258 ut
2647 3218 2740 3274 per
2760 3203 2860 3260 hos
2887 3206 3131 3264 clanculo
3159 3210 3260 3265 iret
3287 3212 3443 3281 quod
3474 3214 3647 3283 palam
3669 3212 3864 3268 fundere-

2311 3301 2399 3349 tur
2427 3311 2440 3347 :
2473 3303 2528 3350 ct
2553 3293 2756 3352 diceret
2800 3297 2913 3364 tibi,
2947 3298 3102 3368 Quod
3129 3299 3318 3368 babes,
3357 3304 3450 3360 hic
3479 3305 3680 3362 funde:
3705 3305 3862 3360 videres
3933 3293 3938 3334 ἶ

2309 3394 2489 3441 autem
2515 3394 2572 3442 tu
2601 3403 2708 3444 non
2739 3403 2860 3445 esse
2884 3389 3031 3446 illum
3060 3391 3236 3448 locum
3267 3395 3363 3451 ubi
3389 3411 3597 3467 ponere
3621 3397 3855 3468 cogitabas,

2278 3486 2364 3556 et
2412 3478 2628 3535 timeres
2672 3478 2939 3537 fundere:
2988 3483 3078 3540 ille
3122 3485 3211 3556 qui
3259 3487 3433 3544 sciret
3487 3488 3855 3545 machinamenta

2306 3570 2552 3643 quzedam
2578 3573 2786 3629 occulta
2829 3573 3065 3632 locorum
3108 3591 3358 3646 suorum,
3407 3596 3518 3638 non
3565 3582 3656 3637 tibi
3682 3581 3851 3644 diceret,

2306 3661 2492 3720 Funde
2528 3679 2768 3733 securus,
2802 3665 2924 3721 hinc
2967 3667 3094 3724 illuc
3141 3672 3425 3739 pervenit;
3470 3689 3578 3730 non
3603 3672 3742 3728 vides
3763 3684 3850 3742 qua,

2305 3755 2403 3812 sed
2438 3755 2598 3812 crede
2644 3757 2796 3822 mihi,
2826 3758 2917 3828 qui
2961 3757 3259 3816 fabricavi?
3283 3761 3599 3820 Fabricavit
3639 3763 3764 3820 enim
3787 3774 3850 3831 per

2304 3863 2464 3917 quem
2508 3847 2644 3904 faeta
2673 3857 2798 3904 sunt
2824 3849 3002 3905 omnia
3023 3891 3039 3918 ,
3073 3853 3385 3912 mansiones
3410 3857 3662 3912 omnibus
3704 3852 3849 3910 nobis:

2305 3938 2433 3994 illuc
2455 3939 2568 3994 vult
2603 3939 2909 4010 praecedere
2951 3943 3094 4014 quod
3132 3944 3419 4017 habemus,
3450 3964 3519 4004 ne
3556 3948 3656 4003 hoc
3683 3947 3848 4000 intem

2302 4029 2608 4102 perdamus.
2647 4031 2781 4088 Cum
2807 4043 2985 4090 autem
3027 4038 3327 4094 servaveris
3371 4040 3429 4096 in
3459 4050 3622 4107 terra,
3658 4038 3734 4094 die
3753 4032 3848 4090 mihi

2301 4125 2386 4180 cui
2406 4124 2752 4198 congregahis
2781 4127 2882 4181 ea?
2908 4125 3072 4183 Filios
3093 4127 3258 4186 habes
3283 4149 3296 4185 :
3319 4149 3492 4189 unum
3513 4133 3630 4204 plus
3651 4139 3842 4190 numerat

2300 4226 2355 4273 et
2382 4216 2449 4273 da
2472 4216 2672 4288 aliquid
2705 4226 2760 4272 et
2791 4216 3030 4274 Christo.
3060 4217 3417 4293 Tltesautisat,
3451 4233 3621 4279 etnon
3641 4214 3842 4292 cognouit

2301 4311 2384 4365 cui
2410 4309 2730 4381 congregabit
2759 4328 2818 4365 ea
2839 4327 2858 4364 :
2886 4327 3012 4366 vane
3040 4315 3388 4370 conturbatur.

2375 4403 2461 4458 l5.
2495 4400 2646 4474 [uers.
2672 4401 2748 4473 8.]
2778 4400 2843 4455 Et
2873 4418 3008 4457 nunc
3031 4419 3049 4457 :
3071 4404 3305 4474 quando,
3324 4405 3500 4478 inquit
3525 4399 3836 4463 iste'ldilbun

2298 4496 2590 4566 respiciens
2613 4496 2901 4552 vanitatem
2930 4497 3214 4566 quamdam
3236 4539 3252 4563 ,
3284 4500 3585 4572 suspiciens
3612 4496 3830 4554 veritatem

2297 4587 2602 4659 quamdam,
2626 4587 2679 4641 in
2729 4587 2906 4643 medio
2935 4590 3138 4659 positus
3162 4590 3418 4662 quiddam
3445 4593 3547 4649 sub
3574 4608 3631 4648 se
3657 4588 3829 4646 habem.

2297 4680 2547 4752 quiddam
2572 4695 2729 4750 supra
2759 4695 2817 4736 se
2867 4681 2990 4750 (sub
3017 4697 3077 4738 se
3105 4682 3265 4740 habet
3288 4685 3435 4742 unde
3471 4681 3746 4746 transilivit,
3764 4691 3829 4730 su-

2296 4786 2391 4844 pra
2412 4787 2472 4828 se
2498 4772 2659 4828 habet
2697 4788 2804 4844 quo
2826 4788 2884 4828 se
2927 4773 3185 4846 extendit)
3224 4794 3238 4830 :
3268 4776 3335 4830 Et
3365 4794 3522 4846 nunc,
3553 4776 3641 4837 ait,
3665 4764 3828 4842 quando

2297 4864 2543 4936 quiddam
2597 4865 2891 4933 transilivi,
2936 4867 3148 4937 quando
3194 4869 3361 4925 multa
3406 4868 3632 4933 calcari,
3661 4857 3826 4935 quando

2297 4957 2676 5030 temporalibus
2693 4958 2803 5029 jam
2822 4975 2925 5013 non
2956 4970 3174 5027 teneor;
3196 4963 3430 5020 nondum
3449 4979 3563 5019 sum
3591 4957 3822 5032 pcrfecll'iv

2296 5051 2532 5108 nondum
2561 5052 2762 5122 accepi.
2793 5053 2900 5122 Spe
2925 5054 3066 5109 enim
3089 5055 3220 5110 salvi
3246 5056 3368 5113 facti
3391 5070 3572 5113 sumus
3600 5071 3614 5107 :
3642 5057 3822 5120 speset!-

2297 5155 2405 5203 tem
2435 5161 2552 5216 quae
2570 5145 2793 5212 videtur,
2818 5163 2925 5202 non
2951 5158 3033 5205 est
3060 5165 3202 5219 spes.
3227 5152 3378 5218 Quod
3408 5151 3547 5208 enim
3572 5146 3700 5200 videt
3717 5137 3819 5210 quis.

2296 5236 2421 5308 quid
2451 5237 2667 5307 sperat?
2688 5237 2744 5293 Si
2770 5248 2947 5294 autem
2973 5239 3116 5308 quod
3154 5256 3261 5296 non
3285 5242 3528 5298 videmus
3571 5240 3818 5308 speramus.

2297 5346 2391 5401 per
2411 5331 2718 5402 patientiam
2742 5341 3113 5401 exspectamus
3137 5331 3311 5405 (Rom.
3336 5332 3548 5404 vuuﬂ,
3574 5328 3678 5397 25).
3694 5321 3816 5388 Ετεον

2357 5489 2598 5556 ξείοιίξς.
2622 5487 2832 5556 esse.
2863 5488 3057 5556 νςνάεεο
3111 5551 3123 5556 -
3590 5545 3600 5556 .
3661 5525 3800 5556 ,ως

2358 5528 3155 5638 'Iétee‘eafi'éseeess
3179 5565 3192 5601 =

2291 5592 2524 5672 ἱδιεξὲιὲξ
2537 5592 2979 5674 insanam;
2985 5592 3155 5674 apii:
3179 5592 3811 5684 ΕἸιξιῒὲῖᾳὶἒιῗέἷεηεπφξ

2293 5672 2456 5705 mmm-
2478 5679 2546 5705 ,τι
2569 5671 2655 5705 mo
2674 5671 2696 5704 ν
2718 5685 2859 5705 mm...
2883 5684 3086 5705 mnnnue
3103 5671 3127 5705 9
3155 5681 3203 5705 ι’,
3225 5689 3350 5705 ........
3375 5676 3438 5705 ηε.
3484 5665 3691 5705 ηυηηιηάιι
3709 5651 3795 5705 und

2293 5665 2456 5737 ριιάιίδ
2476 5679 2546 5724 εει
2569 5671 2696 5737 ἱξειεέθ
2717 5665 2861 5735 (illam
2883 5665 3086 5737 mam
3101 5671 3127 5724 7
3149 5681 3208 5737 El.
3225 5665 3354 5727 mmo
3373 5665 3458 5733 ait:
3483 5665 3732 5737 (ιιιοῐηοάσὲῐ

2431 5725 3317 5824 mersisti:iamauiame
3327 5725 3344 5798 ἓ
3369 5725 3820 5824 ζειιίρνίξεξίξετέξτξὲξεξιέζ

2297 5797 2434 5860 libus,
2455 5804 2547 5847 etc.
2577 5805 2587 5842 !
2635 5789 2743 5846 cum
2755 5799 2809 5848 ad
2826 5795 3011 5857 aliquot
3031 5799 3198 5860 probae
3222 5789 3348 5855 nmgt.
3368 5789 3469 5856 mss
3505 5789 3766 5846 uiuendum
