3960 6440
144 478 224 543 Et
244 491 356 532 nunc
369 488 486 547 quin
503 481 577 529 est
594 468 904 542 exspectatio
924 467 1072 523 mea?
1099 482 1266 522 nonne
1287 465 1536 520 Dominus
1555 465 1582 520 Ρ
1607 463 1725 534 ipse

139 581 232 632 est
253 566 570 640 exspectatio
597 578 739 630 mea,
767 561 858 633 qui
884 559 1032 616 dedit
1073 559 1253 614 omnia
1284 559 1383 612 ista
1426 572 1545 626 qua:
1593 570 1728 611 con-

140 677 366 724 temnam
398 679 411 715 :
438 661 552 730 ipse
579 657 710 712 mihi
739 655 956 710 dabitet
981 669 1060 719 se,
1092 653 1181 724 qui
1208 660 1290 708 est
1320 665 1480 721 super
1524 648 1726 714 omnia,

133 765 205 816 et
223 769 304 825 per
325 768 483 825 quem
523 752 660 807 facta
689 758 813 805 sunt
857 747 1036 803 omnia
1057 787 1074 813 ,
1099 754 1153 801 et
1181 761 1210 799 a
1238 759 1346 815 quo
1385 743 1558 798 factus
1608 756 1728 797 sum

138 855 277 910 inter
309 845 507 908 omnia,
541 843 656 915 ipse
681 851 766 899 est
791 839 1126 911 exspectatio
1174 851 1292 892 mea
1326 835 1599 890 Dominus.
1635 832 1728 887 Vi-

134 939 274 999 detis
320 936 528 992 ldithun
554 975 571 1003 ,
604 933 796 990 fratres
825 973 840 999 ,
869 931 1065 986 videtis
1122 927 1390 998 quomodo
1431 931 1726 994 exspectet.

137 1032 303 1093 Nemo
342 1042 471 1099 ergo
517 1042 579 1082 se
614 1024 756 1081 dicat
786 1022 1083 1093 perfectum
1113 1020 1200 1074 hic
1226 1037 1239 1072 :
1268 1018 1467 1087 decipit
1487 1032 1568 1084 se,
1598 1015 1732 1069 fallit

138 1141 224 1188 se,
253 1121 450 1178 seducit
473 1134 552 1185 se,
573 1133 680 1174 non
705 1125 878 1187 potest
906 1114 992 1169 hic
1011 1113 1207 1168 habere
1235 1109 1641 1182 perfectionem.
1661 1106 1732 1162 Et

146 1215 266 1288 quid
295 1213 542 1283 prodest,
573 1210 696 1281 quia
721 1207 893 1278 perdit
919 1203 1310 1261 humilitatem?
1341 1201 1407 1257 Et
1456 1217 1590 1256 nunc
1617 1214 1732 1270 quat

149 1316 218 1364 est
242 1303 538 1374 exspectatio
577 1300 738 1356 mea?
779 1313 946 1354 nonne
996 1295 1292 1352 Dominus?
1319 1292 1452 1349 Cum
1498 1292 1724 1356 venerit,

152 1400 248 1469 jam
274 1411 375 1451 non
414 1400 757 1463 exSpectatur
784 1407 800 1456 ;
827 1398 953 1445 tunc
999 1389 1102 1445 erit
1128 1388 1214 1442 illa
1255 1385 1511 1456 perfectio
1543 1401 1555 1438 :
1587 1398 1729 1438 nunc

155 1499 316 1545 autem
337 1497 820 1558 quantumcumque
846 1480 1160 1537 transilierit
1178 1479 1408 1546 Idithun,
1441 1477 1505 1530 ad
1516 1476 1618 1530 huc
1637 1491 1730 1530 ex-

159 1588 366 1650 spectat.
390 1578 451 1632 Et
477 1576 757 1632 substantia
781 1589 892 1628 mea
911 1581 1028 1626 ante
1054 1581 1101 1626 te
1122 1579 1195 1626 est
1219 1585 1437 1638 semper.
1457 1567 1574 1623 Jam
1603 1581 1728 1636 pro-

159 1671 350 1735 ficiens,
371 1667 478 1738 jam
503 1665 572 1721 ad
599 1666 772 1736 ipsum
802 1662 1046 1726 tendens,
1080 1671 1135 1716 et
1157 1675 1278 1716 esse
1303 1657 1728 1729 aliquantumin-

157 1764 342 1834 cipicns
374 1779 389 1816 :
415 1769 532 1814 ante
556 1768 604 1814 te
623 1767 910 1827 estsemper
954 1754 1232 1810 substantia
1259 1770 1386 1809 mea.
1421 1749 1728 1808 Substantia

157 1865 318 1910 autem
343 1853 437 1907 ista
466 1860 521 1908 ct
542 1860 667 1906 ante
697 1849 940 1904 homines
966 1855 1069 1902 est.
1102 1848 1303 1902 Aurum
1328 1845 1516 1911 habes,
1534 1861 1725 1916 argen-

160 1959 255 2002 tum
288 1947 461 2011 babes,
490 1944 777 2016 mancipia,
810 1941 1036 2012 praedia,
1068 1940 1288 1996 arbores
1311 1981 1326 2006 ,
1358 1955 1576 2009 pecora,
1606 1954 1724 1994 ser-

158 2056 275 2106 vos;
307 2041 415 2095 haec
440 2039 608 2094 videri
633 2048 689 2094 et
713 2037 782 2092 ab
827 2033 1130 2090 hominibus
1159 2043 1384 2103 possunt
1422 2042 1544 2087 :est
1573 2047 1722 2100 qure-

158 2136 267 2190 dam
292 2135 575 2190 substantia
600 2140 724 2188 ante
752 2141 804 2187 te
823 2143 1055 2199 semper.
1085 2127 1154 2181 Et
1173 2125 1453 2182 substantia
1475 2141 1585 2179 mea
1611 2133 1729 2179 ante

159 2239 199 2282 te
223 2237 293 2282 est
310 2243 513 2296 semper.

199 2317 427 2391 ﬁlms.
441 2315 519 2389 9.]
535 2315 606 2370 Ab
623 2314 852 2371 omnibus
873 2310 1214 2381 iniquitatibus
1227 2309 1346 2366 meis
1363 2325 1479 2364 erue
1497 2325 1593 2362 me.
1606 2309 1730 2363 Mul-

158 2421 206 2465 ta
230 2411 490 2475 transilivi,
513 2409 674 2463 multa
695 2407 910 2478 quidem
933 2405 1185 2460 transilivi
1213 2423 1225 2457 :
1249 2404 1343 2458 sed
1364 2404 1406 2457 si
1428 2403 1723 2469 dixerimus,

153 2504 265 2571 quia
284 2513 530 2572 peccatum
549 2517 652 2555 non
677 2499 935 2562 habemus,
961 2513 1051 2551 nos
1079 2497 1218 2566 ipsos
1244 2495 1542 2564 decipimus,
1573 2504 1617 2548 et
1645 2510 1726 2548 ve-

153 2596 271 2650 ritas
297 2596 344 2648 in
367 2595 615 2649 nobisuon
635 2602 706 2648 est
725 2589 932 2662 (lJoan.
954 2589 1092 2660 1,8).
1122 2588 1281 2642 Multa
1317 2588 1570 2642 transilivi
1595 2605 1609 2653 ;
1630 2587 1725 2642 sed

151 2687 316 2742 adhuc
340 2687 496 2741 tundo
521 2694 724 2757 pectus,
758 2695 814 2739 et
838 2682 960 2738 dico
993 2700 1005 2735 :
1037 2682 1246 2735 Dimitte
1275 2679 1417 2734 nobis
1437 2682 1602 2734 debita
1632 2697 1728 2734 no-

149 2789 268 2842 stra,
291 2778 410 2833 sicut
441 2788 487 2831 et
523 2793 614 2832 nos
634 2775 930 2830 dimittimus
956 2773 1262 2828 debitoribus
1293 2771 1480 2825 nostris
1514 2770 1724 2842 (Matth.

150 2885 221 2932 vt,
241 2869 355 2938 12).
385 2867 461 2922 Tu
497 2881 626 2938 ergo
667 2865 996 2935 exspectatio
1041 2877 1180 2926 mea,
1213 2863 1331 2917 finis
1358 2876 1510 2915 tuens
1538 2878 1552 2914 :
1580 2860 1728 2922 Finis

146 2963 279 3014 enim
298 2959 432 3032 Legis
454 2959 685 3015 Christus
705 2958 772 3010 ad
789 2956 1050 3026 justitiam
1072 2955 1210 3008 outni
1228 2953 1450 3007 credenti
1473 2951 1647 3021 (Rom.
1671 2969 1725 3019 x,

147 3052 224 3121 4).
253 3052 322 3104 Ab
347 3051 590 3114 omnibus,
615 3063 722 3103 non
751 3048 921 3102 solum
968 3046 1035 3100 ab
1063 3045 1163 3108 eis,
1211 3061 1279 3099 ne
1308 3044 1557 3099 revolvar
1582 3045 1634 3098 in
1665 3060 1729 3099 ea

147 3159 263 3214 qua:
287 3142 541 3198 trausilivi
573 3159 586 3194 :
620 3141 715 3196 sed
731 3141 800 3194 ab
820 3140 1066 3194 oumibns
1095 3137 1337 3203 omnino,
1371 3144 1587 3205 propter
1608 3153 1727 3205 quae

146 3235 276 3291 mihi
300 3235 452 3292 modo
480 3244 665 3306 pectus
711 3233 938 3288 tundens
965 3233 1118 3296 dico,
1149 3230 1356 3284 Dimitte
1395 3229 1536 3283 nobis
1563 3229 1728 3284 debila

143 3338 332 3382 nostra.
361 3328 430 3382 Ab
447 3327 680 3382 omnibus
707 3325 1052 3395 iniquitatibus
1100 3324 1224 3377 meis
1259 3338 1376 3376 erue
1404 3339 1484 3375 me
1507 3338 1525 3375 :
1546 3324 1615 3377 ita
1637 3337 1728 3377 sa-

140 3422 392 3491 pientem,
418 3433 470 3476 et
491 3428 760 3475 tenentem
811 3417 953 3487 quod
998 3417 1074 3470 ait
1115 3415 1421 3485 Apostolus,
1473 3415 1728 3486 Quotquot

137 3529 265 3582 ergo
292 3513 490 3584 perfecti
512 3528 707 3576 sumus,
738 3510 832 3564 hoc
857 3509 1134 3578 sapiamus.
1163 3507 1298 3562 Cum
1328 3508 1470 3561 enim
1495 3522 1555 3562 se
1577 3506 1726 3562 dice-

137 3615 232 3661 ret
259 3606 482 3661 nondum
509 3619 629 3661 esse
656 3602 970 3675 perfectum,
999 3599 1073 3656 ibi
1102 3600 1356 3655 continuo
1384 3608 1600 3656 secutus
1620 3600 1723 3654 ait:

143 3700 396 3772 Quotquot
411 3718 530 3772 ergo
555 3700 764 3773 perfecti
788 3713 986 3760 sumus,
1015 3697 1110 3750 hoc
1134 3696 1413 3764 sapiamus.
1441 3694 1578 3762 Quid
1622 3703 1725 3762 est,

143 3795 392 3868 Quotquot
416 3787 625 3867 perfecti
649 3809 822 3848 sumus
840 3795 864 3844 ἵ
891 3790 1008 3845 Jam
1033 3788 1234 3844 dudum
1259 3798 1311 3841 tu
1333 3787 1545 3842 dixeras
1568 3807 1580 3840 :
1609 3787 1728 3842 Non

141 3888 262 3954 quia
277 3889 387 3960 jam
413 3885 711 3958 acceperim,
743 3893 829 3937 aut
847 3883 962 3952 jam
985 3883 1234 3954 perfectus
1251 3881 1364 3934 sim.
1383 3879 1616 3949 Sequere
1641 3895 1732 3936 or-

141 3979 320 4035 dinem
347 3982 608 4036 dictorum
629 3981 668 4032 ‘.
699 3977 869 4034 Unum
896 3986 1064 4029 autem
1083 4017 1098 4040 ,
1129 3989 1243 4045 quae
1288 3983 1422 4027 retro
1453 3973 1653 4040 oblitus,
1674 3974 1730 4027 in

147 4089 202 4126 ea
219 4091 330 4144 quae
348 4083 461 4130 ante
482 4081 600 4128 sunt
622 4080 869 4136 extentus,
890 4070 1162 4125 secundum
1190 4066 1510 4120 intentionem
1527 4082 1723 4135 sequor,

142 4167 209 4220 ad
238 4167 456 4238 palmam
470 4178 706 4237 superna:
724 4162 994 4217 vocationis
1009 4159 1105 4213 Dei
1131 4158 1185 4212 in
1210 4157 1409 4212 Christo
1432 4155 1556 4210 Jesu
1571 4154 1728 4226 (Phi-

145 4260 236 4328 lip.
260 4258 553 4330 num-15).
583 4256 709 4312 Ideo
735 4255 971 4311 nondum
1020 4251 1306 4322 perfectus,
1337 4250 1458 4321 quia
1489 4249 1728 4320 sequitur

145 4351 207 4406 ad
233 4353 458 4420 palmam
484 4364 730 4420 superna:
745 4347 1040 4402 vocationis
1062 4346 1348 4415 Dei,quam
1378 4343 1620 4399 nondum
1643 4345 1728 4399 in-

148 4446 305 4510 venit,
331 4443 397 4500 ad
421 4457 580 4514 quam
609 4440 843 4497 nondum
875 4437 1134 4508 pervenit.
1167 4436 1222 4492 Si
1247 4445 1427 4492 autem
1482 4451 1590 4491 non
1645 4445 1730 4492 est

150 4537 426 4607 perfectus,
453 4536 576 4606 quia
600 4549 705 4589 non
733 4533 857 4588 illuc
876 4530 1142 4602 pervenit,
1170 4529 1290 4600 quis
1339 4538 1580 4585 nostrum
1604 4545 1729 4601 per-

145 4629 313 4688 fectus
330 4632 452 4688 est?
476 4629 680 4686 Tamen
704 4626 946 4697 sequitur
973 4632 1028 4680 et
1053 4624 1162 4678 ait:
1191 4623 1446 4693 Quotquot
1461 4623 1593 4677 enim
1618 4639 1730 4694 per-

145 4723 279 4792 fecti,
295 4723 388 4777 hoc
408 4721 688 4792 sapiamus.
713 4717 794 4772 Tu
825 4732 930 4771 non
969 4729 1031 4772 es
1057 4712 1326 4784 perfectus
1345 4755 1359 4780 ,
1388 4729 1422 4768 ο
1448 4714 1724 4784 Apostole,

144 4822 197 4868 et
221 4829 319 4870 nos
346 4813 602 4885 perfecti?
648 4808 755 4866 Sed
811 4807 1010 4864 excidit
1063 4805 1238 4871 vobis,
1297 4805 1419 4876 quia
1460 4821 1522 4862 se
1568 4807 1730 4863 modo

144 4904 436 4974 perfectura
462 4903 633 4960 dixit?
653 4901 770 4957 Non
796 4901 939 4956 enim
965 4899 1059 4966 ait,
1077 4900 1345 4968 Quotquot
1369 4897 1608 4968 perfecti,
1629 4899 1730 4954 hoc

145 5000 396 5070 sapiatis;
422 4998 542 5066 sed,
571 4994 1043 5069 Quotquot,inquit,
1063 4992 1288 5064 perfecti,
1308 4992 1402 5046 hoc
1425 4992 1684 5061 sapiamus
1709 5009 1728 5047 :

147 5107 261 5148 cum
302 5093 458 5164 paulo
484 5099 610 5147 ante
635 5089 879 5157 dixisset,
909 5085 1030 5141 Non
1071 5085 1192 5156 quia
1209 5085 1321 5153 jam
1340 5085 1617 5155 acceperim
1641 5094 1730 5138 aut

151 5187 244 5255 iam
268 5190 520 5261 perfectus
544 5185 662 5240 sim.
693 5182 864 5238 Aliter
889 5195 1016 5252 ergo
1038 5180 1126 5234 hic
1152 5194 1258 5233 non
1285 5187 1440 5250 potes
1461 5192 1583 5234 esse
1609 5193 1730 5247 per-

149 5277 331 5344 fectus,
358 5277 460 5333 nisi
480 5275 618 5332 scias
641 5272 764 5342 ,hic
792 5280 846 5327 te
875 5285 982 5328 non
1033 5285 1153 5326 esse
1197 5283 1356 5340 posse
1409 5268 1723 5338 perfectum.

153 5369 265 5428 llaec
309 5383 438 5442 ergo
466 5369 569 5424 erit
607 5365 862 5438 perfectio
887 5373 998 5430 tua,
1024 5363 1103 5419 sic
1147 5371 1198 5418 te
1241 5360 1482 5432 qumdam
1530 5361 1724 5415 transi-

153 5459 289 5530 Iisse,
320 5471 382 5518 ut
399 5461 466 5518 ad
487 5459 731 5532 quaedam
759 5471 1050 5529 properes;
1077 5455 1156 5511 sic
1178 5453 1421 5524 quaedam
1451 5460 1500 5506 te
1529 5452 1724 5506 transi-

153 5551 288 5622 lisse,
311 5564 370 5611 ut
394 5561 558 5611 restet
583 5550 728 5608 aliud
755 5549 822 5606 ad
849 5548 994 5621 quod
1021 5545 1267 5603 omnibus
1286 5543 1566 5600 transactis
1583 5554 1726 5598 tran-

149 5647 426 5708 siliendum
448 5654 552 5704 est.
591 5645 718 5701 llaec
745 5650 856 5700 tuta
881 5644 902 5676 ²
928 5640 1060 5697 ﬁdes
1085 5647 1192 5697 est.
1217 5637 1353 5696 Nam
1397 5637 1637 5710 quisquis
1663 5649 1726 5693 se

201 5813 225 5875 ι,
241 5805 472 5875 Plerique
485 5809 856 5875 Mssasequere,
982 5803 1144 5875 totum.

213 5871 225 5904 τ
246 5863 518 5931 ΕΔό.,ἰοιιι.
545 5863 714 5914 Melius
728 5863 910 5927 aliquot
925 5872 1011 5912 \lss
1034 5898 1048 5920 ,
1071 5869 1186 5931 tuta.

461 5939 687 5994 Mer.
713 5937 989 6017 Auuusr.
1009 5926 1122 5994 1V.

1200 347 1602 409 ENARRATIO
1636 346 1704 405 IN
1741 345 2068 407 PSALMUM
2108 347 2394 405 XXXVIII.

3313 361 3424 422 Ἀθ

1831 462 1940 534 jam
1971 463 2278 532 pervenisse
2301 471 2470 536 putat,
2503 464 2557 520 in
2586 464 2694 521 alto
2722 481 2781 523 se
2809 470 2994 539 ponit,
3021 479 3080 526 ut
3105 472 3280 529 cadat.

1909 555 1996 610 15.
2021 555 2151 623 Quia
2197 571 2324 628 ergo
2372 558 2444 613 ita
2483 560 2652 629 sapio,
2685 560 2808 632 quia
2846 578 2933 619 me
2962 574 3016 620 et
3054 566 3426 637 imperfectum

1836 644 1956 702 dico
1972 657 2025 700 et
2051 646 2340 716 perfectum
2373 664 2386 702 :
2412 650 2775 720 imperfectum
2794 655 3029 724 quidem,
3049 659 3170 727 quia
3189 661 3427 720 nondum

1837 736 2036 807 aliquid
2058 738 2237 809 accepi
2265 740 2404 811 quod
2428 742 2577 807 volo;
2611 743 2900 812 perfectum
2927 757 3102 804 autem
3123 793 3136 817 ,
3168 754 3291 823 quia
3312 756 3427 811 scio

1835 827 1940 884 hoc
1961 830 2132 899 ipsum
2165 831 2306 900 quod
2335 832 2464 888 mihi
2493 834 2632 890 desit
2659 853 2671 889 :
2701 837 2820 906 quia
2849 855 2975 909 ergo
3005 842 3081 899 sic
3105 847 3271 915 sapio,
3297 849 3426 918 quia

1836 921 2067 978 humana
2094 933 2401 994 contemno,
2425 928 2545 997 quia
2576 928 2740 984 laetari
2783 934 2836 987 in
2877 937 3034 991 rebus
3079 943 3426 1008 pereuntibus

1837 1013 1980 1104 nolo,
2011 1015 2132 1083 quia
2163 1015 2389 1072 irrideor
2407 1019 2474 1074 ab
2500 1035 2661 1076 avaro
2685 1022 2914 1092 jactante
2940 1042 2997 1082 se
3027 1031 3165 1099 quod
3196 1034 3264 1088 sit
3295 1051 3425 1104 pru-

1835 1103 1989 1170 dens,
2020 1115 2076 1161 et
2102 1122 2188 1162 me
2214 1109 2470 1166 irridente
2516 1113 2656 1181 quod
2706 1114 2988 1184 desipiam,
3020 1122 3142 1189 quia
3184 1125 3260 1178 sic
3298 1141 3421 1197 ago,

1834 1198 1956 1268 quia
1983 1197 2122 1255 hanc
2152 1201 2290 1255 viam
2331 1216 2492 1274 carpo
2517 1223 2530 1258 :
2564 1203 2926 1277 Opprobrium,
2950 1210 3138 1282 inquit,
3169 1214 3427 1287 insipienti

1834 1288 2017 1344 dedisti
2037 1308 2132 1345 me.
2161 1292 2304 1349 Inter
2328 1309 2422 1350 eos
2448 1311 2536 1352 me
2556 1297 2734 1353 vivere
2760 1300 2991 1365 voluisti,
3022 1304 3162 1360 inter
3182 1321 3275 1362 eos
3295 1324 3427 1378 prm-

1833 1382 2014 1440 dicare
2038 1386 2340 1453 veritatem,
2371 1389 2460 1458 qui
2505 1400 2688 1444 amant
2726 1393 3044 1460 vanitatem;
3074 1407 3128 1452 et
3159 1414 3262 1453 non
3294 1416 3423 1470 pos-

1834 1491 1952 1529 sum
1979 1477 2080 1532 nisi
2107 1479 2315 1534 irrideri
2344 1481 2411 1536 ab
2430 1481 2509 1536 eis
2529 1499 2542 1534 :
2564 1484 2683 1552 quia
2703 1487 3062 1553 spectaculum
3092 1489 3212 1544 facti
3241 1506 3426 1550 sumus

1836 1566 1958 1622 huic
1984 1569 2201 1637 mundo,
2236 1580 2288 1626 et
2332 1573 2568 1644 Angelis,
2592 1582 2646 1628 et
2687 1574 2989 1632 hominibus
3016 1579 3060 1648 (Ι
3084 1579 3200 1634 Cor.
3230 1597 3300 1647 IV,
3325 1582 3423 1656 9);

1832 1661 2048 1731 Angelis
2073 1663 2434 1730 laudantibus,
2458 1665 2762 1722 hominibus
2809 1671 3256 1740 opprobrantibns
3282 1692 3294 1728 :
3316 1675 3427 1733 imo

1833 1753 2122 1824 etAngelis
2171 1756 2509 1812 laudantibus
2534 1767 2588 1814 et
2620 1761 3066 1830 vituperantibus,
3096 1773 3150 1820 et
3194 1766 3429 1824 homini-

1831 1842 1931 1899 bus
1958 1845 2296 1903 laudantibus
2338 1857 2392 1904 et
2441 1849 2886 1920 vituperantibus.
2907 1855 2951 1906 A
2978 1853 3180 1910 dextris
3204 1867 3258 1912 et
3291 1875 3320 1914 a
3347 1860 3427 1916 si-

1832 1939 2016 1994 nistris
2044 1940 2302 1996 habemus
2331 1957 2500 2008 arma,
2526 1943 2576 1997 in
2619 1945 2813 2015 quibus
2843 1946 3155 2016 militamus,
3184 1965 3281 2020 per
3301 1952 3424 2022 glo-

1831 2032 1964 2086 riam
1994 2042 2049 2087 et
2075 2034 2477 2103 ignobilitatem,
2502 2051 2597 2106 per
2624 2037 2891 2093 infamiam
2915 2049 2967 2095 et
2989 2041 3177 2096 bonam
3199 2044 3417 2114 famam,

1832 2133 1889 2180 ut
1910 2123 2218 2179 seductores
2255 2135 2308 2179 et
2333 2141 2549 2181 veraces
2582 2127 2656 2200 (ll
2686 2127 2805 2182 Cor.
2833 2146 2906 2197 vt,
2942 2132 2994 2199 7,
3023 2132 3100 2205 8).
3132 2135 3255 2192 llaec
3281 2138 3424 2208 apud

1832 2217 2086 2288 Angelos,
2124 2216 2240 2273 haec
2265 2220 2404 2289 apud
2441 2219 2726 2277 homines:
2755 2224 2876 2292 quia
2911 2233 2965 2279 et
3004 2227 3143 2295 apud
3189 2230 3425 2301 Angelos

1833 2321 1958 2366 sunt
1981 2312 2146 2366 sancti
2175 2314 2382 2383 Angeli,
2415 2314 2603 2384 quibus
2638 2316 2775 2371 bene
2811 2316 3041 2374 vivendo
3077 2320 3421 2392 placeamus;

1834 2411 1887 2459 et
1911 2415 2033 2458 sunt
2060 2406 2495 2473 praevaricatores
2543 2407 2754 2476 angeli,
2782 2408 2974 2478 quibus
3015 2411 3152 2467 bene
3194 2414 3425 2472 vivendo

1832 2495 2208 2566 displiceamus
2239 2515 2252 2552 :
2276 2506 2331 2552 et
2360 2498 2495 2552 inter
2526 2499 2770 2555 homines
2798 2509 2923 2556 sunt
2963 2505 3132 2559 sancti
3153 2506 3275 2573 viri,
3300 2509 3427 2579 qui-

1833 2589 1933 2644 bus
1965 2590 2168 2659 placeat
2193 2592 2296 2644 vita
2319 2601 2528 2656 nostra;
2554 2599 2680 2646 sunt
2709 2594 3019 2662 nequissimi
3049 2596 3311 2666 hornines,
3330 2599 3425 2671 qui

1835 2683 2089 2737 irrideant
2119 2684 2310 2738 bonam
2338 2687 2499 2738 vitam
2529 2695 2786 2741 nostram.
2820 2687 2887 2742 Et
2916 2688 3031 2745 lucc
3054 2691 3069 2720 ί
3097 2706 3243 2747 arma
3272 2703 3420 2761 sunt,

1834 2773 1918 2827 illa
1944 2773 1992 2827 d.
2015 2783 2129 2828 xtra
2155 2817 2169 2839 ,
2197 2775 2283 2829 illa
2324 2775 2538 2830 sinistra
2565 2793 2580 2842 ;
2610 2786 2832 2848 utraque
2861 2787 3036 2835 tamen
3074 2797 3221 2838 arma
3246 2793 3372 2841 sunt
3403 2804 3422 2843 :

1831 2864 2071 2936 utrisque
2099 2867 2286 2931 armis,
2316 2876 2371 2923 et
2389 2867 2592 2924 dextris
2622 2877 2674 2924 et
2697 2870 2927 2925 sinistris
2954 2881 3092 2940 utor,
3113 2883 3164 2929 et
3193 2875 3423 2933 laudan-

1834 2957 1973 3010 tibus
2001 2967 2053 3012 ct
2092 2959 2512 3027 vituperantibus
2534 3001 2548 3025 ,
2582 2968 2637 3016 et
2677 2959 2935 3017 honorem
2981 2963 3342 3025 deferentibus
3368 2977 3427 3028 et

1835 3046 2174 3116 ignominiam
2206 3047 2562 3117 irrogantibus
2595 3067 2610 3105 :
2643 3051 2693 3104 in
2718 3050 2801 3105 his
2819 3054 3061 3124 utrisque
3094 3057 3259 3113 armis
3285 3074 3424 3116 cou-

1832 3139 1957 3208 iligo
1987 3155 2107 3193 eum
2155 3140 2399 3206 diabolo,
2448 3142 2688 3212 utrisque
2714 3158 2835 3198 eum
2863 3143 3022 3202 ferio:
3066 3151 3357 3221 prosperis,
3376 3153 3428 3209 si

1835 3246 1940 3284 non
1962 3247 2314 3301 corrumpor;
2339 3232 2594 3298 adversis,
2626 3234 2669 3290 si
2699 3249 2802 3291 non
2825 3235 3063 3309 frangor.

1905 3322 1992 3377 16.
2021 3320 2170 3396 [rem
2198 3323 2283 3386 10,
2317 3323 2428 3396 11.]
2461 3323 2658 3380 Dedisti
2674 3342 2804 3398 ergo
2831 3345 2910 3383 me
2936 3332 3260 3402 opprobrium
3291 3335 3427 3393 insi-

1835 3417 2008 3487 pienti.
2041 3414 2319 3482 Obsurdui,
2350 3427 2394 3471 et
2439 3434 2540 3472 non
2577 3422 2755 3489 aperui
2781 3439 2837 3476 os
2867 3440 3051 3479 meum.
3093 3425 3199 3481 Sed
3236 3439 3427 3487 contra

1834 3510 2170 3580 insipientem
2203 3510 2461 3574 obsurdui,
2481 3520 2528 3566 et
2549 3528 2649 3566 non
2672 3514 2847 3584 aperui
2872 3531 2927 3568 os
2953 3533 3133 3570 meum.
3154 3517 3248 3574 Cui
3279 3521 3428 3577 enim

1832 3601 2066 3657 dicerem
2093 3602 2232 3670 quod
2259 3603 2429 3672 agitur
2452 3604 2501 3656 in
2534 3603 2898 3660 me?Andiam
2919 3609 3059 3662 enim
3088 3610 3211 3678 quid
3233 3612 3423 3684 loqua-

1835 3705 1922 3749 tur
1951 3696 2001 3748 in
2046 3711 2132 3749 me
2173 3695 2433 3773 Domipus
2481 3696 2640 3760 Deus,
2665 3698 2914 3767 quoniam
2961 3700 3204 3770 loquetur
3236 3719 3425 3773 pacem

1833 3789 2031 3859 populo
2055 3803 2152 3842 suo
2178 3764 2362 3858 (Pent
2377 3803 2587 3854 Lxxxtv,
2613 3789 2668 3862 9)
2681 3764 2708 3844 -τ
2738 3791 2831 3845 sed
2859 3809 2959 3846 non
2987 3764 3057 3848 est
3089 3811 3190 3865 pax
3229 3764 3422 3868 impiis,

1833 3881 1962 3936 dicit
1990 3881 2243 3935 Dominus
2257 3879 2408 3950 (Isai.
2432 3895 2612 3943 xum,
2636 3881 2750 3953 ‘22).
2769 3881 3024 3939 Obsttrdui
3052 3896 3218 3942 etnon
3245 3893 3426 3960 aperui

1833 3992 1890 4030 os
1910 3991 2091 4029 meum.
2111 3974 2361 4040 Quoniam
2386 3982 2439 4026 tu
2468 3990 2519 4026 es
2540 3975 2621 4042 qui
2640 3976 2794 4043 fecisti
2819 3993 2914 4030 me.
2933 3977 3058 4033 Ideo
3089 3995 3191 4034 non
3214 3984 3427 4051 aperui-

1833 4070 1900 4124 sti
1929 4083 1989 4123 os
2019 4077 2187 4132 tuum,
2215 4066 2337 4136 quia
2365 4067 2503 4120 Dens
2531 4074 2614 4120 est
2637 4067 2727 4134 qui
2755 4067 2879 4122 fecit
2906 4071 2990 4123 te?
3013 4071 3197 4125 Mirum
3230 4082 3329 4127 est.
3347 4073 3424 4129 Os

1833 4162 1973 4217 enim
2006 4159 2097 4214 tibi
2123 4161 2258 4213 Deus
2290 4173 2392 4212 non
2425 4157 2550 4214 fecit
2577 4157 2641 4212 ad
2675 4157 3038 4228 l0qm-ndum?
3064 4163 3163 4230 Qui
3210 4164 3424 4233 planta-

1833 4254 1909 4309 vit
1933 4268 2137 4316 aurem,
2168 4266 2272 4305 non
2318 4251 2506 4304 audit?
2549 4250 2637 4319 qni
2668 4248 2817 4304 tinxit
2855 4253 3102 4316 oculum,
3131 4270 3234 4308 non
3278 4257 3424 4314 videt

1835 4347 2005 4421 (Psat.
2040 4360 2184 4407 xcut,
2212 4343 2310 4414 9)?
2339 4341 2410 4398 Os
2438 4344 2529 4397 tibi
2562 4345 2698 4398 Deus
2723 4342 2786 4396 ad
2813 4344 3132 4413 loquendum
3161 4347 3344 4406 dedit:
3369 4360 3426 4408 et

1834 4441 1988 4505 dicis,
2015 4439 2288 4504 Obsurdui,
2325 4449 2370 4492 et
2401 4455 2500 4491 non
2523 4439 2698 4508 aperui
2721 4455 2777 4492 os
2800 4455 2960 4492 meum
2986 4456 3004 4493 :
3030 4445 3266 4510 quoniam
3293 4455 3347 4499 tu
3369 4464 3422 4502 es

1834 4535 1921 4606 qui
1943 4533 2104 4605 fecisti
2128 4532 2246 4586 me?
2282 4533 2360 4584 An
2397 4529 2648 4597 Quoniam
2675 4540 2725 4583 tu
2747 4547 2802 4584 es
2830 4531 2916 4600 qui
2936 4531 3099 4599 fecisti
3123 4551 3218 4591 me.
3241 4548 3424 4605 postc-

1834 4629 2030 4682 rioreln
2058 4640 2269 4680 versum
2287 4625 2553 4694 pertinet?
2605 4625 2855 4688 Quoniam
2875 4635 2926 4677 tu
2952 4641 3002 4678 es
3027 4627 3111 4696 qui
3132 4629 3293 4697 fecisti
3321 4649 3420 4699 me,

1834 4735 2006 4773 amove
2030 4736 2061 4772 a
2085 4735 2163 4772 me
2193 4716 2399 4788 ﬂagella
2426 4727 2530 4769 tua.
2561 4715 2818 4784 Quoniam
2849 4726 2900 4771 tu
2918 4733 2976 4771 es
2992 4720 3078 4788 qui
3113 4719 3281 4776 fecisti
3314 4741 3422 4794 me,

1835 4810 2318 4866 noliexterminare
2363 4823 2448 4862 me
2476 4826 2489 4862 :
2522 4815 2722 4861 tantum
2751 4808 2896 4862 cmde
2919 4819 2969 4863 ut
2989 4811 3282 4880 proficiam,
3318 4833 3422 4872 non

1834 4917 1890 4961 ut
1909 4905 2150 4961 deficiam
2177 4921 2190 4956 :
2221 4910 2424 4957 tantum
2445 4901 2605 4955 tunde
2626 4909 2684 4955 ut
2705 4901 2981 4969 producor,
3000 4920 3103 4959 non
3127 4916 3180 4958 ut
3203 4911 3423 4964 commi-

1834 5013 1984 5054 nuar.
2009 4995 2257 5062 Quoniam
2275 5004 2325 5046 tu
2337 5009 2387 5047 es
2400 4993 2484 5062 qui
2496 4992 2656 5064 fecisti
2669 5009 2945 5059 me,amore
2962 5012 2992 5046 a
3003 5013 3081 5050 me
3095 4999 3299 5068 ﬂagella
3314 5011 3419 5056 tua,

1906 5093 1990 5147 17.
2019 5091 2168 5163 [vers.
2205 5084 2316 5158 12.]
2349 5087 2390 5139 Α
2418 5085 2715 5155 fortitudine
2736 5102 2915 5140 manus
2951 5097 3051 5142 tua:
3070 5107 3160 5160 ego
3189 5091 3349 5162 defeci
3369 5095 3424 5146 in

1832 5182 2218 5255 argutionibus:
2245 5178 2346 5233 hoc
2369 5186 2470 5243 est,
2486 5190 2605 5230 cum
2628 5190 2878 5247 argueres
2905 5195 3010 5245 me,
3027 5179 3219 5236 defeci.
3255 5183 3318 5236 Et
3341 5199 3420 5237 ar-

1831 5289 1993 5348 guere
2018 5284 2164 5328 tuum
2186 5269 2312 5342 quid
2346 5279 2459 5331 est,
2486 5269 2584 5322 nisi
2613 5268 2753 5340 quod
2783 5272 3059 5340 sequitur?
3101 5271 3206 5325 Pro
3233 5273 3420 5344 iniqui-

1834 5377 1934 5422 tate
1957 5363 2166 5421 erudisti
2188 5363 2459 5427 hominem,
2482 5371 2527 5415 et
2554 5362 2898 5415 contabescere
2922 5363 3086 5433 fecisti
3125 5365 3254 5418 sicut
3300 5383 3419 5420 ara-

1833 5477 1977 5515 neam
2020 5459 2244 5512 animam
2285 5473 2466 5509 meam.
2514 5455 2734 5510 Multum
2763 5463 2843 5510 est
2868 5456 3010 5525 quod
3035 5457 3275 5527 intelligit
3318 5459 3420 5516 iste

1832 5553 2042 5608 ldithun
2070 5567 2085 5604 :
2119 5549 2164 5606 si
2191 5549 2309 5620 quis
2333 5564 2454 5604 cum
2497 5547 2588 5601 illo
2633 5547 2910 5616 intelligat,
2941 5547 2986 5601 si
3027 5548 3144 5618 quis
3174 5565 3296 5604 cum
3326 5553 3418 5608 illo

1833 5645 2111 5703 transiliat.
2143 5643 2282 5700 Dicit
2308 5643 2448 5699 enim
2466 5641 2517 5695 in
2532 5640 2893 5711 argutionibus
2928 5641 3017 5695 Dei
3046 5656 3105 5696 se
3133 5641 3414 5711 defecisse,

1830 5747 1886 5800 et
1911 5738 2072 5796 vulta
2097 5752 2158 5794 se
2175 5736 2407 5791 amoveri
2436 5733 2662 5803 ﬂagella,
2685 5732 2933 5802 quoniam
2963 5733 3075 5800 ipse
3097 5743 3181 5791 est
3205 5738 3296 5807 qui
3333 5737 3416 5795 fe-

1897 5854 1912 5885 ¹
1939 5851 2084 5902 sicin
2103 5856 2208 5900 Mss.
2230 5853 2285 5899 At
2306 5849 2357 5898 in
2379 5845 2510 5907 Edd.,
2533 5849 2579 5896 et
2596 5843 2701 5895 hac
2719 5855 2812 5890 non
2835 5845 3098 5902 reperitur.

2600 5925 3013 5998 {QuatorzeJ
