3960 6422
188 326 267 384 429
1214 306 1612 373 ENARBATIO
1649 312 1717 370 IN
1752 312 2080 373 PSALMUM
2119 304 2407 375 XXXVI".

238 441 317 498 ‘20.
344 438 502 514 [verm
533 430 649 513 13.]
676 430 820 507 Ergo
840 430 981 489 inter
1008 429 1126 487 inec
1143 428 1252 503 jam
1279 430 1603 496 transiliens,
1630 428 1741 500 jam

179 540 227 595 in
249 533 560 608 quibusdam
584 526 947 601 superioribus
971 538 1134 596 agens
1154 564 1170 590 ,
1211 522 1327 578 itate
1357 522 1461 578 ima
1498 531 1741 577 contem-

164 642 325 694 nens,
370 626 511 681 inter
538 623 654 678 bare
693 619 928 693 positus,
962 613 1200 681 Exaudi,
1232 613 1431 685 inquit,
1465 614 1742 669 orationem

160 736 336 778 sinant.
356 716 633 789 Daquibus
643 711 919 786 gaudeam,
937 708 1005 763 de
1020 706 1213 779 quibus
1227 706 1471 778 gemam?
1488 705 1562 762 De
1578 715 1742 760 trans-

156 816 293 873 actis
327 809 558 885 gaudeo,
584 822 682 881 pro
707 806 787 861 bis
811 820 929 876 qute
955 808 1159 858 restant
1181 814 1360 872 gemo.
1389 794 1597 854 Exaudi
1625 816 1742 854 ora-

160 909 342 964 tionem
367 920 531 961 meam
555 910 604 958 et
632 897 1029 971 deprecationem
1070 909 1235 948 meam
1263 906 1284 947 :
1311 891 1515 946 auribus
1543 891 1742 962 percipe

160 1002 409 1079 lacrymas
433 1013 589 1053 meas.
620 990 886 1063 Numquid
926 990 1067 1045 enim
1108 987 1231 1059 quia
1263 993 1406 1079 tanta
1436 983 1695 1079 transilivi
1720 1027 1736 1052 ,

156 1076 286 1167 quia
310 1100 448 1148 tanta
470 1084 793 1145 transcendi.
807 1083 918 1152 jam
946 1096 1048 1136 non
1075 1076 1419 1136 lico?Nonne
1447 1077 1613 1167 multo
1630 1092 1741 1131 ma-

159 1189 241 1262 gis
271 1184 398 1242 ﬂeo?
416 1181 549 1259 Quia
576 1179 666 1251 qui
694 1174 910 1246 apponit
936 1171 1233 1235 scientiam,
1256 1169 1475 1262 apponit
1499 1166 1738 1262 dolorem

159 1259 352 1354 (Bede.
384 1292 421 1341 ι,
446 1273 558 1344 18).
589 1268 777 1327 Nonne
804 1276 1002 1337 quanto
1022 1265 1039 1297 ί
1070 1263 1239 1334 magis
1262 1262 1403 1334 quod
1430 1259 1739 1354 abestde-sl-

158 1351 308 1436 dero,
329 1377 470 1429 tanto
494 1364 663 1435 magis
689 1361 863 1417 donec
891 1358 1067 1413 veniat
1088 1358 1262 1424 gemo,
1286 1362 1433 1410 tanto
1461 1352 1629 1439 magis
1643 1351 1740 1407 do-

155 1480 259 1521 nec
282 1461 454 1517 veniat
479 1457 619 1523 ﬂeo?
634 1454 822 1511 Nonne
847 1458 994 1507 tanto
1010 1452 1199 1535 magis,
1215 1456 1413 1519 quanto
1438 1447 1607 1518 magis
1623 1460 1740 1501 cre-

152 1557 403 1615 brescuut
438 1548 689 1618 scandala
709 1589 723 1612 ,
757 1550 958 1618 quanto
983 1541 1152 1611 magis
1188 1536 1420 1596 abundat
1449 1537 1698 1611 iniquitas
1720 1579 1736 1605 ,

150 1655 351 1721 quanto
369 1647 390 1677 ²
420 1642 589 1715 magis
616 1637 915 1721 refrigescit
948 1633 1181 1690 cltaritas
1207 1632 1495 1687 multorum
1525 1627 1737 1702 (Matth.

149 1718 299 1803 inv,
332 1734 460 1807 12)?
492 1734 643 1801 Dico,
677 1718 804 1798 Quis
832 1726 970 1781 dabit
998 1724 1155 1796 capiti
1179 1739 1288 1778 meo
1317 1738 1519 1793 aquam,
1551 1730 1597 1776 et
1619 1737 1742 1776 acu-

149 1833 212 1887 lis
227 1830 351 1885 meis
377 1831 564 1899 fontem
591 1823 929 1893 lacrymarum
947 1817 1161 1888 (Jerem.
1191 1832 1265 1881 tx,
1285 1812 1376 1888 υτ
1396 1813 1597 1869 Exaudi
1626 1829 1742 1867 ora-

145 1926 335 1978 tionem
363 1934 523 1973 meam
561 1924 608 1971 et
637 1911 1037 1985 deprecationem
1065 1924 1231 1964 meam
1257 1922 1276 1962 :
1308 1904 1512 1960 auribus
1542 1904 1741 1977 percipe

145 2016 402 2088 lacrymas
418 2026 574 2065 meas.
595 2007 680 2063 Ne
697 2007 847 2063 sileas
864 2021 895 2058 a
910 2019 1007 2058 me.
1025 2001 1104 2058 Ne
1118 1998 1496 2055 obsurdescam
1518 1997 1569 2052 in
1586 2006 1742 2052 aeter-

144 2079 297 2165 num.
334 2104 415 2160 Ne
440 2101 594 2158 sileas
620 2116 651 2154 a
681 2116 759 2153 me
787 2112 806 2152 :
835 2094 1046 2152 audiam
1076 2102 1152 2149 te.
1178 2090 1398 2149 Occulte
1440 2090 1583 2145 enim
1612 2088 1743 2143 dicit

144 2201 325 2261 Deus,
357 2196 537 2251 multis
563 2195 615 2249 in
653 2191 816 2247 corde
841 2189 1073 2262 loquitur
1104 2205 1119 2243 :
1150 2195 1207 2243 et
1231 2199 1456 2256 magnus
1481 2183 1553 2239 ibi
1577 2198 1741 2238 sonus

142 2296 198 2351 in
232 2308 426 2364 magno
455 2289 670 2346 silentio
696 2285 872 2342 cordis
890 2284 936 2349 ⁹,
967 2281 1181 2355 quando
1210 2292 1399 2351 magna
1430 2292 1562 2333 voce
1589 2275 1737 2343 dicit,

144 2370 424 2443 Salus‘tua
452 2399 543 2455 ego
568 2397 700 2436 sum.
724 2377 840 2442 Dic,
872 2376 1066 2446 inquit,
1089 2376 1275 2429 anima:
1298 2386 1440 2437 mete,
1474 2370 1633 2426 Salus
1653 2381 1742 2424 tua

143 2496 238 2552 ego
266 2494 381 2533 sum
407 2474 580 2547 (Psal.
607 2485 791 2534 xxxtv,
811 2469 886 2541 5).
916 2467 998 2522 Ab
1024 2465 1122 2520 hac
1146 2478 1297 2530 voce,
1317 2479 1420 2549 qua
1447 2462 1575 2518 dicit
1601 2462 1741 2518 Deus

144 2574 365 2636 animm,
385 2567 541 2624 Salus
565 2574 651 2620 tua
668 2578 758 2643 ego
780 2577 912 2630 sum,
932 2566 1081 2631 optat
1098 2574 1167 2615 ne
1194 2557 1412 2613 sileatur
1427 2555 1495 2611 ab
1521 2555 1632 2611 illo.
1655 2552 1742 2610 Ne

144 2663 299 2717 sileas
329 2676 361 2715 a
388 2676 487 2714 me.

216 2755 309 2811 2|.
344 2752 594 2823 Quoniam
621 2748 897 2822 inquilinus
924 2762 1014 2818 ego
1043 2759 1155 2798 sum
1197 2742 1337 2815 apud
1366 2752 1432 2796 te.
1462 2739 1567 2797 Sed
1597 2740 1736 2811 apud

146 2867 307 2921 quem
329 2849 351 2882 ⁸
380 2844 703 2929 inquilinus?
724 2840 877 2912 Apud
904 2838 1171 2894 diabolum
1197 2850 1316 2929 cum
1345 2850 1542 2929 essem,
1564 2834 1741 2904 inqui-

151 2943 476 3008 linuseram,
500 2937 595 2996 sed
623 2937 818 2991 malum
847 2930 1203 2988 domumdium
1226 2930 1247 2960 ⁵
1276 2927 1534 2982 habebam
1560 2943 1573 2980 :
1597 2941 1740 2983 nunc

151 3048 325 3093 autem
349 3037 455 3107 jam
474 3032 687 3105 quidem
713 3028 850 3100 apud
869 3035 941 3091 te,
960 3024 1053 3081 sed
1070 3024 1245 3079 adhuc
1268 3020 1579 3093 inquilinus.
1598 3018 1739 3086 Quid

155 3142 228 3188 est
247 3172 263 3200 ,
290 3126 609 3202 inquilinus?
635 3122 787 3181 Unde
832 3123 1152 3191 migraturus
1176 3130 1291 3170 sum
1314 3156 1327 3179 ,
1362 3129 1466 3185 non
1498 3112 1584 3168 ubi
1613 3128 1737 3183 per-

153 3239 312 3301 petuo
339 3236 641 3285 mansurus.
659 3216 758 3275 Ubi
786 3222 1042 3286 perpetuo
1065 3227 1184 3266 sum
1214 3207 1739 3274 mansurus,dicatur

153 3319 337 3381 domus
366 3331 483 3372 mea
507 3330 520 3367 :
547 3311 687 3368 unde
715 3309 1033 3380 migraturus
1059 3320 1199 3370 sum,
1219 3302 1507 3374 inquilinus
1535 3316 1653 3357 sum
1675 3299 1734 3356 ‘:

154 3412 242 3467 sed
291 3420 465 3477 tamen
494 3404 632 3481 apud
667 3405 828 3469 Deum
859 3414 1037 3456 memn
1078 3411 1197 3453 sum
1239 3396 1565 3471 inquilinus,
1599 3394 1738 3466 apud

154 3524 304 3581 quem
329 3507 489 3562 domo
530 3512 747 3575 accepta
778 3509 1058 3565 mansurus
1096 3507 1234 3548 sum.
1268 3489 1371 3545 Sed
1400 3502 1519 3581 quin
1546 3488 1737 3544 domus

155 3580 248 3663 est,
272 3615 376 3670 quo
402 3593 736 3668 migrandum
765 3598 846 3645 est
869 3598 936 3642 ex
964 3586 1066 3640 hoc
1092 3581 1440 3665 inquilinatu?
1462 3580 1739 3650 Recogno-

157 3694 279 3749 scite
309 3692 452 3749 illam
483 3687 698 3751 domum
719 3724 733 3746 ,
766 3682 832 3751 de
858 3694 959 3767 qua
990 3677 1120 3744 dicit
1149 3673 1435 3745 Apostolus
1468 3690 1482 3727 :
1520 3670 1737 3726 Habita-

155 3785 331 3840 tionem
356 3782 591 3838 habemus
616 3794 678 3831 ex
697 3774 818 3839 Deo,
839 3772 1044 3827 domum
1069 3786 1169 3833 non
1185 3785 1337 3822 manu
1366 3770 1573 3838 factam,
1591 3776 1738 3819 teter-

149 3896 264 3933 nam
289 3876 343 3930 in
367 3874 502 3928 caelis
535 3870 601 3944 (ll
628 3866 747 3924 Cor.
779 3883 807 3929 v
829 3906 844 3933 ,
877 3864 953 3937 l).
985 3862 1039 3917 Si
1068 3861 1257 3916 domus
1288 3858 1402 3914 lure
1425 3867 1625 3913 (eterna
1654 3865 1739 3913 est

146 3971 197 4029 in
214 3970 395 4033 caelis;
413 3981 533 4024 eum
552 3963 618 4017 ad
644 3966 761 4018 eam
779 3957 1102 4020 venerimus,
1121 3950 1363 4023 inquilini
1393 3966 1497 4005 non
1515 3950 1733 4007 erimus.

138 4060 424 4136 Quomodo
439 4059 579 4112 enim
601 4054 707 4110 eris
727 4050 1014 4121 inquilinus
1040 4046 1090 4100 itt
1109 4053 1307 4099 mlerna
1324 4042 1517 4111 domo?
1535 4042 1631 4097 llic
1645 4058 1738 4097 au-

141 4170 252 4217 tem
287 4155 372 4210 ubi
402 4152 642 4208 dicturus
667 4155 746 4202 est
778 4147 1031 4213 Dominus
1059 4139 1273 4203 domus,
1294 4137 1548 4208 Migra,et
1567 4151 1737 4207 quan-

139 4253 213 4309 do
238 4251 478 4306 dictnrus
500 4252 582 4299 est
608 4239 816 4305 nescis,
848 4242 1060 4306 paratus
1089 4239 1223 4286 esto.
1256 4228 1614 4285 Desiderando
1644 4243 1737 4301 au-

139 4353 253 4399 tem
287 4342 502 4396 domum
524 4342 774 4389 :rternatn
803 4335 1018 4398 paratus
1043 4323 1169 4378 eris.
1191 4318 1301 4377 Nec
1324 4334 1642 4376 succenseas
1663 4319 1730 4386 ei,

139 4435 272 4508 quia
301 4446 419 4489 cum
451 4427 561 4482 vult
587 4424 744 4486 dicit,
775 4420 959 4489 Migra.
996 4414 1114 4471 Non
1148 4413 1288 4469 enim
1320 4412 1621 4468 cautionem
1652 4420 1736 4467 te-

142 4505 273 4583 cum
294 4523 313 4555 τ
347 4522 471 4579 fecit
489 4562 503 4584 ,
535 4525 590 4573 et
618 4514 809 4587 placito
834 4509 1062 4582 quodam
1090 4521 1148 4574 se
1174 4505 1459 4561 obstrinxit
1477 4547 1492 4571 ,
1520 4515 1574 4561 et
1602 4520 1734 4561 con-

144 4617 341 4673 duetor
355 4612 544 4666 domus
567 4602 838 4662 accessisti
855 4608 995 4656 certa
1018 4598 1271 4668 pensione
1292 4595 1357 4651 ad
1381 4607 1582 4652 certum
1601 4605 1735 4652 tem-

147 4726 252 4782 pus
287 4724 301 4761 :
330 4700 540 4774 quando
565 4698 678 4753 vult
704 4693 959 4751 Dominus
987 4689 1123 4760 ejus,
1153 4688 1472 4759 migraturus
1498 4703 1577 4744 es.
1608 4687 1735 4745 ideo

215 4825 234 4858 ι
264 4819 601 4882 utquam:
628 4798 1558 4882 ποτιπεεαηιρπταθέξαξιοέέιῖςδέεμ-

215 4889 237 4919 ²
261 4867 570 4933 ἐὶῖἱιιθὶίονὶδ
606 4880 733 4924 noue
767 4879 874 4920 Mss.
898 4867 1185 4939 adduve‘ro:
1212 4869 1561 4935 Numaqunnm

215 4951 372 4977 "pun!
397 4937 625 4977 unndnln
640 4972 654 4977 -
702 4939 878 4977 ηηωιιο
905 4941 1059 4977 niuem
1077 4922 1293 4977 αθιιηιίαι
1310 4932 1535 4977 mutas
1550 4959 1567 4977 .
1704 4939 1734 4977 ο

152 4922 682 5010 ιενεειῖςὶἇιῖΞιὲὶίιὶῐεζά4Δ
702 4939 878 5010 mmo
905 4922 1059 4995 ηιαςῦ
1077 4922 1293 4997 αθηιιίαι
1550 4959 1567 4989 ι
1604 4922 1735 4993 εαῇιο

152 5008 308 5072 magis
329 5002 614 5068 refrigescit,
639 5005 733 5070 etc;

218 5074 242 5105 ι
265 5074 516 5123 massa,
537 5073 767 5126 corporis.
794 5119 805 5126 .
943 5118 954 5126 _
983 5123 993 5126 _
1051 5114 1063 5126 _

219 5140 242 5167 ι
264 5113 538 5183 abiegni
556 5113 689 5174 me:
714 5119 805 5174 sed
823 5118 954 5183 apud
977 5123 1021 5169 te
1044 5113 1322 5183 inquilinus.

218 5199 243 5230 .
264 5170 688 5252 gamma;
832 5170 1033 5252 aliquot,
1051 5170 1335 5252 uenirem:
1356 5174 1734 5252 sumen:

153 5265 239 5314 uc.
269 5237 830 5314 ἕῖἧέέξξάοηιηφάὶυηι.
852 5237 963 5293 Μὴ]
982 5237 1403 5314 domnzcdiussire
1416 5237 1734 5314 domiptedins

153 5268 239 5314 lic.
269 5268 315 5306 et
332 5268 393 5304 tte
435 5290 467 5313 .,
489 5268 830 5301 aamnwamm.
854 5268 963 5293 nutu
982 5268 1403 5312 uultum-uasto
1416 5268 1734 5287 υυι-ιιιεωυιιω

153 5324 326 5375 ἀλσίιιιιν
347 5268 522 5378 Egile
542 5311 765 5378 dominus
781 5345 805 5378 ,ν
834 5299 1735 5378 ορροηιῃξιῳᾳυυκῃξχιᾳςῃξξμείηιξιῗ.

155 5361 337 5438 Ξίἷιέῖι
350 5361 632 5443 natamus.
653 5361 1231 5443 “inmanissimum
1240 5361 1733 5443 ξςξεξρεξίξιηωξιξιεθξη

665 5423 840 5503 γὸρίιρι
856 5467 871 5490 ,
898 5433 1019 5503 etin
1045 5427 1269 5503 eumdem
1292 5423 1503 5503 salsi”,
1528 5423 1695 5476 canit:

431 5489 544 5553 nam
565 5489 921 5564 quidemtum
938 5495 1132 5555 ρείυθνθ
1154 5489 1423 5564 “in”???

283 5551 540 5630 Suscitiiém
562 5551 730 5630 έειίρίὲ
748 5551 1068 5630 οιδιὶερὲἰυδφ
1089 5552 1217 5630 (199έὲ
1238 5551 1350 5630 Et?!“
1378 5551 1520 5630 F98“

283 5614 533 5696 luscinias
547 5660 563 5687 ,
585 5623 762 5696 quibus
874 5614 1002 5696 idem
1017 5614 1345 5696 domin-gellius,
1365 5614 1483 5696 egit:

170 5684 189 5699 -
230 5699 250 5731 .
270 5677 399 5746 nat:
411 5677 561 5744 sua
580 5677 876 5753 migraturus
897 5693 1022 5753 mn.
1067 5677 1222 5753 uete
1241 5677 1331 5753 etc
1527 5686 1732 5753 MM

159 5735 562 5825 ωηαῖῖἧῦδᾶὧῖ
584 5735 782 5799 At'stss.
801 5750 970 5811 (ment
1001 5735 1167 5813 verbis
1205 5735 1502 5813 ξειίξηφᾱαῆε
1523 5735 1733 5800 iaciant

486 5881 540 5927 At
554 5871 687 5934 Edd.,
714 5868 842 5935 fecit.

1850 429 1994 486 enim
2012 432 2180 534 gratis
2205 447 2409 489 manes.
2432 431 2566 501 Quia
2592 433 2866 505 inquilinus
2893 451 2986 510 ego
3005 452 3119 493 sum
3146 440 3287 511 apud
3306 451 3371 510 te,
3392 453 3439 498 et

1848 525 2157 606 peregrinus.
2188 525 2330 596 Ergo
2354 526 2423 582 ibi
2450 527 2639 598 patria,
2659 528 2730 584 ibi
2759 529 2981 586 domus:
3001 532 3280 604 inquilinus
3299 536 3438 606 apud

1846 622 1910 681 te,
1931 602 1979 669 et
2002 617 2314 689 peregrinus.
2334 619 2400 675 Et
2425 619 2510 676 hic
2535 621 2847 679 subauditur
2868 626 3007 696 apud
3032 602 3095 681 te.
3115 626 3263 683 Multi
3290 602 3437 685 enim

1846 709 2109 787 peregrini
2136 718 2262 764 sunt
2289 725 2409 765 cum
2437 711 2652 769 diabolo
2684 730 2697 767 :
2731 717 2819 785 qui
2848 724 3025 773 autem
3050 718 3160 789 jam
3188 719 3436 777 credide-

1844 806 1970 853 runt
1997 808 2052 855 et
2078 798 2263 856 ﬁdeles
2291 810 2433 867 sunt,
2457 804 2722 874 peregrini
2748 806 2963 877 quidem
2988 818 3133 878 sunt,
3154 810 3279 882 quia
3300 826 3436 869 non-

1842 887 1968 944 dum
1997 889 2064 946 ad
2107 891 2253 947 illam
2283 895 2507 963 patriam
2552 895 2873 969 domumque
2901 912 3195 969 venerunt,
3225 903 3320 960 sed
3351 913 3434 960 ta-

1844 996 1965 1036 men
1996 982 2135 1053 apud
2180 983 2345 1039 Deum
2377 995 2521 1042 sunt.
2568 988 2822 1054 Quamdiu
2850 992 2983 1046 enim
3022 1009 3196 1049 sumus
3222 994 3278 1050 in
3316 1012 3433 1051 cor-

1844 1089 1996 1141 pore,
2026 1066 2407 1146 peregrinantur
2435 1094 2465 1130 a
2494 1076 2713 1134 Domino
2744 1098 2764 1135 :
2793 1091 2838 1137 et
2879 1083 3156 1152 antbimus,
3203 1086 3307 1140 sive
3352 1087 3434 1143 hic

1842 1176 2117 1233 manentes,
2150 1169 2252 1223 sive
2279 1173 2675 1242 peregrinantes,
2707 1173 2957 1243 placentes
2985 1177 3060 1231 illi
3086 1193 3192 1234 esse
3217 1178 3285 1250 (ll
3309 1178 3430 1236 Cor.

1842 1276 1928 1327 γι,
1972 1259 2049 1333 9).
2084 1261 2152 1316 Et
2180 1264 2474 1334 peregrinus
2514 1276 2562 1320 et
2606 1267 2882 1339 inquilinus
2911 1284 2931 1323 :
2961 1272 3090 1324 sicut
3133 1287 3305 1327 omnes
3334 1288 3430 1344 pa-

1844 1359 1943 1405 tres
2150 1350 2205 1407 Si
2251 1368 2380 1423 ergo
2427 1356 2567 1411 sicut
2608 1370 2797 1413 omnes
2840 1366 3023 1429 patres
3065 1361 3209 1429 mei,
3256 1362 3431 1422 dictu-

1840 1458 1934 1499 rus
1975 1460 2093 1501 sum
2139 1461 2227 1502 me
2274 1461 2381 1502 non
2430 1449 2820 1521 migraturum,
2866 1467 2986 1507 eum
3017 1453 3115 1508 illi
3163 1455 3432 1526 migrave-

1842 1533 1991 1601 rint?
2019 1535 2136 1592 Alia
2165 1537 2472 1596 conditione
2496 1554 2779 1598 mansurus
2808 1557 2925 1599 sum
2948 1585 2964 1614 ,
2995 1559 3156 1617 quam
3182 1545 3258 1602 illi
3282 1560 3434 1604 man-
3477 1610 3485 1617 η

1841 1628 2069 1683 serunt?

1911 1718 2001 1774 22.
2026 1716 2175 1793 [υενε.
2209 1720 2322 1796 14.]
2344 1720 2481 1790 Quid
2507 1738 2634 1797 ergo
2664 1735 2829 1783 restat
2853 1735 2912 1784 ut
2935 1737 3132 1799 petam,
3163 1730 3288 1801 quia
3308 1729 3436 1787 hinc
3472 1748 3479 1753 '

1842 1809 1959 1866 sine
1987 1810 2150 1868 dubio
2177 1812 2497 1885 migraturus
2523 1817 2680 1872 sum?
2706 1818 2960 1874 Remille‘
2989 1820 3118 1874 mihi
3142 1830 3198 1875 ut
3224 1823 3436 1895 refrige-

1840 1921 1924 1959 rer
1949 1907 2241 1979 priusquam
2269 1926 2400 1965 eam.
2434 1910 2603 1980 Vide,
2644 1912 2769 1971 vide
2808 1912 3056 1983 ldllhun,
3089 1929 3223 1986 quos
3261 1915 3435 1974 nodus

1842 1997 2040 2056 habeas
2068 2002 2418 2058 remittendos
2448 2004 2575 2075 tibi,
2623 2004 2816 2076 quibus
2843 2006 3083 2063 remissis
3126 2007 3437 2080 refrigerari

1840 2095 1920 2148 vis
1951 2094 2253 2166 priusquam
2280 2112 2395 2153 eas.
2431 2096 2607 2170 [labes
2630 2098 2773 2153 enim
2802 2098 3008 2169 aliquos
3032 2107 3193 2156 aestus
3212 2143 3227 2169 ,
3257 2116 3287 2155 a
3317 2102 3435 2173 qui-

1840 2185 1940 2241 bus
1960 2187 2039 2242 vis
2063 2187 2365 2261 refrigerari
2387 2231 2401 2255 ,
2435 2200 2489 2245 et
2512 2190 2646 2246 dicis
2666 2232 2681 2257 ,
2716 2182 3037 2263 Refrigerer;
3062 2202 3117 2249 et
3135 2193 3299 2262 dicis,
3331 2194 3436 2252 Re-

1840 2278 1981 2333 mitte
2004 2279 2148 2333 milu'.
2176 2278 2315 2348 Quid
2341 2282 2577 2336 remittet
2603 2281 2714 2348 tibi,
2742 2283 2842 2337 nisi
2874 2281 3012 2340 forte
3038 2284 3185 2340 illum
3209 2298 3434 2358 scrupu-

1841 2371 1950 2427 lum
1980 2373 2065 2429 ttbi
2091 2374 2225 2432 dicis
2244 2417 2261 2443 ,
2292 2383 2346 2431 et
2369 2375 2509 2431 unde
2534 2376 2668 2432 dicis
2701 2394 2714 2431 :
2750 2375 2957 2431 Dimitte
2975 2376 3119 2431 nobis
3138 2377 3308 2437 debita
3336 2396 3433 2436 no-

1840 2475 1945 2535 stra
1972 2464 2185 2538 (Matth.
2218 2483 2303 2535 v1,
2337 2467 2469 2539 19)?
2499 2466 2716 2524 Remitte
2744 2469 2867 2524 mihi
2887 2470 3180 2542 priusquam
3202 2488 3345 2539 eam,
3388 2482 3438 2529 et

1839 2559 2060 2629 amplius
2067 2560 2180 2631 jam
2202 2576 2302 2615 non
2316 2577 2420 2615 ero.
2438 2561 2736 2618 immunem
2764 2577 2849 2618 me
2864 2561 2949 2619 iac
2965 2578 2995 2620 n
3012 2564 3245 2634 peccatis
3261 2564 3436 2637 prius-

1840 2666 1997 2722 quam
2024 2667 2164 2720 eam,
2185 2668 2252 2709 ne
2278 2668 2399 2709 cum
2426 2655 2659 2724 peccatis
2684 2669 2824 2711 eam.
2847 2656 3078 2712 llemitte
3102 2657 3251 2724 milti,
3274 2666 3332 2713 ut
3348 2673 3437 2719 ra-

1840 2744 2108 2815 quieseam
2139 2745 2192 2800 in
2222 2746 2548 2801 conscientia
2577 2762 2726 2812 mea,
2773 2757 2831 2802 ut
2872 2758 3162 2805 euenerata
3189 2751 3261 2806 sit
3297 2760 3434 2807 testu

1840 2839 2212 2903 sollicitudinis
2244 2860 2258 2895 :
2290 2857 2392 2913 qua
2419 2841 2779 2898 sollicitudine
2807 2858 2989 2898 curam
3013 2859 3144 2915 gero
3179 2858 3276 2916 pro
3307 2860 3433 2916 pec-

1839 2939 1959 3001 cato
1977 2947 2116 2995 meo.
2135 2932 2351 2989 Remitte
2367 2933 2492 2988 mihi
2520 2942 2572 2987 ut
2595 2933 2881 3006 refrigerer,
2900 2946 3024 2991 ante
3047 2936 3246 3004 omnia,
3266 2938 3434 3009 prius-

1838 3042 1991 3099 quam
2014 3042 2161 3093 eam,
2192 3036 2238 3081 et
2264 3026 2484 3097 amplius
2503 3026 2614 3091 iam
2647 3043 2747 3081 non
2782 3042 2886 3082 ero.
2916 3027 2973 3081 Si
2996 3027 3139 3084 enim
3167 3030 3296 3084 mliti
3325 3045 3434 3089 non

1807 3148 1817 3159 -
1840 3120 2115 3176 remiseris
2131 3129 2189 3175 ut
2204 3120 2507 3190 refrigerer,
2524 3120 2613 3177 ibo
2629 3128 2677 3174 ct
2696 3135 2802 3176 non
2829 3136 2941 3176 cro.
2958 3119 3267 3193 Priusquam
3282 3139 3391 3179 eam
3409 3139 3431 3180 :

1840 3227 1947 3285 quo
1968 3213 1989 3244 ³
2020 3212 2064 3267 si
2090 3213 2223 3278 iero,
2250 3211 2360 3283 jam
2390 3227 2496 3267 non
2521 3226 2636 3268 ero.
2670 3210 2889 3268 Remitte
2914 3213 3037 3267 mihi
3062 3223 3114 3268 ut
3142 3215 3430 3287 refrigerer.

1840 3301 1937 3357 Est
1963 3303 2186 3375 qttmstio
2216 3303 2424 3368 oborta,
2448 3302 2715 3374 quomodo
2737 3302 2846 3375 jam
2878 3319 2981 3358 nou
3012 3304 3132 3360 erit.
3156 3304 3296 3361 Ecce
3320 3305 3430 3376 jam

1840 3413 1944 3452 non
1975 3397 2015 3451 it
2036 3396 2101 3467 ad
2122 3395 2394 3466 requiem?
2416 3395 2567 3464 Quod
2586 3404 2794 3452 avertat
2816 3397 2954 3452 Deus
2979 3396 3046 3452 ab
3068 3394 3306 3453 lditbun!
3332 3398 3432 3454 Ibit

1837 3487 1978 3544 enim
2006 3487 2164 3563 plane
2189 3485 2401 3541 lditbuu
2423 3529 2436 3553 ,
2466 3487 2532 3542 ad
2556 3487 2791 3558 requiem
2819 3486 2933 3542 ibit.
2962 3487 3068 3542 Sed
3094 3486 3176 3543 fac
3198 3487 3431 3559 aliquem

1837 3580 2095 3651 iniquum,
2128 3596 2233 3634 non
2263 3580 2493 3646 lditltun,
2521 3596 2625 3634 non
2653 3579 3074 3647 transilientem;
3104 3580 3191 3638 hic
3215 3581 3429 3638 tltesatt-
3462 3638 3481 3661 ὂ,

1837 3670 2114 3736 rixantem,
2156 3671 2542 3737 incubatorem,
2574 3672 2835 3743 iniquum,
2866 3671 3176 3743 superbum,
3216 3662 3471 3752 jactan~§

1840 3772 1943 3818 tem
1963 3804 1977 3830 ,
2008 3764 2204 3818 elatum
2224 3805 2241 3833 ,
2273 3765 2519 3834 pauperis
2544 3773 2669 3819 ante
2689 3763 2906 3835 januam
2929 3761 3156 3835 jacentis
3179 3774 3426 3822 eontem-
3468 3774 3471 3781 ‘

1838 3866 2043 3925 plorem
2078 3872 2091 3909 :
2122 3869 2303 3910 nonne
2329 3863 2385 3911 et
2409 3856 2522 3926 ipse
2548 3855 2686 3910 erit?
2712 3854 2848 3924 Quid
2872 3864 2955 3911 est
2978 3870 3105 3927 ergo
3123 3897 3139 3924 ,
3170 3873 3270 3912 non
3297 3873 3383 3911 ero
3402 3858 3430 3911 ἵ

1837 3947 1891 4003 Si
1918 3947 2059 4002 enim
2082 3946 2232 4003 dives
2259 3946 2348 4009 ille
2376 3962 2481 4002 non
2511 3955 2646 4013 erat,
2668 3947 2787 4016 quis
2814 3957 2895 4000 est
2919 3947 3009 4017 qui
3034 3947 3289 4003 ardebat?
3305 3948 3426 4018 quis

1837 4048 1919 4096 est
1934 4040 2020 4111 qui
2038 4049 2240 4112 guttam
2257 4055 2409 4112 aqua:
2425 4039 2492 4096 de
2514 4039 2680 4111 digito
2695 4039 2880 4095 Lazari
2905 4040 3096 4096 stillari
3121 4041 3172 4096 in
3192 4041 3425 4112 linguam

1837 4148 1987 4189 suam
2015 4133 2389 4190 desiderabat?
2417 4132 2534 4205 quis
2561 4142 2641 4188 est
2667 4133 2759 4204 qui
2785 4132 2996 4188 dicebat
3027 4151 3041 4187 :
3073 4132 3233 4189 Pater
3257 4135 3425 4190 Abra-

1837 4228 1977 4295 ham,
1998 4227 2135 4282 mitte
2162 4226 2420 4282 Lazarum
2447 4226 2600 4301 (an.
2629 4225 3096 4299 xv1,24)?Utique
3121 4230 3212 4301 qui
3240 4229 3425 4302 loque-

1836 4331 1984 4377 retur
2007 4329 2123 4376 erat
2142 4362 2157 4389 ,
2184 4328 2239 4375 et
2262 4319 2352 4391 qui
2378 4318 2594 4376 arderet
2618 4327 2733 4374 erat
2764 4336 2778 4372 :
2810 4330 2862 4374 et
2888 4320 2979 4391 qui
3004 4331 3251 4394 resurgat
3275 4322 3331 4378 in
3357 4322 3424 4379 li-

1836 4430 1978 4476 nem,
2003 4422 2057 4469 et
2082 4413 2170 4484 qui
2196 4428 2317 4468 eum
2344 4411 2555 4467 diabolo
2577 4420 2776 4467 aeterno
2801 4411 2923 4483 igne
2947 4412 3249 4469 damnetur.
3279 4415 3423 4484 Quid

1835 4515 1918 4563 est
1946 4521 2095 4577 ergo,
2122 4522 2223 4560 non
2251 4522 2356 4569 ero,
2385 4505 2489 4561 nisi
2518 4505 2767 4576 respiciat
2792 4506 2893 4561 iste
2923 4505 3155 4577 lditlinn,
3184 4508 3310 4581 quid
3340 4519 3427 4568 est

1835 4615 1975 4667 esse,
1994 4608 2048 4654 et
2070 4613 2177 4653 non
2193 4599 2346 4653 esse?
2363 4596 2588 4652 Videbat
2605 4597 2745 4652 enim
2773 4596 2919 4652 illum
2943 4598 3123 4665 linem,
3141 4613 3247 4670 quo
3261 4599 3425 4657 corde

1833 4700 2076 4767 poterat,
2105 4708 2206 4763 qua
2250 4691 2447 4747 mentis
2471 4691 2586 4747 acie
2609 4690 2854 4759 valebat,
2882 4707 3041 4762 quem
3068 4693 3169 4749 sibi
3210 4694 3428 4752 ostendi

1833 4783 2230 4839 desideraverat
2252 4781 2437 4838 dicens
2469 4798 2483 4835 :
2518 4779 2709 4836 Notum
2736 4781 2819 4850 [ac
2843 4783 2985 4849 milii,
3012 4782 3245 4852 Domine,
3268 4786 3426 4856 ﬁnem

1834 4893 2020 4932 meum.
2050 4876 2276 4932 Videbat
2303 4890 2580 4931 numerum
2608 4874 2812 4931 dierum
2839 4891 3057 4932 suorum
3083 4877 3171 4950 qui
3201 4889 3318 4936 est:
3343 4890 3425 4937 at-

1834 4969 2090 5038 tendebat
2108 4966 2244 5023 inl‘ra
2271 4968 2449 5023 omnia
2475 4982 2593 5039 quae
2620 4975 2759 5033 sunt,
2781 4968 2831 5022 in
2859 4971 3256 5039 comparatione
3279 4971 3423 5032 illius

1833 5080 1974 5133 esse,
1997 5079 2103 5119 non
2128 5077 2282 5127 esse;
2313 5070 2368 5117 et
2394 5077 2452 5117 se
2480 5076 2585 5116 non
2612 5076 2731 5117 esse
2760 5060 2990 5119 dicebat.
3021 5063 3110 5120 Illa
3135 5065 3275 5120 enim
3299 5081 3422 5136 per-

1833 5164 2080 5225 manent;
2105 5155 2206 5211 ista
2232 5153 2501 5209 mutabilia
2530 5163 2674 5220 sunt,
2698 5154 2962 5223 mortalia,
2987 5154 3190 5226 fragilia
3213 5173 3228 5210 :
3250 5164 3306 5213 et
3324 5156 3423 5213 do-

1834 5250 1916 5308 lor
1943 5252 2055 5322 ipse
2083 5257 2314 5304 internus
2332 5289 2347 5313 ,
2374 5245 2560 5316 plenus
2580 5246 2935 5317 corruptionis
2955 5289 2969 5314 ,
3001 5246 3069 5302 ad
3094 5246 3196 5303 hoc
3223 5263 3328 5305 non
3356 5249 3421 5305 li—

1834 5346 1992 5409 nitur,
2014 5351 2073 5398 ut
2095 5343 2209 5398 sine
2236 5340 2342 5396 line
2367 5338 2599 5395 ﬁniatur.
2621 5340 2875 5411 Respexit
2897 5356 3024 5412 ergo
3040 5342 3244 5397 beatam
3272 5343 3421 5399 illam

1832 5436 2126 5510 regionem,
2158 5434 2364 5489 beatam
2394 5432 2639 5502 patriam,
2668 5432 2876 5487 beatam
2907 5432 3144 5500 domum,
3175 5434 3261 5490 ubi
3290 5451 3418 5506 par-

1834 5533 2023 5602 ticipes
2040 5537 2163 5585 sunt
2187 5529 2356 5583 sancti
2373 5527 2498 5583 vita:
2521 5529 2862 5598 sempiternae
2881 5534 3043 5598 atque
3068 5526 3422 5590 incommuta-

1896 5672 1912 5703 ι
1940 5676 2035 5728 ειη,
2075 5664 2260 5728 amne
2296 5672 2565 5728 me._l.0v.,
2604 5662 2791 5717 remitte
2833 5676 2926 5716 me.
2975 5671 3036 5718 At
3068 5672 3197 5728 Mss,
3231 5666 3421 5727 dimitte

1832 5730 1971 5791 uniti,
1993 5725 2107 5790 aut,
2130 5726 2317 5783 remitte
2338 5725 2475 5798 mihi.

1896 5798 1916 5827 ,
1942 5786 2015 5843 ει..
2038 5786 2238 5853 διίιωυε
2254 5800 2353 5848 M5,,
2380 5786 2509 5853 quia.
2524 5786 2666 5853 paulo
2676 5795 2787 5853 post
2809 5788 2980 5853 borum
2993 5791 3256 5853 verborum
3280 5794 3416 5853 low:

1838 5864 1916 5910 Est
1940 5852 2137 5919 quaestio
2158 5852 2339 5914 oborta,
2364 5849 2581 5902 nonnulli
2597 5849 2709 5899 Cdd.
2727 5863 2825 5900 non
2848 5850 3031 5903 habent
3054 5855 3164 5918 nisi,
3182 5849 3261 5907 iit.
