3960 6412
618 285 724 345 431

555 404 578 487 '3
616 405 746 462 bilis
770 398 1011 460 veritatis
1038 411 1057 454 :
1084 403 1141 454 et
1170 393 1348 487 timuit
1370 400 1520 450 extra
1548 393 1627 449 ire
1643 431 1660 460 ,
1688 388 1780 449 ubi
1804 402 1915 448 non
1937 397 2023 487 est
2044 401 2207 456 esse;

1865 271 1924 331 s.
1964 270 2334 332 AUGUSTINI
2370 274 2673 337 EPlSCOPl
3750 300 3824 360 ιε,

2325 392 2430 460 nis,
2456 392 2554 450 sed
2576 392 2753 452 cordis
2772 395 3010 468 inquirit.
3054 396 3205 457 Sicut
3245 408 3429 459 autem
3478 403 3671 466 adulter
3707 410 3825 473 homo

568 480 692 564 izibi
735 495 1048 554 desiderans
1074 504 1227 554 esse,
1268 486 1358 543 ubi
1398 494 1481 543 est
1508 498 1778 541 summum
1803 496 1947 540 esse.
1984 480 2213 553 Propter
2318 483 2528 540 laetatur
2553 486 2858 560 iuuequitia
2880 503 2998 558 sua,
3026 507 3152 548 cum
3192 507 3416 552 carnem
3456 503 3824 572 corruunpit;si¢

619 592 760 647 hanc
786 603 912 660 ergo
932 581 1380 655 comparationem
1403 579 1541 635 inter
1561 586 1844 647 utrumque
1866 573 2208 638 constitutus,

617 684 796 740 adhuc
823 683 1013 736 timens
1036 675 1166 731 dicit
1195 691 1210 728 :
1246 672 1461 728 Remitte
1484 669 1645 736 mihi,
1672 676 1725 723 ut
1748 666 2017 739 refrigerer
2040 664 2210 737 prius-

598 795 633 849 q
652 792 768 830 uani
792 788 938 839 eam,
964 778 1011 824 et
1047 765 1268 840 antplius
1283 765 1398 838 jam
1423 779 1525 818 non
1556 776 1661 816 cro.
1692 757 1749 815 Si
1772 758 1915 814 enim
1943 755 2073 812 mihi
2099 770 2205 810 non

614 847 890 922 remiseris
935 869 1150 932 peccata
1169 897 1186 926 ,
1221 856 1309 911 ibo
1336 855 1391 910 in
1413 861 1671 910 aeternum
1715 849 1812 905 abs
1843 857 1916 905 te.
1943 847 2013 902 Et
2039 861 2070 900 a
2099 860 2207 916 quo

612 959 701 1014 ibo
750 956 802 1011 in
844 949 1150 1010 aeternum?
1198 948 1281 1004 Ab
1327 947 1417 1001 illo
1462 945 1553 1016 qui
1594 943 1767 1007 dixit,
1810 938 1925 1011 Ego
1965 954 2081 995 sum
2120 936 2208 1009 qui

608 1066 727 1107 sum
768 1064 789 1103 :
833 1046 901 1102 ab
945 1044 1040 1099 illo
1080 1041 1171 1113 qui
1213 1038 1391 1105 dixit,
1435 1034 1534 1091 Dic
1576 1033 1696 1105 [iliis
1738 1030 1941 1097 Israel,
1989 1029 2091 1099 Qui
2133 1034 2206 1083 est

609 1142 749 1196 misit
791 1154 872 1195 me
911 1135 980 1191 ad
1024 1150 1111 1190 vos
1157 1129 1375 1204 (Exod.
1406 1144 1503 1195 ιιι,
1552 1123 1686 1197 li).
1734 1123 1818 1180 Ab
1845 1138 1912 1180 eo
1956 1133 2085 1193 ergo
2112 1117 2204 1191 qui

611 1248 745 1291 vere
794 1238 879 1288 est
924 1227 1016 1301 qui
1062 1226 1118 1281 in
1163 1221 1490 1281 contrarium
1535 1216 1755 1290 pergit,
1808 1212 1878 1270 ad
1921 1227 2030 1269 non
2081 1223 2205 1267 esse

610 1335 985 1487 peg‘fitaque
1032 1411 1224 1468 fratres
1272 1406 1402 1474 mei,
1432 1403 1533 1462 etsi
1589 1414 1851 1459 onerosus
1896 1397 1971 1454 fui
2020 1394 2198 1452 labori

610 1511 856 1585 corporis
872 1507 1055 1576 vestri,
1089 1506 1221 1561 ferte
1250 1503 1269 1535 ¹
1303 1518 1319 1567 ;
1357 1499 1479 1570 quia
1503 1506 1557 1552 et
1575 1510 1675 1568 ego
1698 1491 1932 1592 laboravi
1968 1497 2069 1592 et
2094 1505 2195 1592 ve-

611 1622 676 1666 re
701 1580 843 1671 dico,
866 1602 984 1674 quia
1001 1600 1158 1654 istum
1174 1596 1411 1651 laborem
1439 1604 1533 1646 vos
1558 1588 1711 1643 vobis
1742 1584 1934 1641 facitis.
1973 1580 2030 1638 Si
2056 1580 2200 1638 enim

609 1699 866 1756 sentirem
887 1706 985 1759 vos
1009 1687 1247 1751 fastidire
1269 1681 1414 1757 quod
1437 1681 1652 1745 dicitur,
1679 1678 1788 1734 cito
1812 1685 2070 1731 tacerem.

612 1795 2189 1854 ______,__.____________.

999 1900 1082 1964 IN
1122 1890 1503 1962 PSALMUM
1544 1884 1834 1950 XXXIX

1182 2011 1597 2076 ENARRATIO.

1129 2148 1302 2195 εειιιιο
1328 2147 1396 2189 ΑΙ)
1418 2139 1676 2186 εειιυιυιι.

686 2268 738 2322 1.
762 2259 951 2320 Omnia
979 2268 1098 2328 qua:
1111 2248 1351 2324 praedixit
1374 2244 1630 2301 Dominus
1657 2249 1838 2296 noster
1857 2235 2015 2292 Jesus
2039 2231 2196 2289 Chri-

614 2367 736 2418 stus
757 2396 773 2421 ,
800 2352 994 2425 partim
1036 2347 1173 2402 facta
1206 2337 1598 2412 cognoscimus,
1631 2332 1819 2403 partim
1857 2328 2036 2431 futura
2076 2340 2199 2431 spe-

583 2421 1054 2508 ramus-:cuncta
1115 2445 1297 2492 tamen
1352 2427 1787 2498 complebuntur,
1833 2421 1957 2493 quia
1998 2421 2196 2474 veritas

608 2542 728 2598 haec
744 2537 893 2600 dicit,
924 2543 980 2590 et
1000 2543 1158 2603 quam
1186 2523 1414 2581 ﬁdeliter
1433 2519 1582 2584 dicit,
1610 2527 1718 2574 tam
1738 2514 1925 2571 fideles
1949 2512 2188 2584 requirit.

606 2633 708 2703 Qui
754 2627 946 2693 credit,
995 2617 1332 2678 venientibus
1372 2607 1794 2679 laetabiturzqui
1832 2603 2190 2703 non-credit,

604 2697 944 2782 venientibus
971 2709 1347 2771 confundetur.
1369 2703 1598 2761 Venient
1629 2709 1803 2756 tamen
1831 2697 1921 2754 illa
1947 2697 2061 2753 sive
2085 2709 2186 2749 vo-

603 2814 835 2873 lentibus
856 2802 1183 2868 hominibus,
1213 2798 1327 2855 sive
1376 2791 1700 2856 nolentibus,
1755 2789 1869 2845 sive
1913 2784 2186 2843 credenti-

602 2909 724 2970 bus,
747 2906 864 2960 sive
909 2914 1018 2955 non
1059 2889 1422 2956 credentibus,
1457 2887 1596 2942 sicut
1636 2885 1711 2939 ait
1755 2880 2042 2954 Apostolus
2075 2895 2089 2932 :

602 2968 967 3070 negaverimus,
996 2996 1043 3044 et
1065 2987 1175 3059 ipse
1206 3000 1300 3039 nos
1334 2979 1532 3051 negabit
1560 2994 1579 3033 :
1597 2978 1638 3033 si
1668 2992 1770 3030 non
1806 2968 2189 3073 creditnutille

600 3060 768 3161 ﬁdelis
793 3089 1069 3156 permanet,
1094 3091 1278 3149 negare
1322 3073 1544 3143 seipsum
1592 3085 1693 3161 non
1742 3072 1904 3161 potest
1947 3060 2026 3136 (ll
2044 3062 2181 3117 Tim.

600 3156 656 3245 ii,
681 3178 768 3244 12,
800 3173 929 3246 15).
961 3172 1079 3228 Prae
1107 3167 1316 3225 caneris
1350 3174 1552 3228 tamen,
1586 3159 1795 3223 fratres,
1822 3156 1925 3212 hoc
1946 3168 2187 3246 memen-

597 3244 899 3332 totebreve,
932 3272 987 3320 et
1036 3262 1141 3317 hoc
1188 3265 1365 3313 tenete
1405 3252 1546 3325 quod
1593 3249 1752 3305 modo
1776 3264 1840 3305 ex
1894 3244 2183 3317 Evangelio

595 3374 783 3420 omnes
808 3353 1129 3412 audivimus.
1162 3347 1263 3416 Qui
1307 3341 1686 3416 perseveraverit
1711 3355 1867 3412 usque
1902 3338 1954 3391 in
2002 3337 2177 3407 ﬁnem,

592 3456 677 3511 hic
700 3453 870 3508 saluus
891 3445 1027 3515 erit(
1057 3441 1245 3497 Matth.
1295 3436 1480 3503 x,22;
1512 3442 1557 3489 el
1581 3448 1728 3499 χχιιι,
1763 3430 1831 3486 15
1854 3429 1895 3501 ).
1926 3428 2041 3484 Jam
2073 3442 2170 3498 pa-

593 3556 705 3604 tres
728 3540 897 3599 nostri
928 3535 1103 3594 traditi
1148 3540 1274 3589 sunt
1321 3526 1643 3591 iuconeilia,
1684 3523 1937 3580 dixerunt
1988 3535 2179 3577 causas

592 3637 730 3711 apud
752 3633 998 3691 inimicos
1051 3641 1186 3698 quos
1238 3620 1569 3693 diligebant;
1597 3615 1961 3688 pmstitcruut
2007 3613 2178 3711 eiset

589 3707 840 3805 quantam
871 3728 1152 3794 potuerunt
1180 3714 1597 3785 correptionem,
1629 3717 1684 3765 et
1715 3717 1970 3805 quantum
1989 3707 2173 3762 value-

587 3801 714 3884 runt
737 3819 1116 3877 dilectionem:
1145 3818 1199 3867 et
1236 3821 1453 3880 sparsus
1495 3814 1579 3860 cst
1630 3803 1847 3874 sanguis
1873 3801 2071 3881 justus,
2122 3808 2177 3857 ει

584 3918 678 3974 illo
703 3913 982 3983 sanguine,
1014 3915 1263 3976 tanquam
1285 3895 1639 3955 setninatione
1675 3909 1771 3965 per
1800 3902 1969 3948 totum
2012 3907 2173 3947 mun-

585 4009 712 4064 dum
735 4003 898 4069 facta,
931 4011 1086 4070 seges
1111 3991 1344 4050 surrexit
1380 3986 1658 4045 Ecclesiae.
1703 3983 2052 4056 Consequens
2076 3998 2172 4039 au-

583 4112 693 4158 tem
723 4108 933 4167 tempus
959 4100 1042 4148 est
1080 4085 1454 4144 scandalorum
1501 4089 1557 4137 et
1604 4077 1959 4135 simulationis
1980 4085 2035 4134 et
2057 4086 2175 4134 ten-

583 4195 865 4253 tationum,
897 4202 994 4257 per
1018 4194 1112 4237 eos
1130 4179 1221 4251 qui
1245 4177 1427 4232 dicunt
1454 4191 1468 4225 :
1520 4171 1650 4228 Ecce
1679 4172 1761 4226 hic
1809 4180 1881 4226 est
1915 4170 2168 4240 Christus,

583 4300 696 4341 ecce
728 4280 879 4350 illic(
910 4276 997 4330 1d.
1053 4288 1199 4339 xxxv,
1239 4269 1311 4324 23
1340 4266 1382 4340 ).
1423 4265 1603 4320 Ilostis
1649 4263 1741 4319 ille
1792 4274 2005 4330 noster,
2047 4273 2172 4322 tunc

568 4366 668 4436 ilco
724 4370 841 4436 fuit,
896 4382 1015 4423 cum
1072 4370 1256 4433 aperte
1321 4356 1573 4414 szcviebat
1606 4373 1618 4409 :
1649 4355 1810 4410 modo
1848 4354 2013 4410 draco
2063 4364 2166 4424 est,

617 4482 704 4521 um
733 4461 942 4520 occulte
983 4456 1281 4513 insidiatur.
1323 4450 1414 4505 llle
1463 4457 1645 4502 autem
1696 4445 1780 4500 cui
1830 4446 2031 4502 dictum
2062 4454 2165 4515 est,

573 4537 912 4616 :Conculcabis
937 4553 1129 4608 leonem
1154 4557 1201 4602 et
1219 4545 1497 4599 draconem
1530 4540 1549 4612 (
1584 4540 1726 4594 Psal.
1749 4554 1837 4604 xc,
1869 4540 1936 4595 15
1962 4537 2005 4611 ),
2035 4554 2170 4610 quo-

580 4653 723 4708 niam
762 4658 959 4716 corpus
983 4641 1099 4711 ejus
1129 4647 1182 4693 et
1206 4635 1445 4691 membra
1484 4632 1600 4700 ejus
1639 4645 1843 4698 sumus,
1876 4630 2015 4686 sicut
2035 4646 2163 4687 con-

578 4740 811 4802 culeavit
848 4737 1057 4793 leonem
1098 4728 1322 4802 pedibus
1367 4731 1575 4798 patrum
1625 4731 1930 4777 nostrorum
1980 4732 2164 4794 aperte

578 4833 912 4893 saevientem,
942 4834 998 4882 et
1045 4822 1112 4880 ad
1148 4818 1427 4893 passiones
1484 4822 1744 4886 martyres
1782 4812 2160 4883 attrahentem,

579 4931 648 4983 ira
697 4923 860 4981 modo
883 4921 1170 4976 draconem
1200 4910 1475 4969 conculcet
1499 4908 1541 4974 ⁸,
1566 4922 1634 4962 ne
1672 4906 1826 4962 nobis
1866 4906 2160 4964 insidietur.

581 5022 779 5090 Dequo
824 5013 1057 5068 dracone
1102 5022 1201 5063 nos
1247 5015 1430 5059 cautos
1475 5000 1673 5054 faciens
1707 4998 1993 5090 Apostolus
2039 5000 2164 5055 ait:

578 5088 760 5182 Aptari
785 5101 976 5161 uosuni
1000 5100 1105 5155 viro
1131 5096 1372 5166 virginem
1416 5100 1608 5146 castam
1646 5089 1878 5145 exhibere
1917 5088 2114 5145 Christo
2143 5107 2163 5145 :

578 5208 728 5259 timeo
771 5209 941 5255 autem
969 5211 1031 5248 ne
1056 5192 1183 5247 sicut
1205 5202 1407 5254 serpens
1440 5184 1594 5238 Evam
1613 5184 1812 5240 seduxit
1837 5185 2022 5239 astutia
2045 5201 2160 5250 sua,

577 5301 651 5356 sic
670 5307 715 5353 et
737 5305 912 5351 uestitu
936 5298 1125 5344 mentes
1167 5289 1553 5348 corrumpantur
1578 5295 1608 5333 a
1637 5278 1860 5333 castitate
1883 5294 1997 5349 qua:
2019 5288 2092 5332 est
2108 5277 2162 5332 in

579 5391 777 5448 Christo
797 5381 957 5457 Jesu(
992 5379 1034 5435 ll
1058 5376 1174 5432 Cor.
1205 5392 1279 5441 xi,
1309 5373 1345 5428 2
1371 5372 1412 5444 ).
1441 5372 1672 5444 Serpens
1709 5388 1838 5443 ergo
1883 5371 1984 5427 iste
2002 5370 2159 5426 adu]-

579 5496 648 5539 tet
680 5480 949 5549 antiquus,
987 5467 1343 5542 virginitatem
1393 5465 1861 5537 corrumpendum,
1890 5478 1997 5519 non
2038 5478 2160 5519 car-

645 5617 664 5647 ί
677 5621 751 5662 διε
771 5609 954 5673 aliquot
974 5611 1089 5673 ῃεε1
1109 5610 1164 5673 at
1179 5609 1309 5673 t.ov.,
1325 5598 1445 5651 certi
1465 5599 1569 5650 silis
1593 5596 1708 5661 quia
1729 5608 1749 5647 :
1783 5604 1836 5646 et
1852 5596 1996 5659 paulo
2016 5595 2159 5659 infra,

576 5674 788 5735 laborem
805 5662 886 5722 vo's
905 5662 1039 5735 nobis
1058 5664 1235 5735 facitis.

640 5720 827 5792 ῖιπλω,
844 5720 1159 5784 conculctiln't.
1187 5732 1242 5777 Αι
1262 5735 1435 5776 omnes
1456 5722 1562 5773 fere
1584 5729 1709 5783 uss,
1726 5720 1987 5773 conculcet.
2028 5730 2129 5775 Duo
2144 5757 2159 5784 ,

592 5796 836 5851 ‘ottr‘zlcat.

2315 584 2372 631 ει
2405 575 2648 636 diabolus
2675 580 2888 637 laetatur
2900 585 3115 655 quando
3135 595 3369 643 mentem
3385 596 3681 664 corrumpit.
3715 597 3822 659 Sim

2312 676 2492 724 autem
2519 671 2756 740 patribus
2790 677 2989 733 nostris
3034 664 3294 737 adversus
3332 680 3545 740 leonem
3584 702 3701 756 opus
3737 704 3818 750 erat

2312 759 2584 830 patientia,
2602 763 2680 820 sic
2700 766 2854 823 nobis
2871 767 3130 827 adversus
3149 770 3438 830 draconem
3458 775 3717 846 vigilantia.
3733 782 3821 839 Per.

2310 853 2513 907 secutio
2530 862 2706 912 tamen
2732 857 2846 916 sive
2869 874 2899 914 a
2915 859 3095 929 leone,
3122 863 3238 919 sive
3259 879 3289 918 a
3334 864 3590 934 dracone,
3609 885 3814 942 uunqmu

2308 952 2483 1000 cessat
2503 946 2756 1006 Ecclesia:
2782 967 2797 1004 :
2819 959 2871 1008 et
2898 953 3068 1026 magis
3113 955 3433 1013 metuendus
3461 966 3546 1015 est
3582 975 3689 1015 eum
3712 962 3821 1033 fallit,

2308 1048 2605 1104 quamcum
2633 1042 2808 1096 smvit.
2861 1042 2960 1100 Ilio
3005 1053 3246 1117 tempore
3295 1048 3529 1121 cogebat
3567 1050 3823 1114 Christianos

2310 1141 2509 1198 negare
2533 1127 2801 1188 Christum
2828 1151 2844 1200 ;
2876 1135 2981 1192 isto
2992 1146 3173 1196 autem
3200 1149 3443 1212 tempore
3454 1141 3607 1201 docet
3634 1144 3823 1202 Christia-

2307 1231 2406 1274 nos
2427 1234 2620 1291 negare
2643 1221 2912 1282 Christum
2940 1243 2956 1281 :
2984 1236 3110 1286 tunc
3123 1231 3367 1302 cogebat,
3397 1247 3540 1290 nunc
3550 1232 3707 1292 docet.
3722 1237 3824 1296 Tunc

2306 1324 2437 1382 ergo
2464 1311 2737 1384 ingerebat
2768 1316 3072 1389 violentias,
3117 1337 3260 1378 nunc
3306 1323 3575 1382 insidias:
3612 1327 3822 1385 videbatur

2306 1411 2433 1461 tunc
2456 1402 2706 1474 fremens,
2737 1408 2976 1468 lubricus
3004 1427 3150 1469 nunc
3177 1421 3234 1471 et
3274 1413 3541 1471 oberrans
3566 1416 3753 1475 difﬁcile
3772 1422 3823 1475 vi-

2292 1494 2481 1571 detur.
2520 1495 2801 1566 Quomodo
2820 1509 3001 1559 antem
3042 1511 3170 1560 tunc
3195 1504 3425 1577 cogehat
3447 1505 3744 1566 Christianos
3762 1527 3822 1570 ne-

2302 1604 2433 1661 gare
2457 1586 2750 1661 Christum,
2776 1604 3020 1664 apertum
3051 1606 3154 1656 est.
3203 1598 3624 1656 Attrahebautur
3646 1603 3761 1658 enim
3788 1616 3823 1660 nt

2304 1694 2559 1754 negarent
2585 1683 2878 1755 Christum,
2927 1699 2984 1748 et
3023 1692 3345 1751 confitentes
3376 1692 3639 1751 Christum
3659 1711 3821 1756 corona-

2304 1772 2516 1833 bantur.
2559 1775 2711 1834 Nunc
2782 1787 2962 1838 autem
3009 1781 3170 1842 docet
3229 1799 3433 1859 negare
3485 1784 3760 1853 Christum;
3788 1801 3822 1846 et

2304 1864 2424 1922 ideo
2453 1866 2610 1936 fallit,
2630 1871 2755 1943 quia
2773 1874 2866 1945 qui
2902 1873 3128 1934 docetur
3144 1892 3345 1950 negare
3391 1877 3654 1938 Christum
3674 1924 3689 1947 ,
3716 1884 3818 1953 quasi

2302 1976 2409 2017 non
2425 1964 2527 2022 sibi
2557 1966 2765 2026 videtur
2792 1973 3048 2032 recedere
3073 1991 3107 2033 a
3151 1976 3393 2035 Christo.
3425 1977 3579 2035 Modo
3602 1978 3818 2050 enimquid

2301 2052 2498 2112 dicitur
2524 2057 2593 2112 ab
2632 2060 2899 2122 haereticis
2932 2064 3349 2143 hominibus“)
3378 2068 3662 2129 christiano
3682 2070 3814 2127 catho-

2300 2148 2446 2207 lico?
2475 2152 2630 2221 Veni,
2677 2164 2797 2214 esto
2847 2158 3193 2217 christianus.
3244 2161 3329 2219 Ad
3352 2160 3460 2220 hoc
3485 2162 3684 2230 dicitur,
3708 2162 3814 2228 Esto.

2299 2251 2360 2299 ut
2384 2242 2545 2309 dicat,
2568 2244 2686 2313 Non
2712 2249 3053 2307 sum?Aliud
3078 2251 3238 2324 longe
3262 2262 3373 2319 est,
3403 2253 3557 2322 Veni,
3582 2263 3688 2311 esto
3715 2252 3813 2310 clui-

2298 2332 2505 2392 stianus
2532 2352 2548 2405 ;
2589 2336 2754 2405 aliud,
2786 2339 2942 2410 Veni,
2970 2356 3107 2415 nega
3128 2341 3429 2402 Christum.
3477 2346 3713 2416 Aperuuu
3739 2358 3815 2399 ιιιι·

2297 2425 2430 2492 lum,
2454 2427 2697 2486 fremitus
2722 2431 2891 2490 leonis
2913 2448 2946 2489 a
2972 2433 3132 2508 longe
3152 2436 3398 2505 auditur,
3420 2436 3620 2510 alonge
3636 2444 3810 2493 aretur.

2296 2519 2544 2592 Applicat
2567 2536 2628 2579 se
2652 2522 2888 2583 lubricus
2919 2526 3109 2596 draco,
3132 2529 3363 2587 occultis
3380 2530 3615 2602 lapsibus
3630 2545 3811 2601 serpens,

2294 2609 2403 2666 leni
2425 2620 2596 2669 tractu
2624 2613 2977 2690 ‘subrepens,
3025 2628 3203 2676 astuto
3240 2621 3405 2679 sibilo
3449 2622 3808 2687 immurmurat.

2293 2710 2351 2760 et
2376 2719 2483 2762 non
2534 2706 2686 2778 dicit,
2721 2708 2863 2782 Nega
2908 2709 3202 2770 Christum.
3242 2714 3383 2772 Nam
3439 2731 3561 2774 eum
3611 2715 3810 2773 ceraunis

2291 2798 2618 2871 martyribus
2637 2801 2759 2872 quis
2782 2802 3031 2862 audiret?
3058 2804 3167 2863 Sed
3190 2806 3345 2876 dicit,
3379 2806 3512 2866 Esto
3533 2807 3804 2866 christiana.

2289 2885 2361 2944 Et
2382 2889 2473 2946 ille
2496 2890 2766 2948 mirabili'
2792 2908 2926 2950 voce
2978 2909 3283 2965 percussus,
3324 2897 3375 2955 si
3418 2898 3642 2955 nondum
3658 2910 3806 2954 venam

2289 2990 2600 3051 penetratus
2623 2992 2727 3052 est,
2782 2984 3092 3057 respondet,
3141 2987 3308 3045 Plane
3364 2989 3668 3046 christianos
3704 3002 3802 3045 sunt.

2287 3070 2345 3129 Si
2373 3082 2552 3130 autem
2604 3086 2869 3143 movetur,
2900 3086 2955 3134 et
2976 3077 3137 3135 dente
3179 3078 3437 3140 draconis
3482 3091 3658 3153 captus
3695 3080 3802 3145 δι’.

2285 3166 2596 3239 respondet,
2620 3166 2795 3238 Quare
2836 3169 2968 3225 mihi
3004 3169 3160 3240 dicis,
3182 3171 3314 3230 Esto
3362 3173 3700 3231 cbristianus?
3717 3170 3801 3243 quid

2285 3260 2447 3328 enim,
2473 3276 2581 3317 non
2629 3277 2751 3319 sum
2780 3262 3150 3321 christianos?
3194 3265 3261 3322 Et
3286 3267 3401 3334 ille,
3432 3266 3568 3325 Non.
3596 3267 3715 3338 Ergo
3728 3278 3801 3319 non

3886 1511 3900 1792 Ι

2283 3368 2403 3410 sum
2432 3352 2617 3410 ?Non.
2651 3352 2793 3426 Ergo
2821 3371 2963 3412 nunc
2986 3355 3072 3414 fac
3100 3371 3188 3414 me
3236 3357 3607 3425 christianum,
3653 3357 3693 3415 si
3729 3369 3799 3411 non
3868 3352 3899 3426 |

2280 3459 2421 3503 sum.
2444 3445 2601 3502 Veni.
2619 3445 2727 3504 Sed
2763 3461 2885 3503 cum
2933 3448 3250 3522 interrogari
3297 3452 3531 3524 caperis
3570 3450 3633 3506 ab
3652 3448 3801 3519 episco-
3866 3445 3899 3524 Ι

2281 3553 2351 3609 po
2373 3539 2495 3610 quis
2521 3536 2544 3568 δ
2571 3537 2667 3603 sis,
2694 3538 2804 3595 noli
2832 3538 3034 3611 dicere,
3068 3539 3410 3601 Christianus
3437 3554 3572 3612 sum,
3594 3553 3674 3600 aut
3688 3539 3797 3598 Fido-

2281 3629 2347 3686 iis
2375 3644 2526 3696 sum,
2564 3629 2661 3687 sed
2684 3629 2772 3688 die
2815 3647 2925 3687 non
2963 3641 3017 3689 te
3050 3648 3196 3703 esse,
3245 3645 3306 3692 ut
3346 3637 3520 3709 possis
3539 3651 3664 3693 esse.
3705 3633 3795 3690 Cum

2279 3721 2424 3777 enim
2471 3720 2702 3778 audierit
2749 3720 3145 3782 confessionem
3173 3725 3455 3785 christiani
3498 3725 3794 3793 fidelis,reba-

2278 3811 2479 3882 ptizare
2512 3811 2587 3886 (ὁ)
2618 3826 2724 3869 non
2750 3811 2911 3871 audet
2944 3830 2959 3869 :
2986 3830 3108 3871 cum
3133 3824 3310 3874 autem
3343 3818 3564 3876 audierit
3588 3817 3791 3889 quodnon

2277 3906 2368 3972 sit,
2387 3903 2478 3960 dat
2508 3904 2585 3960 illi
2613 3913 2865 3977 tanquam
2893 3906 3035 3979 quod
3062 3922 3170 3965 non
3197 3909 3464 3978 habebat;
3492 3922 3546 3967 ut
3568 3908 3697 3983 quasi
3716 3907 3792 3977 ipso

2276 3998 2347 4054 sit
2367 4006 2521 4054 extra
2548 3997 2787 4070 culpam,
2834 3999 2958 4071 quia
2998 4000 3293 4059 secundum
3320 4020 3508 4062 vocem
3547 4003 3650 4074 ejus
3689 3998 3788 4057 facit.

2275 4090 2379 4149 Ubi
2398 4105 2581 4163 quaero
2597 4091 2694 4149 abs
2715 4100 2787 4161 te,
2838 4090 3110 4159 baeretiee,
3131 4109 3228 4152 cur
3263 4104 3317 4156 te
3345 4108 3494 4156 extra
3528 4096 3790 4167 culpaturu-

2277 4193 2356 4241 tas
2376 4185 2401 4238 ?
2424 4186 2557 4254 Quid
2580 4184 2681 4241 hac
2707 4201 2838 4243 voce
2879 4186 3042 4245 audio
3066 4187 3092 4221 ⁸
3115 4188 3275 4262 ?quia
3312 4208 3420 4248 non
3461 4202 3516 4249 tu
3552 4204 3706 4262 negas,
3723 4181 3787 4241 sed

2273 4277 2363 4333 ille
2383 4277 2584 4348 negat?
2626 4277 2683 4335 Si
2721 4277 2882 4335 habet
2907 4279 3117 4352 culpam
3141 4282 3234 4353 qui
3263 4293 3458 4356 negat,
3485 4282 3603 4356 quid
3627 4279 3697 4351 qui
3716 4276 3783 4331 do-

2271 4380 2359 4429 cet
2377 4371 2399 4404 ⁶
2423 4386 2619 4444 negare
2636 4386 2759 4427 eum
2774 4372 2866 4445 qui
2883 4373 3079 4447 negat?
3095 4373 3240 4434 Itane
3252 4391 3383 4434 vero
3399 4385 3452 4432 tu
3472 4385 3608 4433 extra
3629 4374 3780 4441 culpam

2270 4479 2366 4531 es,
2393 4465 2519 4536 quia
2542 4464 2563 4497 ⁷
2588 4463 2721 4521 facis
2760 4464 3007 4523 docendo
3040 4466 3398 4535 christianos,
3442 4466 3574 4540 quod
3612 4459 3780 4519 facielut

2270 4548 2525 4615 minando
2548 4557 2821 4631 paganus?
2845 4557 2915 4615 Et
2932 4558 3060 4630 quid
3085 4560 3242 4631 agis?
3265 4558 3525 4633 Numquid
3546 4557 3669 4615 tollis
3681 4546 3777 4623 quod

2270 4650 2453 4721 habet,
2489 4650 2614 4724 quia
2636 4649 2850 4724 negavit
2871 4649 3018 4722 quod
3041 4648 3239 4710 habet?
3258 4651 3378 4711 Non
3401 4651 3524 4711 facis
3543 4660 3594 4707 ut
3610 4662 3695 4705 non
3709 4642 3776 4699 lu-

2335 4850 2354 4920 ξ
2379 4853 2454 4920 llr.
2476 4854 2534 4920 et
2554 4846 2660 4920 fere
2681 4859 2858 4920 omnes
2875 4852 3017 4920 ηιμ...
3031 4845 3133 4900 leni
3148 4853 3298 4901 tactu.

2333 4913 2355 4944 ⁸
2377 4918 2572 4974 septem
2591 4916 2723 4971 Mss,
2748 4907 3031 4961 miserabili.

2334 4972 2356 5006 ⁸
2371 4979 2429 5047 ιιι
2449 4976 2569 5047 Mss;
2581 4972 2783 5047 aliquot,
2803 4968 2966 5023 aditus
2979 4976 3068 5024 est.
3098 4978 3151 5023 In
3172 4974 3479 5038 quibusdam,
3515 4968 3684 5020 adium
3700 4958 3760 5010 αι·

2269 5042 2322 5087 ιιι
2343 5034 2469 5098 aliis,
2490 5034 2683 5087 attritus
2695 5040 2782 5085 est.

2332 5099 2355 5131 δ
2375 5104 2506 5146 Περ...
2528 5096 2665 5146 auid.

2269 5222 2393 5288 ἀίοι
2415 5212 2786 5285 etc-illim?“
2820 5219 2908 5286 qui
2943 5221 3082 5274 docet
3117 5234 3331 5288 negare,
3372 5212 3691 5283 διαξηφιὶβειδ
3707 5212 3764 5252 αθ·

2269 5284 2438 5345 cendo,
2468 5284 2595 5336 etc.’
2835 5284 2843 5286 ’
3178 5284 3200 5288 ’⁷
3316 5284 3323 5286 “
3754 5317 3762 5327 .

2334 5349 2356 5381 ⁸
2380 5355 2498 5420 smn
2519 5343 2605 5420 ριιί
2630 5349 2809 5420 ,ποίην
2871 5343 3085 5420 ψέξει
3120 5344 3206 5408 συί
3224 5345 3376 5420 decet
3410 5333 3761 5420 μίξεων-’1⁵⁸

2268 5408 2555 5545 ﬁndi-.ng
2570 5404 3156 5536 Siva
3170 5409 3308 5537 ,Ἦ
3315 5421 3434 5536 [gemis
3621 5462 3699 5503 Αω·
3726 5446 3759 5493 ⁸⁸

2354 5612 2385 5648 a
2429 5595 2702 5647 Donatistis.
3523 5650 3533 5661 .
3601 5645 3611 5656 ,

2331 5597 2799 5757 bimam

2265 5700 2799 5793 νεΰιίιῶξὲιέεζῖᾢ
2826 5700 3502 5793 amicissma;
3529 5708 3601 5760 tib.
3629 5700 3646 5752 ι

2269 5792 2338 5837 Nc
2359 5786 2579 5837 mlum
2601 5779 2837 5846 baptism
2855 5779 3074 5835 iterelur.
