3960 6414
158 400 248 460 433

157 513 289 581 best,
328 511 428 570 sed
459 520 521 569 ut
546 511 614 568 ad
657 524 871 584 plenam
898 509 1113 568 habeat.
1155 509 1310 580 Quod
1351 510 1497 567 enim
1533 509 1715 578 habet,

154 607 311 666 habet.
339 604 649 675 Baptismus
676 602 769 659 ille
798 613 1048 674 tanquam
1074 601 1357 658 character
1378 601 1571 657 inﬁxus
1592 607 1673 656 est
1700 617 1716 655 :

154 699 356 757 ornabat
397 698 622 755 militem
646 738 662 763 ,
707 697 977 754 convincit
1012 695 1366 753 desertorem.
1409 695 1546 763 Quid
1574 696 1717 750 enim

152 790 305 849 facis?
327 788 599 845 Christum
639 789 873 860 imponis
908 803 1070 857 super
1086 787 1379 843 Christum.
1407 785 1463 843 Si
1492 786 1717 855 simplex

88 936 103 955 _.
148 897 300 945 esses,
328 879 596 937 Christum
637 896 743 935 non
785 880 1108 951 duplicares.
1160 877 1397 942 Deinde,
1434 892 1615 947 quzcso
1642 883 1714 944 te,

90 982 93 1041 ξ
146 976 329 1034 oblitus
350 987 412 1030 es
435 972 579 1044 quod
615 973 751 1042 lapis
778 982 861 1028 est
892 969 1171 1039 Christus,
1203 980 1259 1026 et
1300 969 1547 1041 Lapidem
1571 985 1717 1039 quem

71 1054 93 1142 ξ
141 1068 520 1142 reprobava'unt
553 1067 897 1135 aedificantes,
949 1065 1030 1119 hic
1054 1065 1218 1135 factus
1244 1072 1317 1118 est
1354 1066 1408 1117 in
1445 1071 1596 1134 caput
1623 1078 1717 1116 an-

63 1118 106 1239 ξ
138 1118 798 1235 _;
846 1118 1186 1219 alumnati,
1217 1155 1288 1210 42
1312 1197 1327 1221 ,
1356 1164 1403 1209 et
1430 1154 1449 1210 Ι
1477 1118 1621 1208 ῥεῖν.
1652 1168 1712 1222 tt,

64 1247 98 1329 [⁷
136 1256 186 1321 4,
216 1253 305 1324 7}?
333 1251 389 1309 Si
415 1267 546 1323 ergo
572 1251 708 1322 lapis
732 1260 816 1306 est
836 1248 1101 1317 Christus,
1132 1257 1188 1304 et
1214 1248 1483 1305 Christum
1509 1248 1591 1302 vis
1615 1247 1715 1303 im-

136 1360 328 1417 ponere
349 1359 514 1416 super
537 1341 831 1408 Christum,
854 1342 1052 1400 excidit
1082 1342 1173 1398 tibi
1201 1341 1342 1412 quod
1368 1341 1617 1396 audivisti
1658 1340 1713 1396 in

136 1437 437 1510 Evangelio.
460 1437 581 1507 quia
606 1435 740 1507 lapis
765 1450 929 1506 super
944 1434 1170 1505 lapidem
1196 1450 1301 1489 non
1318 1434 1477 1489 stabit
1498 1432 1709 1497 (Matth.

134 1546 271 1597 xxiv,
299 1530 397 1599 2)?
420 1527 648 1585 Tantum
670 1537 847 1584 autem
872 1528 1014 1584 valet
1032 1527 1280 1597 iunctura
1307 1526 1614 1591 charitatis,
1655 1536 1714 1581 ut

133 1624 370 1695 quamvis
409 1621 562 1680 multi
604 1621 810 1692 lapides
842 1621 943 1677 vivi
987 1622 1038 1675 in
1087 1630 1352 1676 structura
1394 1619 1577 1689 templi
1617 1618 1710 1674 Dei

134 1714 478 1781 conveniant,
524 1728 664 1770 unus
711 1714 847 1785 lapis
893 1729 959 1770 ex
987 1713 1236 1771 omnibus
1271 1713 1380 1767 ﬁat.
1414 1711 1491 1766 Tu
1532 1719 1710 1768 autem

134 1806 382 1863 discidisti
411 1816 494 1873 te;
525 1807 596 1861 ab
622 1807 977 1864 aediﬁcatione
996 1821 1219 1863 revocas
1241 1846 1256 1871 ,
1291 1805 1357 1861 ad
1380 1806 1586 1861 ruinam
1612 1820 1709 1861 vo-

137 1915 248 1966 cas;
288 1909 344 1955 et
378 1898 652 1956 abundant
691 1899 775 1957 lue
811 1899 1054 1967 insidiae,
1089 1908 1143 1955 et
1169 1913 1272 1955 non
1294 1899 1577 1969 quiescunt
1610 1915 1625 1951 :
1656 1906 1712 1954 et

138 1993 400 2061 videmus,
430 2001 484 2048 et
513 1993 826 2060 toleramus,
867 2000 923 2049 et
944 2000 1198 2064 quantum
1226 2004 1513 2062 possumus
1535 1989 1707 2060 repri-

141 2104 275 2146 mere
314 2104 602 2155 conamur,
649 2087 1004 2160 disputando,
1056 2084 1462 2152 convincendo,
1505 2098 1706 2140 conve-

141 2185 321 2241 niendo
339 2225 353 2248 ,
382 2184 672 2251 terrendo,
713 2194 890 2241 tamen
918 2185 969 2240 in
997 2183 1246 2240 omnibus
1267 2185 1284 2215 ¹
1308 2180 1593 2253 diligendo.
1639 2180 1709 2236 Et

144 2289 250 2330 eum
268 2274 381 2331 haec
409 2276 565 2331 nobis
590 2275 869 2347 agentibus
893 2283 1234 2345 perseverant
1259 2274 1311 2329 in
1337 2273 1501 2342 malo,
1532 2280 1588 2328 et
1611 2284 1707 2327 cor

146 2379 368 2425 nostrum
392 2369 460 2425 de
500 2369 753 2425 fraternis
776 2370 1039 2425 mortibus
1064 2368 1423 2434 contabescit,
1460 2382 1582 2423 cum
1609 2380 1706 2423 eos

142 2462 217 2531 qui
240 2460 364 2517 foris
381 2469 505 2516 sunt
527 2460 709 2527 dolet,
738 2462 822 2516 his
846 2461 938 2532 qui
961 2461 1101 2516 intus
1122 2468 1246 2516 sunt
1276 2460 1464 2527 timet,
1488 2473 1584 2529 per
1610 2473 1705 2514 an-

140 2554 321 2624 gustias
344 2553 699 2611 multiformes
712 2563 782 2610 et
809 2554 1151 2610 incessabiles
1184 2553 1504 2609 tentationes
1525 2592 1544 2619 ,
1588 2551 1707 2623 qui-

141 2644 228 2702 bus
249 2645 477 2703 abundat
503 2646 619 2703 litnc
646 2648 750 2703 vita
772 2690 790 2715 ,
818 2646 940 2718 quid
965 2647 1155 2703 facturi
1180 2647 1403 2702 sumus?
1431 2646 1510 2701 Ex
1536 2644 1704 2701 abun-

142 2736 298 2793 dantia
338 2740 481 2795 enim
525 2739 816 2809 iniquitatis
844 2740 902 2796 fit
923 2739 1136 2810 quidam
1170 2746 1349 2807 torpor
1381 2736 1699 2793 cbaritatis:

141 2830 359 2897 quoniam
383 2830 657 2884 abundavit
685 2830 926 2899 iniquitas
946 2871 961 2897 ,
999 2828 1276 2899 refrigescit
1311 2828 1532 2883 charilas
1563 2826 1701 2880 mul-

140 2928 302 2975 torum.
333 2921 400 2977 Et
425 2921 552 2993 quid
578 2936 764 2977 sumus
792 2920 1017 2985 facturi,
1055 2919 1156 2974 nisi
1187 2918 1329 2989 quod
1360 2918 1629 2989 sequitur,
1656 2917 1702 2973 si

142 3020 296 3068 tamen
339 3014 454 3084 ipso
498 3014 779 3083 adjuvante
822 3014 1134 3085 possimus:
1181 3011 1279 3080 Qui
1323 3008 1702 3079 perseveraverit

144 3120 275 3175 usque
297 3107 346 3160 in
365 3108 537 3175 liuent,
572 3108 654 3162 hic
674 3108 838 3163 salvus
859 3108 947 3162 erit
968 3107 1153 3179 (Ibid.,
1186 3107 1272 3172 19.,
1300 3105 1418 3178 15)?

201 3195 249 3250 2.
278 3196 420 3270 [vers
456 3198 489 3253 Ξ
514 3241 527 3261 ,
555 3199 635 3270 5.]
684 3199 821 3270 Ergo
845 3199 1087 3255 dicamus
1121 3198 1263 3270 quod
1292 3198 1390 3253 iste
1416 3196 1652 3267 psalmus
1683 3214 1698 3251 :

150 3285 384 3344 Sustiuens
411 3290 627 3344 sustinui
656 3289 950 3345 Dominum.
995 3290 1281 3345 Sustinens.
1297 3290 1513 3343 sustinui
1532 3330 1548 3352 ,
1589 3303 1697 3343 non

150 3382 407 3449 quemlibet
436 3383 705 3438 hominem
739 3383 1111 3451 promissorem
1132 3424 1147 3450 ,
1194 3383 1282 3454 qui
1323 3382 1491 3452 possit
1517 3380 1700 3438 fallere

151 3480 191 3526 et
230 3472 363 3539 falli;
412 3491 517 3531 non
543 3475 834 3546 quemlibet
874 3474 1142 3530 hominem
1164 3474 1579 3545 consolatorem,
1608 3474 1698 3545 qui

153 3573 295 3629 potest
324 3567 527 3622 tristitia
551 3581 644 3621 sua
669 3578 793 3623 ante
827 3567 1127 3633 tabescere,
1152 3583 1310 3636 quam
1338 3582 1424 3622 me
1456 3566 1695 3623 reficere.

153 3649 431 3712 Consolctur
478 3673 564 3713 me
615 3657 777 3712 frater
803 3658 962 3711 homo
985 3674 1105 3713 eum
1137 3658 1301 3713 tristis
1347 3666 1430 3712 est
1457 3672 1693 3724 mecum;

154 3746 283 3803 simul
308 3766 594 3820 gemamus,
620 3751 775 3806 simul
804 3750 1051 3813 fleamus.
1081 3750 1237 3804 simul
1262 3764 1507 3814 oremus,
1536 3748 1697 3804 simul

154 3839 504 3907 sustineamus;
532 3859 690 3914 quem
712 3886 726 3906 ,
756 3843 854 3897 nisi
883 3842 1159 3898 Dominum
1185 3843 1272 3912 qui
1301 3841 1562 3911 promissu
1590 3857 1695 3895 non

152 3932 332 4000 aufert,
371 3937 461 3991 sed
507 3935 719 3992 differt?
765 3935 1045 3990 Exhibebit
1091 3936 1347 4004 profecto.
1395 3933 1692 3999 exhibebit;

150 4023 250 4090 quia
285 4027 438 4084 multa
477 4028 588 4098 jam
630 4028 869 4083 exhibuit
900 4045 914 4082 :
942 4036 993 4081 et
1039 4026 1169 4081 nihil
1199 4026 1267 4081 de
1304 4026 1393 4083 Dei
1426 4026 1650 4081 veritate
1674 4028 1694 4058 ³

148 4110 403 4176 formidare
425 4118 742 4176 deberemus
769 4160 783 4184 ,
810 4120 1016 4174 etiamsi
1046 4119 1170 4173 nihil
1200 4119 1372 4173 adhuc
1399 4117 1694 4174 exhiberet.

139 4206 265 4267 Ecce
283 4213 384 4281 jam
409 4225 654 4285 putemus
680 4214 769 4279 ita,
803 4214 979 4268 otnnia
1021 4213 1296 4283 promisit,
1340 4212 1573 4266 nondum
1603 4212 1699 4266 ali-

128 4303 250 4373 quid
268 4303 406 4360 dedit
435 4324 451 4362 :
478 4307 700 4361 idoneus
738 4306 1032 4375 promissor
1053 4314 1136 4360 est
1155 4346 1170 4370 ,
1218 4303 1389 4360 ﬁdelis
1416 4303 1654 4360 redditor
1678 4320 1695 4371 ;

132 4403 187 4448 tu
213 4404 404 4453 tantum
424 4406 541 4455 esto
566 4398 686 4468 pius
714 4407 957 4462 exactor,
988 4398 1087 4452 etsi
1111 4398 1394 4467 parvulus,
1422 4397 1522 4452 etsi
1550 4396 1697 4451 inﬁr-

132 4504 263 4553 mus,
282 4493 433 4565 exige
461 4490 900 4548 misericordiam.
929 4490 1043 4545 Non
1073 4490 1220 4544 vides
1246 4499 1457 4544 teneros
1486 4488 1507 4521 ³
1532 4502 1699 4559 agnos

128 4584 378 4652 capitibus
416 4587 630 4656 pulsare
669 4584 831 4639 ubera
877 4593 1127 4649 matrum,
1158 4592 1214 4637 ut
1238 4582 1373 4637 laete
1397 4582 1696 4637 satientur?

130 4674 407 4743 Sustineat,
440 4678 630 4748 inquit,
658 4676 874 4733 sustinui
904 4674 1193 4729 Dominum.
1225 4674 1294 4730 Et
1316 4674 1439 4744 quid
1469 4675 1589 4729 ille?
1616 4678 1697 4729 An

130 4771 308 4826 avertit
328 4786 385 4828 se
414 4788 444 4827 a
481 4782 531 4828 te
551 4815 567 4839 ,
606 4788 674 4825 an
704 4770 1053 4825 sustinentem
1083 4767 1421 4837 contempsit,
1450 4783 1516 4821 an
1562 4766 1700 4822 forte

132 4876 230 4918 non
253 4866 412 4920 vidit?
438 4864 554 4920 Non
597 4865 752 4935 plane
781 4864 870 4918 ita.
901 4862 1006 4919 Sed
1025 4860 1186 4933 quid?
1222 4859 1286 4914 Et
1316 4861 1526 4914 attendit
1552 4862 1696 4925 nti/ii,

131 4963 174 5007 et
190 4959 436 5013 «audivit
467 4957 867 5030 deprecationem
894 4971 1079 5010 meant.
1112 4952 1380 5019 Attendit,
1411 4961 1462 5006 ct
1485 4951 1700 5006 exaudi-

134 5050 216 5103 vit.
242 5052 376 5106 Ecce
403 5068 506 5106 non
551 5050 744 5106 frustra
772 5048 1063 5103 sustinuisti
1094 5065 1107 5101 :
1137 5062 1298 5115 super
1324 5055 1373 5101 te
1397 5046 1534 5100 oculi
1562 5044 1698 5115 ejus,

130 5142 188 5196 ad
214 5153 263 5200 te
295 5160 454 5201 aures
494 5144 632 5215 ejus.
681 5143 827 5197 Oculi
856 5141 1000 5197 enim
1040 5139 1246 5196 Domini
1279 5155 1428 5210 super
1440 5139 1628 5209 justas,
1656 5147 1703 5192 et

132 5243 266 5284 aures
290 5232 399 5303 ejus
425 5230 479 5284 in
499 5245 670 5301 preces
688 5244 880 5283 eorum.
909 5225 1045 5294 Quid
1065 5240 1223 5296 ergo,
1246 5240 1367 5280 cum
1395 5224 1533 5279 male
1560 5223 1702 5278 face-

131 5332 237 5383 res,
267 5337 389 5378 cum
416 5336 537 5376 eum
567 5320 1001 5389 blasphemares,
1033 5332 1138 5373 non
1172 5316 1420 5372 videbat?
1467 5329 1573 5369 non
1611 5329 1706 5368 au-

126 5410 335 5468 diebat?
384 5413 451 5469 Et
488 5412 577 5468 ubi
614 5418 699 5467 est
727 5409 948 5479 quodin
988 5410 1102 5480 ipso
1139 5408 1341 5479 psalmo
1367 5408 1568 5463 dictum
1598 5414 1699 5472 est,

136 5504 314 5563 Vultus
329 5518 495 5561 autent
517 5504 721 5559 Domini
736 5519 889 5573 super
901 5502 1136 5574 facientes
1156 5503 1290 5557 mala
1304 5502 1329 5554 ?
1355 5500 1458 5555 Sed
1487 5498 1705 5568 utquid?

131 5598 195 5658 Ct
214 5602 392 5674 perdat
412 5600 476 5654 de
508 5609 643 5655 terra
676 5597 966 5652 memoriam
989 5612 1159 5651 eorum
1192 5594 1359 5668 (Psal.
1388 5608 1551 5649 xxxut
1570 5632 1584 5657 ,
1616 5591 1704 5660 16,

184 5741 204 5777 ι
233 5746 311 5790 Fr.
337 5746 389 5788 et
411 5736 593 5801 aliquot
613 5741 754 5803 uss.,_
763 5740 922 5803 tamen
937 5744 1113 5803 amnes
1132 5729 1417 5803 diligenda.

185 5806 207 5838 ⁸
232 5803 381 5854 \‘atie.
401 5794 555 5850 tusfet
576 5796 794 5848 nonnulli
818 5810 848 5847 e
871 5794 1054 5855 Gallio,
1077 5794 1141 5845 de
1176 5794 1263 5844 Dei
1283 5794 1529 5857 firmitate.

187 5867 210 5901 ³
231 5872 306 5915 rs.
327 5872 381 5913 et
404 5862 626 5927 plerique
650 5870 777 5921 Mss,
802 5854 1051 5924 pet-breves
1080 5869 1243 5923 agnos.
1268 5854 1400 5909 Colb.
1424 5854 1600 5919 codex,
1620 5865 1708 5919 per

129 5937 479 5995 φησει-σοαπ

1226 6038 1271 6064 ἐν
1286 6043 1341 6054 σ“»

1434 6064 1449 6075 ι

1160 398 1556 459 ENABRATIO
1607 400 1670 456 IN
1708 400 2029 461 PSALMUM
2069 406 2309 467 XXXIX.

3296 442 3401 500 454

1823 512 1936 587 17).
1963 515 2103 614 [Ergo
2130 530 2322 614 etcum
2348 528 2518 584 malus
2544 545 2709 601 esses,
2740 539 3047 599 attendebat
3074 554 3143 614 te,
3175 550 3269 607 sed
3296 570 3402 613 non

1820 607 2126 703 attendebat
2156 612 2268 669 tibi.
2314 615 2544 676 Proinde
2589 623 2690 681 iste
2716 628 2804 698 qui
2849 607 3406 703 sustinenssustinuit

1822 696 2135 769 Dominum,
2166 722 2348 775 parum
2370 711 2419 765 ei
2445 696 2769 784 fuitdieere',
2803 722 3042 780 Attendit
3068 743 3192 787 inc:

1819 792 1893 846 dit
1921 795 2065 889 milii,
2092 797 2279 867 inquit,
2312 801 2362 855 id
2385 813 2486 869 est,
2510 810 2836 867 consolando
2860 815 2875 846 ⁸
2900 819 3119 875 attendit
3145 862 3159 889 ,
3190 833 3246 879 ut
3269 828 3403 887 mihi

1819 886 2115 953 prodesset.
2157 891 2293 958 Quid
2327 896 2593 953 attendit?
2632 899 2699 953 Et
2726 906 2977 962 exaudivit
3002 886 3401 983 deprecationem

1817 993 1977 1032 meam
1985 1019 1998 1033 .

1886 1070 1941 1126 5.
1974 1071 2039 1128 Et
2064 1074 2188 1144 quid
2212 1075 2302 1132 tibi
2327 1080 2614 1147 preestitit?
2660 1087 2784 1157 quid
2826 1090 2917 1147 tibi
2943 1092 3098 1152 fecit?
3133 1097 3202 1155 Et
3225 1104 3401 1162 eduxit

1815 1179 1895 1216 me
1939 1164 2003 1218 de
2037 1165 2153 1267 lacu
2193 1170 2440 1239 miseriae,
2476 1184 2525 1229 et
2554 1176 2616 1229 de
2641 1176 2746 1233 luto
2773 1181 2883 1237 limi
2917 1200 2935 1238 .'
2970 1196 3017 1241 et
3044 1194 3219 1247 statuit
3243 1212 3398 1267 supra

1815 1264 2009 1324 petram
2036 1257 2187 1325 pedes
2207 1276 2341 1315 meas
2359 1303 2375 1329 ,
2419 1274 2467 1318 et
2490 1265 2672 1323 direxit
2695 1287 2897 1341 gressus
2916 1293 3069 1335 meos.
3103 1281 3170 1338 Et
3193 1257 3399 1344 immisit

1812 1354 1867 1437 in
1907 1364 1962 1401 os
2001 1364 2164 1403 meum
2216 1354 2466 1409 canticum
2508 1374 2691 1414 novum
2712 1403 2728 1428 ,
2773 1364 3017 1436 hymnum
3046 1370 3155 1428 Deo
3202 1389 3395 1437 nostra.

1813 1436 1999 1540 ‘Magna
2026 1442 2175 1540 bona
2203 1446 2475 1515 praesunt,
2521 1459 2574 1504 et
2596 1451 2769 1509 adhuc
2799 1455 3009 1514 debitor
3031 1473 3115 1518 est
3144 1482 3158 1519 :
3192 1468 3286 1522 sed
3306 1470 3399 1540 qui

1813 1526 1929 1621 haec
1951 1530 2151 1586 reddita
2165 1533 2274 1603 jam
2297 1544 2459 1604 tenet,
2482 1539 2548 1595 de
2568 1544 2776 1598 caeteris
2792 1548 2996 1617 credat,
3022 1554 3110 1621 qui
3136 1557 3156 1587 '
3177 1526 3397 1617 credere

1811 1620 1993 1675 debuit
2034 1632 2087 1677 et
2132 1635 2415 1697 antequam
2459 1630 2657 1701 aliquid
2702 1648 2958 1694 sumeret.
3012 1620 3194 1701 Rebus
3235 1649 3395 1706 etiam

1812 1713 1939 1782 ipsis
1983 1718 2245 1784 persuasit
2280 1720 2431 1777 nobis
2458 1722 2714 1781 Dominus
2747 1740 2928 1786 noster
2952 1733 3164 1791 ﬁdelem
3190 1754 3250 1795 se
3274 1757 3397 1800 esse

1811 1807 2210 1876 promissorem,
2241 1811 2441 1883 largum
2462 1814 2723 1873 datorem.
2752 1819 2888 1886 Quid
2913 1838 3041 1894 ergo
3065 1842 3205 1885 nunc
3233 1830 3396 1889 fecit?

1812 1898 2002 1955 Eduxit
2028 1918 2107 1955 me
2152 1903 2215 1957 de
2239 1904 2354 1959 lacu
2394 1908 2627 1964 miserita.
2668 1911 2797 1979 Quis
2828 1926 2911 1970 est
2942 1917 3086 1975 lacus
3118 1923 3397 1982 miserim?

1808 1989 2146 2048 Profunditas
2170 1995 2478 2066 iniquitatis,
2510 2014 2574 2054 ex
2596 2003 2899 2062 carnalibus
2923 2012 3393 2081 concupiscentiis.

1807 2081 1920 2177 lloc
1948 2092 2029 2138 cst
2049 2084 2212 2152 enim,
2240 2097 2288 2140 et
2314 2087 2377 2142 de
2400 2089 2505 2143 luto
2533 2092 2658 2145 limi.
2687 2093 2838 2151 Unde
2866 2107 2917 2153 te
2938 2098 3120 2156 eduxit
3139 2104 3161 2157 ?
3179 2106 3254 2162 De
3277 2121 3392 2177 pro-

1806 2174 1969 2232 fundo
2008 2178 2258 2248 quodam.
2300 2180 2453 2238 Unde
2483 2184 2535 2239 in
2580 2185 2687 2240 alio
2733 2190 2937 2257 psalmo
2969 2193 3236 2255 clamabas
3262 2174 3394 2259 εὐ.

1805 2273 2075 2364 profundis
2114 2272 2329 2328 clamavi
2353 2275 2422 2329 ad
2450 2285 2526 2343 le,
2557 2276 2771 2334 Domine
2799 2281 2966 2353 (Psal.
2998 2302 3153 2344 cxxix
3175 2332 3189 2358 ,
3220 2292 3295 2364 i).
3324 2295 3393 2351 Et

1804 2363 1894 2433 qui
1912 2362 2021 2432 jam
2047 2363 2115 2419 de
2145 2365 2407 2435 profundo
2432 2368 2682 2436 clamant,
2713 2386 2818 2428 non
2845 2376 3057 2445 penitus
3087 2380 3141 2435 in
3173 2362 3393 2451 profun-

1803 2454 1875 2513 do
1893 2466 2017 2511 sunt
2042 2474 2055 2510 :
2085 2458 2288 2514 clamor
2314 2458 2550 2530 ipsejam
2573 2462 2732 2519 levat.
2787 2465 2924 2523 Sunt
2959 2470 3045 2525 alii
3081 2474 3393 2544 profundius

1804 2548 1859 2605 in
1895 2548 2192 2617 profundo,
2243 2551 2335 2621 qui
2373 2567 2474 2609 nec
2499 2555 2733 2612 sentiunt
2762 2572 2819 2613 se
2849 2574 2969 2616 esse
3008 2562 3059 2616 in
3102 2566 3387 2636 profundo.

1802 2638 1961 2696 Tales
1993 2650 2116 2696 sunt
2143 2643 2357 2711 superbi
2381 2652 2809 2715 contemptores,
2843 2666 2947 2706 non
2975 2654 3044 2723 pii
3072 2655 3390 2727 deprecato-

1802 2748 1889 2789 res
1907 2774 1921 2801 ,
1952 2750 2055 2787 non
2085 2734 2361 2805 laerymosi
2384 2736 2699 2794 clamatores
2728 2758 2741 2794 :
2769 2741 2863 2796 sed
2890 2744 3022 2799 tales
3040 2786 3054 2810 ,
3082 2751 3266 2816 quales
3284 2753 3390 2809 alio

1802 2825 1919 2881 loco
1950 2825 2223 2895 Scriptura
2255 2827 2497 2898 designat
2527 2846 2540 2883 :
2576 2828 2818 2886 Peccalor
2835 2850 2949 2888 cum
2972 2840 3155 2892 renerit
3193 2842 3244 2896 in
3266 2860 3388 2914 pro-

1800 2919 2016 2993 fundum
2036 2922 2302 2989 malorum,
2329 2926 2598 2979 contemnit
2628 2925 2808 2997 (Prov.
2836 2943 2992 2995 xvut,
3021 2932 3099 3003 5).
3123 2931 3220 2989 Cui
3241 2938 3389 2994 enim

1802 3030 1986 3085 parum
2016 3024 2096 3070 est
2122 3030 2241 3071 esse
2262 3025 2596 3086 peccatorem
2614 3059 2629 3082 ,
2658 3018 2758 3073 nisi
2780 3020 2941 3076 etiam
2971 3038 3076 3079 non
3104 3026 3173 3080 sit
3194 3041 3389 3096 pecca-

1799 3115 1975 3162 torum
2004 3123 2219 3163 suorum
2243 3106 2540 3174 confessor,
2567 3109 2662 3164 sed
2686 3109 2955 3180 defensor,
2980 3114 3139 3171 altius
3168 3116 3221 3172 in
3253 3134 3385 3189 pro-

1799 3197 1965 3254 fundo
2003 3207 2104 3254 est.
2158 3198 2250 3255 ille
2278 3207 2456 3254 autem
2499 3200 2587 3269 qui
2634 3199 2703 3257 de
2746 3202 3009 3271 profundo
3045 3207 3383 3280 exclamavit,

1795 3290 1907 3361 jam
1934 3290 2000 3346 ab
2031 3291 2138 3345 imo
2179 3289 2429 3359 profundi
2458 3300 2617 3360 caput
2650 3300 2711 3346 ut
2736 3292 2991 3351 clamaret
3016 3295 3210 3354 levavit
3242 3318 3258 3355 :
3286 3316 3386 3357 au-

1798 3382 1941 3439 ditus
1959 3391 2061 3448 est,
2087 3381 2309 3438 eductus
2335 3390 2416 3438 est
2440 3381 2508 3437 de
2532 3383 2648 3438 lacu
2677 3384 2927 3453 miseriae,
2952 3395 3005 3442 et
3025 3388 3093 3444 de
3112 3389 3225 3446 luto
3246 3390 3383 3449 limi.

1798 3476 1915 3532 iam
1944 3476 2102 3532 habet
2148 3475 2346 3541 ﬁdem,
2393 3490 2552 3547 quam
2578 3491 2684 3531 non
2713 3477 2979 3545 habebat;
3026 3478 3187 3537 habet
3208 3497 3383 3553 spem,

1800 3569 1915 3625 sine
1935 3585 2036 3639 qua
2058 3576 2172 3624 erat
2198 3585 2212 3633 ;
2243 3568 2295 3623 in
2322 3566 2537 3623 Christo
2562 3568 2819 3634 ambulat,
2849 3571 2941 3641 qui
2970 3571 3025 3626 in
3053 3572 3264 3631 diabolo
3291 3590 3384 3632 er-

1798 3662 1971 3716 rabat.
2003 3657 2125 3715 Ideo
2153 3660 2293 3715 enim
2313 3699 2326 3723 ,
2359 3658 2574 3726 Posuit,
2605 3660 2807 3730 inquit,
2831 3678 2989 3731 supra
3010 3673 3204 3733 petram
3234 3666 3386 3737 pedes

1796 3768 1952 3817 meos,
1979 3761 2025 3805 et
2062 3751 2242 3805 direxit
2274 3767 2473 3821 gressus
2499 3767 2651 3806 meos.
2697 3750 3054 3809 Petratautem
3080 3761 3199 3810 erat
3222 3756 3383 3813 Chri-

1798 3854 1909 3899 stus
1957 3843 2000 3916 (ι
2029 3842 2143 3898 Cor.
2170 3859 2223 3909 χ,
2252 3843 2329 3911 4).
2384 3841 2563 3896 Simus
2607 3858 2769 3911 super
2806 3851 3038 3912 petram,
3089 3843 3385 3917 dirigantur

1797 3950 2008 4007 gressus
2034 3938 2197 3990 nostri
2230 3952 2241 3989 :
2266 3948 2399 4003 opus
2426 3945 2506 3989 est
2538 3944 2715 3990 tamen
2740 3934 2914 3990 adhuc
2938 3944 2995 3990 ut
3026 3937 3379 4012 ambulemus,

1797 4038 1855 4082 ut
1893 4028 1959 4082 ad
2001 4026 2199 4097 aliquid
2242 4026 2632 4096 perveniamus.
2688 4024 2823 4081 Nam
2851 4025 3045 4081 Paulus
3085 4030 3381 4099 apostolus,

1794 4120 1901 4191 jam
1927 4134 2087 4190 διφυε-
2124 4130 2327 4188 petram
2353 4160 2367 4184 ,
2412 4117 2521 4187 jam
2560 4117 2779 4173 directis
2813 4117 3035 4189 pedibus
3065 4121 3212 4185 suis,
3253 4121 3383 4192 quid

1798 4213 2045 4269 dicebat?
2091 4211 2208 4266 Non
2233 4213 2349 4281 quia
2377 4213 2491 4282 jam
2522 4211 2797 4282 acceperim
2820 4252 2840 4281 ,
2880 4221 2969 4264 aut
2984 4213 3097 4284 jam
3132 4218 3382 4286 perfectus

1798 4307 1891 4361 sim
1924 4320 1942 4360 :
1968 4306 2147 4375 fratres
2165 4344 2180 4368 ,
2214 4320 2306 4374 ego
2336 4319 2434 4357 non
2461 4303 2678 4357 arbitror
2703 4318 2783 4357 me
2803 4303 3215 4373 appreltendisse.
3243 4305 3383 4374 Quid

1800 4417 1927 4471 ergo
1959 4401 2051 4455 tibi
2080 4398 2371 4469 pra-sutum
2394 4404 2507 4463 est,
2554 4395 2600 4450 si
2630 4411 2736 4451 non
2762 4394 3203 4467 apprchendisti?
3227 4397 3383 4456 Unde

1798 4495 1993 4565 gratias
2015 4492 2127 4562 agis
2146 4532 2161 4556 ,
2188 4505 2310 4545 cum
2336 4488 2470 4544 dicis
2496 4505 2509 4541 :
2543 4487 2647 4542 Sed
2670 4487 3064 4542 misericordiam
3088 4499 3383 4547 consecutus

1798 4604 1907 4643 sum
1930 4587 1972 4659 (Ι
2006 4584 2138 4639 Tim.
2167 4599 2204 4647 ι.
2240 4583 2365 4654 i3)?
2390 4582 2522 4648 Quia
2549 4579 2738 4636 directi
2763 4590 2887 4635 sunt
2909 4580 3091 4651 pedes,
3120 4582 3243 4652 quia
3267 4581 3381 4653 jam

1799 4694 1957 4749 supra
1986 4686 2186 4747 petram
2213 4673 2467 4729 ambulat.
2509 4670 2646 4740 Quid
2683 4670 2824 4726 enim
2850 4670 2969 4726 ait?
3019 4669 3189 4726 Unum
3211 4681 3384 4729 autem

1799 4787 1912 4842 qua:
1947 4782 2078 4824 retro
2107 4767 2305 4822 oblitus.
2355 4764 2485 4833 Quae
2522 4764 2705 4818 retro?
2753 4762 2923 4817 Lacus
2952 4763 3199 4818 miserim.
3244 4764 3383 4833 Quid

1800 4874 1913 4927 est,
1940 4860 2123 4915 retro?
2173 4859 2355 4914 Limus
2377 4856 2504 4923 luti,
2531 4853 2975 4923 concupiscentia:
2999 4855 3272 4921 carnales,
3304 4865 3384 4911 te-

1801 4956 1979 5011 nebra:
2006 4953 2363 5023 iniquitatum.
2407 4949 2534 5016 Qua:
2563 4956 2696 5003 retro
2732 4947 2917 5002 oblitus
2936 4988 2951 5014 ,
2974 4948 3026 5001 in
3052 4964 3112 5003 ea
3136 4965 3249 5021 qute
3269 4960 3388 5007 ante

1802 5057 1916 5105 sunt
1944 5054 2187 5101 extentus.
2217 5042 2332 5098 Non
2363 5055 2423 5097 se
2446 5041 2645 5096 diceret
2673 5047 2967 5103 extentum,
2994 5039 3038 5093 si
3059 5039 3169 5110 jam
3196 5054 3385 5112 perve-

1804 5142 1990 5199 nisset.
2023 5138 2338 5196 Extenditnr
2366 5135 2506 5191 enim
2546 5133 2754 5189 animus
2787 5132 3058 5189 desiderio
3084 5133 3160 5187 rei
3185 5147 3388 5187 concu-

1805 5237 1964 5307 pitte,
2005 5248 2109 5287 non
2160 5230 2337 5285 laetitia
2364 5236 2686 5283 consecutae.
2736 5224 2803 5279 In
2838 5241 2897 5278 ea
2933 5240 3046 5295 qum
3085 5232 3203 5276 ante
3246 5231 3385 5291 sunt,

1806 5326 2007 5398 inquit,
2034 5331 2257 5379 extentus
2276 5363 2291 5387 ,
2317 5336 2495 5390 sequor
2518 5319 2586 5372 ad
2619 5317 2840 5386 palmam
2858 5329 3090 5385 supernae
3111 5312 3391 5369 vocationis

1806 5417 1903 5472 Dei
1921 5418 1974 5471 in
2005 5414 2201 5470 Christo
2218 5412 2343 5467 Jesu
2375 5410 2592 5483 (Philip.
2622 5424 2696 5474 Ill,
2726 5407 2815 5472 12,
2840 5406 2955 5475 15).
2981 5404 3262 5468 Currebat,
3298 5418 3390 5458 se-

1808 5509 2070 5580 quebatur
2114 5504 2180 5559 ad
2230 5506 2480 5575 palmam.
2532 5501 2601 5555 Et
2644 5499 2749 5553 alio
2790 5497 2911 5553 loco
2959 5496 3069 5566 jam
3114 5495 3392 5565 proximus

1808 5602 2000 5673 palma:
2023 5641 2039 5669 ,
2076 5597 2325 5662 Cursum,
2360 5595 2565 5666 inquit,
2603 5588 2961 5647 consummavi.
3015 5584 3240 5655 Quando
3263 5600 3394 5657 ergo

1876 5787 1893 5818 ι
1920 5782 2107 5847 Aliquot
2127 5788 2258 5841 Μέθη
2292 5775 2581 5829 consulendo
2608 5787 2625 5827 :
2648 5770 2868 5885 aclpaulo
2913 5776 3024 5833 post
3067 5766 3293 5839 plerique
3315 5764 3393 5820 fo-

1876 5855 1944 5885 m-
1966 5854 2017 5885 ..ι
2036 5842 2155 5885 mihi
2178 5842 2423 5885 prodesset
2440 5840 2565 5885 (mod
2582 5842 2708 5885 allen
2745 5839 2781 5885 ιι
2808 5846 2827 5885 :
2860 5840 2915 5885 Et
2937 5829 3207 5885 exaudivit.
3233 5836 3330 5882 etc.

1812 5829 2166 5907 ruutIt-itrn'tilti
2178 5829 2423 5907 prodesset
2440 5840 2565 5907 quod
2582 5829 2781 5889 attendit
2808 5846 2827 5887 .'
2860 5829 3330 5893 Et'exaudivik'etc.

1878 5910 1900 5942 ¹
1918 5901 2056 5974 ἐςὶᾷιί,
2070 5901 2201 5971 qtae,
2218 5911 2272 5955 At
2290 5911 2415 5965 Mss,
2437 5901 2532 5964 qui.
