3960 6448
197 398 280 466 ιιι
1238 391 1637 452 ENARRATIO
1673 389 1741 446 IN
1779 382 2107 451 PSALMUM
2144 395 2388 454 XXXIX.

196 527 359 572 eorum
385 510 557 582 (Psal.
585 527 736 579 xvtn,
763 509 841 584 5).
865 509 1058 580 Quanti
1099 509 1286 568 ﬁdeles
1309 508 1761 582 agglomerantur,

195 615 385 679 quanta:
412 605 581 660 turba:
602 615 947 673 concurrunt,
979 604 1131 660 multi
1159 619 1285 660 vere
1307 602 1575 666 conversi,
1609 600 1764 654 multi

193 699 312 754 falso
357 697 635 762 conversi;
686 705 742 752 et
797 697 1078 766 pauciores
1126 704 1252 750 sunt
1302 709 1428 749 vere
1475 691 1762 756 conversi,

192 790 355 859 plures
399 787 530 842 falso
567 787 859 854 conversi;
908 788 1032 859 quia
1080 787 1406 858 multiplicati
1449 794 1568 840 sunt
1615 798 1767 854 super

188 896 460 936 numerum.

253 973 337 1028 ii.
362 971 669 1026 Annuntiavi
693 981 740 1026 et
762 971 962 1026 locutus
985 988 1096 1025 sum
1115 1012 1131 1038 ,
1175 969 1501 1039 multiplicati
1529 976 1646 1022 sunt
1675 983 1767 1022 su-

187 1083 273 1136 per
290 1081 571 1120 numerum.
613 1066 938 1134 Sacriﬁcium
966 1075 1014 1118 et
1041 1064 1346 1118 oblationem
1379 1061 1606 1117 noluisti.
1639 1060 1767 1115 [hec

184 1159 430 1214 miracula
454 1158 544 1212 Dei
575 1168 733 1224 sunt,
763 1157 846 1212 lue
881 1158 1227 1227 COgitationes
1260 1155 1351 1211 Dei
1391 1163 1534 1219 sunt,
1573 1152 1766 1224 quibus

185 1261 336 1305 nemo
362 1255 441 1303 est
460 1247 650 1303 similis
675 1265 688 1300 :
720 1259 776 1301 ut
799 1256 1070 1318 spectator
1097 1247 1186 1302 ille
1215 1245 1510 1301 abducatur
1533 1261 1564 1300 a
1589 1243 1766 1299 curio.

186 1340 336 1394 sitate
368 1339 416 1405 ί,
461 1348 517 1393 et
553 1348 758 1408 quaerat
788 1339 885 1393 ista
917 1338 1192 1393 nobiscum
1235 1338 1449 1394 meliora
1471 1379 1487 1404 ,
1524 1336 1765 1391 fructuo-

185 1431 318 1486 siora
338 1471 354 1496 ,
385 1429 449 1485 de
479 1431 672 1500 quibus
709 1430 937 1486 inventis
963 1432 1213 1501 gaudebit
1238 1448 1254 1497 ;
1305 1441 1358 1486 et
1387 1431 1464 1485 sic
1491 1429 1762 1501 gaudebit,

189 1531 366 1577 utnon
406 1522 588 1577 timeat
627 1538 696 1578 ne
737 1523 982 1578 vincatur
1024 1539 1184 1593 quem
1225 1531 1372 1576 amat
1400 1538 1414 1574 τ
1439 1531 1583 1576 amat
1622 1522 1764 1576 enim

188 1613 412 1684 aurigam
437 1656 452 1680 ,
483 1629 590 1684 quo
609 1615 751 1669 victo
781 1614 1154 1670 insnltatioues
1188 1614 1342 1669 ferat.
1391 1613 1616 1682 Quando
1643 1615 1764 1668 vin-

188 1704 255 1760 cit
293 1705 466 1774 auriga
494 1746 509 1772 ,
565 1705 680 1775 ipse
726 1705 971 1762 vestitur.
1016 1705 1283 1776 Numquid
1330 1719 1532 1776 pauper
1557 1706 1646 1774 qui
1689 1705 1764 1760 illi

189 1797 407 1851 clamat?
440 1797 617 1852 Victor
647 1798 762 1867 ipse
786 1799 1027 1864 vestitur,
1065 1814 1160 1869 pro
1189 1799 1328 1853 victo
1355 1798 1428 1852 illi
1458 1798 1762 1852 insultatur.

187 1886 354 1954 Quare
401 1902 495 1958 pro
539 1888 631 1942 illo
681 1889 911 1958 percipis
950 1889 1461 1958 reprehensionem,
1509 1903 1630 1944 cum
1659 1903 1766 1959 quo

189 1995 288 2036 non
316 1981 504 2037 dividis
528 1985 774 2038 vestem?
801 1983 911 2038 ilac
936 1981 1077 2037 aliud
1110 1983 1162 2038 in
1193 1983 1512 2052 spectaculis
1542 1982 1763 2038 nostris.

191 2073 366 2129 Omnes
395 2076 594 2146 quidem
639 2085 882 2142 currunt,
938 2074 1135 2132 Paulus
1182 2075 1458 2145 apostolus
1494 2074 1667 2139 dixit,
1710 2074 1764 2130 in

188 2168 274 2224 illo
298 2169 462 2223 stadio
481 2211 498 2236 ,
529 2170 580 2223 in
606 2169 698 2224 illo
722 2170 1026 2238 spectaculo
1043 2211 1058 2234 ,
1091 2185 1222 2224 unus
1243 2179 1410 2223 tamen
1437 2168 1623 2238 accipit
1648 2167 1766 2222 bra-

188 2263 313 2314 vinm
342 2277 360 2314 :
385 2262 563 2317 caueri
596 2261 718 2317 victi
755 2261 1036 2317 discedunt
1062 2261 1104 2335 (Ι
1133 2259 1249 2317 Cor.
1281 2277 1331 2316 ix
1355 2303 1369 2326 ,
1391 2260 1510 2332 24).
1552 2262 1613 2317 Et
1641 2276 1765 2332 per-

190 2361 556 2409 severaverant
600 2353 652 2406 in
681 2352 945 2407 currendo
979 2369 991 2406 :
1020 2352 1115 2408 sed
1144 2367 1264 2408 cum
1296 2352 1566 2422 acceperit
1606 2367 1763 2417 unus,

190 2454 458 2500 remanent
480 2444 662 2498 caeteri
689 2445 777 2515 qui
815 2443 1060 2500 similiter
1084 2443 1486 2499 laboraverunt.
1515 2442 1627 2498 ilac
1656 2456 1764 2498 non

192 2546 266 2589 est
306 2537 397 2590 sic.
445 2535 716 2604 QuotquOt
761 2544 1017 2600 currunt,
1072 2546 1480 2605 perseveranter
1523 2540 1762 2600 currant,

191 2639 366 2682 omnes
389 2627 653 2696 accipiunt
683 2645 696 2682 :
723 2635 776 2682 et
816 2627 902 2696 qui
939 2627 1084 2694 prior
1112 2626 1353 2691 venerit,
1399 2633 1675 2694 exspectat
1707 2632 1766 2679 ut

190 2732 300 2772 cum
331 2721 618 2789 posteriore
643 2729 951 2774 coronetur.
989 2722 1228 2789 Agonem
1255 2718 1629 2789 quippeistum
1657 2731 1764 2773 non

190 2810 458 2878 cupiditas,
491 2811 584 2865 sed
607 2811 841 2865 charitas
872 2809 998 2865 facit
1030 2830 1043 2865 :
1071 2825 1259 2866 omnes
1284 2819 1560 2866 currentes
1583 2818 1766 2866 amant

189 2914 266 2965 se,
293 2912 341 2957 et
372 2889 479 2973 ipse
506 2919 660 2957 amor
682 2918 870 2957 cursus
897 2912 998 2960 est.

258 2991 341 3048 i2.
365 2994 685 3063 Sacri/icium
711 3003 758 3049 et
788 2994 1088 3048 oblationem
1129 2993 1335 3048 noluisti
1357 3035 1373 3057 ,
1413 2995 1490 3048 ait
1530 2993 1765 3064 pSalmtIs

187 3083 310 3140 Deo.
344 3087 553 3157 Antiqui
581 3087 722 3142 enim
752 3128 767 3152 ,
799 3086 1012 3157 quando
1041 3085 1216 3141 adhuc
1241 3087 1558 3142 sacriﬁcium
1580 3101 1765 3142 verum

185 3177 321 3248 quod
344 3179 524 3234 fideles
546 3189 773 3245 norunt,
807 3178 859 3234 in
893 3179 1075 3250 figuris
1107 3178 1589 3248 praenuntiabatur,
1617 3177 1762 3233 cele-

186 3267 402 3325 brabant
429 3274 624 3342 ﬁguras
671 3270 861 3326 futurm
903 3271 976 3325 rei
1007 3288 1020 3324 :
1047 3271 1195 3324 multi
1223 3270 1452 3325 scientes
1477 3310 1490 3332 .
1519 3269 1613 3326 sed
1644 3269 1766 3340 plu»

183 3373 268 3414 res
310 3362 633 3431 ignorantes.
689 3360 819 3416 Nam
851 3360 1129 3431 PrOphetze
1157 3369 1213 3415 et
1248 3360 1420 3416 sancti
1446 3359 1766 3416 Patriarcha:

185 3462 440 3506 noverant
465 3451 606 3522 quod
634 3451 977 3507 celebrabant
1013 3469 1023 3504 :
1055 3460 1248 3506 cmtera
1277 3461 1455 3506 autem
1485 3451 1766 3508 multitudo

191 3540 362 3612 iniqua
387 3585 400 3608 ,
427 3544 657 3599 carnalis
683 3544 762 3598 sic
782 3554 919 3611 erat,
954 3553 1011 3597 ut
1039 3542 1191 3598 ﬁeret
1219 3541 1288 3598 dc
1309 3543 1399 3598 illa
1429 3543 1569 3613 quod
1596 3542 1764 3614 signi-

193 3631 366 3689 ﬁcaret
393 3635 683 3704 posteriora
721 3645 941 3689 ventura
978 3654 990 3689 :
1022 3644 1077 3689 et
1103 3634 1248 3688 venit
1277 3635 1298 3666 ²
1325 3635 1538 3690 sublato
1565 3634 1656 3690 illo
1675 3651 1766 3690 sa-

197 3724 386 3780 criﬁcio
411 3727 582 3797 primo
607 3768 622 3793 ,
674 3725 897 3782 sublatis
928 3725 1256 3781 holocaustis
1283 3727 1507 3780 arietum
1529 3767 1545 3791 ,
1586 3726 1767 3782 hirco-

197 3829 308 3868 rum
330 3859 343 3882 ,
373 3818 657 3872 vitulorum
682 3859 699 3886 ,
727 3827 1150 3888 ca'tcrarumque
1178 3816 1513 3871 victimarum
1537 3833 1551 3881 ;
1600 3817 1771 3871 noluit

196 3905 279 3960 illa
306 3908 455 3966 Deus.
479 3910 656 3979 Quare
685 3911 773 3964 illa
802 3909 1008 3964 noluit?
1028 3924 1193 3979 quare
1217 3908 1388 3978 primo
1407 3907 1573 3962 voluit
1592 3908 1616 3963 ?
1635 3906 1769 3976 Quia

196 3997 278 4054 illa
304 4004 472 4058 omnia
498 4004 648 4074 quasi
681 4004 840 4058 verba
882 4011 1034 4055 erant
1071 3999 1469 4071 promittentis;
1514 4007 1569 4054 et
1607 3998 1768 4056 verba

195 4097 494 4161 promissiva
518 4139 534 4165 ,
581 4111 704 4152 cum
734 4097 940 4151 venerit
966 4095 1106 4166 quod
1134 4095 1486 4164 promittunt,
1526 4109 1632 4148 non
1655 4094 1768 4164 jam

193 4189 546 4246 enuntiantur.
601 4188 827 4244 Tamdiu
870 4189 1095 4259 quisque
1139 4187 1436 4258 promissor
1462 4195 1566 4253 est,
1598 4185 1771 4244 donec

196 4277 281 4334 det
309 4296 323 4334 :
349 4297 467 4337 cum
519 4279 760 4344 dederit,
807 4288 977 4334 mutat
1012 4279 1196 4334 verba.
1251 4277 1364 4334 Non
1405 4277 1531 4332 dicit
1572 4278 1767 4346 adhuc,

187 4369 362 4438 Dabo,
409 4371 551 4444 quod
579 4388 639 4428 se
661 4372 909 4427 daturum
947 4371 1199 4436 dicebat;
1244 4369 1338 4426 sed
1378 4370 1548 4436 dicit,
1592 4370 1768 4426 Dedi:

181 4466 402 4520 mutavit
424 4464 668 4520 verbum.
693 4463 868 4532 Quare
897 4463 970 4518 illi
989 4463 1162 4533 primo
1184 4461 1384 4534 placuit
1405 4461 1505 4516 hoc
1521 4462 1768 4530 verbum,

180 4567 234 4613 et
261 4575 429 4629 quare
454 4556 587 4613 illud
628 4555 896 4612 mutavit?
946 4554 1081 4621 Quia
1128 4554 1385 4625 temporis
1425 4557 1506 4608 sui
1548 4555 1769 4609 verbum

181 4648 311 4718 fuit,
355 4660 411 4707 et
439 4663 540 4721 pro
566 4659 806 4718 tempore
833 4661 932 4701 suo
961 4645 1177 4716 placuit.
1224 4643 1448 4712 Quando
1487 4645 1771 4714 promitte-

183 4744 369 4809 batur,
416 4754 547 4799 tunc
590 4742 864 4798 dicebatur
893 4758 906 4795 :
932 4755 1053 4794 cum
1094 4745 1270 4792 autem
1301 4737 1482 4792 datum
1522 4748 1604 4794 est
1628 4737 1771 4810 quod

186 4843 504 4911 promissum
535 4847 650 4904 est,
703 4836 874 4891 ablata
906 4843 1032 4888 sunt
1054 4832 1216 4886 verba
1249 4832 1564 4902 promissiva
1587 4872 1605 4898 ,
1647 4831 1770 4888 data

189 4944 304 4986 sunt
329 4930 669 5001 complctiva.
709 4925 979 4982 Sacriﬁcia
1007 4939 1135 4996 ergo
1160 4923 1280 4988 illa,
1329 4931 1579 4990 tanquam
1610 4925 1771 4979 verba

194 5026 496 5095 promissiva
522 5065 538 5090 ,
584 5022 758 5076 ablata
803 5029 945 5074 sunt.
995 5017 1134 5086 Quid
1174 5024 1257 5072 est
1302 5015 1446 5084 quod
1475 5013 1658 5069 datum
1689 5024 1774 5071 est

198 5116 603 5188 conipletivnm?
632 5113 840 5183 Corpus
863 5112 1005 5184 quod
1036 5111 1202 5165 nostis
1224 5153 1240 5176 ,
1281 5108 1423 5179 quod
1449 5125 1554 5164 non
1585 5125 1772 5166 omnes

205 5214 354 5268 nostis
388 5213 464 5284 (a)
492 5228 506 5275 ;
553 5208 695 5279 quod
729 5207 928 5262 utinam
969 5205 1058 5276 qui
1090 5203 1259 5258 nostis
1283 5246 1298 5267 ,
1346 5217 1534 5258 omnes
1564 5217 1669 5258 non
1703 5202 1771 5258 ad

201 5302 436 5371 judicium
471 5300 744 5355 noveritis.
771 5296 959 5352 Videte
990 5295 1202 5366 quando
1230 5294 1429 5349 dictum
1458 5302 1574 5357 est;
1615 5293 1772 5349 Chri-

212 5401 308 5447 stus
340 5395 477 5448 enim
511 5392 600 5446 ille
627 5399 708 5445 est
739 5387 991 5443 Dominus
1017 5396 1199 5442 noster
1218 5428 1234 5454 ,
1264 5385 1426 5441 modo
1450 5386 1678 5455 loquens
1704 5401 1770 5441 ex

215 5485 445 5542 membris
472 5483 584 5539 suis
604 5523 618 5550 ,
662 5480 822 5536 modo
850 5479 1070 5550 loquens
1099 5494 1162 5533 ex
1193 5491 1420 5548 persona
1445 5491 1560 5532 sua.
1591 5477 1770 5532 Sacri-

267 5665 471 5714 ‘omnes
495 5661 601 5711 fere
618 5667 747 5717 5155.,
771 5655 1046 5707 adducatur
1067 5654 1132 5717 ad
1157 5653 1498 5704 curiositatem.

263 5728 280 5760 ⁸
298 5736 406 5777 't‘res
427 5732 551 5773 Mssa
578 5731 641 5770 En
666 5716 786 5770 venit
809 5717 982 5769 veritas
1005 5716 1202 5771 sublato.
1227 5725 1323 5765 etc.

260 5776 319 5857 (a)
343 5797 434 5840 ttae
458 5784 686 5850 loquendi
726 5780 928 5833 formula
961 5780 1347 5831 (iatecbumenos
1381 5785 1655 5842 presentes
1673 5776 1766 5829 de-

213 5859 356 5922 iuuat.

3349 405 3462 465 “2

1877 507 2066 577 licium,
2095 511 2284 581 inquit,
2313 521 2360 567 et
2389 513 2691 570 oblationem
2719 485 2950 572 abluisti.
2994 515 3134 585 Quid
3161 518 3332 590 ergo?
3355 519 3465 576 Nos

1869 602 1981 672 jam
2008 603 2109 659 hoc
2139 615 2379 676 tempore
2394 608 2510 664 sine
2529 607 2794 664 sacriﬁcio
2812 609 3018 666 dimissi
3045 611 3268 668 sumus?
3288 611 3463 669 Absit.

1876 691 2074 762 Corpus
2102 705 2270 750 autem
2299 698 2555 768 perfecisti
2582 700 2724 753 mihi.
2760 698 2885 756 Ideo
2913 700 3000 756 illa
3031 700 3244 758 noluisti
3277 712 3332 757 ιιι
3363 703 3464 760 hoc

1875 786 2210 856 perﬁceres:
2258 788 2343 842 illa
2394 789 2610 845 voluisti
2658 799 2942 860 antequam
3000 791 3102 848 hoc
3155 792 3463 863 perﬁceres.

1874 878 2136 935 Perfectio
2173 879 2558 950 promissorum
2608 883 2825 938 abstulit
2866 884 3027 939 verba
3068 885 3460 954 promittentia.

1873 967 2006 1025 Nam
2037 971 2082 1026 si
2121 971 2297 1027 adhuc
2322 981 2445 1028 sunt
2490 974 2851 1044 promittentia
2874 1017 2888 1042 ,
2917 976 3154 1032 nondum
3181 977 3460 1048 impletum

1872 1072 1954 1117 est
1975 1062 2118 1132 quod
2163 1064 2482 1134 promissum
2511 1075 2617 1120 est.
2665 1065 2778 1122 iloc
2809 1067 3218 1137 promittebatur
3239 1068 3463 1140 quibus-

1871 1151 1995 1208 dam
2016 1155 2183 1226 signis
2215 1173 2228 1210 :
2260 1157 2434 1212 ablata
2458 1167 2583 1212 sunt
2606 1157 2756 1229 signa
2789 1160 3150 1228 promittentia
3173 1203 3192 1230 ,
3218 1163 3339 1233 quia
3363 1178 3463 1219 ex-

1871 1243 2036 1300 hibita
2080 1256 2163 1302 est
2187 1248 2381 1302 veritas
2421 1250 2708 1318 promissa.
2765 1249 2819 1305 ln
2867 1250 2970 1305 hoc
2995 1267 3223 1322 corpore
3253 1269 3462 1322 sumus,

1872 1334 2034 1406 hujus
2057 1339 2300 1408 corporis
2330 1340 2617 1410 participes
2642 1356 2850 1408 sumus,
2877 1341 3016 1412 quod
3049 1343 3338 1415 accipimus
3366 1361 3464 1400 no-

1873 1429 2047 1485 vimus
2073 1445 2087 1482 :
2116 1438 2172 1485 et
2200 1432 2288 1500 qui
2316 1447 2422 1486 non
2453 1433 2623 1488 nostis
2653 1433 2908 1488 noveritis
2929 1475 2944 1498 ,
2976 1443 3033 1489 et
3061 1449 3183 1490 cum
3213 1435 3464 1494 didiceri-

1871 1521 1980 1590 tis,
2033 1523 2233 1578 utinam
2279 1540 2385 1579 non
2424 1525 2489 1580 ad
2533 1525 2790 1594 judicium
2830 1527 3124 1597 accipiatis.
3177 1528 3278 1595 Qui
3319 1529 3462 1585 enim

1871 1612 2160 1668 manducat
2184 1623 2237 1670 et
2263 1615 2396 1670 bibit
2429 1616 2662 1686 indigne,
2685 1616 2944 1686 judicium
2973 1617 3074 1672 sibi
3099 1617 3388 1676 manducat
3410 1630 3462 1676 et

1869 1701 2004 1758 bibit
2029 1702 2072 1777 (Ι
2103 1704 2220 1760 Cor.
2249 1705 2456 1776 x,t29).
2490 1706 2790 1764 Perfectum
2815 1717 2898 1764 est
2921 1709 3077 1767 nobis
3104 1724 3321 1782 corpus,
3344 1725 3462 1783 per-

1870 1794 2114 1851 ﬁciamur
2140 1797 2192 1852 in
2221 1813 2467 1868 corpore.

1943 1889 2033 1946 i5.
2060 1887 2384 1958 Sacriﬁcium
2410 1899 2457 1943 et
2483 1890 2786 1946 oblationem
2827 1892 3056 1961 noluisti,
3081 1907 3267 1964 corpus
3294 1905 3462 1950 autem

1870 1981 2133 2051 perfecta:
2160 1981 2312 2036 mihi.
2360 1981 2678 2036 Holocausta
2714 1984 2865 2036 etiam
2905 1999 2999 2054 pro
3029 1983 3212 2038 delicto
3241 2001 3344 2040 non
3373 2002 3462 2056 pc-

1869 2072 1973 2126 tisti
2002 2081 2164 2128 :tunc
2203 2071 2350 2137 dixi,
2396 2070 2532 2128 Ecce
2568 2073 2728 2127 vatio.
2785 2073 3054 2144 Numquid
3082 2076 3457 2144 exponendum

1870 2173 1954 2221 est
1975 2207 1991 2232 ,
2025 2159 2352 2234 Sacriﬁcium
2379 2175 2426 2220 et
2454 2167 2754 2221 oblationem
2784 2167 2991 2223 noluisti
3009 2210 3025 2234 ,
3073 2185 3258 2239 corpus
3289 2180 3460 2226 autem

1870 2256 2124 2325 perfecisti
2169 2256 2295 2309 milii
2310 2257 2337 2311 7
2379 2255 2692 2312 Holocausta
2715 2259 2867 2311 etiam
2906 2275 2999 2330 pro
3025 2259 3208 2316 delicto
3237 2277 3338 2316 non
3366 2278 3457 2334 pc-

1871 2347 1972 2402 tisti
1997 2363 2016 2402 :
2043 2363 2162 2417 qua:
2206 2347 2420 2418 petebat
2452 2351 2468 2381 ⁸
2501 2358 2677 2405 antea.
2735 2347 2878 2405 Tunc
2916 2351 3060 2418 dixi,
3115 2350 3248 2407 Ecce
3293 2354 3456 2408 venio.

1870 2439 2102 2511 Tempus
2127 2449 2208 2497 est
2236 2450 2292 2496 ut
2315 2441 2531 2498 veniant
2555 2457 2675 2513 qua:
2700 2442 3144 2511 promittebantur
3162 2485 3177 2508 ,
3204 2445 3328 2514 quia
3352 2460 3454 2500 au-

1868 2532 2111 2588 feruntur
2132 2547 2195 2588 ea
2223 2548 2318 2602 per
2342 2548 2461 2602 qua:
2482 2532 2949 2601 promittebantur.
2981 2533 3048 2589 Et
3075 2549 3202 2589 vere
3220 2575 3236 2599 ,
3267 2533 3460 2592 fratres

1869 2626 1996 2692 mei,
2025 2626 2284 2682 attendite
2303 2625 2387 2678 illa
2411 2625 2608 2692 ablata,
2637 2625 2751 2680 hare
2771 2625 3005 2695 impleta.
3035 2625 3277 2682 Detmihi
3297 2626 3459 2685 modo

1865 2715 2228 2787 gensjndaica
2255 2716 2610 2771 sacerdotem.
2640 2715 2741 2772 Ubi
2767 2726 2891 2772 sunt
2915 2717 3175 2773 sacriﬁcia
3206 2717 3458 2774 illorum?

1867 2805 2028 2864 Certe
2058 2804 2369 2875 perierunt,
2417 2814 2567 2861 certe
2608 2805 2783 2860 ablata
2820 2815 2946 2860 sunt
2987 2821 3147 2861 nunc.
3191 2806 3456 2878 Numquid

1869 2905 1998 2952 tunc
2021 2895 2436 2967 reprobaremus
2472 2896 2584 2951 ea?
2628 2896 2996 2968 Reprohamus
3025 2897 3185 2952 modo
3216 2914 3229 2950 :
3261 2898 3382 2966 quia
3411 2899 3457 2954 si

1867 2987 2030 3044 modo
2050 2988 2182 3044 velis
2205 2987 2402 3054 facere,
2431 2987 2783 3056 intemporale
2807 2999 2892 3044 est
2915 3029 2930 3053 ,
2955 3006 3062 3044 non
3088 3000 3172 3046 est
3194 2999 3459 3061 opportu-

1868 3096 2030 3147 num,
2078 3094 2184 3136 non
2227 3081 2490 3150 congruit.
2533 3080 2724 3136 Adhuc
2759 3081 3053 3152 promittis,
3099 3085 3210 3153 jam
3252 3085 3456 3152 accepi.

1867 3172 2146 3230 Rcmansit
2187 3173 2296 3228 illis
2335 3171 2585 3244 quiddam
2614 3173 2758 3244 quod
2784 3174 3094 3240 celebrent,
3144 3188 3212 3230 ne
3237 3175 3459 3230 omnino

1867 3267 1986 3323 sine
2010 3267 2161 3337 signo
2187 3274 2554 3321 remanerent.
2597 3264 2728 3320 Cain
2756 3266 2903 3321 enim
2942 3265 3116 3335 major
3144 3264 3342 3332 frater,
3367 3268 3460 3338 qui

1867 3361 2065 3417 occidit
2108 3361 2369 3416 minorem
2415 3359 2666 3425 fratrem,
2711 3359 2921 3428 accepit
2964 3358 3214 3428 signum,
3245 3375 3313 3416 ne
3339 3361 3462 3431 quis

1869 3471 1993 3512 eum
2019 3454 2288 3510 occideret
2312 3495 2328 3518 ,
2371 3454 2510 3509 sicut
2532 3455 2788 3524 scriptum
2814 3463 2898 3510 est
2931 3453 2982 3508 in
3010 3453 3204 3510 Genesi
3234 3471 3250 3513 :
3280 3453 3461 3511 Posuit

1869 3547 2011 3606 Deus
2037 3547 2164 3604 Cain
2191 3549 2415 3619 signum,
2447 3557 2500 3602 ut
2528 3565 2672 3603 nemo
2701 3564 2817 3602 cum
2847 3549 3115 3603 occideret.
3149 3549 3379 3605 Proinde
3404 3559 3462 3607 et

1869 3639 1985 3712 ipsa
2004 3655 2134 3710 gens
2157 3639 2332 3709 judrea
2352 3649 2532 3694 manet
2561 3641 2605 3694 ².
2672 3637 2871 3694 Omnes
2897 3649 3082 3708 gentes
3109 3639 3332 3696 subdita:
3352 3641 3461 3710 jnri

1870 3747 2114 3798 romano,
2139 3731 2192 3786 in
2211 3733 2301 3802 jus
2327 3746 2604 3788 romanum
2635 3732 3028 3796 confluxerunt,
3055 3734 3460 3802 superstitiones

1871 3824 2434 3888 communicaverunt;
2463 3833 2646 3895 postea
2673 3823 2796 3878 inde
2820 3834 3211 3895 cmperuntper
3235 3826 3458 3896 gratiam

1874 3915 2084 3971 Domini
2135 3916 2302 3969 nostri
2342 3916 2470 3972 Jesu
2516 3916 2714 3971 Christi
2753 3917 3034 3986 separari:
3065 3917 3154 3972 illa
3208 3933 3334 3974 vero
3382 3920 3461 3976 sic

1871 4007 2065 4062 mansit
2095 4021 2214 4061 cum
2243 4007 2394 4077 signo
2419 4020 2538 4072 suo,
2561 4022 2681 4061 cum
2699 4005 2851 4076 signo
2878 4006 3318 4075 circumcisionis,
3336 4024 3458 4065 cum

1872 4099 2025 4169 signo
2053 4112 2361 4170 azymorum
2412 4099 2490 4152 sic
2531 4097 2768 4153 mansit:
2801 4112 2908 4152 non
2947 4107 3033 4153 est
3069 4098 3278 4154 occisus
3301 4097 3457 4168 Cain,

1874 4203 1980 4246 non
2007 4197 2090 4243 est
2113 4189 2343 4252 occisus,
2381 4189 2543 4245 habet
2576 4189 2786 4261 signum
2815 4202 2994 4244 suum.
3045 4188 3354 4246 llalcdictus
3376 4201 3462 4249 est

1872 4298 1904 4338 a
1945 4292 2084 4338 terra
2110 4325 2124 4349 ,
2171 4297 2290 4353 qua:
2331 4283 2542 4353 aperuit
2569 4298 2631 4338 os
2654 4297 2810 4338 suum
2853 4282 3100 4354 excipere
3147 4283 3458 4354 sanguinem

1858 4375 2052 4432 ‘fratris
2083 4376 2199 4444 ejus
2222 4374 2290 4430 de
2315 4390 2476 4429 manu
2503 4375 2639 4444 ejus.
2675 4373 2766 4430 Ille
2793 4373 2936 4428 enim
2965 4372 3098 4427 fudit
3121 4374 3458 4443 sanguinem,

1874 4484 1981 4526 non
2009 4470 2218 4539 excepit
2250 4486 2262 4522 :
2292 4468 2380 4524 ille
2417 4467 2550 4522 fudit
2571 4508 2585 4530 .
2636 4466 2740 4521 alia
2771 4474 2908 4520 terra
2942 4466 3152 4534 excepit
3181 4475 3276 4542 περι
3300 4466 3366 4519 ab
3395 4480 3460 4521 ea

1877 4575 2020 4621 terra
2047 4579 2164 4634 qua!
2194 4578 2256 4616 os
2276 4561 2487 4632 aperuit
2510 4569 2566 4615 et
2593 4559 2835 4630 excepit,
2885 4557 2972 4612 ille
2998 4554 3309 4612 maledictus
3335 4564 3418 4611 est
3443 4573 3458 4610 :

1874 4663 1931 4712 et
1965 4655 2079 4726 ipsa
2121 4664 2260 4707 terra
2301 4667 2420 4724 qua:
2459 4666 2553 4705 ore
2587 4651 2798 4721 excepit
2827 4649 3175 4720 sanguinem,
3219 4647 3460 4704 Ecclesia

1875 4755 1975 4803 est.
2005 4746 2087 4801 Ab
2116 4744 2216 4798 hac
2241 4759 2370 4814 ergo
2400 4742 2486 4798 ille
2525 4741 2839 4797 maledictus
2863 4749 2964 4795 est.
3017 4739 3086 4795 Et
3123 4740 3210 4795 ille
3245 4739 3462 4809 sanguis

1875 4840 2070 4896 clamat
2089 4838 2157 4893 de
2186 4849 2326 4893 terra
2355 4835 2420 4890 ad
2450 4851 2554 4888 me.
2598 4832 2681 4888 De
2709 4833 2808 4888 hac
2843 4833 2984 4887 enim
3015 4841 3160 4887 terra
3191 4831 3322 4886 dixit
3357 4833 3460 4886 llo-

1877 4935 2052 4988 minus
2072 4973 2086 4995 ,
2127 4930 2238 4985 Vox
2259 4927 2522 5000 sanguinis
2548 4927 2722 4998 fratris
2743 4925 2816 4979 tui
2837 4926 3021 4979 clamat
3047 4923 3116 4979 ad
3144 4941 3222 4978 nte
3243 4925 3306 4977 de
3331 4934 3463 4978 terra

1877 5026 2031 5096 (Gen.
2066 5041 2116 5080 iv
2139 5065 2155 5090 ,
2185 5024 2286 5089 15,
2313 5020 2425 5093 10).
2473 5019 2712 5084 Clamat,
2760 5017 2960 5088 inquit,
2998 5016 3065 5072 ad
3091 5031 3177 5072 me
3200 5015 3268 5073 de
3295 5024 3458 5071 terra.

1876 5118 2083 5172 Clamat
2103 5115 2168 5170 ad
2216 5113 2496 5170 Dominum
2527 5128 2539 5165 :
2573 5109 2667 5165 sed
2702 5108 2896 5164 surdus
2931 5116 3016 5164 est
3038 5110 3130 5180 qui
3152 5107 3459 5177 sanguinem

1877 5209 2028 5272 fudit,
2058 5208 2300 5277 quianon
2325 5203 2512 5260 bibit'.
2535 5202 2613 5257 illi
2639 5202 2852 5273 ergoita
2879 5209 3022 5265 sunt,
3056 5211 3304 5270 tanquam
3326 5197 3459 5254 Cain

1876 5317 1998 5359 cum
2046 5301 2218 5371 signo.
2271 5297 2539 5354 Sacriﬁcia
2583 5311 2716 5352 vero
2757 5311 2878 5366 quae
2916 5295 2988 5352 ibi
3016 5293 3242 5360 ﬁebant,
3285 5292 3460 5347 ablata

1877 5403 2036 5458 sunt;
2065 5401 2119 5447 et
2139 5389 2280 5462 quod
2311 5389 2391 5445 eis
2411 5387 2668 5444 remansit
2688 5386 2755 5442 ad
2782 5387 2988 5456 signum
3013 5383 3144 5440 Cain
3164 5423 3180 5450 ,
3205 5382 3316 5453 jam
3339 5397 3460 5453 per-

1941 5527 1957 5556 ί
1977 5526 2049 5574 sic
2070 5521 2287 5571 nonnulli
2311 5529 2418 5584 Mss,
2443 5519 2525 5568 Alii
2546 5555 2560 5579 ,
2584 5526 2630 5569 et
2653 5529 2762 5581 quae
2784 5513 3076 5580 petebantur.
3117 5511 3248 5573 Edd.,
3276 5517 3321 5563 et
3345 5523 3457 5576 qua

1877 5586 2118 5702 pegegd'czl‘...
2143 5652 2298 5698 manet
2319 5657 2404 5708 per
2427 5657 2587 5694 omnes
2607 5648 2768 5708 gentes
2791 5639 2982 5708 subdita
3019 5637 3128 5700 juri
3153 5646 3376 5688 Romano.
3403 5645 3462 5689 In

1867 5711 1955 5776 jus
1983 5720 2252 5776 Romanum,
2280 5703 2374 5776 etc.
2394 5715 2568 5776 Locunt
2665 5710 2769 5776 Mss.
2795 5703 3102 5776 castigamus.

1942 5760 2114 5836 ‘Aimd
2136 5760 2396 5836 ιργζιριςία
2419 5765 2649 5836 aetum-
2677 5773 2730 5815 Αι
2752 5764 2875 5827 arua
2914 5760 3077 5836 ειῖ-..ιέε
3121 5770 3228 5814 ﬁsso
3250 5760 3460 5830 ιὶὶίιιιοι.

1879 5836 1997 5903 quia
2021 5823 2125 5888 'non
2150 5823 2264 5886 bibit
2293 5823 2384 5884 fin
2408 5830 2515 5881 aliis
2531 5835 2660 5892 Mss.,
2676 5823 2815 5891 quem
2839 5839 2932 5878 non
