3960 6462
225 399 313 462 us
1273 392 1678 452 ENAnnA'rto
1709 395 1776 454 nt
1817 395 2142 456 essanun
2173 399 2414 457 XXXIX.

233 515 333 573 fessi
360 519 482 569 sunt
504 509 815 569 Christum:
851 516 1014 582 caput
1049 508 1192 582 quod
1235 519 1581 581 prmeesserat
1604 548 1618 574 ,
1647 509 1788 565 sicut

227 609 438 667 membra
460 644 476 673 ,
500 605 649 676 sequi
670 604 1076 674 concupierunt.
1097 601 1206 662 Sed
1224 603 1312 674 qui
1328 602 1713 672 concupierunt
1733 601 1788 657 ‘?

234 706 276 759 ln
318 698 586 754 tormentis
637 697 935 766 patientes.
978 696 1029 751 in
1073 695 1413 751 confessione
1461 694 1687 760 ﬁdeles,
1733 693 1788 750 in

226 808 451 849 sci-itione
481 805 716 844 veraces.
750 787 1130 844 Jaculabantur
1158 787 1301 841 enim
1341 787 1394 841 in
1434 801 1525 840 ora
1560 787 1787 841 interro-

224 890 439 958 εςιιιιζιιιιι
469 897 526 936 se
570 882 792 952 sagittas
834 880 924 934 Dei
950 919 964 945 .
1009 891 1062 936 et
1102 879 1451 934 vulnerabant
1496 877 1562 934 ad
1606 879 1739 934 iram
1768 896 1791 946 ;-

225 978 403 1032 multos
454 973 866 1026 vulneraverunt
911 980 968 1026 et
1011 970 1079 1026 ad
1128 971 1374 1026 salutem.
1429 968 1557 1025 Haec
1604 969 1783 1025 omnia

228 1105 234 1134 ι
259 1066 553 1136 inponimus
585 1063 778 1129 nobis,
802 1074 853 1117 et
887 1064 1156 1117 intuemur
1175 1063 1263 1116 illa
1285 1100 1302 1130 ,
1323 1070 1378 1117 ct
1397 1071 1643 1131 optamus
1667 1061 1787 1116 imi-

218 1166 328 1217 lari.
365 1162 478 1214 lla-e
505 1167 629 1213 sunt
655 1157 957 1228 spectacula
987 1156 1278 1212 christiana
1301 1194 1316 1221 ,
1359 1155 1476 1210 hch
1515 1154 1657 1210 videt
1685 1153 1782 1210 de-

220 1273 370 1325 .npur
400 1255 532 1307 Deus
555 1288 570 1316 ,
599 1251 666 1305 ad
700 1251 814 1305 bace
842 1249 1084 1304 hortatur
1108 1289 1122 1316 ,
1154 1248 1220 1302 ad
1251 1247 1364 1302 hinc
1407 1247 1657 1317 adjuvat;
1701 1244 1784 1300 bis

211 1348 578 1405 rettmninibus
625 1344 842 1416 pra-mia
892 1342 1140 1412 proponit
1179 1349 1232 1396 et
1274 1341 1457 1396 donat.
1494 1339 1625 1394 Ecce
1648 1339 1784 1394 labia

211 1461 316 1496 mea
349 1459 442 1492 tuin
468 1437 658 1507 pro/ubi
676 1437 758 1488 bo.
789 1434 921 1490 Vide
951 1450 1017 1488 ne
1047 1435 1234 1488 timeas
1260 1471 1276 1500 ,
1313 1441 1366 1488 et
1389 1431 1672 1502 prohibeas
1700 1431 1780 1484 la~

205 1537 284 1589 hia
317 1549 416 1583 tua.
449 1528 698 1596 Domine,
725 1541 778 1581 tu
801 1525 1076 1598 cognovisti
1103 1542 1121 1580 :
1147 1524 1268 1594 quia
1311 1534 1394 1580 est
1435 1532 1488 1579 et
1531 1525 1582 1578 in
1619 1522 1781 1577 corde

202 1628 340 1699 quod
375 1634 523 1678 sonat
549 1633 601 1678 et
630 1625 679 1675 in
715 1621 886 1676 labiis.

269 1721 354 1774 17.
382 1716 526 1790 [υρνε.
559 1711 671 1787 11.]
691 1713 949 1767 Justitiam
973 1727 1136 1765 meam
1165 1726 1266 1764 non
1295 1707 1534 1763 abscondi
1556 1708 1605 1761 in
1628 1707 1780 1763 corde

199 1830 335 1866 meo.
363 1808 495 1877 Quid
526 1817 609 1862 est
638 1847 652 1868 ,
677 1805 931 1875 justitiam
958 1801 1157 1857 nteant?
1185 1800 1368 1856 Fidem
1401 1816 1570 1854 meam
1597 1818 1610 1854 ς
1655 1799 1778 1869 quia

191 1909 367 1975 justus
393 1920 454 1957 ex
485 1901 585 1955 lide
631 1900 759 1954 vivit
807 1900 825 1967 (
856 1896 1054 1952 Habac.
1087 1910 1129 1950 ιι
1153 1937 1169 1963 ,
1197 1895 1232 1950 4
1255 1937 1272 1959 ,
1298 1904 1346 1949 et
1379 1893 1527 1950 liam.
1559 1910 1613 1960 ι,
1644 1894 1708 1948 17
1731 1896 1774 1961 ).

192 1998 258 2054 Ut
292 2008 414 2066 puta
440 2038 453 2059 ,
485 1995 777 2062 interrogat
820 1989 919 2045 sub
959 2004 1114 2059 penna
1154 1997 1467 2058 persecutor
1487 2023 1502 2053 ,
1531 1985 1673 2056 quod
1699 1986 1778 2041 eis

188 2091 338 2144 licuit
368 2084 646 2158 aliquando
667 2127 683 2151 ,
728 2082 867 2150 Quid
891 2081 994 2138 es?
1023 2096 1254 2151 paganus
1275 2121 1292 2147 ,
1322 2095 1387 2134 an
1418 2077 1778 2135 christianos?

184 2182 538 2238 Christianus.
574 2178 688 2250 Ipsa
715 2187 794 2232 est
821 2175 1026 2246 justitia
1063 2174 1178 2243 ejus
1207 2192 1221 2228 :
1256 2172 1483 2228 credidit
1507 2209 1523 2238 ,
1560 2188 1628 2228 ex
1669 2171 1776 2227 ﬁde

183 2275 336 2328 vivit.
364 2271 472 2325 Non
496 2269 774 2325 abscondit
801 2268 850 2322 in
874 2266 1036 2322 corde
1063 2265 1433 2335 suojustitiam
1460 2278 1630 2320 suam.
1660 2263 1774 2318 Non

182 2367 320 2422 dixit
348 2364 481 2436 apud
509 2378 568 2419 se
595 2380 609 2416 :
639 2361 815 2417 Credo
841 2359 1057 2431 quidem
1097 2360 1149 2412 in
1174 2358 1442 2414 Cbrislum
1468 2395 1482 2423 ,
1519 2359 1613 2413 sed
1653 2357 1776 2413 huic

181 2456 518 2531 persecutori
547 2469 669 2508 meo
699 2453 938 2508 stevienti
967 2461 1022 2506 et
1049 2451 1269 2506 minanti
1300 2467 1406 2506 non
1436 2450 1607 2505 dicam
1634 2450 1775 2520 quod

177 2548 432 2606 credidi:
463 2545 613 2601 novit
641 2545 782 2599 Dens
820 2559 970 2598 meus
1017 2544 1158 2597 intus
1199 2542 1250 2596 in
1287 2542 1450 2598 corde
1495 2557 1616 2598 meo
1651 2541 1774 2613 quia

177 2644 356 2701 credo
375 2686 387 2708 ,
420 2644 532 2713 ipse
553 2641 650 2696 scit
674 2640 796 2710 qnia
825 2638 900 2692 illi
923 2653 1028 2692 non
1057 2635 1324 2691 renuntio.
1353 2637 1489 2691 Ecce
1513 2635 1615 2690 hoc
1640 2635 1775 2690 dicis

178 2749 230 2794 te
260 2739 410 2793 intus
437 2735 635 2789 habere
663 2735 717 2786 in
757 2730 958 2786 corde:
1003 2731 1054 2784 in
1095 2728 1248 2784 labiis
1286 2728 1457 2797 quid?
1499 2727 1615 2783 Non
1656 2741 1774 2783 sum

177 2827 555 2884 Christianus?
603 2825 800 2879 Contra
843 2838 938 2877 eor
983 2831 1128 2876 tttum
1179 2820 1542 2876 testimonium
1590 2819 1776 2875 dicunt

179 2922 326 2977 labia
357 2931 461 2976 ttta.
487 2917 752 2975 Justitiam
774 2930 936 2969 meam
957 2928 1056 2968 non
1081 2913 1322 2968 abscondi
1351 2915 1402 2966 in
1428 2912 1578 2966 corde
1603 2928 1732 2968 meo.

257 3014 350 3069 18.
402 3011 672 3066 Veritatem
701 3019 837 3062 tuam
864 3016 911 3062 et
939 3007 1162 3063 salutare
1184 3013 1323 3059 tuum
1349 3005 1480 3060 dixi.
1506 3004 1772 3060 Christum

183 3116 340 3162 tullus
370 3105 475 3158 dixi
502 3143 516 3166 ,
553 3101 654 3156 bne
679 3109 760 3154 est
787 3143 802 3166 ,
843 3097 1114 3155 Veritatem
1144 3109 1285 3151 tuam
1313 3108 1359 3152 et
1385 3098 1609 3152 salutare
1633 3106 1774 3152 tuum

183 3198 316 3252 dixi.
349 3195 499 3252 Unde
526 3193 720 3247 veritas
746 3190 1030 3246 (iliristus?
1070 3188 1181 3260 Ego
1219 3203 1334 3244 sum
1367 3190 1549 3244 veritas
1574 3190 1594 3262 (
1613 3188 1769 3243 locis.

188 3303 283 3345 xtv
311 3331 328 3355 ,
355 3290 450 3356 6).
503 3285 656 3342 Unde
712 3285 944 3337 salutare
997 3281 1164 3351 ipsius
1206 3279 1504 3336 Clu-istas?
1553 3280 1772 3336 Simeon

188 3383 405 3453 agitavit
449 3381 704 3435 infantem
753 3377 804 3431 in
847 3375 1092 3430 manibus
1131 3374 1318 3430 matris
1357 3373 1410 3428 in
1453 3373 1688 3444 templo,
1721 3380 1776 3429 et

191 3475 322 3529 dixit
344 3491 355 3526 :
381 3472 632 3539 Quoniam
658 3469 886 3524 viderunt
911 3468 1044 3522 oculi
1071 3467 1167 3522 mei
1193 3466 1415 3522 salutare
1433 3465 1616 3540 tuum(
1644 3465 1769 3520 Luc.

192 3582 265 3634 ιι,
294 3568 428 3636 50).
469 3565 693 3636 Agnovit
743 3561 999 3617 infantem
1040 3571 1244 3627 senex,
1293 3560 1465 3615 iactus
1509 3560 1561 3614 in
1609 3571 1774 3630 puero

199 3673 324 3728 puer
348 3701 361 3720 .
393 3658 674 3713 innovatus
698 3654 820 3709 (ide.
845 3655 1140 3721 Acceperat
1164 3653 1304 3708 enim
1330 3667 1648 3722 responsum
1672 3691 1688 3720 ,
1721 3662 1776 3710 et

200 3752 294 3810 hoc
319 3751 450 3807 dixit
488 3769 502 3807 :
543 3750 752 3804 dixerat
785 3749 834 3804 ei
877 3746 1168 3813 Dominus,
1216 3745 1340 3816 quia
1385 3760 1489 3800 non
1535 3748 1776 3804 exiturus

201 3856 306 3898 erat
325 3845 390 3898 de
417 3843 513 3899 hac
534 3843 638 3896 vita
665 3883 680 3905 ,
706 3841 1014 3910 priusquam
1039 3836 1244 3891 videret
1269 3836 1498 3891 salutare
1520 3837 1635 3892 Dei.
1662 3837 1775 3894 Hoc

204 3939 421 3992 salutare
470 3936 560 3990 Dei
611 3935 806 3988 bomnn
852 3939 934 3985 est
976 3937 1036 3984 ut
1079 3928 1391 3983 ostendatur
1423 3927 1769 3985 hominibus:

206 4032 287 4083 sed
311 4031 540 4085 clament
564 4069 580 4093 ,
611 4025 831 4081 Ostende
857 4021 997 4076 nobis
1025 4063 1041 4089 ,
1085 4018 1304 4074 Domine
1324 4060 1340 4086 ,
1378 4020 1774 4076 misericordiam

207 4131 329 4175 tanta
354 4164 367 4184 .
399 4131 444 4176 et
473 4121 696 4177 salutare
729 4129 870 4171 tuum
911 4115 980 4168 du
1014 4114 1156 4169 nobis
1201 4114 1220 4184 (
1248 4112 1391 4167 Psal.
1417 4128 1641 4181 Lxxxw,
1669 4113 1703 4169 8
1729 4112 1769 4184 ).

205 4211 430 4268 Salutare
454 4221 634 4266 autem
663 4210 754 4264 Dei
787 4209 837 4262 in
866 4205 1114 4261 omnibus
1149 4202 1398 4275 gentibus
1428 4222 1442 4259 :
1485 4206 1607 4276 quia
1649 4221 1772 4262 cum

208 4307 404 4362 dixisset
433 4305 663 4377 quodam
696 4305 812 4358 loco
835 4343 849 4368 ,
873 4299 1012 4356 Deus
1032 4300 1326 4353 misereatur
1348 4299 1490 4354 nobis
1513 4339 1528 4365 ,
1557 4308 1604 4353 et
1625 4299 1771 4354 bene.

209 4399 326 4453 dicat
354 4415 442 4453 nos
462 4439 478 4464 ,
505 4396 753 4451 illuminet
782 4393 974 4447 vultum
998 4406 1144 4446 suum
1169 4406 1321 4461 super
1347 4405 1440 4445 nos
1460 4427 1476 4458 ,
1507 4398 1560 4444 tu
1584 4407 1773 4462 rogum

212 4504 388 4547 uanius
416 4494 468 4546 in
494 4501 624 4544 terra
645 4491 777 4542 viam
804 4497 941 4540 tuam
965 4525 980 4553 ,
1009 4485 1203 4555 adjecit
1230 4502 1242 4538 :
1271 4482 1339 4538 1η
1363 4483 1591 4540 omnibus
1611 4486 1774 4557 genti.

213 4585 287 4640 bas
315 4586 536 4640 salutare
577 4594 738 4638 tuum.
780 4581 958 4636 Primo
996 4579 1166 4647 dixit,
1215 4577 1283 4634 Ut
1319 4593 1680 4652 cognoscamus
1715 4581 1770 4638 in

216 4687 325 4731 terra
351 4678 480 4732 vium
511 4687 646 4730 tuam
670 4717 684 4740 ,
717 4683 770 4729 et
799 4682 1012 4728 secutus
1042 4679 1123 4726 est
1151 4687 1164 4723 :
1195 4669 1264 4725 In
1293 4671 1520 4726 omnibus
1543 4674 1772 4744 gentibus

213 4772 406 4825 salutare
430 4767 608 4840 ιιιιιηι(
631 4766 774 4822 Psal.
803 4778 930 4821 LXVI
953 4805 968 4830 ,
994 4763 1031 4817 2
1057 4805 1071 4829 ,
1093 4763 1125 4817 5
1149 4765 1188 4833 ).
1211 4763 1372 4830 Quasi
1392 4765 1663 4821 diceretur
1681 4767 1730 4822 ei
1749 4807 1766 4836 ,

208 4862 319 4930 Qua!
343 4871 422 4916 cst
444 4862 527 4914 via
553 4875 710 4929 quam
732 4857 883 4926 cupis
910 4855 1240 4926 agnoscere?
1263 4853 1515 4910 ilomines
1539 4855 1606 4910 ad
1629 4857 1770 4913 viam

205 4953 442 5017 veniunt,
471 4948 723 5019 numquid
751 4949 832 5000 via
859 4947 1005 4998 venit
1040 4944 1105 4998 ad
1149 4943 1435 5000 homines?
1461 4945 1556 5001 Via
1586 4957 1769 5004 nostra

197 5046 330 5102 venit
369 5039 433 5096 ad
474 5039 756 5105 homines,
801 5037 999 5092 invenit
1045 5045 1320 5104 errantes,
1361 5039 1566 5094 vocavit
1603 5039 1669 5095 ad
1709 5053 1771 5096 se

197 5150 339 5198 extra
373 5134 709 5190 ambulantes
733 5134 778 5187 ⁸.
827 5131 886 5186 in
928 5145 1055 5199 me,
1102 5129 1314 5202 inquit,
1359 5132 1666 5201 ambulate,
1713 5143 1769 5191 et

196 5248 296 5291 non
322 5228 561 5285 crrabitis
585 5243 598 5281 :
633 5225 743 5298 Ego
762 5241 872 5279 sum
896 5224 976 5278 via
999 5266 1014 5290 ,
1047 5233 1092 5278 et
1118 5226 1298 5278 veritas
1321 5264 1336 5290 ,
1367 5235 1416 5279 et
1442 5227 1542 5280 vita
1569 5227 1763 5298 (Joan.

198 5341 300 5390 xiv,
327 5322 358 5377 6
382 5322 420 5390 ).
453 5318 528 5375 Ne
549 5317 757 5373 diceres
779 5359 794 5382 ,
819 5315 916 5371 Ubi
943 5326 1023 5371 est
1048 5315 1131 5371 via
1156 5315 1292 5371 Dei?
1317 5316 1382 5371 ad
1407 5333 1564 5388 quam
1591 5321 1766 5392 regio-

198 5435 312 5474 nem
341 5415 422 5470 ibo
442 5415 464 5468 ?
486 5428 642 5484 quem
672 5419 904 5465 tntmtem
930 5405 1259 5466 ascendam?
1282 5426 1415 5480 quos
1435 5425 1651 5482 campos
1680 5413 1764 5468 in-

200 5508 433 5584 quiram?
463 5506 612 5561 Viam
639 5503 728 5558 Dei
756 5503 977 5573 inquiris
998 5504 1021 5558 ?
1042 5503 1282 5559 Salutare
1309 5504 1400 5560 Dei
1421 5514 1502 5560 est
1528 5507 1608 5561 via
1633 5507 1762 5576 Dei,

200 5613 253 5660 et
279 5600 455 5671 ubique
480 5589 595 5654 nec
618 5603 734 5652 est:
765 5594 886 5666 quia
917 5593 971 5650 in
996 5595 1242 5650 omnibus
1260 5595 1508 5667 gentibus
1533 5596 1767 5657 Salutate

265 5802 282 5867 ξ
304 5771 604 5867 Inaopnvilis
622 5803 730 5848 Mss.
747 5777 915 5867 deest;
941 5794 1044 5867 sed
1157 5775 1549 5867 concripibrunt?
1721 5847 1724 5849 _

210 5855 481 5983 “uim
497 5868 630 5927 uss,
651 5855 831 5916 vocavit
847 5858 911 5913 ad
931 5870 1000 5915 se.
1025 5855 1181 5916 (sistra
1198 5855 1470 5924 «mutatis,
1492 5856 1546 5913 in
1564 5871 1642 5917 me
1657 5871 1768 5918 ml-

3379 409 3485 470 MC

1900 518 2071 568 tuum.
2112 511 2381 570 Veritatem
2405 525 2544 574 tuam
2570 527 2619 573 et
2647 519 2870 580 subdare
2895 529 3045 577 tum
3059 522 3187 578 dimi.

1970 605 2057 662 19.
2101 605 2224 664 Non
2271 609 2430 664 celavi
2479 613 2889 669 misericordiam.
2941 623 3083 672 tuam
3128 625 3176 672 et
3231 617 3488 674 veritatem

1895 706 2086 754 tuam-a
2105 703 2486 774 congregatione
2508 706 2689 761 multa.
2721 706 2794 762 lbi
2823 707 2990 763 simus
3009 747 3024 773 ,
3058 709 3110 763 in
3140 708 3242 765 hoc
3260 724 3488 782 corpore

1895 807 2242 850 numeremur
2268 805 2324 850 et-
2347 811 2448 852 nos
2467 837 2485 862 ,
2511 812 2618 852 non
2649 798 2888 855 eelemus
2925 801 3346 858 misericordiam
3382 804 3486 859 Do-

1892 882 2024 938 mini
2054 896 2108 940 et
2139 886 2420 942 veritatem
2449 887 2683 944 Domini.
2728 888 2828 945 Vis
2847 891 3030 947 audire
3059 893 3481 950 misericordiam

1895 975 2152 1032 Domini?
2201 979 2417 1038 Recede
2463 996 2495 1036 a
2539 983 2814 1052 peccatis,
2853 984 3074 1041 donabit
3108 994 3346 1056 peccata.
3389 988 3482 1043 Vis

1891 1067 2078 1124 audire
2101 1070 2382 1127 veritatem
2407 1073 2662 1129 Domini?
2692 1073 2840 1130 Tene
2869 1075 3126 1145 justitiam
3151 1107 3175 1146 ,-
3195 1079 3480 1135 coronabi-

1891 1167 1978 1214 tur
1999 1159 2227 1231 justitia.
2256 1163 2412 1219 Modo
2440 1165 2586 1220 enim
2615 1165 2983 1222 misericordia
3013 1169 3106 1224 tibi
3139 1171 3480 1240 prtedicatur,

1891 1259 2076 1320 postea
2119 1253 2314 1308 veritas
2351 1253 2710 1311 exhibebitur.
2743 1255 2861 1311 Non
2908 1258 3050 1312 enim
3097 1260 3174 1315 sic
3218 1269 3300 1316 est
3341 1262 3482 1319 Deus

1891 1341 2199 1398 misericors
2226 1382 2246 1410 ,
2274 1353 2331 1398 ut
2358 1345 2584 1415 injustas
2609 1347 2720 1412 sit;
2751 1362 2850 1402 nec
2889 1348 2968 1404 sic
2989 1348 3162 1417 justus
3185 1391 3200 1415 ,
3227 1360 3288 1405 ut
3317 1353 3480 1408 mise-

1887 1432 2056 1488 ricors
2095 1449 2200 1490 non
2246 1436 2335 1490 sit.
2385 1437 2632 1494 Parvane
2676 1439 3040 1494 misericordia
3089 1441 3180 1495 tibi
3210 1444 3334 1497 cst?
3363 1443 3480 1500 Non

1888 1524 2173 1594 itnputabit
2200 1528 2216 1559 ί
2245 1527 2422 1598 priora
2454 1530 2630 1583 omnia
2660 1547 2673 1583 :
2708 1532 2846 1586 male
2877 1531 3051 1586 vixisti
3093 1547 3260 1604 usque
3296 1535 3350 1589 in
3380 1536 3480 1590 ho-

1885 1614 2129 1671 diernum
2157 1618 2296 1672 diem
2323 1657 2339 1682 ,
2369 1618 2545 1676 adhuc
2569 1621 2704 1675 vivis
2727 1663 2742 1686 ,
2777 1621 2912 1677 bene
2950 1622 3070 1678 vive
3109 1623 3268 1681 hodie
3293 1666 3308 1689 ,
3341 1624 3480 1681 banc

1884 1707 2305 1765 miscricordiam
2335 1726 2439 1766 non
2469 1712 2685 1766 celabis.
2715 1713 2769 1768 Si
2798 1712 2914 1768 inec
2957 1723 3040 1768 est
3072 1715 3435 1772 misericordia
3461 1736 3475 1772 :

1884 1813 2006 1867 qua:
2043 1801 2238 1856 veritas
2261 1801 2284 1854 ?
2321 1801 2800 1874 Congregabuutur
2827 1813 2953 1859 ante
2980 1820 3102 1860 eum
3134 1821 3322 1862 omnes
3347 1823 3479 1878 gett-

1885 1896 1964 1942 tes
1986 1930 2004 1956 ,
2031 1899 2085 1945 et
2107 1890 2307 1946 dividet
2333 1907 2427 1948 eas
2449 1893 2586 1948 sicut
2607 1905 2787 1963 pastor
2807 1893 2995 1949 dividit
3018 1910 3148 1950 oves
3169 1897 3239 1949 ab
3265 1897 3473 1965 haedis;

1882 1995 2010 2036 oves
2037 1993 2199 2051 ponet
2227 1984 2293 2039 ad
2320 1985 2596 2041 dexteram
2621 2028 2637 2052 ,
2684 1986 2874 2044 bardos
2915 1989 2988 2043 ad
3027 1989 3318 2044 sinistram.
3345 1990 3475 2046 Ovi-

1881 2070 1981 2126 bus
2006 2074 2130 2143 quid
2154 2074 2177 2128 ?
2228 2074 2402 2130 Venite
2420 2119 2436 2143 ,
2463 2077 2706 2132 benedicti
2736 2078 2909 2136 Patris
2951 2082 3089 2149 mei,
3120 2083 3360 2157 percipite
3388 2101 3471 2138 re-

1880 2181 2036 2236 gnum
2076 2167 2212 2236 quod
2257 2169 2392 2223 vobis
2435 2180 2668 2239 paratum
2720 2181 2812 2226 est.
2861 2171 3044 2228 “mdis
3077 2173 3246 2243 quid?
3296 2173 3375 2228 Ite
3418 2176 3473 2231 in

1879 2257 2045 2330 ignem
2072 2271 2314 2314 tctcrnum
2344 2261 2363 2332 (
2390 2261 2571 2317 Matt/3.
2606 2279 2729 2329 xxv,
2759 2264 2828 2320 52
2850 2306 2864 2331 ,
2893 2265 2962 2320 '54
2987 2307 3004 2331 ,
3029 2265 3088 2321 41
3198 2268 3270 2322 lbi
3303 2271 3474 2337 peni-

1882 2349 2059 2406 tentisc
2090 2353 2240 2406 locus
2267 2367 2372 2406 non
2403 2364 2506 2409 est.
2556 2354 2690 2421 Quia
2741 2356 3164 2412 misericordiam
3208 2357 3299 2412 Dei
3337 2373 3470 2413 con-

1882 2446 2138 2516 tempsisti
2165 2486 2181 2512 ,
2211 2447 2488 2503 veritatem
2513 2451 2750 2506 senties:
2780 2450 2824 2503 si
2867 2459 3046 2505 autem
3086 2465 3191 2507 non
3226 2461 3471 2510 contem-

1880 2536 2030 2605 psisti
2061 2536 2482 2594 misericordiam
2510 2577 2526 2602 ,
2560 2539 2784 2594 veritate
2810 2539 3086 2611 gaudebis.

1949 2628 2038 2683 20.
2082 2627 2247 2701 [rcrs.
2281 2629 2512 2705 ﬂvit]
2543 2630 2618 2686 Tu
2639 2640 2808 2685 autem
2830 2672 2847 2698 ,
2877 2631 3095 2688 Domine
3117 2675 3132 2698 ,
3163 2650 3227 2688 ne
3243 2632 3474 2704 elongia-

1877 2725 2106 2792 quaveris
2127 2724 2499 2779 misericordias
2521 2735 2634 2780 tuas
2656 2743 2687 2779 ιι
2707 2742 2803 2779 tne.
2828 2725 3082 2796 Respexit
3099 2728 3166 2782 ad
3189 2729 3429 2785 membra
3450 2732 3473 2764 ¹

1878 2815 2080 2870 saucia.
2109 2815 2242 2882 Quia
2273 2817 2697 2872 misericordiam
2741 2827 2882 2872 tuam
2929 2828 2987 2873 et
3023 2821 3301 2876 veritatem
3328 2830 3473 2880 tuam

1878 2922 1983 2970 non
2012 2907 2180 2963 celavi
2206 2922 2237 2961 a
2267 2909 2682 2978 congregatione
2706 2910 2870 2964 multa
2895 2948 2912 2975 .
2940 2911 3008 2966 ab
3036 2913 3272 2969 Ecclesia
3299 2915 3476 2970 unita-

1880 2999 1946 3055 tis
1971 2998 2121 3054 orbis
2143 3009 2412 3056 terrarum
2442 3019 2458 3056 :
2487 3000 2706 3055 attende
2732 3003 2972 3056 membra
3011 3003 3188 3058 saucia
3212 3047 3227 3072 ,
3256 3006 3478 3064 attende

1877 3090 2166 3148 dolictores
2187 3101 2243 3149 et
2268 3102 2581 3163 peccatores
2605 3134 2622 3159 ,
2649 3103 2704 3148 et
2730 3093 2837 3148 noli
2864 3110 3144 3151 removere
3169 3097 3474 3156 miscricor-

1877 3183 1994 3240 dias
2021 3193 2162 3240 tuus.
2196 3183 2554 3242 Misericordia
2581 3195 2669 3240 tua
2696 3197 2740 3240 et
2769 3189 2949 3244 veritas
2975 3199 3063 3243 tua
3079 3207 3274 3261 semper
3297 3209 3473 3248 susce-

1878 3287 2178 3350 peruntme.
2203 3278 2320 3334 Non
2354 3279 2615 3335 auderem
2657 3281 2942 3347 converti,
2996 3282 3098 3338 nisi
3138 3297 3360 3339 securus
3401 3284 3474 3343 de

1878 3369 2195 3426 remissione
2225 3388 2241 3425 :
2266 3383 2376 3426 non
2402 3369 2652 3432 durarem
2683 3385 3026 3440 perseverare
3049 3414 3067 3440 ,
3103 3374 3206 3428 nisi
3251 3388 3473 3432 securus

1877 3460 1946 3517 de
1969 3462 2350 3532 promissione.
2380 3460 2735 3517 Misericordia
2765 3475 2851 3517 tua
2877 3472 2924 3518 et
2951 3464 3135 3520 veritas
3155 3474 3246 3519 tua
3271 3483 3472 3538 semper

1877 3562 2198 3624 susceperunt
2219 3569 2318 3609 me.
2347 3553 2580 3610 Attende
2604 3555 2726 3625 quia
2758 3555 2931 3609 bonus
2955 3570 3016 3611 es
3037 3595 3055 3623 ,
3100 3557 3321 3613 attendo
3343 3561 3470 3630 quia

1873 3647 2052 3718 justus
2068 3662 2131 3703 es
2154 3666 2170 3702 :
2195 3661 2322 3702 amo
2340 3645 2539 3704 bonum
2561 3685 2576 3713 ,
2602 3648 2764 3703 titnco
2785 3648 3011 3718 justum.
3041 3651 3207 3706 Amor
3228 3660 3284 3708 et
3311 3653 3472 3708 timor

1879 3739 2176 3810 perducunt
2203 3750 2292 3796 me
2321 3757 2336 3794 :
2364 3740 2489 3810 quia
2511 3781 2528 3806 ,
2559 3741 2904 3796 misericordia
2923 3751 2972 3796 et
2997 3745 3175 3800 veritas
3207 3754 3296 3800 tu
3331 3759 3468 3802 scm-

1879 3847 1970 3902 per
1986 3842 2313 3901 susceperunt
2343 3847 2440 3886 me.
2472 3830 2652 3898 Quare
2698 3833 2810 3903 ipsa
2850 3835 3185 3904 suscipiunt,
3213 3846 3268 3891 et
3292 3836 3362 3891 ab
3387 3837 3469 3894 eis

1879 3925 2066 3980 oculus
2091 3923 2414 3981 avertendus
2440 3940 2550 3981 non
2576 3925 2702 3981 est?
2743 3925 2994 3993 Quoniam
3029 3928 3468 3986 circumdederant

1875 4029 1957 4072 me
1975 4020 2111 4072 uiola
2130 4059 2145 4083 ,
2170 4030 2383 4090 quorum
2405 4030 2506 4074 non
2526 4028 2598 4074 est
2618 4035 2878 4075 numerus.
2905 4020 3038 4089 Quis
3065 4034 3309 4078 numerat
3333 4039 3466 4093 pec-

1876 4109 2036 4164 cata?
2064 4109 2190 4179 quis
2219 4118 2464 4164 numerat
2499 4109 2804 4180 iniquitates
2845 4111 3046 4167 alienas
3089 4121 3145 4167 et
3183 4116 3464 4182 proprias?

1875 4201 1987 4258 Sub
2013 4213 2121 4272 quo
2135 4201 2354 4257 cumllo
2371 4202 2621 4272 gemebat
2637 4203 2727 4273 qui
2749 4203 2958 4259 dicebat
2987 4220 3000 4258 :
3022 4203 3099 4258 Ab
3114 4206 3325 4260 occultis
3341 4208 3465 4262 meis

1875 4295 2069 4349 munda
2084 4311 2163 4350 me
2182 4336 2198 4361 ,
2221 4293 2475 4362 Domine,
2497 4305 2546 4350 et
2559 4297 2626 4351 ab
2639 4297 2819 4352 alienis
2840 4314 2991 4368 parce
3008 4314 3148 4354 servo
3168 4308 3252 4352 tuo
3277 4299 3296 4369 (
3313 4298 3461 4356 Psal.

1878 4403 2003 4444 xvut
2028 4430 2044 4455 ,
2075 4389 2144 4444 15
2168 4425 2186 4458 ,
2216 4390 2284 4445 M
2310 4389 2350 4462 ).
2378 4389 2544 4446 Pam
2565 4400 2720 4447 erant
2739 4400 2940 4460 nostra,
2963 4393 3312 4464 imponuntur
3329 4395 3463 4451 alie-

1875 4496 1944 4536 na
1971 4498 1987 4534 :
2014 4481 2179 4537 timeo
2209 4481 2339 4536 mihi
2363 4515 2382 4548 ε,
2433 4483 2597 4538 timeo
2631 4483 2775 4538 bono
2812 4482 3005 4549 fratri,
3050 4485 3224 4540 talem
3263 4486 3460 4541 malum

1874 4572 2133 4641 intrem;
2162 4583 2221 4630 et
2241 4574 2344 4631 sub
2380 4576 2486 4631 isto
2527 4577 2744 4633 cumulo
2781 4576 2909 4648 quid
2949 4578 3152 4634 erimus
3175 4613 3191 4644 ,
3215 4579 3261 4634 si
3287 4585 3464 4636 cesset

1875 4665 2407 4723 misericordiane”
2437 4665 2514 4721 Tu
2541 4679 2741 4735 autem,
2767 4666 3017 4734 Domine,
3043 4685 3109 4723 ne
3132 4670 3465 4742 elonyinqtsa-

1876 4762 2001 4816 veris
2027 4776 2048 4815 :
2079 4773 2248 4832 prope
2271 4770 2410 4818 esto.
2438 4759 2538 4816 cui
2570 4775 2736 4833 prope
2775 4771 2860 4818 est
2899 4763 3202 4820 Dominus?
3235 4765 3334 4821 His
3366 4767 3460 4838 qui

1874 4854 2206 4910 obtriverunt
2225 4854 2364 4932 co'r_(
2379 4853 2526 4910 Psat.
2552 4871 2718 4912 χχχιιι
2741 4887 2758 4925 ,
2783 4857 2852 4912 19
2873 4856 2916 4930 ).
2935 4857 3119 4930 Longe
3133 4873 3163 4914 a
3186 4858 3458 4932 Superbia,

1874 4961 2039 5018 prope
2063 4947 2131 5002 ad
2170 4947 2415 5003 bundles.
2459 4945 2722 5003 Excelsae
2759 4949 2843 5005 est
2879 4949 3023 5005 enim
3067 4952 3321 5008 Dominus
3347 4995 3365 5021 ,
3406 4962 3462 5010 et

1874 5039 2089 5095 humilia
2115 5039 2352 5108 respicit.
2381 5039 2487 5096 Sed
2511 5053 2618 5095 non
2646 5054 2705 5096 se
2727 5049 2916 5112 putent
2939 5039 3109 5100 latere
3131 5045 3220 5116 qui
3238 5047 3459 5115 superbi

1873 5141 1994 5189 sunt
2023 5151 2035 5187 :
2067 5133 2277 5188 excelsa
2301 5133 2444 5188 enim
2470 5148 2500 5188 a
2529 5132 2687 5205 longe
2715 5136 3031 5208 cognoscit(
3055 5136 3200 5192 Pent.
3219 5151 3457 5206 cxxxvn,

1873 5227 1971 5299 6).
1993 5221 2361 5298 Cognoscebat
2384 5236 2421 5281 ιι
2457 5227 2618 5298 longe
2655 5228 2948 5298 iactantem
2973 5243 3047 5304 se
3084 5228 3412 5286 Pbarisacum
3441 5275 3455 5299 ,

1870 5318 2220 5377 subveniebat
2260 5319 2333 5376 de
2362 5317 2608 5391 pros-imo
2645 5323 2920 5379 Menti
2969 5324 3258 5381 Publicano
3283 5328 3303 5398 (
3326 5325 3454 5382 Luc.

1871 5427 2004 5471 xvm
2029 5457 2044 5481 ,
2073 5417 2134 5472 11
2163 5415 2204 5487 ).
2236 5409 2480 5472 iactabat
2501 5418 2594 5474 ille
2624 5419 2814 5475 merita
2839 5431 2935 5476 sua
2958 5453 2974 5486 ,
3012 5429 3069 5478 et
3101 5420 3312 5492 tegebat
3340 5423 3459 5475 vul-

1873 5517 2000 5562 nera
2035 5519 2131 5563 sua
2171 5525 2185 5562 :
2232 5519 2342 5564 non
2376 5507 2614 5580 jactabat
2648 5511 2739 5568 ille
2774 5513 2961 5567 merita
2988 5553 3003 5581 ,
3045 5513 3145 5570 Sed
3196 5513 3450 5572 o‘ﬂerebnt

1870 5600 2110 5658 vulnera.
2139 5599 2221 5656 Ad
2245 5600 2510 5658 medicum
2537 5612 2760 5660 venerat
2780 5645 2796 5671 ,
2818 5604 3093 5662 sciebatse
3109 5606 3414 5680 languidum
3441 5649 3454 5673 ,

1868 5799 1968 5914 an;
1981 5799 2277 5916 ttiss.
2297 5839 2313 5866 ,
2338 5815 2431 5855 non
2452 5801 2701 5870 imputavit
2737 5819 2757 5861 :
2781 5815 2833 5861 et
2853 5809 2994 5874 intra,
3017 5821 3111 5866 non
3132 5814 3301 5882 celavi,
3328 5813 3452 5885 loco.

1935 5925 1960 5959 ³
1980 5918 2116 5992 Edd.,
2137 5928 2452 5984 membrana
2469 5929 2638 5986 σακκία
2671 5934 2838 6000 Abest,
2855 5948 2965 6002 sua,
2986 5951 3016 5992 ε
3037 5946 3148 5998 ιω,
