3960 6472
538 402 647 462 “7

536 516 744 574 sciebat
766 528 827 573 se
852 512 1189 573 sanandum:
1229 509 1419 567 oculos
1455 508 1523 566 ad
1559 506 1758 566 corium
1802 506 1980 563 levare
2012 520 2120 561 non

537 610 808 677 audebat,
851 617 1036 680 pectus
1066 604 1396 678 percutiebat
1424 621 1438 659 :
1470 601 1570 660 sibi
1601 616 1707 656 non
1738 599 2027 672 parcebat,
2071 608 2130 654 ut

537 703 632 760 ille
661 710 933 774 parceret;
961 714 1020 756 se
1062 697 1425 770 agnoscebat,
1469 705 1528 752 ut
1569 695 1660 750 ille
1704 696 2035 766 ignosceret;
2067 707 2128 749 se

537 796 827 869 puniebat,
859 802 917 848 ut
942 793 1030 848 ille
1054 793 1326 847 liberaret.
1355 789 1514 845 Tales
1541 789 1627 844 hic
1652 801 1812 843 voces
1836 794 1997 851 sunt;
2031 800 2128 840 au-

535 889 746 945 diamus
791 901 884 942 eas
924 886 1049 956 pie,
1093 894 1149 941 et
1184 898 1427 939 amemus
1478 883 1605 954 pie:
1650 880 1852 945 corde,
1905 879 2079 951 lingua
2106 920 2124 946 ,

532 980 782 1040 omnibus
827 978 1080 1036 medullis
1127 977 1324 1032 nostris
1367 976 1484 1031 haec
1545 973 1806 1030 dicamus.
1845 970 2015 1028 Nemo
2066 985 2126 1026 se

530 1075 731 1148 justum
771 1079 965 1143 putet:
996 1071 1125 1126 vivlt
1165 1071 1254 1141 qui
1300 1070 1572 1141 loquitur;
1607 1069 1779 1136 vivit,
1827 1076 1884 1123 et
1919 1067 2122 1122 utinam

532 1167 676 1224 vivat
701 1167 715 1220 !
746 1166 935 1222 Adhuc
959 1163 1048 1220 hic
1072 1163 1204 1218 vivit
1230 1203 1246 1230 ,
1276 1161 1452 1217 adhuc
1479 1177 1601 1216 cum
1642 1167 1814 1215 morte
1859 1158 1987 1214 vivit
2012 1175 2025 1212 :
2069 1167 2125 1213 et

531 1260 580 1317 si
606 1258 827 1330 spiritus
853 1258 958 1312 vita
991 1265 1073 1313 est
1113 1265 1332 1327 propter
1367 1255 1624 1324 justitiam
1651 1297 1666 1320 ,
1704 1268 1897 1324 corpus
1947 1262 2123 1307 tamen

532 1362 806 1408 mortuum
833 1358 915 1405 est
946 1359 1167 1420 prepter
1190 1357 1464 1418 peccatum
1497 1347 1516 1416 (
1545 1346 1692 1400 Rom.
1721 1361 1812 1400 vut
1837 1386 1852 1411 ,
1886 1344 2014 1415 10).
2059 1344 2125 1399 Ει

531 1460 728 1515 corpus
771 1442 912 1514 quod
953 1441 1311 1512 corrumpitur
1352 1447 1602 1510 aggravat
1644 1439 1875 1494 animam
1901 1480 1915 1504 ,
1949 1447 2004 1492 et
2030 1438 2123 1493 de-

533 1537 717 1608 primit
748 1545 957 1591 terrena
990 1533 1302 1588 inhabitatio
1347 1546 1562 1587 scnsmu
1601 1531 1764 1585 multa
1799 1530 2122 1599 cogitantem

533 1629 554 1698 (
580 1626 710 1696 Sap.
740 1641 794 1680 ix
823 1667 836 1687 .
866 1625 934 1680 l5
960 1625 998 1697 ).
1032 1623 1272 1680 Pertinet
1299 1637 1426 1694 ergo
1455 1621 1521 1676 ad
1560 1631 1612 1676 tc
1651 1621 1883 1676 clamare
1907 1662 1924 1689 ,
1952 1621 2121 1693 perti-

533 1726 627 1775 nct
656 1731 872 1788 gemere
896 1758 910 1784 ,
935 1717 1167 1786 pertinet
1193 1713 1438 1771 confiteri
1460 1757 1474 1779 ,
1504 1727 1608 1768 non
1638 1725 1690 1768 te
1710 1712 1948 1768 exaltare
1972 1754 1987 1775 ,
2017 1729 2120 1767 non

533 1821 588 1868 te
611 1812 815 1883 jactare
838 1851 855 1878 ,
883 1825 992 1865 non
1041 1818 1095 1867 te
1139 1810 1244 1864 tuis
1294 1807 1498 1864 meritis
1543 1806 1758 1878 gloriari
1789 1823 1802 1862 :
1849 1807 1970 1878 quia
1998 1817 2052 1862 ct
2079 1808 2122 1863 si

532 1903 701 1958 habes
727 1901 925 1973 aliquid
951 1899 1288 1973 gaudendum
1313 1941 1328 1965 ,
1356 1897 1483 1970 quid
1515 1907 1598 1954 est
1635 1898 1777 1969 quod
1813 1915 1920 1953 non
1966 1913 2123 1955 accc-

530 1995 655 2067 pisti
688 1994 706 2067 (
733 1994 750 2050 Ι
775 1994 893 2049 Cor.
927 2009 1000 2061 tv,
1030 1992 1133 2066 7)?
1163 1991 1415 2060 Quoniam
1440 1991 1876 2047 circumdederunt
1909 2008 1987 2046 me
2011 2009 2123 2047 ma-

534 2087 586 2141 la
610 2130 626 2153 ,
653 2103 865 2158 quorum
895 2102 995 2140 non
1021 2095 1093 2140 est
1119 2101 1374 2140 numerus.

601 2180 694 2236 21.
733 2177 1231 2251 Comprehenderunt
1275 2192 1355 2231 me
1392 2176 1682 2246 iniquitates
1725 2190 1880 2240 metu,
1925 2184 1975 2230 et
2019 2192 2122 2231 non

537 2274 678 2348 potui
719 2282 773 2328 ut
811 2272 1052 2326 viderem.
1101 2269 1199 2325 Est
1240 2267 1438 2338 aliquid
1478 2267 1618 2339 quod
1658 2267 2124 2339 videamus:quid

533 2364 732 2438 premit
763 2371 820 2418 ut
849 2379 954 2416 non
985 2360 1297 2416 videamus?
1345 2358 1531 2414 Nonne
1571 2358 1858 2430 iniquitas?
1903 2358 2125 2415 Oculum

535 2467 689 2511 tuum
715 2497 732 2522 ,
783 2469 851 2508 ne
879 2454 1034 2508 istam
1065 2452 1238 2507 lucem
1266 2451 1447 2506 videre
1479 2465 1681 2521 posses,
1715 2450 1990 2521 proruebat
2017 2449 2125 2504 lor-

537 2547 699 2604 tassis
754 2544 952 2600 humor
1007 2543 1257 2606 irruens,
1309 2541 1589 2612 premebat
1644 2542 1866 2596 fortasse
1921 2541 2124 2611 iunius,

537 2637 735 2708 pulvis,
763 2635 962 2707 aliquid
994 2635 1281 2705 injectum;
1315 2642 1368 2689 et
1410 2633 1590 2688 levare
1630 2631 1843 2688 oculum
1884 2632 2124 2688 saucium

536 2743 646 2787 non
673 2738 884 2799 poteras
909 2726 976 2783 ad
1004 2727 1157 2782 istam
1185 2725 1354 2781 lucem
1384 2743 1395 2777 :
1420 2723 1544 2795 quid
1567 2739 1696 2794 ergo
1718 2764 1736 2789 ,
1767 2739 1863 2779 cor
1886 2723 2126 2780 saucium

537 2822 742 2879 levabis
784 2822 850 2876 ad
904 2819 1106 2877 Deum?
1149 2817 1338 2875 Nonne
1390 2818 1538 2889 prius
1594 2816 1890 2872 sanandum
1938 2825 2021 2872 est
2070 2825 2130 2872 ut

537 2914 761 2971 videas?
784 2911 972 2970 Nonne
999 2911 1266 2982 superbus
1297 2909 1572 2974 inveniris,
1601 2924 1723 2963 cum
1752 2907 1887 2964 dicis
1911 2927 1925 2964 :
1947 2907 2128 2964 Primo

537 3006 751 3062 videam
772 3048 786 3064 .
829 3014 884 3061 et
914 3005 992 3060 sic
1018 3002 1277 3061 credam?
1302 3002 1432 3070 Quis
1456 3000 1622 3056 dicit?
1649 3000 1777 3069 Quis
1806 3001 1947 3056 enim
1978 3001 2128 3056 visu-

537 3114 632 3156 rus
657 3098 787 3155 dicit
812 3115 825 3151 :
850 3096 1094 3162 Videam,
1123 3105 1176 3150 et
1206 3095 1282 3149 sic
1311 3092 1564 3148 credam?
1592 3091 1790 3147 Lucem
1816 3099 2127 3147 ostensurus

537 3206 680 3258 sum,
709 3192 817 3245 imo
841 3203 970 3244 vero
997 3189 1109 3257 ipsa
1139 3202 1200 3242 se
1228 3187 1318 3240 lux
1346 3183 1631 3240 ostendere
1656 3183 1786 3238 vult.
1813 3181 1948 3239 Cui?
1969 3182 2129 3240 Cach

537 3297 646 3338 non
679 3288 892 3352 potest,
945 3292 1050 3334 non
1097 3276 1262 3332 videt.
1306 3275 1458 3332 Unde
1507 3289 1612 3329 non
1656 3273 1844 3330 videt?
1895 3272 2128 3331 Gravato

537 3371 696 3427 oculo
722 3369 904 3424 multis
934 3371 1189 3437 peccatis.
1220 3365 1360 3434 Quid
1400 3365 1544 3420 enim
1572 3365 1685 3420 ait?
1721 3363 2127 3434 Comprehende-

537 3471 657 3518 runt
685 3476 766 3514 me
789 3459 1076 3530 iniquitates
1102 3472 1247 3523 metu,
1281 3467 1325 3509 et
1355 3471 1456 3510 non
1495 3454 1637 3526 potui
1665 3463 1721 3509 ut
1747 3455 1986 3514 viderent.
2017 3455 2127 3512 Re-

543 3559 863 3608 moveantur
913 3564 1044 3619 ergo
1088 3546 1429 3618 iniquitates,
1482 3544 1815 3601 dimittantur
1867 3555 2124 3615 peccata,

538 3644 747 3701 levetur
772 3641 984 3714 pondus
1008 3639 1076 3694 ab
1101 3641 1259 3695 oculo
1283 3680 1300 3705 ,
1327 3648 1546 3695 sanetur
1569 3637 1712 3709 quod
1737 3637 1976 3692 saucium
2003 3646 2086 3692 est
2106 3679 2125 3706 ,

540 3733 856 3791 adhibeatur
875 3730 1096 3788 mordax
1118 3739 1446 3803 praeceptum
1471 3729 1622 3802 quasi
1649 3729 1955 3803 collyrium.
1972 3729 2128 3787 Prius

542 3828 697 3886 efﬁce
741 3825 885 3898 quod
926 3825 1022 3881 tibi
1070 3824 1380 3897 praecipitur
1403 3842 1416 3878 :
1441 3838 1569 3879 sana
1595 3838 1690 3879 cor
1713 3865 1728 3889 ,
1766 3822 1965 3879 munda
1995 3839 2124 3891 cor,

540 3922 717 3993 dilige.
739 3921 1010 3976 inimicum
1049 3929 1196 3974 tuum
1227 3917 1438 3989 (Matth.
1465 3933 1498 3970 v
1517 3959 1533 3985 ,
1565 3918 1667 3983 44,
1708 3925 1756 3971 et
1779 3916 1908 3972 Luc.
1935 3932 2007 3982 vr,
2033 3917 2125 3984 9-7,

540 4015 654 4084 35).
677 4012 748 4069 Et
766 4012 886 4084 quis
909 4011 1085 4082 diligit
1111 4009 1383 4065 inimicum
1413 4010 1614 4066 suum?
1643 4009 1755 4065 Hoc
1778 4009 1928 4080 jubet
1954 4008 2127 4066 medi-

540 4120 671 4170 cus;
721 4119 963 4160 amarum
1010 4111 1124 4168 est,
1172 4100 1268 4157 sed
1297 4101 1529 4157 salubre.
1574 4100 1714 4170 Quid
1755 4100 1849 4156 tibi
1896 4100 2084 4155 faciam
2110 4142 2126 4166 ,

540 4195 750 4269 inquit?
779 4194 854 4250 Ita
878 4202 1101 4250 vexatus
1126 4206 1206 4259 es,
1234 4201 1294 4248 ut
1319 4191 1444 4247 inde
1468 4191 1693 4247 saneris.
1724 4189 1796 4246 Et
1821 4191 1941 4260 plus
1960 4189 2125 4246 dicit:

541 4285 741 4345 sanato
767 4301 872 4340 non
901 4286 1006 4340 erit
1033 4298 1320 4340 onerosum
1339 4323 1356 4349 ,
1385 4282 1701 4352 voluptuose
1729 4280 1918 4352 diliges
1947 4281 2128 4336 inimi-

541 4394 666 4437 cum
696 4389 947 4442 sanatus;
976 4391 1174 4432 conare
1212 4386 1269 4432 tu
1304 4384 1364 4430 ut
1400 4374 1630 4429 saneris.
1672 4374 1730 4428 In
1770 4372 2129 4430 tribulationi-

543 4471 680 4536 bus,
709 4471 761 4525 in
788 4469 1081 4540 angustiis,
1127 4471 1179 4525 in
1211 4466 1592 4524 tentationibus
1630 4466 1785 4521 fortis
1823 4477 1973 4533 esto,
2004 4481 2129 4537 per—

544 4563 678 4620 dura
703 4581 718 4617 :
743 4562 936 4619 medici
961 4575 1152 4616 manus
1180 4568 1282 4624 est,
1323 4573 1432 4615 non
1472 4558 1712 4614 latronis.
1743 4557 1902 4624 Ecce,
1935 4558 2126 4628 inquit,

547 4653 834 4726 praeceptis
860 4651 1118 4723 acceptis,
1147 4659 1200 4705 et
1229 4649 1332 4704 lide
1354 4657 1561 4705 retenta
1586 4691 1602 4716 ,
1631 4649 1781 4720 prius
1804 4650 1941 4704 sicut
1973 4648 2131 4719 jubes

548 4744 752 4801 sanaho
775 4756 892 4806 cor.
924 4752 982 4797 ut
1009 4741 1144 4796 dicis
1167 4757 1182 4794 :
1208 4748 1396 4796 sanato
1421 4740 1586 4796 corde
1609 4748 1665 4797 et
1689 4739 1945 4797 mundata
1969 4740 2132 4797 corde

546 4834 674 4908 quid
700 4831 929 4888 videbo?
957 4833 1104 4889 Beati
1134 4832 1333 4888 mundo
1355 4832 1539 4898 corde,
1566 4833 1815 4904 quoniam
1843 4833 1941 4903 ipsi
1964 4833 2131 4890 Deum

547 4926 807 4984 videbunt
831 4924 1047 4995 (Matth.
1078 4941 1132 4991 ν,
1165 4923 1243 4997 8).
1287 4924 1400 4981 1100
1435 4924 1616 4988 modo,
1648 4925 1840 4997 inquit,
1873 4941 1977 4982 non
2009 4942 2134 4997 pos-

547 5032 690 5073 sum.
734 5015 1233 5086 Contpreltenderunt
1277 5032 1359 5071 me
1403 5016 1696 5088 iniquitates
1737 5034 1889 5085 mete,
1936 5028 1984 5074 et
2028 5036 2133 5076 non

549 5111 693 5183 potui
718 5119 773 5164 ut
797 5109 1033 5164 viderem.

619 5201 710 5258 εει.
763 5200 1124 5272 Multiplicatte
1165 5211 1281 5257 sunt
1325 5217 1478 5273 super
1522 5202 1737 5273 capillos
1785 5202 1965 5271 capitis
2011 5203 2130 5258 mei.

547 5295 782 5366 Capillos
823 5295 1013 5366 capitis
1075 5295 1142 5350 ad
1188 5295 1393 5352 numeri
1439 5295 1838 5350 multitudinem
1892 5304 2133 5351 revocat.

551 5390 684 5458 Quis
713 5398 959 5446 numerat
982 5387 1206 5460 capillos
1234 5388 1421 5459 capitis
1459 5388 1582 5442 sui?
1609 5387 1774 5443 Multo
1806 5386 1981 5442 minus
2009 5402 2137 5456 pec-

549 5494 707 5550 cata,
751 5498 871 5555 qua:
916 5481 1184 5539 excedunt
1227 5494 1508 5535 numerum
1553 5479 1889 5549 capillorum.
1936 5477 2136 5534 Minuta

551 5577 799 5636 videntur
823 5617 838 5644 ,
881 5575 974 5631 sed
1025 5574 1194 5629 multa
1233 5580 1375 5627 sunt.
1422 5571 1728 5626 Praecavisti
1769 5584 1996 5641 magna;
2024 5570 2136 5641 jam

554 5687 662 5730 non
689 5670 818 5727 iacis
843 5667 1187 5730 adulterium,
1209 5663 1318 5733 jam
1345 5678 1453 5719 non
1480 5662 1610 5718 lacis
1629 5662 1997 5730 homicidium,
2030 5677 2137 5718 non

554 5765 702 5836 rapis
725 5777 812 5818 res
839 5761 1064 5825 alienas,
1110 5771 1215 5812 nou
1257 5755 1620 5826 blasphemas,
1650 5768 1752 5809 non
1785 5755 1916 5809 dicis
1943 5753 2134 5810 falsum

554 5853 924 5915 testimonium
951 5869 968 5911 ς
993 5848 1166 5909 moles
1207 5848 1324 5908 istae
1360 5855 1490 5907 sunt
1531 5857 1893 5923 peccatorum.
1939 5846 2132 5921 Magna

1773 393 1834 452 S.
1872 388 2240 452 AUGUSTINI
2277 392 2579 456 EPISCOPI
3719 409 3801 467 iis

2236 511 2532 580 przecavisti
2549 555 2565 580 ,
2608 513 2677 570 de
2703 514 2922 572 minutis
2945 514 3071 587 quid
3109 516 3264 588 agis?
3289 517 3386 574 An
3413 531 3525 575 non
3557 518 3702 577 times
3724 525 3802 578 mi-

2234 603 2403 656 nuta?
2452 603 2727 673 Projccisti
2775 607 3010 675 molem,
3053 608 3177 677 vide
3224 623 3291 666 ne
3342 624 3523 667 arena
3571 611 3799 670 obruaris.

2236 690 2592 765 llultiplieata:
2615 707 2732 751 sunt
2759 715 2913 769 super
2936 700 3152 769 capillos
3178 701 3366 771 capitis
3399 701 3526 755 mei.

2301 786 2390 841 9.5.
2437 786 2588 860 (vers.
2623 788 2734 863 14.]
2778 790 2848 845 Et
2894 809 2981 846 eor
3019 809 3186 847 meum
3227 794 3513 865 dereliquit
3561 812 3656 850 me.
3690 797 3799 866 Quid

2232 878 2424 934 mirum
2470 890 2585 946 est,
2637 883 2682 938 si
2725 897 2820 938 cor
2857 893 3006 940 tuum
3049 884 3322 941 desertum
3365 895 3455 941 est
3507 901 3539 941 a
3587 887 3689 944 Deo
3715 900 3798 962 tuo,

2230 969 2446 1040 quando
2471 972 2704 1040 seipsum
2745 973 3023 1031 deseruit?
3055 974 3192 1045 Quid
3217 985 3321 1044 cst,
3355 976 3467 1034 Cor
3492 994 3656 1033 meum
3686 982 3800 1037 dere.

2231 1060 2377 1132 liquit
2399 1063 2518 1118 me?
2545 1062 2659 1118 Non
2685 1073 2770 1121 est
2797 1066 3046 1122 idoneum
3070 1083 3167 1124 cor
3192 1084 3378 1124 meum
3409 1068 3480 1123 ad
3510 1084 3802 1140 cognoscen-

2231 1152 2356 1209 dum
2400 1169 2480 1210 se.
2524 1154 2636 1212 1100
2676 1156 2847 1224 dixit,
2881 1157 2981 1213 Cor
3010 1177 3176 1214 meum
3219 1161 3504 1229 dereliquit
3531 1163 3803 1220 me:Corde

2230 1260 2350 1301 meo
2377 1247 2660 1303 Dominum
2689 1249 2813 1305 volo
2838 1249 3044 1320 videre,
3066 1261 3121 1306 et
3142 1267 3247 1308 non
3270 1267 3534 1322 possum,
3563 1268 3669 1324 pra:
3688 1255 3800 1310 mul-

2231 1338 2456 1395 titudine
2503 1350 2845 1411 peccatorum
2894 1359 3402 1416 meorum:parum
3445 1355 3571 1413 est,
3616 1363 3708 1403 nec
3729 1365 3801 1406 cor

2229 1445 2408 1486 meum
2443 1447 2503 1487 se
2528 1434 2956 1504 comprehendit.
2988 1436 3156 1492 Nemo
3184 1439 3328 1494 enim
3379 1454 3446 1493 sc
3475 1441 3800 1510 comprehen-

2230 1522 2328 1589 dit,
2359 1540 2515 1580 nemo
2553 1525 2620 1581 de
2649 1541 2708 1583 se
2737 1532 3076 1597 prmsumat‘.
3108 1528 3387 1600 Numquid
3421 1533 3800 1602 comprehendit

2229 1615 2392 1672 corde
2419 1632 2517 1672 suo
2555 1632 2651 1674 cor
2679 1635 2836 1674 suum
2879 1619 3101 1688 Petrus,
3143 1623 3231 1692 qui
3261 1621 3429 1688 dixit,
3467 1621 3654 1677 Tecum
3678 1643 3804 1697 usque

2230 1711 2300 1763 ad
2319 1721 2528 1765 mortem
2557 1728 2642 1767 cro
2675 1711 2889 1786 (Matth.
2918 1730 3061 1780 XXVI,
3090 1716 3222 1788 53)?
3251 1713 3309 1772 In
3340 1717 3516 1774 corde
3544 1730 3657 1775 erat
3694 1737 3802 1790 pra:-
3874 1719 3875 1758 l

2231 1802 2465 1872 sumptio
2495 1801 2624 1857 falsa
2647 1845 2662 1869 ,
2714 1804 2765 1859 in
2797 1803 2958 1861 corde
3003 1806 3196 1862 latebat
3227 1807 3398 1863 timor
3424 1825 3627 1865 verus:
3651 1820 3800 1867 etnon

2232 1905 2348 1952 erat
2395 1895 2644 1952 idoneum
2699 1913 2795 1953 cor
2841 1899 2906 1953 ad
2951 1899 3533 1970 comprehendendum
3577 1917 3683 1957 cor.
3721 1903 3799 1958 Cor
3874 1905 3875 1908 “

2232 1995 2490 2056 aegrotum
2524 1987 2756 2054 latebat,
2787 1988 2881 2044 sed
2925 1989 3134 2045 medico
3176 1992 3424 2061 patebat.
3467 1992 3621 2062 Quod
3650 1994 3709 2048 de
3731 1996 3798 2048 illo

2231 2079 2626 2146 pronuntiatum
2652 2089 2762 2146 est,
2800 2080 2900 2136 hoc
2927 2080 3200 2150 impletum
3239 2093 3348 2140 est.
3389 2083 3627 2142 Noverat
3652 2087 3697 2140 iu
3722 2088 3786 2142 illo

2235 2168 2374 2223 Deus
2397 2169 2538 2238 quod
2566 2171 2618 2225 in
2648 2185 2713 2227 se
2738 2171 2852 2243 ipse
2877 2187 2981 2228 non
3014 2185 3266 2241 noverat;
3299 2176 3434 2248 quia
3463 2192 3563 2232 cor
3590 2177 3695 2248 ejus
3718 2179 3788 2232 de-

2234 2261 2518 2330 reliquerat
2536 2275 2679 2329 cum,
2698 2277 2792 2317 cor
2812 2263 2927 2334 ejus
2953 2264 3151 2321 latebat
3178 2281 3276 2322 cor
3305 2269 3454 2338 ejus.
3479 2265 3545 2322 Et
3565 2285 3648 2323 τοι·
3666 2287 3791 2324 meum

2234 2356 2498 2426 dereliquit
2525 2377 2620 2415 me.
2650 2360 2786 2427 Quid
2813 2362 2982 2432 ergo?
3023 2362 3149 2433 quid
3178 2363 3522 2419 clamamus?
3552 2365 3669 2434 quid
3695 2365 3794 2420 tlici-
3874 2415 3875 2426 η

2235 2449 2392 2504 mus?
2421 2449 2627 2505 Placeat
2651 2452 2754 2517 tibi,
2791 2450 3026 2518 Domine,
3058 2470 3231 2510 eruere
3257 2471 3342 2509 me
3364 2471 3384 2510 :
3410 2464 3656 2526 tanquam
3680 2455 3791 2510 dice.

2235 2551 2318 2595 ret
2338 2583 2351 2604 ,
2397 2540 2452 2596 Si
2486 2543 2560 2596 vis
2581 2584 2595 2606 ,
2621 2552 2773 2614 potes
2803 2560 2888 2600 me
2913 2546 3170 2601 mundare
3200 2545 3319 2616 (Id.
3356 2562 3480 2615 νιιι,
3509 2547 3584 2612 2).
3629 2545 3793 2601 Placeat
3874 2535 3875 2580 ἶ

2234 2631 2320 2686 tibi
2345 2649 2518 2686 eruere
2544 2651 2642 2700 me,
2696 2633 2941 2704 Domine,
2980 2637 3032 2691 in
3071 2638 3432 2708 adjuvandum
3462 2640 3590 2692 mihi
3616 2646 3784 2708 respue.

2234 2723 2468 2780 Membra
2514 2728 2820 2796 pmnitentia
2844 2730 2864 2760 '
2888 2770 2903 2794 ,
2947 2730 3183 2784 membra
3217 2730 3270 2785 in
3303 2731 3589 2786 doloribus
3622 2733 3786 2802 posita.

2235 2815 2475 2871 membra
2505 2817 2605 2872 sub
2634 2816 2971 2873 ferramentis
3011 2820 3200 2875 medici
3229 2821 3526 2876 clamantia
3547 2863 3561 2885 ,
3591 2821 3676 2877 sed
3695 2836 3783 2892 spe-

2233 2909 2426 2964 rantia.
2458 2907 2695 2975 Domine,
2726 2911 2779 2963 in
2808 2910 3154 2980 adjuraudum
3181 2913 3309 2965 mihi
3335 2913 3550 2984 respice.

2304 2999 2398 3055 2i.
2432 2998 2582 3072 [verm
2620 2999 2830 3073 15-17.]
2860 3000 3286 3071 Confundanmr,
3328 3016 3381 3060 et
3423 3005 3785 3061 revereanmrttl

2233 3091 2376 3157 mul,
2423 3092 2511 3162 qui
2552 3101 2784 3162 quaerunt
2826 3093 3048 3147 animam
3101 3110 3263 3148 nteant
3313 3107 3372 3151 ut
3419 3102 3648 3170 auferant
3685 3111 3783 3150 eaut.

2233 3179 2473 3249 Quodam
2522 3181 2666 3237 enim
2713 3181 2831 3238 loco
2873 3193 3122 3248 accusat,
3163 3195 3218 3241 et
3243 3188 3405 3254 dicit,
3441 3187 3779 3258 Atpiriebamir

2234 3271 2512 3338 dexteram,
2542 3280 2589 3326 et
2617 3272 2843 3326 videbam
2863 3315 2879 3339 ,
2919 3283 2968 3330 et
3005 3292 3106 3330 non
3144 3287 3252 3330 erat
3275 3279 3369 3349 qui
3407 3280 3669 3350 requiram
3699 3275 3781 3329 ari-

2233 3378 2371 3416 mam
2395 3379 2576 3418 meam.
2605 3362 2778 3434 (Prol.
2807 3380 2927 3422 cm
2951 3407 2966 3433 ,
2997 3367 3084 3438 5);
3117 3367 3168 3423 id
3195 3379 3304 3433 est,
3339 3385 3449 3426 non
3487 3381 3596 3427 erat
3620 3369 3698 3441 qui
3720 3381 3781 3422 me

2235 3456 2549 3511 imitaretur.
2573 3456 2816 3513 Christus
2843 3459 2894 3513 in
2925 3459 3170 3528 passione
3195 3461 3438 3534 loquitur
3464 3481 3477 3518 :
3502 3463 3568 3519 Et
3588 3460 3780 3516 attende-

2235 3547 2357 3604 bam
2388 3549 2440 3604 in
2469 3548 2762 3617 dexteram,
2789 3550 2842 3606 id
2871 3561 2976 3620 cst,
3008 3569 3114 3609 non
3145 3554 3210 3610 ad
3251 3555 3452 3627 impios
3472 3555 3687 3620 Judmos,
3709 3551 3778 3608 sed

2235 3641 2301 3698 ad
2335 3642 2502 3713 ipsam
2539 3642 2845 3710 dexteram,
2876 3645 2942 3702 ad
2986 3647 3130 3717 ipsos
3166 3650 3488 3718 Apostolos;
3525 3658 3570 3703 et
3593 3651 3779 3702 nouerat

2233 3736 2321 3807 qui
2366 3736 2634 3804 requireret
2673 3737 2896 3791 animam
2938 3755 3121 3793 meam.
3167 3738 3353 3810 Usque
3391 3741 3526 3796 adeo
3564 3753 3657 3793 non
3694 3743 3776 3790 erat

2234 3827 2323 3897 qui
2351 3827 2647 3897 requireret
2679 3828 2912 3884 animam
2943 3844 3114 3884 meam
3139 3872 3155 3896 ,
3197 3842 3253 3886 ut
3283 3831 3378 3901 qui
3419 3835 3777 3903 prmmmpserat

2235 3929 2452 3991 negaret
2468 3921 2698 3974 animam
2718 3936 2887 3975 meam
2904 3920 3117 3993 (Matth.
3135 3938 3284 3988 sxw,
3307 3924 3425 3994 70).
3441 3922 3542 3979 Sed
3559 3921 3664 3993 quia
3679 3918 3774 3972 duo-

2234 4011 2334 4066 bus
2356 4011 2527 4066 modis
2547 4011 2802 4081 quaeritur
2825 4011 2984 4067 homo
3001 4055 3015 4078 ,
3054 4024 3146 4068 aut
3173 4030 3280 4086 quo
3307 4017 3523 4080 fruaris,
3545 4022 3626 4067 aut
3647 4023 3766 4080 quem

2236 4102 2610 4171 persequaris:
2635 4101 2755 4156 ideo
2783 4103 2868 4157 hic
2894 4103 3030 4158 alios
3057 4103 3187 4160 dicit
3213 4145 3228 4170 ,
3257 4121 3398 4177 quos
3423 4105 3534 4160 vult
3568 4098 3768 4159 confundi

2235 4203 2290 4250 et
2331 4196 2566 4251 revereri
2611 4197 2702 4265 qui
2744 4205 2990 4265 quaerunt
3035 4197 3269 4253 animam
3311 4215 3486 4256 suam.
3515 4195 3612 4252 Sed
3637 4209 3692 4248 ne
3711 4192 3767 4245 sic

2236 4286 2581 4357 intelligeres,
2611 4286 2880 4356 quomodo
2915 4303 3035 4343 cum
3063 4289 3305 4358 queritur
3332 4291 3400 4346 de
3425 4286 3669 4346 nonnullis
3689 4297 3763 4336 non

2235 4377 2598 4448 qumrcntibus
2624 4379 2855 4434 animam
2886 4379 3083 4446 suam';
3111 4389 3168 4434 ut
3199 4384 3435 4453 auferant
3462 4397 3584 4445 eam,
3615 4373 3761 4445 inquit.

2235 4467 2289 4523 id
2313 4479 2410 4534 est,
2445 4469 2512 4524 ad
2542 4481 2764 4524 mortem
2809 4481 3057 4539 qumrunt
3095 4472 3325 4526 animam
3353 4489 3521 4528 meam
3546 4464 3758 4538 :adjecil.

2237 4559 2631 4634 Confundantur
2665 4571 2710 4616 et
2753 4573 3094 4618 revereantur.
3139 4563 3207 4618 Et
3241 4582 3369 4622 vere
3397 4565 3541 4621 multi
3581 4557 3757 4631 quaesie-

2236 4661 2360 4708 runt
2387 4653 2617 4708 animam
2643 4653 2828 4723 ipsius,
2853 4665 2909 4708 et
2930 4654 3137 4710 confusi
3164 4666 3218 4710 et
3244 4658 3456 4712 reveriti
3484 4663 3624 4715 sunt;
3648 4662 3757 4718 ίιυκο

2236 4746 2441 4802 sierunt
2459 4745 2691 4800 animam
2721 4744 2908 4815 ipsius,
2937 4755 2992 4801 ct
3011 4745 3148 4800 sicut
3172 4748 3276 4802 illis
3305 4749 3472 4803 visum
3498 4756 3590 4808 est,
3616 4739 3754 4794 alsiu-

2237 4837 2415 4893 lerunt
2455 4836 2688 4892 animam
2742 4837 2910 4906 ipsius
2943 4855 2955 4890 :
2987 4837 3081 4892 sed
3137 4838 3227 4892 ille
3277 4847 3579 4909 potestatem
3623 4825 3755 4885 habuit

2239 4928 2469 4999 ponendi
2513 4929 2742 4982 animam
2789 4941 2976 4996 suam,
3023 4936 3077 4984 et
3118 4939 3434 4999 potestatem
3477 4917 3750 4982 babuitreci-

2238 5017 2414 5090 piendi
2440 5017 2675 5072 animam
2705 5031 2856 5072 suam
2887 5015 3068 5087 (Joan.
3095 5034 3130 5073 ι
3150 5061 3165 5082 ,
3213 5020 3323 5091 l8).
3359 5022 3492 5089 Ergo
3526 5014 3591 5071 illi
3623 5004 3748 5086 gavisi

2237 5122 2508 5170 suntcum
2535 5111 2742 5184 posuit,
2786 5109 2996 5167 confusi
3023 5122 3148 5168 sunt
3181 5127 3303 5169 cum
3343 5110 3546 5181 recepit.
3575 5099 3746 5170 Confun-

2303 5359 2320 5390 ί
2346 5357 2417 5406 sic
2444 5352 2631 5418 aliquot
2670 5361 2778 5405 Mss.
2825 5353 3034 5418 Athd.:
3081 5365 3258 5408 Parum
3289 5365 3360 5410 est
3381 5370 3437 5407 ne
3457 5367 3531 5405 cor
3569 5350 3740 5418 mettth

2241 5405 2625 5489 cmprehenaat.
2653 5427 2796 5468 Nemo
2817 5417 2946 5469 enim
2967 5405 3031 5470 rei
3055 5405 3440 5485 comprehendit,
3481 5424 3600 5467 nemo
3631 5405 3677 5457 de
3707 5411 3742 5450 ει

2744 5542 3053 5617 pigmenta.
3085 5552 3192 5594 Mss.
3209 5543 3405 5610 aliquot,
3423 5529 3682 5607 ρωηίιεηίίαῖ
3703 5529 3737 5572 ei

2240 5603 2320 5655 alii
2343 5603 2628 5668 quidam,in
2650 5603 2943 5668 paenitentia.
3001 5667 3007 5668 ί
3288 5603 3306 5610 ’
3612 5649 3677 5668 __,_.

2306 5648 3089 5738 itaai:“5tiapﬁofdé"c}iibii}zraur
3135 5668 3198 5738 de
3240 5664 3470 5720 nonnullis
3489 5648 3732 5738 ᾳζιίῗζςθξίξξξξξ

2241 5714 2452 5792 eam
2468 5714 3081 5792 autumant-amita;
3101 5744 3119 5782 :
3137 5714 3197 5782 id
3219 5714 3307 5792 eli,
3318 5714 3442 5788 ἓῖἐζ.
3454 5714 3533 5776 uia
3553 5729 3622 5770 nos
3636 5714 3732 5792 [fit

2241 5789 2416 5860 cuiam,
2439 5803 2534 5843 non
2553 5824 2568 5853 ,
2611 5781 2664 5843 et
2698 5781 2923 5853 verbum.
2946 5781 3155 5860 inquit,
3179 5781 3373 5860 aliquot
3405 5781 3499 5842 Mss.
3526 5792 3604 5847 ope
3635 5781 3734 5836 τοΡ⁰¹
