3960 6430
194 338 274 399 ιιι
1224 343 1624 404 ENARRATIO
1662 345 1728 404 1N
1766 345 2088 407 PSALMUM
2128 348 2374 411 XXXIX.

189 457 365 523 dantur,
384 465 431 513 et
445 465 767 515 rerereantur
788 459 959 530 simul,
976 460 1065 534 qui
1083 471 1318 533 quwrunt
1336 462 1561 517 animam
1584 479 1749 519 meam

188 562 230 605 Il
251 554 471 621 auferant
500 569 632 607 eam.

238 643 315 699 ‘25.
345 642 710 698 Conrertantur
737 655 1046 714 retrorsum,
1088 656 1134 703 et
1171 657 1518 716 rcvereantur,
1548 649 1633 720 qui
1662 666 1748 706 vo-

181 738 270 789 lunt
306 736 424 790 mihi
468 738 623 791 mala.
668 734 1036 795 Convertuntur
1074 750 1348 797 retrorsum
1370 758 1389 797 :
1410 757 1511 799 nec
1548 742 1650 797 hoc
1693 742 1746 796 in

176 828 350 881 malum
378 827 719 897 accipiamus.
754 829 897 886 Bene
939 832 1040 887 illis
1070 841 1255 900 aptat;
1287 842 1340 890 et
1365 850 1465 889 vox
1496 834 1638 889 illius
1664 840 1748 888 cst

172 921 251 993 qui
292 920 419 976 dixit
446 922 513 976 dc
539 936 705 979 cruce
725 942 740 978 :
761 922 939 992 Pater,
968 925 1171 997 ignosce
1205 926 1338 992 illis,
1372 927 1493 997 quia
1518 908 1747 981 nesciunt

170 1014 281 1086 quid
310 1017 495 1083 faciunt
526 1012 676 1084 (Luc.
720 1031 849 1071 mn
872 1058 888 1082 ,
938 1017 1051 1088 34).
1083 1017 1260 1086 Quare
1288 1018 1392 1073 illis
1421 1033 1551 1089 ergo
1575 1017 1743 1085 dicit,

170 1117 221 1161 ut
246 1116 528 1161 retrorsum
561 1107 817 1163 redeant?
842 1110 974 1175 Quia
1002 1109 1091 1180 qui
1120 1121 1245 1166 ante
1269 1111 1484 1181 superbi
1510 1120 1663 1166 erant
1686 1120 1746 1167 ut

165 1200 407 1255 caderent
456 1208 643 1265 retro,
697 1201 932 1258 Immiles
982 1201 1105 1257 facti
1155 1212 1281 1258 sunt
1332 1211 1392 1258 ut
1440 1212 1740 1274 resurgant.

164 1294 375 1362 Quando
397 1294 539 1349 enim
567 1303 691 1350 ante
718 1306 865 1362 sunt,
898 1296 1200 1365 prmcedere
1223 1296 1412 1352 volunt
1436 1296 1739 1361 Dominum,

162 1386 401 1440 meliores
425 1385 612 1441 volunt
644 1401 765 1443 esse
808 1403 967 1459 quam
1000 1388 1257 1443 Dominus
1284 1407 1297 1443 :
1320 1390 1364 1444 si
1391 1398 1568 1444 autem
1597 1397 1743 1445 retro

159 1488 297 1546 sunt,
329 1480 499 1550 ipsum
526 1490 821 1552 agnoscunt
852 1480 1150 1547 meliorem,
1186 1483 1358 1552 ipsum
1388 1482 1645 1552 priorem,
1681 1496 1742 1539 se

160 1574 494 1643 posteriores,
528 1584 587 1628 ut
626 1575 716 1629 ille
744 1574 1030 1644 praecedat,
1062 1575 1140 1631 illi
1168 1584 1479 1647 sequantur.
1510 1574 1740 1632 Proinde

161 1666 367 1721 Petrum
411 1666 550 1720 male
590 1666 690 1721 sibi
735 1666 954 1722 dantem
995 1667 1279 1723 consilium
1318 1667 1397 1723 sic
1442 1666 1735 1739 redarguit.

158 1756 411 1813 Passurus
438 1757 581 1814 extim
612 1758 870 1813 Dominus
895 1768 1010 1815 erat
1037 1774 1135 1830 pro
1160 1760 1331 1815 salute
1358 1770 1557 1827 nostra,
1592 1759 1739 1816 etde

154 1851 259 1920 ipsa
294 1850 538 1921 passione
583 1866 704 1921 qua:
750 1850 924 1907 futura
970 1852 1155 1908 erant‘
1186 1851 1551 1923 praedic-ibat:
1580 1860 1635 1908 et
1663 1851 1740 1907 ait

152 1941 358 2007 Petrus,
388 1943 525 1998 Absit
556 1942 805 2007 Domine;
834 1944 1084 2015 propitius
1106 1943 1194 1998 tibi
1221 1950 1346 2008 esto,
1375 1959 1476 1998 non
1505 1944 1591 2013 [iet
1620 1942 1735 1998 hoc.

154 2035 458 2092 Przccedere
478 2036 690 2092 volebat
718 2038 1001 2092 Dominum
1018 2078 1034 2102 ,
1079 2046 1134 2093 et
1159 2036 1441 2092 consilium
1468 2036 1597 2092 dare
1619 2051 1735 2091 ma-

154 2129 337 2200 gistro.
362 2127 617 2183 Dominus
642 2137 818 2184 autem
846 2138 903 2184 ut
929 2145 1034 2183 non
1062 2144 1185 2183 eum
1210 2128 1407 2183 laceret
1430 2127 1737 2198 prmcedcn-

155 2228 293 2283 tem,
349 2221 441 2277 sed
494 2230 840 2291 sequentem,
894 2219 1053 2285 Redi,
1088 2220 1296 2290 inquit,
1346 2229 1480 2275 retro
1527 2229 1737 2274 satanas

161 2310 370 2384 (Matth.
399 2328 504 2375 xvt,
532 2312 624 2375 22.
652 2310 769 2384 25).
798 2312 944 2379 Ideo,
991 2313 1181 2382 inquit,
1227 2320 1462 2380 satanas,
1501 2311 1623 2382 quia
1655 2311 1735 2367 vis

155 2405 463 2461 antecedere
504 2420 626 2460 cum
655 2420 812 2475 quem
838 2403 1002 2459 debes
1047 2403 1195 2473 sequi
1227 2420 1242 2459 :
1271 2403 1316 2457 si
1362 2411 1543 2457 autem
1588 2411 1734 2456 retro

157 2496 335 2563 fueris,
359 2505 410 2550 et
438 2504 654 2552 secutus
677 2494 861 2558 fueris,
879 2495 991 2565 jam
1018 2511 1121 2549 non
1144 2506 1381 2549 satanas.
1405 2494 1542 2562 Quid
1568 2492 1735 2562 ergo?

154 2585 321 2657 Super
344 2587 474 2641 hanc
514 2597 707 2658 petram
745 2585 1009 2656 (edi/icabo
1033 2583 1315 2640 Ecclesium
1350 2602 1512 2640 meam
1543 2583 1730 2657 (lbitl.,

154 2683 263 2754 ιε).

215 2774 305 2830 26.
331 2773 698 2830 Conoertantur
717 2781 990 2827 retrorsum
1016 2779 1061 2825 et
1082 2780 1422 2835 revrreantur,
1448 2771 1532 2841 qui
1560 2770 1733 2823 volunt

152 2867 271 2921 mihi
304 2865 458 2922 mala.
485 2863 725 2921 Malcvoli
753 2874 899 2929 sunt,
930 2864 1019 2935 qui
1047 2863 1207 2919 etiam
1234 2880 1355 2917 cum
1385 2863 1731 2928 benedicunt,

152 2972 401 3033 quantum
426 2962 479 3015 in
503 2958 666 3016 corde
690 2975 877 3015 eorum
901 2966 983 3013 est
1006 2957 1351 3012 maledicunt.
1384 2956 1522 3011 Diels
1551 2955 1728 3021 alicui,

151 3053 279 3110 Esto
315 3053 633 3109 christianos
664 3070 679 3107 :
710 3051 795 3108 Sis
835 3050 1187 3113 christianos,
1237 3048 1331 3104 sed
1380 3051 1495 3103 tu'.
1532 3049 1731 3104 llnnam

151 3159 257 3199 rem
290 3144 441 3210 dixit,
470 3143 563 3199 sed
596 3158 702 3198 non
735 3142 809 3196 illi
842 3142 1130 3212 imputatur
1156 3140 1298 3210 quod
1326 3140 1477 3207 dixit,
1507 3139 1599 3195 scd
1628 3154 1733 3210 quo

151 3237 323 3290 animo
374 3236 553 3291 dixit:
588 3232 857 3307 quomodo
909 3233 1225 3304 imputatum
1274 3242 1359 3289 cst
1406 3241 1462 3286 ct
1509 3232 1731 3300 Jlltitl‘is,

150 3328 356 3397 quando
380 3328 469 3382 ille
492 3343 556 3381 cx
582 3341 725 3381 σπι-ο
752 3335 876 3380 nato
902 3324 1071 3381 iactus
1096 3332 1177 3381 est
1204 3323 1391 3378 videns
1416 3341 1430 3378 :
1456 3338 1575 3378 cum
1608 3337 1733 3378 cum

154 3428 452 3490 premerent
475 3417 901 3474 insultationibus
931 3425 984 3472 et
1014 3424 1284 3487 urgerent,
1314 3415 1387 3468 ait
1417 3415 1538 3481 illis,
1565 3413 1734 3469 Nunt-

147 3512 263 3583 quid
310 3522 357 3567 et
401 3529 489 3567 vos
533 3511 767 3582 discipuli
804 3511 913 3582 ejus
967 3510 1115 3564 vultis
1157 3509 1302 3564 esse?
1354 3509 1419 3563 Et
1457 3509 1527 3563 illi
1568 3509 1734 3565 maleo

148 3605 391 3661 dixerunt
419 3605 490 3660 ci.
535 3603 646 3660 Hoc
684 3603 759 3659 ait
785 3602 1105 3671 evangelista
1130 3618 1142 3653 :
1168 3600 1543 3655 Maledt'xerunt
1578 3601 1623 3655 ei
1648 3600 1731 3653 di-

146 3706 325 3763 centes,
368 3695 449 3751 Tu
472 3695 542 3751 sis
565 3694 844 3749 disciaulus
884 3694 993 3764 ejus
1031 3692 1207 3763 (Joan.
1248 3708 1322 3759 Ix,
1349 3691 1440 3757 27,
1468 3689 1581 3762 28).
1625 3690 1733 3747 lllis

143 3785 623 3847 maledicentibus.
668 3784 927 3840 Dominus
963 3783 1276 3838 benedixit:
1308 3782 1431 3837 fecit
1471 3783 1613 3854 quod
1658 3783 1732 3839 illi

144 3878 436 3947 dixerunt,
485 3878 730 3933 retribuit
769 3886 945 3932 autem
991 3875 1093 3930 illis
1135 3874 1275 3945 quod
1322 3874 1761 3930 maledixerunt..

142 3970 515 4027 Convertuntur
541 3978 832 4034 retrorsum,
861 3979 909 4022 et
938 3977 1275 4034 revereantur,
1303 3967 1388 4038 qui
1411 3967 1583 4021 volunt
1608 3968 1733 4022 uti/ti

146 4067 306 4119 mala.
339 4065 479 4119 Sunt
509 4070 686 4118 autem
726 4061 815 4117 alii
846 4077 952 4115 non
994 4060 1120 4115 boni
1150 4059 1238 4131 qui
1273 4059 1407 4114 bona
1438 4060 1643 4125 volunt,
1678 4069 1734 4116 ct

149 4153 254 4226 ipsi
276 4155 521 4211 cavendi.
542 4153 820 4222 Quomodo
839 4152 979 4207 enim
1005 4152 1078 4207 illi
1104 4151 1445 4217 maledicunt,
1475 4159 1528 4205 et
1550 4151 1734 4207 dicunt

142 4243 283 4300 bona
314 4258 495 4301 nostra
516 4287 533 4313 ,
575 4242 668 4299 sed
700 4243 840 4298 malo
866 4243 1074 4308 animo;
1106 4244 1183 4298 sic
1210 4243 1358 4297 multi
1389 4242 1523 4297 mala
1553 4253 1731 4297 nostra

139 4337 287 4395 bono
310 4339 512 4395 animo.
545 4337 658 4393 lloc
686 4338 835 4402 dico,
864 4336 962 4405 Qui
994 4335 1187 4391 dixerit
1226 4335 1346 4399 tibi,
1382 4335 1461 4390 Tu
1489 4336 1563 4391 sis
1592 4335 1736 4390 chri-

134 4433 370 4499 SIianus,
416 4433 615 4489 bonttm
648 4442 790 4485 tuum
834 4430 961 4485 dicit
999 4430 1140 4485 malo
1180 4428 1512 4498 animozqui
1554 4438 1732 4484 autem

132 4523 346 4580 dixerit
369 4525 461 4579 tibi
489 4523 558 4578 ita
584 4565 599 4589 ,
630 4520 707 4578 Te
737 4521 929 4577 melior
954 4536 1145 4587 nemo;
1176 4521 1219 4574 si
1252 4520 1303 4574 in
1335 4518 1521 4575 factis'
1552 4521 1730 4589 malis,

130 4616 397 4685 quoniam
429 4615 675 4672 laudatur
700 4620 949 4684 peccator
973 4612 1026 4667 iu
1059 4611 1341 4667 desideriis
1362 4611 1556 4666 anima:
1585 4627 1729 4681 sure,

132 4716 187 4764 et
213 4708 311 4779 qui
341 4708 517 4780 iniqua
543 4706 679 4779 gerit
704 4704 1034 4761 benedicitur
1059 4701 1230 4776 (Psal.
1258 4719 1316 4768 χ,
1349 4704 1407 4774 5)
1432 4721 1446 4765 ;
1480 4704 1615 4777 mala
1644 4712 1731 4760 tua

134 4799 268 4857 dicit
298 4800 545 4856 laudans.
576 4795 856 4868 Quomodo
885 4795 973 4851 ille
998 4794 1134 4849 bona
1164 4802 1250 4847 tua
1279 4792 1490 4848 diccbat
1511 4793 1733 4849 maledi-

133 4908 307 4958 cens.
351 4894 430 4951 sic
472 4894 574 4948 iste
612 4893 749 4948 mala
789 4899 877 4947 tua
915 4887 1240 4945 benedicens
1266 4905 1280 4941 :
1306 4887 1404 4944 sed
1448 4897 1731 4959 utrumque

135 4999 310 5054 genus
347 4986 517 5041 hostis
560 4985 702 5055 fuge,
750 4992 1035 5053 utrumque
1076 4996 1226 5036 cave.
1274 4980 1368 5034 Ille
1409 4982 1580 5048 szevit,
1630 4981 1730 5038 iste

137 5075 441 5143 blanditur;
479 5086 701 5147 uterque
733 5074 903 5130 malus
932 5090 946 5129 :
977 5073 1066 5127 ille
1095 5070 1382 5127 iracundus
1408 5083 1517 5137 est,
1550 5082 1606 5128 et
1631 5073 1728 5129 iste

138 5166 191 5222 in
220 5168 382 5225 laude
420 5167 713 5233 subdolus;
747 5166 831 5221 ille
862 5163 1215 5234 reprehensor
1256 5173 1368 5233 est,
1414 5164 1511 5218 iste
1543 5162 1727 5218 lauda-

144 5267 222 5314 tor
247 5278 261 5315 :
288 5262 381 5318 sed
410 5271 463 5318 et
492 5260 584 5316 ille
614 5260 668 5315 in
696 5258 1111 5327 reprehensione
1139 5258 1385 5313 inimicus
1408 5266 1490 5312 est
1508 5298 1523 5323 ,
1555 5267 1608 5312 et
1637 5256 1726 5313 ille

145 5351 195 5404 in
219 5352 376 5409 laude
404 5352 677 5408 subdolus.
707 5350 848 5406 Cave
872 5362 1160 5424 utrumque
1183 5391 1196 5415 ,
1227 5360 1412 5406 contra
1444 5359 1723 5419 utrumque

208 5490 223 5520 ⁸
249 5490 318 5538 sic
333 5486 551 5538 nonnulli
579 5494 681 5537 Mss.
702 5494 758 5536 At
777 5485 910 5545 ald,
933 5492 1057 5537 erat.

204 5552 225 5583 ³
256 5559 319 5601 tta
343 5560 448 5600 uss.
469 5563 563 5600 nec
584 5547 713 5597 male
734 5550 772 5599 si
814 5549 892 5599 hic
913 5549 1222 5607 subauditur,
1241 5553 1286 5598 et
1306 5546 1389 5600 ille
1414 5546 1549 5599 dicit.
1575 5554 1718 5598 Porro

151 5612 261 5665 edit.
286 5621 392 5663 ιον.
426 5613 668 5675 ιιιιιιειλεὶςε
691 5624 704 5661 :
733 5609 860 5662 Dicit
880 5610 1056 5675 aliquis
1078 5610 1242 5673 alicui,
1266 5618 1375 5662 Esto
1396 5608 1713 5671 entistiuttus,

148 5676 229 5727 sed
249 5676 314 5727 sis
334 5681 379 5726 et
403 5680 456 5725 tu
476 5672 794 5725 Christianus.
822 5672 1021 5734 Bonam,
1045 5682 1139 5724 etc.
1230 5672 1233 5673 ⁷
1452 5712 1455 5719 .

208 5741 228 5773 ³
257 5740 328 5789 sic
369 5738 678 5809 aliquotatss.
705 5734 790 5809 alii
812 5749 965 5809 vero}
996 5734 1210 5809 Dixerit
1229 5734 1507 5809 tibi,"Tanto
1549 5733 1718 5808 melior

136 5799 323 5863 Musae
344 5799 410 5852 sis
440 5796 491 5851 in
531 5798 691 5863 factis,
714 5807 810 5851 etc.
834 5799 1066 5863 Quidam:
1098 5804 1239 5863 Tanto
1258 5796 1447 5863 melior_
1469 5809 1607 5847 nemo
1645 5797 1715 5849 sic

135 5861 195 5918 δι
213 5863 364 5929 factis,
391 5869 487 5913 etc.
513 5858 644 5923 fidit,
668 5858 810 5913 Tanto
830 5859 997 5913 melior
1021 5872 1159 5912 nemo
1181 5858 1241 5911 sit
1256 5859 1308 5910 in
1329 5858 1495 5923 factis,
1522 5866 1616 5911 etc.

3336 367 3447 425 £50

1855 478 1971 520 ora.
1999 466 2101 535 Qui
2139 470 2280 525 enim
2308 471 2498 537 oravit,
2537 470 2904 532 Conrertantur
2926 484 3219 545 retrorsum,
3245 489 3293 536 et
3316 498 3443 537 con-

1852 556 2136 626 fundantur
2175 563 2261 632 qui
2307 562 2480 618 volunt
2526 566 2651 620 mihi
2694 569 2864 637 mala,
2912 572 3149 641 respexit
3189 571 3255 627 ad
3294 572 3441 628 aliud

1851 659 2020 717 genus
2047 647 2231 707 dolose
2256 654 2596 722 malevolum,
2623 665 2680 711 et
2703 658 2835 714 falso
2866 659 3181 716 benedictum
3207 679 3221 716 :
3248 661 3441 717 Ferant

1851 741 2115 809 confestim
2156 745 2505 816 confusionem
2545 763 2713 815 suam,
2755 750 2841 821 qui
2873 750 3048 806 dicunt
3076 754 3220 817 mihi,
3254 753 3399 825 Euge
3420 795 3439 822 ,

1851 844 1993 901 euge.
2027 830 2269 889 Laudant
2294 836 2426 892 falso
2447 838 2463 870 ⁸
2492 854 2505 891 :
2529 838 2744 910 Magnus
2772 841 2871 906 vir,
2900 840 3071 899 bonus
3095 845 3195 909 vir,
3229 820 3438 901 littera;
3468 820 3487 922 ξ

1854 930 1961 989 tus,
1990 922 2200 991 doctus,
2228 928 2324 985 sed
2363 945 2529 1001 quare
2570 932 2927 990 christianus?
2957 935 3031 990 Ea
3064 945 3152 992 tua
3178 938 3398 993 laudant
3419 980 3435 1005 ,
3468 928 3480 938 ’

1850 1029 1971 1085 qua:
2000 1017 2173 1074 nolles
2198 1019 2403 1076 laudari
2426 1040 2439 1077 :
2462 1022 2590 1077 illud
2618 1025 3021 1094 reprehendunt
3048 1028 3190 1084 unde
3214 1030 3435 1100 gaudes.

1848 1104 1955 1163 Sed
1997 1109 2040 1165 si
2071 1109 2207 1169 forte
2236 1111 2372 1169 dicis
2401 1132 2415 1168 :
2444 1114 2579 1185 Quid
2606 1116 2659 1172 in
2687 1133 2773 1173 me
2798 1118 3000 1185 laudas,
3027 1136 3062 1175 ο
3092 1122 3249 1177 homo
3271 1164 3286 1187 ,
3314 1125 3435 1194 quia

1846 1199 1930 1254 vir
1956 1198 2147 1270 bonus,
2171 1204 2292 1275 quia
2320 1205 2401 1260 vir
2414 1205 2592 1275 justus
2615 1210 2769 1263 sum?
2790 1208 2845 1265 Si
2870 1210 2970 1266 hoc
2995 1221 3168 1282 putas,
3192 1213 3439 1271 Christus

1847 1307 1935 1349 me
1965 1294 2067 1350 hoc
2093 1295 2218 1352 fecit
2241 1338 2256 1363 ,
2288 1297 2462 1368 ipsum
2494 1299 2670 1355 lauda.
2721 1304 2790 1357 At
2831 1302 2918 1359 ille
2944 1321 2958 1359 :
2982 1304 3170 1373 Absit;
3202 1308 3307 1364 noli
3340 1310 3435 1365 tibi

1846 1382 2093 1455 injuriam
2140 1384 2315 1445 facere
2335 1431 2350 1453 ,
2379 1397 2433 1445 tu
2462 1398 2513 1446 te
2541 1392 2656 1462 ipse
2686 1393 2845 1447 talem
2875 1393 3066 1451 fecisti.
3095 1396 3434 1467 Confundan-

1846 1483 1947 1541 tur,
1977 1478 2064 1548 qui
2088 1478 2264 1535 dicunt
2303 1483 2428 1536 mihi
2448 1524 2465 1551 ,
2495 1481 2672 1555 Euge,
2705 1502 2849 1558 euge.
2896 1488 2964 1542 Et
3000 1489 3124 1559 quid
3154 1491 3435 1560 sequitur?

1846 1566 2117 1624 Exsultent
2132 1580 2177 1625 et
2183 1573 2533 1642 jucundentur
2554 1592 2725 1631 omnes
2739 1578 2824 1647 qui
2853 1588 2899 1632 te
2920 1590 3171 1648 quierunt,
3194 1580 3431 1639 Domine.

1842 1658 1958 1715 Non
1989 1672 2235 1732 qumrunt
2265 1679 2382 1732 me,
2414 1664 2510 1722 sed
2539 1677 2786 1735 (ιιιωι-ιιιιι
2817 1678 2866 1724 te
2893 1687 2905 1723 :
2931 1685 3037 1724 non
3069 1673 3221 1739 mihi,
3251 1674 3430 1745 Euge,

1842 1766 1975 1822 euge
2004 1752 2220 1820 dicunt;
2252 1754 2349 1810 sed
2392 1756 2445 1811 in
2493 1764 2544 1812 te
2584 1772 2671 1813 me
2699 1759 2912 1828 gloriari
2946 1761 3193 1829 vident’,
3236 1764 3279 1818 si
3308 1766 3432 1835 quid

1844 1842 2015 1900 habeo
2044 1844 2245 1914 gloriae.
2277 1846 2380 1915 Qui
2418 1848 2561 1903 enim
2585 1849 2864 1919 gloriatur,
2893 1851 2945 1907 iu
2980 1852 3205 1909 Domino
3231 1854 3432 1925 glorie-

1842 1941 1930 1989 tur
1958 1934 2002 2004 (l
2032 1935 2150 1991 Cor.
2183 1951 2199 1990 ι
2224 1978 2237 2001 ,
2267 1937 2381 2005 51).
2416 1937 2685 1994 Exsultent
2708 1949 2756 1996 et
2772 1944 3124 2013 jucundentur
3151 1961 3323 2001 omnes
3344 1948 3433 2017 qui

1842 2036 1891 2081 te
1916 2037 2189 2097 qutcrunt,
2236 2027 2475 2096 Domine,
2522 2040 2569 2084 et
2612 2032 2785 2087 dicunt
2823 2049 3055 2104 semper:
3075 2034 3433 2108 Magni/icetur

1843 2118 2110 2176 Dominus.
2134 2120 2267 2187 Quia
2294 2122 2394 2178 etsi
2420 2136 2484 2177 ex
2509 2132 2791 2193 peccatore
2818 2124 2876 2180 lit
2896 2126 3095 2195 justus,
3118 2128 3181 2181 da
3204 2128 3429 2198 gloriam

1841 2212 1916 2267 illi
1942 2213 2031 2284 qui
2058 2213 2317 2283 justiﬁcat
2344 2214 2563 2284 impium
2590 2214 2768 2287 (llam.
2800 2232 2873 2284 tv,
2896 2217 2972 2288 5).
3004 2218 3129 2274 Sive
3155 2234 3283 2290 ergo
3305 2236 3431 2291 pec-

1839 2316 1991 2363 cator
2031 2308 2133 2373 sit,
2178 2307 2423 2363 laudetur
2453 2309 2543 2379 qui
2589 2308 2658 2364 ad
2689 2309 3070 2381 indulgentiam
3102 2322 3256 2367 vocat
3279 2330 3292 2367 :
3315 2314 3432 2370 sive

1839 2398 1960 2469 quis
1981 2398 2089 2467 jam
2116 2398 2358 2454 ambulet
2387 2399 2437 2455 in
2467 2400 2549 2455 via
2575 2399 2830 2470 justitim,
2862 2400 3107 2458 laudczur
3131 2403 3218 2474 qui
3244 2402 3311 2459 ad
3340 2419 3431 2461 co-

1840 2507 2026 2547 mnam
2059 2502 2231 2548 vocat.
2283 2493 2497 2565 Semper
2534 2494 2889 2567 magni/iactat
2933 2495 3218 2566 Dominus,
3250 2498 3318 2554 ab
3347 2497 3431 2555 his

1838 2584 1924 2654 qui
1949 2583 2166 2654 diligunt
2192 2584 2420 2639 salutare
2442 2595 2605 2639 tuum.

1908 2675 1998 2730 27.
2048 2674 2200 2748 [rers.
2248 2675 2363 2749 18.]
2412 2676 2525 2748 Ego
2564 2687 2884 2735 autem:cm
2928 2680 3239 2751 quarrebant
3269 2682 3429 2739 mala.

1840 2765 1952 2837 Ego
1978 2767 2363 2836 autem:cujus
2406 2770 2637 2824 animam
2689 2772 3020 2841 qmcrcbant,
3068 2784 3125 2828 ut
3159 2775 3433 2833 auferrent

1839 2874 1976 2913 cam.
2016 2858 2121 2915 Sed
2153 2868 2409 2915 converte
2441 2868 2494 2915 te
2517 2860 2583 2913 ad
2612 2861 2754 2915 aliud
2788 2877 2958 2931 genus
2988 2864 3283 2919 hominum.
3318 2865 3430 2937 Ego

1838 2960 2036 3015 autem,
2081 2950 2165 3004 cui
2211 2950 2495 3016 dicebant;
2528 2952 2705 3023 Euge,
2753 2970 2921 3024 euge,
2952 2971 3137 3026 egenus
3161 2966 3210 3012 et
3237 2974 3431 3028 pauper

1838 3058 1968 3094 smn.
1996 3041 2111 3096 Non
2137 3050 2214 3097 est
2247 3044 2385 3112 quod
2419 3041 2470 3096 in
2502 3057 2590 3097 me
2617 3045 2832 3098 tncum’
2854 3046 3119 3101 laudetur.
3156 3048 3429 3106 Discindat

1839 3135 1927 3190 ille
1977 3150 2190 3191 saccum
2235 3152 2451 3201 meum,
2501 3137 2775 3208 cooperiat
2820 3154 2906 3194 me
2944 3140 3079 3194 stola
3123 3155 3240 3196 sua.
3296 3142 3429 3199 Vivo

1838 3228 1981 3284 enim
2008 3228 2121 3299 jam
2155 3244 2260 3282 non
2293 3243 2413 3300 ego,
2445 3228 2575 3284 vivit
2610 3238 2788 3284 autem
2820 3230 2872 3284 in
2900 3246 2986 3287 me
3009 3230 3252 3288 Christus
3280 3232 3425 3307 (Gal.

1835 3336 1895 3387 ιι,
1922 3319 2038 3391 20).
2086 3321 2139 3377 Si
2173 3321 2297 3376 vivit
2329 3321 2380 3376 in
2414 3331 2466 3378 te
2494 3322 2740 3378 Christus
2765 3364 2779 3387 ,
2822 3332 2877 3378 et
2908 3332 3074 3380 totum
3114 3326 3256 3397 quod
3300 3328 3428 3385 boui

1838 3412 2004 3469 habes
2028 3411 2222 3469 Christi
2256 3422 2356 3480 est,
2388 3423 2554 3471 totum
2585 3414 2725 3484 quod
2757 3414 2976 3471 habebis
3001 3415 3199 3472 Christi
3227 3431 3347 3475 est:
3371 3428 3429 3478 tu

1837 3521 1933 3577 per
1982 3507 2209 3578 teipsum
2264 3505 2390 3577 quid
2430 3506 2535 3563 es?
2582 3505 2692 3577 Ego
2737 3524 2922 3579 egenus
2965 3519 3012 3565 et
3056 3526 3267 3582 pauper.
3314 3511 3429 3583 Ego

1835 3607 2011 3653 autem
2045 3611 2150 3651 non
2178 3596 2346 3662 dives,
2375 3598 2497 3669 quia
2531 3613 2637 3653 non
2664 3612 2783 3653 smn
2815 3600 3099 3669 superbus.
3128 3601 3288 3658 Dives
3313 3612 3430 3661 erat

1838 3688 1925 3744 ille
1964 3688 2055 3758 qui
2080 3687 2313 3755 dicebat,
2348 3687 2552 3743 Gratias
2581 3688 2665 3743 tibi
2692 3706 2825 3761 ago,
2875 3689 3122 3760 Domine,
3167 3696 3288 3764 quia
3325 3712 3430 3751 non

1835 3799 1947 3837 sum
1990 3782 2116 3836 sicut
2162 3781 2332 3836 crrteri
2391 3781 2616 3836 homines
2648 3797 2667 3836 :
2696 3781 3016 3839 Publicauus
3076 3793 3255 3840 autem
3311 3795 3429 3843 erat

1839 3889 2059 3944 pauper,
2088 3873 2175 3945 qui
2206 3872 2436 3937 dicebat,
2472 3872 2706 3935 Domine,
2740 3874 2989 3945 propitius
3018 3884 3121 3929 esto
3152 3876 3275 3930 mihi
3303 3894 3425 3948 pec-

1837 3967 1997 4020 catori
2029 3965 2159 4036 (Luc
2203 3979 2357 4030 xvm,
2394 3964 2481 4029 11,
2514 3963 2624 4032 15).
2655 3964 2746 4019 llle
2767 3965 2834 4019 de
2855 3966 3129 4019 saturitate
3158 3968 3423 4039 metabat,

1838 4059 1924 4114 ille
1954 4056 2020 4111 de
2051 4056 2188 4112 fame
2216 4055 2477 4126 plorabat.
2504 4054 2709 4126 Egenus
2744 4065 2791 4110 et
2818 4073 3013 4127 pauper
3040 4073 3171 4111 sum.
3207 4057 3271 4113 Et
3297 4058 3425 4130 quid

1836 4149 2070 4204 facturus
2090 4163 2169 4213 es,
2189 4164 2220 4201 ο
2239 4162 2406 4218 egeno
2426 4156 2479 4201 et
2501 4163 2701 4217 pauper
2718 4149 2743 4201 ‘l
2767 4148 3003 4203 Mendiea
3025 4147 3047 4180 ⁸
3064 4160 3186 4206 ante
3202 4151 3423 4220 ianuam

1837 4244 1966 4309 Dei;
2009 4243 2187 4314 pulsa,
2227 4252 2283 4297 et
2324 4241 2591 4311 aperietur
2630 4241 2744 4295 tibi.
2793 4240 2903 4312 Ego
2950 4252 3117 4298 autent
3163 4262 3345 4316 egenus
3378 4256 3425 4305 el

1837 4352 2032 4409 pauper
2071 4352 2184 4390 sum
2215 4350 2234 4389 :
2264 4332 2516 4388 Dominus
2558 4350 2735 4388 curam
2782 4335 2980 4389 habebit
3020 4338 3136 4390 mei.
3180 4337 3327 4394 Jacta
3370 4341 3424 4397 in

1841 4430 2123 4485 Dominum
2164 4442 2346 4483 curam
2393 4435 2534 4481 tuam
2554 4468 2568 4493 ,
2600 4434 2655 4481 et
2682 4440 2837 4498 Spera
2865 4429 2915 4483 in
2946 4445 3099 4495 eum,
3129 4440 3181 4485 et
3209 4432 3320 4501 ipse
3346 4434 3425 4488 la-

1836 4523 1941 4579 ciet
1971 4520 2144 4594 (Psal.
2187 4535 2294 4585 LIV,
2322 4517 2436 4590 25).
2463 4517 2601 4587 Quid
2630 4518 2722 4572 tibi
2750 4527 3030 4575 curaturus
3057 4521 3149 4575 es?
3175 4522 3298 4592 quid
3328 4524 3423 4583 tibi

1837 4614 2187 4687 provisurus?
2217 4612 2420 4668 Habeat
2441 4612 2513 4666 tui
2541 4625 2723 4669 curant
2752 4612 2841 4682 qui
2872 4611 2998 4668 fecit
3021 4620 3091 4668 te.
3117 4613 3215 4681 Qui
3240 4614 3423 4674 habuit

1836 4710 1910 4764 tui
1937 4723 2119 4764 curam
2142 4714 2426 4777 antequam
2450 4719 2619 4771 esses,
2653 4706 2922 4776 quomodo
2946 4722 3052 4763 non
3084 4706 3299 4764 habebit
3327 4726 3423 4766 cu-

1834 4818 1947 4857 ram
1977 4816 2098 4858 cum
2120 4800 2231 4870 jam
2262 4799 2367 4855 hoc
2390 4813 2451 4855 es
2474 4798 2615 4869 quod
2647 4798 2812 4853 voluit
2840 4808 2895 4853 ut
2921 4801 3108 4856 esses?
3130 4799 3246 4856 Jam
3276 4804 3419 4863 enim

1836 4894 2005 4951 ﬁdelis
2034 4909 2114 4961 es,
2136 4893 2247 4963 jam
2272 4892 2516 4947 ambulas
2540 4891 2593 4945 in
2625 4892 2961 4961 viajustitiaz.
2991 4894 3183 4949 Curam
3213 4897 3286 4950 tui
3312 4913 3419 4953 non

1834 4986 2086 5051 habebit,
2129 4986 2217 5055 qui
2248 4983 2373 5039 facit
2401 4984 2568 5038 solem
2611 4998 2765 5039 suum
2811 4985 2937 5039 oriri
2982 5000 3143 5056 super
3172 4988 3340 5045 bonos
3366 5000 3423 5045 et

1833 5080 2022 5141 malos,
2045 5087 2097 5132 et
2121 5076 2253 5146 pluit
2274 5090 2435 5144 super
2454 5073 2629 5144 jnstos
2649 5085 2703 5129 et
2728 5074 3185 5150 1ιι]ιιι‹›ε(ΜαιιΙι.
3214 5096 3267 5147 ν,
3292 5080 3419 5152 «15)ἳ

1833 5179 1884 5225 te
1908 5169 2017 5240 jam
2040 5167 2242 5239 justum
2269 5181 2336 5222 ex
2363 5164 2467 5221 lide
2491 5165 2753 5220 viventem
2786 5165 2960 5237 (Rom.
2987 5184 3023 5231 ι,
3049 5168 3137 5240 Π)
3166 5170 3414 5238 negliget,

1830 5263 2064 5330 deseret,
2094 5258 2365 5316 dimittet?
2394 5257 2505 5313 lmo
2530 5273 2659 5313 vero
2684 5268 2737 5313 et
2764 5258 2852 5314 hic
2878 5259 3037 5327 fovet,
3070 5270 3123 5315 et
3150 5260 3238 5315 hic
3264 5260 3417 5331 adju-

1889 5484 1908 5517 ¹
1933 5481 2161 5545 Plerique
2186 5488 2311 5538 Mss,
2329 5476 2470 5545 falsa.

1886 5547 1907 5578 ³
1932 5536 2156 5609 t‘leriq'ue
2171 5536 2409 5609 ttss.,'_sed
2434 5540 2484 5591 in
2505 5538 2608 5600 illo,
2632 5544 2678 5609 et
2700 5539 2755 5609 in.
2774 5545 2819 5589 te
2834 5552 2909 5591 me
2928 5536 3204 5609 gloriﬁcare
3228 5539 3407 5609 vident.

1827 5605 2049 5658 Nonnulli
2074 5599 2089 5654 Ξ
2114 5603 2314 5667 δεᾴηἱιιὶ
2351 5602 2401 5667 in
2422 5609 2466 5667 te
2489 5616 2563 5652 me
2595 5599 2871 5667 gloriﬁcare
2892 5599 3128 5667 videntur.
3156 5609 3276 5653 Item
3299 5608 3412 5667 qui-

1822 5670 1933 5720 dam
1960 5683 1973 5718 :
1999 5668 2085 5719 sed
2101 5668 2151 5719 in
2174 5665 2274 5725 illo,
2292 5665 2407 5729 quia
2427 5664 2479 5716 in
2498 5672 2546 5729 te
2566 5662 2642 5729 me
2662 5662 2871 5729 gloriari
2888 5662 3064 5729 vident.

1887 5732 1907 5765 ³
1932 5739 2050 5791 vox,
2074 5742 2251 5791 meum,
2267 5725 2437 5780 aberat
2466 5728 2529 5777 ab
2565 5725 2747 5776 editis:
2781 5726 2874 5778 sed
2905 5727 2956 5777 in
2986 5725 3269 5778 melioribus
3300 5734 3409 5779 Mss.

1885 5855 1910 5890 δ
1931 5863 2113 5907 omnes
2133 5852 2241 5905 fere
2260 5859 2386 5916 Mss,
2409 5862 2593 5918 pauper
2612 5884 2627 5911 ,
2653 5848 2912 5902 mendice?
2942 5855 3048 5901 nite
3060 5849 3283 5915 januam,
3311 5859 3410 5905 etc.
