3960 6448
572 287 676 348 451

575 415 666 462 vat
685 446 702 474 ,
731 413 785 462 et
807 404 894 460 hic
918 402 1217 460 necessaria
1242 400 1610 459 subministrat
1629 439 1643 464 ,
1674 406 1727 454 et
1751 398 1910 454 noxia
1934 406 2161 454 resecat.

581 497 768 553 Dando
798 506 1104 552 ennsmatur
1144 506 1200 548 ut
1247 507 1560 564 permaneas
1587 532 1600 555 ,
1633 490 1922 546 auferendo
1950 490 2168 558 corripit

584 609 651 646 ne
679 607 884 664 pereas.
918 590 1170 645 Dominus
1197 604 1378 642 curam
1414 588 1570 639 habet
1603 586 1674 639 lui
1700 628 1715 649 ,
1763 601 1985 640 securus
2028 594 2162 636 esto.

586 684 678 740 Ille
726 683 936 751 portat‘
967 684 1054 750 qui
1105 691 1155 735 te
1203 679 1456 733 feritzab
1501 677 1720 732 artiﬁcis
1765 680 1835 730 tui
1872 692 2028 729 manu
2061 676 2165 728 noii

579 773 882 828 radet'ezsi
924 772 1182 827 cecideris
1226 787 1254 825 a
1311 787 1468 824 mauu
1506 770 1746 834 artiﬁcis,
1794 769 2068 838 lrangeris.
2102 767 2170 822 Ut

581 884 756 924 autem
803 885 1116 937 permaneas
1149 870 1199 923 in
1248 887 1405 923 numu
1437 870 1694 930 artiliris,
1743 867 1877 920 bona
1925 868 2168 922 voluntas

585 963 723 1013 l'acit.
762 962 871 1025 llic,
907 961 1043 1016 Deus
1072 976 1221 1014 meus
1248 961 1431 1023 voluit,
1461 972 1514 1015 et
1544 961 1769 1029 portabit
1795 961 1924 1027 ipse.
1949 968 2002 1012 ct
2025 970 2170 1012 truc-

584 1056 658 1108 hit
686 1057 814 1122 ipse.
843 1053 989 1108 Jacta
1026 1065 1074 1107 te
1106 1056 1154 1107 in
1189 1053 1373 1118 ῐΙΙιιιιι;
1409 1053 1514 1105 noli
1548 1064 1730 1121 putare
1763 1052 1917 1110 inane
1943 1064 2080 1115 esse,
2114 1057 2171 1106 nt

581 1149 729 1217 quasi
778 1147 1124 1218 pr;rcipiteris
1152 1165 1163 1200 :
1195 1161 1298 1199 non
1344 1146 1414 1198 ita
1467 1144 1558 1198 libi
1607 1143 1867 1197 videatur.
1897 1141 1987 1196 Ille
2013 1142 2162 1210 dixit,

580 1238 785 1292 Caelum
830 1245 883 1292 et
936 1247 1130 1291 terram
1179 1251 1277 1306 ego
1331 1235 1526 1305 impleo
1576 1233 1786 1303 (Jerem.
1843 1249 1995 1298 χχιιι,
2049 1231 2165 1302 24).

580 1329 850 1399 Nusquam
899 1329 991 1382 tibi
1038 1325 1229 1383 deest:
1255 1336 1308 1379 tn
1342 1327 1412 1381 illi
1459 1326 1565 1380 noli
1611 1324 1820 1390 deesse,
1855 1333 1906 1378 tu
1938 1324 2028 1378 tibi
2061 1323 2167 1386 noli

583 1421 792 1485 deesse,
825 1419 1071 1472 Dominus
1092 1434 1264 1472 curam
1288 1418 1431 1470 habet
1459 1417 1574 1470 mei.

651 1513 741 1566 28.
765 1512 982 1584 Atljutor
1011 1528 1151 1565 meus
1177 1520 1220 1564 et
1240 1519 1488 1580 protector
1511 1526 1646 1564 meus
1664 1518 1714 1563 tu
1733 1525 1783 1563 es
1806 1524 1824 1563 :
1847 1506 1985 1562 Deus
2008 1524 2162 1573 meus,

585 1623 644 1657 ne
674 1604 964 1657 tarduvcris.
995 1603 1509 1674 Invocat,implorat,
1530 1602 1681 1655 timet
1703 1617 1768 1656 ne
1795 1598 2007 1654 deﬁciat
2041 1618 2054 1653 :
2086 1596 2169 1652 Ne

585 1697 875 1748 mrtluvrris.
901 1693 1035 1762 Quid
1064 1702 1167 1761 est,
1187 1693 1266 1746 Ne
1294 1693 1613 1747 tnrduveris?
1637 1691 1755 1746 Nisi
1786 1691 1990 1746 breviuti
2011 1701 2169 1744 essent

585 1789 690 1841 dies
718 1789 812 1846 illi.
834 1805 931 1841 non
960 1788 1100 1855 ﬁeret
1126 1787 1263 1840 salva
1294 1787 1455 1838 omnis
1477 1802 1593 1838 caro
1622 1784 1831 1856 (Matth.
1859 1801 2007 1849 xxtv,
2029 1784 2124 1851 2:!)
2151 1801 2164 1838 :

584 1879 744 1933 modo
773 1881 964 1933 It‘Cltllll
985 1887 1085 1941 est,
1106 1877 1172 1932 de
1194 1877 1380 1931 diebus
1398 1877 1818 1944 tribulationum.
1843 1876 2000 1945 Quasi
2021 1877 2164 1932 eaim

585 1987 718 2024 unus
735 1971 893 2024 homo
909 1979 1057 2037 rogat
1077 1970 1262 2032 Deum,
1286 1970 1519 2023 membra
1536 1968 2167 2040 Christi,corpusChristi

583 2063 1060 2134 ubiquedill'usum,
1082 2077 1215 2115 unus
1238 2061 1534 2126 mendicus,
1553 2077 1687 2113 unus
1719 2045 1944 2130 pauper;
1974 2061 2092 2131 quia
2115 2069 2170 2114 et

583 2154 666 2206 ille
688 2170 906 2223 pauper,
925 2154 1010 2220 qui
1031 2152 1178 2205 (lives
1202 2169 1397 2220 pauper
1425 2153 1592 2205 l'actus
1610 2162 1710 2216 est,
1731 2152 1916 2222 dequo
1942 2155 2009 2204 ait
2034 2155 2167 2219 Apo-

582 2251 750 2301 stolus
771 2265 784 2301 :
803 2245 923 2299 Cum
949 2245 1081 2298 dives
1104 2258 1248 2304 esset,
1277 2261 1468 2313 pauper
1492 2249 1653 2314 [uetus
1673 2255 1762 2309 est,
1791 2256 1842 2298 ut
1861 2243 2019 2314 ipsius
2037 2262 2167 2315 putt-

583 2349 770 2408 pertate
791 2355 874 2393 ros
909 2338 1193 2391 ditarcmini
1222 2337 1294 2401 (ll
1319 2335 1436 2392 Cor.
1464 2354 1575 2400 vm,
1605 2337 1704 2408 9):
1730 2352 1883 2391 veros
1911 2353 2167 2408 pauperes

581 2435 732 2497 ditat,
756 2432 914 2486 l‘alSiis
931 2431 1121 2485 divites
1141 2440 1410 2500 pauperat.
1430 2429 1635 2483 Clam-it
1658 2430 1722 2482 ad
1737 2446 1854 2483 eum
1881 2447 1891 2482 :
1914 2429 1954 2480 Α
1977 2429 2164 2495 ﬁnibus

581 2533 728 2576 terra:
743 2522 808 2575 ad
822 2532 867 2574 te
887 2521 1118 2586 clamavi,
1133 2536 1247 2574 cum
1267 2520 1466 2574 la’deret
1479 2521 1699 2573 animum
1718 2536 1875 2574 meam
1894 2519 2045 2588 (l’sul
2054 2559 2063 2570 .
2074 2535 2161 2582 ιι,

580 2614 656 2685 5).
688 2613 917 2668 Venient
938 2613 1053 2667 dics
1087 2612 1482 2666 tribulationum
1511 2621 1563 2678 et
1590 2612 1848 2682 majorum
1874 2611 2168 2676 tribulatio-

577 2723 704 2761 num
720 2707 761 2758 ἐ
784 2706 1018 2772 venient,
1037 2706 1173 2760 sicut
1188 2704 1316 2760 dicit
1332 2705 1604 2777 Scriptura
1621 2720 1641 2771 ,°
1658 2715 1710 2761 et
1727 2718 1980 2777 quantum
2008 2722 2166 2768 acre-

578 2801 710 2855 dunt
737 2799 872 2867 dies,
893 2809 1156 2870 augentur
1172 2799 1560 2854 tribulationes.
1578 2797 1747 2854 Nemo
1777 2799 1875 2855 sibi
1898 2801 2168 2869 promittat

578 2893 718 2964 quod
736 2892 1087 2962 ‘Evangelium
1118 2907 1220 2946 non
1242 2893 1530 2963 promittit.
1555 2892 1772 2948 Fratres
1791 2892 1913 2959 mei,
1942 2893 2165 2948 obsecro

580 3004 696 3052 vos,
715 2987 970 3042 attendite
985 2988 1285 3057 Scripturas
1308 2996 1540 3046 nostras.
1558 2985 1604 3042 si
1620 2986 1818 3057 aliquid
1845 2985 2161 3053 fefellerunt;

578 3081 621 3136 si
637 3081 834 3151 aliquid
857 3080 1126 3146 dixerunt,
1146 3089 1200 3134 et
1215 3081 1368 3134 aliter
1387 3079 1757 3150 acciditquam
1775 3080 2051 3134 dixerunt:
2068 3095 2165 3136 ne.-

578 3190 730 3230 cesse
747 3182 847 3235 est,
867 3185 920 3227 ut
941 3189 1106 3243 usque
1126 3173 1176 3228 in
1197 3172 1353 3226 linem
1371 3174 1448 3227 sic
1468 3172 1806 3239 liantomnia,
1825 3173 2168 3243 quemadmo-

577 3267 704 3322 dum
721 3266 988 3320 dixeruut.
1017 3264 1132 3318 Non
1156 3265 1308 3318 nobis
1337 3264 1953 3333 promittuntScriptura:
1972 3276 2166 3318 nostra:

580 3357 632 3412 in
654 3356 758 3410 hoc
774 3357 987 3422 saeculo,
1016 3357 1114 3420 nisi
1133 3357 1523 3422 tribulationes,
1550 3373 1850 3428 pressuras,
1871 3358 2162 3432 angustias,

579 3458 862 3520 augmenta
908 3448 1187 3515 dolorum,
1241 3449 1620 3513 abundantiam
1670 3452 2042 3505 tentatiouum.
2086 3451 2164 3507 Ad

583 3541 681 3595 isra
711 3555 808 3595 nos
845 3540 1110 3611 praecipue
1155 3557 1420 3610 paremus,
1454 3558 1519 3596 ne
1563 3543 1803 3613 imparati
1835 3543 2162 3598 deliciamus.

593 3631 678 3688 γω
726 3633 1100 3704 praegnantibus
1129 3641 1175 3686 vt
1205 3635 1590 3698 mammmttibus
1612 3633 1819 3705 (.‘vlatth.
1855 3651 2004 3702 xxn',
2035 3635 2122 3706 19)
2149 3654 2162 3691 :

579 3725 740 3782 modo
792 3725 1034 3780 audistis.
1090 3725 1428 3798 Prmgnantes
1471 3736 1625 3792 sunt,
1672 3727 1762 3798 qui
1810 3743 1903 3798 spe
1932 3729 2164 3783 intume-

579 3827 735 3873 scunt
764 3837 777 3871 :
811 3826 1163 3872 mammantes
1200 3828 1399 3885 autem,
1425 3817 1477 3870 id
1505 3828 1588 3882 est
1616 3805 1869 3874 lactantes
1890 3860 1902 3882 ,
1933 3820 2022 3890 qui
2054 3819 2162 3888 jam

588 3910 765 3981 adepti
794 3918 918 3964 sunt
963 3910 1100 3981 quod
1137 3911 1537 3981 etmeupierant.
1569 3909 1778 3965 Etenim
1805 3911 1995 3966 nntlier
2025 3928 2164 3982 prae-

578 4018 749 4076 gnans
795 4003 846 4058 in
893 4017 988 4073 spe
1015 4011 1181 4058 tumet
1217 4002 1330 4066 lilii,
1371 4002 1604 4058 nondum
1637 4002 1778 4058 videt
1809 4002 1972 4058 lilium
2003 4020 2014 4056 :
2046 4020 2166 4074 quae

581 4104 759 4151 autem
800 4094 909 4164 jam
960 4094 1501 4165 lactat,amplcctitur
1547 4093 1685 4165 quod
1728 4094 1994 4163 sperabat.
2024 4093 2165 4164 Ergo

579 4187 1004 4253 similitudinem,
1037 4185 1185 4241 verbi
1209 4186 1400 4255 gratia,
1429 4200 1690 4256 ponamus
1721 4202 1734 4238 :
1766 4185 1909 4239 Bona
1939 4195 2020 4240 est
2064 4185 2164 4240 ista

577 4279 704 4335 villa
754 4277 915 4332 vicini
951 4295 966 4332 :
998 4292 1031 4330 0
1060 4276 1106 4331 si
1135 4292 1252 4331 mea
1282 4276 1492 4341 esset‘;
1526 4275 1869 4346 adjungerem
1908 4275 2078 4343 illam,
2111 4283 2165 4330 et

579 4370 812 4427 facerem
838 4369 907 4426 de
948 4369 1050 4425 isto
1097 4367 1258 4424 fundo
1303 4378 1356 4423 et
1393 4367 1459 4423 de
1491 4368 1580 4422 illo
1623 4368 1899 4422 unitatem.
1930 4370 2088 4421 Amat
2113 4377 2166 4422 et

579 4462 796 4518 avaritia
816 4462 1092 4517 unitatem:
1117 4459 1256 4532 quod
1279 4469 1419 4514 amat
1439 4459 1634 4514 bonum
1651 4467 1752 4526 est,
1773 4460 1864 4513 sed
1882 4458 1966 4513 ubi
1982 4475 2165 4514 aman-

578 4554 706 4611 dum
729 4553 817 4620 sit,
849 4553 1039 4608 nescit.
1071 4551 1209 4605 Ecce
1229 4549 1531 4619 concupivit
1559 4550 1738 4605 villam
1769 4550 2026 4620 proximi;
2070 4551 2164 4605 sed

579 4644 681 4700 iste
700 4644 970 4714 proximus
981 4643 1132 4698 dives
1148 4650 1248 4706 est,
1264 4656 1369 4696 non
1381 4642 1646 4712 indigens,
1665 4640 1867 4695 habens
1879 4640 2159 4706 hoaorem,

579 4734 783 4791 habens
809 4735 970 4789 etiam
1002 4733 1311 4806 potentiam,
1343 4749 1373 4788 a
1405 4734 1556 4804 cujus
1579 4733 1716 4790 forte
1742 4735 1900 4789 etiam
1932 4735 2163 4804 potentia

580 4828 674 4883 tibi
704 4827 1044 4883 metuendum
1075 4827 1164 4892 sit,
1194 4843 1298 4883 non
1329 4827 1396 4883 de
1423 4828 1561 4883 illius
1597 4828 1764 4884 fundo
1806 4830 2005 4900 aliquid
2038 4847 2162 4900 spe-

576 4919 998 4975 randtnnznihil
1041 4933 1261 4991 sperans
1309 4935 1414 4974 non
1462 4920 1714 4990 concipit,
1746 4935 1852 4976 non
1897 4931 1979 4975 est
2020 4935 2161 4992 pne-

577 5025 748 5082 gnans
778 5009 974 5066 anima.
994 5009 1048 5066 Si
1075 5026 1204 5066 vero
1225 5009 1373 5081 juxta
1405 5010 1605 5066 vicinus
1631 5012 1701 5066 sit
1727 5026 1944 5084 pauper,
1969 5013 2058 5083 qui
2080 5013 2164 5068 vel

576 5105 630 5159 in
685 5103 1001 5160 necessitate
1049 5103 1254 5173 positus
1306 5112 1429 5172 est,
1475 5113 1533 5158 ut
1578 5105 1747 5174 possit
1771 5105 2035 5171 vendere,
2079 5105 2162 5159 vel

577 5198 744 5269 premi
799 5207 1009 5268 potest,
1066 5208 1123 5252 ut
1163 5207 1383 5270 cogatur
1437 5198 1701 5266 vendere,
1751 5199 1983 5267 injicitur
2029 5214 2159 5253 ocu-

578 5293 694 5355 Itis,
751 5301 998 5360 Speratur
1036 5291 1156 5346 villa
1189 5309 1201 5344 :
1233 5292 1576 5362 imprzcgnata
1623 5301 1704 5345 est
1751 5291 1946 5354 anima,
1978 5299 2158 5359 sperat

573 5403 632 5439 se
675 5401 829 5455 posse
877 5384 1097 5454 adipiSci
1141 5385 1377 5438 villulam
1437 5393 1490 5438 et
1553 5383 1947 5453 possessionem
1994 5384 2150 5437 vieini

575 5479 841 5547 pauperis.
875 5477 942 5531 Et
974 5492 1095 5532 cum
1127 5477 1325 5546 patitur
1371 5475 1472 5530 iste
1515 5490 1712 5545 pauper
1756 5475 2150 5544 necessitatem,

629 5636 655 5707 ᾖ
678 5634 814 5707 edd,
853 5633 1074 5707 protegit.
1099 5631 1268 5686 Plures
1279 5638 1414 5694 Mss,
1451 5636 1678 5697 proteget.
1711 5637 1918 5690 Quatuor
1938 5670 1952 5694 ,
1979 5637 2150 5695 portet.

573 5695 660 5750 Alii
683 5705 804 5755 tres,
828 5695 1006 5760 portat?
1454 5695 1460 5697 ‘

635 5761 657 5792 ²
679 5760 753 5808 sic
908 5767 962 5808 .tt
978 5755 1114 5819 ωδ..
1137 5761 1185 5807 et
1204 5755 1460 5821 malorum,
1473 5753 1804 5821 tribulatioaes
1827 5755 2028 5821 venient,
2056 5765 2150 5816 etc.

637 5821 660 5855 ³
682 5828 810 5883 ωδε..
833 5828 873 5874 o
907 5821 953 5872 si
972 5831 1082 5873 ma
1099 5817 1258 5875 Ml
1281 5833 1312 5872 ο
1333 5819 1377 5874 si
1393 5817 1707 5886 πώρωσιν-θυι
1725 5818 1870 5878 illaut
1892 5819 1911 5870 ,ν

1774 280 1834 341 S.
1876 276 2240 336 AUGUSTINI
2279 277 2581 362 EPﬁlSCOPl
3193 230 3195 232 Ι
3719 293 3798 354 ιει

2272 398 2416 453 venit
2439 397 2506 453 ad
2555 395 2801 462 ditiorem
2841 396 3073 466 vicinum
3121 414 3302 469 suum,
3332 401 3421 458 cui
3467 403 3595 462 forte
3632 409 3799 484 obsequi

2269 491 2424 554 solet,
2453 492 2536 545 cui
2568 490 2798 556 deferre,
2827 491 2911 545 cui
2955 491 3189 547 venienti
3239 510 3551 568 assurgere,
3591 515 3720 570 quem
3745 507 3799 560 iu-

2270 583 2468 637 clinato
2513 582 2685 652 capite
2749 583 3022 638 salutare:
3055 584 3126 638 Da
3170 585 3345 654 mihi,
3387 603 3515 662 rogo
3559 599 3640 656 te;
3680 599 3802 660 enim

2272 677 2662 740 necessitatem,
2696 692 2887 748 urgeor
2911 693 2941 730 a
2967 676 3252 734 creditore.
3289 679 3360 736 Et
3399 681 3489 735 ille
3521 699 3533 734 :
3560 681 3661 738 Non
3683 689 3804 752 halica

2272 771 2430 824 modo
2461 771 2512 826 in
2539 771 2800 825 manibus.
2821 769 2875 826 Si
2904 771 3063 838 vellet
3091 773 3351 839 vendere,
3389 773 3604 830 haberet
3625 778 3657 829 ¹.
3679 787 3803 848 λων..

2270 865 2470 917 scimus
2499 865 2597 917 hoc
2629 881 2642 916 ς
2679 862 2888 917 luerunt
2914 864 2966 918 in
2996 864 3164 928 nobis,
3193 864 3310 936 jam
3345 882 3455 920 non
3482 868 3584 922 sint
3609 870 3653 922 in
3680 874 3802 929 nulla.

2269 953 2456 1010 Nonne
2499 955 2748 1010 hesterno
2773 955 3020 1020 viximus,
3052 965 3106 1010 et
3134 955 3298 1012 hodie
3342 958 3602 1013 vivimus?
3631 962 3708 1014 li~t
3727 983 3804 1017 cur-

2271 1046 2473 1116 rigendi
2492 1046 2666 1110 locus;
2689 1047 2920 1102 nondum
2936 1047 3069 1102 facta
3096 1057 3176 1102 est
3195 1048 3282 1102 illa
3303 1048 3610 1122 disjttttclio,
3640 1053 3807 1120 aliorun

2270 1139 2335 1191 ad
2367 1137 2662 1204 dexteram,
2709 1138 2933 1202 aliorum
2955 1139 3021 1193 ad
3052 1140 3326 1202 sinistram
3354 1139 3571 1206 (illailla.
3604 1148 3808 1216 “v.55”

2273 1234 2503 1287 nomium
2529 1233 2668 1302 apud
2701 1233 2898 1289 inferos
2915 1248 3123 1299 sumus,
3147 1234 3234 1288 ubi
3255 1233 3415 1290 dives
3434 1235 3522 1288 ille
3549 1235 3657 1302 fuit,
3675 1239 3810 1297 sitit-as
3882 1251 3883 1302 l

2270 1334 2323 1379 et
2349 1326 2544 1380 stillam
2563 1325 2873 1380 desiderans
2903 1324 3051 1396 (Luc.
3075 1342 3185 1391 xw,
3219 1324 3317 1400 22)
3367 1346 3382 1382 :
3433 1328 3696 1386 audiamus
3726 1350 3809 1389 cum
3882 1324 3883 1400 Ϊ

2272 1417 2517 1484 vivimus,
2537 1417 2886 1488 corrigamur.
2911 1415 3027 1472 Non
3045 1433 3331 1487 speremus
3349 1433 3440 1472 res
3456 1419 3725 1487 alienas,et
3745 1425 3808 1494 im-

2275 1512 2526 1584 prazgnati
2579 1521 2875 1566 ttnueamus
2907 1529 2920 1565 :
2954 1527 3052 1567 nec
3097 1511 3488 1582 perveniamus
3530 1511 3594 1566 ad
3635 1514 3810 1581 illas,et

2272 1619 2362 1657 eas
2407 1602 2750 1672 adipiscendo
2791 1611 3038 1671 tanquam
3075 1589 3213 1657 filios
3241 1603 3578 1666 osculemnr.
3619 1602 3694 1656 Va!
3722 1608 3810 1672 enin

2272 1696 2646 1766 pra'gnantibus
2670 1706 2715 1749 et
2744 1695 3129 1749 mammautibus
3172 1694 3278 1749 illis
3330 1695 3530 1760 diebus.
3563 1696 3808 1760 Mutandum

2271 1801 2351 1846 est
2382 1805 2492 1856 cur,
2516 1788 2796 1844 levandum
2821 1795 2902 1854 est
2929 1802 3042 1851 cor,
3065 1805 3167 1841 non
3189 1789 3273 1852 hic
3299 1785 3647 1842 habitandum
3667 1789 3806 1843 corde:

2273 1881 2406 1944 mala
2437 1882 2579 1950 regio
2609 1879 2962 1948 est.Sull_ieiat
2981 1878 3119 1949 quod
3143 1879 3325 1933 adimo
3347 1895 3514 1944 carne
3539 1879 3618 1942 hic
3638 1896 3734 1934 esse
3754 1899 3805 1942 ne

2271 1987 2419 2027 cess.»
2441 1983 2550 2036 est;
2575 1972 2714 2041 quod
2740 1983 2940 2026 nonest
2965 1987 3202 2034 necesse,
3231 1988 3341 2036 non
3367 1971 3458 2023 liat
3482 1988 3494 2024 :
3516 1972 3720 2036 snl’ticiat
3741 1972 3805 2026 dici

2273 2066 2468 2121 malitia
2500 2081 2594 2120 sua
2619 2064 2829 2137 (Matth.
2859 2080 2929 2126 vt,
2953 2066 3039 2136 3i)
3061 2081 3075 2128 ;
3101 2080 3317 2118 sursum
3345 2062 3513 2117 Corde
3542 2063 3798 2120 habitemus.

2272 2160 2333 2217 Si
2363 2161 2650 2214 surrexistis
2690 2177 2802 2212 cum
2834 2159 3052 2223 Christo,
3077 2157 3204 2216 dicit
3239 2158 3494 2210 lidelibus
3531 2199 3544 2222 ,
3576 2174 3739 2225 corpus
3772 2168 3804 2212 et

2270 2254 2579 2320 sanguinem
2611 2251 2814 2305 Domini
2845 2250 3228 2318 accipientibus
3249 2249 3408 2312 dicit,
3433 2247 3496 2303 Si
3531 2251 3802 2301 resurrrriuis

2270 2361 2383 2398 cum
2411 2344 2626 2408 Christo,
2656 2359 2768 2412 qua:
2807 2360 3006 2395 sursum
3052 2351 3164 2394 sunt
3205 2343 3396 2410 sapite,
3432 2342 3516 2392 ubi
3546 2340 3802 2394 Christusctt

2270 2436 2321 2488 in
2356 2435 2561 2488 dextera
2601 2433 2691 2486 Dei
2716 2433 2926 2493 sedens;
2952 2448 3064 2503 qum
3107 2449 3310 2494 sursum
3341 2440 3463 2484 sum
3503 2431 3708 2503 qua'rite,
3734 2449 3798 2483 non

2270 2546 2385 2600 qum
2413 2548 2564 2601 super
2595 2543 2795 2586 terram.
2829 2528 3014 2586 Mortui
3045 2527 3174 2587 enim
3207 2527 3347 2588 estis,
3371 2536 3417 2580 et
3447 2529 3545 2579 rita
3568 2537 3706 2580 vestra
3726 2527 3801 2579 abt-

2270 2622 2472 2674 coudita
2504 2633 2574 2675 est
2614 2639 2724 2675 tum
2770 2619 2968 2673 Christo
2995 2620 3044 2671 in
3069 2616 3177 2670 Duo
3209 2618 3437 2687 (Coloss.
3479 2632 3552 2680 ιιι,
3583 2617 3602 2670 l
3640 2614 3701 2686 5).
3722 2613 3795 2677 Nm

2269 2716 2410 2769 enim
2457 2724 2679 2785 apparet
2705 2713 2844 2783 quod
2877 2712 3028 2780 vobis
3060 2711 3386 2780 prontiSsum
3413 2722 3525 2764 est:
3554 2720 3604 2764 et
3623 2710 3712 2777 jam
3734 2723 3795 2778 pa.

2269 2814 2443 2860 ratum
2490 2814 2593 2873 est,
2641 2804 2734 2859 sed
2777 2819 2880 2858 non
2928 2803 3139 2857 videtis.
3193 2800 3542 2872 lmprzrgnari
3588 2801 3671 2864 vis,
3714 2798 3794 2862 hinc

2269 2899 2652 2968 imprzrgnare;
2700 2898 2812 2968 ipsa
2870 2895 2940 2950 sit
2983 2910 3104 2970 spes
3140 2907 3223 2949 tua
3266 2913 3280 2948 :
3321 2905 3505 2948 certus
3543 2897 3635 2949 erit
3671 2901 3795 2963 partus

2271 3000 2410 3059 tuus,
2429 3008 2532 3052 non
2564 2992 2668 3045 erit
2692 2990 2988 3055 abortivus,
3023 3004 3126 3050 non
3153 2986 3793 3062 temporalis:amplertcris

2268 3083 2410 3155 quod
2456 3082 2730 3154 pepereris
2771 3083 2824 3136 in
2869 3090 3147 3136 aeternum.
3200 3081 3291 3148 Sic
3336 3080 3482 3134 enim
3532 3094 3622 3148 per
3663 3076 3792 3130 lsaiam

2269 3174 2464 3229 dicitur
2497 3191 2510 3226 :
2540 3172 2870 3239 Concepimus
2909 3183 2957 3228 et
3005 3171 3369 3242 parturivimus
3414 3172 3637 3242 spiritum
3663 3167 3787 3223 salutis

2274 3264 2424 3339 (lsai.
2448 3280 2594 3331 xxvi,
2620 3266 2732 3334 l8).
2758 3265 2892 3334 Ergo
2915 3263 2988 3333 (a)
3011 3272 3152 3320 retro
3178 3273 3280 3328 est,
3304 3273 3361 3318 et
3379 3279 3482 3317 non
3505 3262 3648 3317 datur
3665 3257 3790 3320 lltodo,

2269 3358 2362 3414 sed
2403 3358 2632 3416 dubitur.
2663 3360 2867 3424 Quanta
2911 3356 3030 3410 data
3066 3367 3208 3425 sunt,
3245 3357 3443 3414 fratres
3470 3356 3586 3424 mei,
3617 3353 3712 3424 quis
3733 3351 3790 3404 illa

2271 3461 2513 3508 numerat
2553 3449 2847 3518 secundum
2897 3447 3236 3520 Scripturas.’
3267 3451 3348 3506 lbi
3390 3449 3633 3520 scripturn
3673 3442 3790 3510 esth

2271 3541 2532 3610 Ecclesia,
2565 3551 2619 3598 et
2640 3543 2847 3609 videtur
2874 3542 2995 3614 quia
3025 3554 3138 3608 est;
3167 3543 3236 3597 ibi
3269 3545 3530 3613 scriptum
3560 3549 3631 3596 est
3649 3537 3702 3593 de
3717 3536 3789 3589 ῑιιο-

2270 3636 2334 3690 Iis
2399 3637 2520 3706 quia
2573 3651 2675 3696 non
2705 3644 2898 3705 erunt,
2943 3645 2996 3692 et
3041 3635 3249 3700 videtur
3293 3637 3418 3712 quia
3462 3652 3562 3696 non
3593 3627 3786 3698 sannibi

2267 3729 2522 3797 scriptum
2548 3737 2631 3784 est
2673 3729 2795 3802 quia
2838 3727 3096 3800 perdituri
3139 3737 3290 3785 erant
3321 3728 3492 3792 Jtldzni
3531 3727 3785 3796 regnantur?I

2269 3820 2504 3886 videtur;
2549 3821 2616 3880 ibi
2677 3820 2931 3891 scriptum
2981 3829 3063 3877 est
3105 3821 3172 3888 de
3218 3822 3508 3888 ha'retieis,
3549 3819 3654 3888 quia
3675 3809 3783 3881 futuri

2267 3921 2436 3980 erant,
2469 3921 2523 3970 et
2568 3912 2775 3968 videtur
2807 3931 2820 3969 :
2857 3913 2925 3967 ibi
2968 3913 3222 3982 scriptum
3252 3925 3336 3969 est
3367 3924 3421 3982 et
3445 3914 3510 3968 de
3537 3903 3782 3982 diejudicii.‘

2271 4005 2342 4059 ibi
2375 4005 2633 4076 scriptum
2665 4015 2747 4068 est
2777 4005 2918 4060 etde
2945 4006 3165 4076 prremio
3206 4007 3491 4074 bonorum,
3519 4003 3642 4062 etde
3677 4010 3782 4070 pira-1

2268 4097 2530 4164 malorum
2564 4116 2576 4150 :
2612 4098 2661 4151 in
2693 4097 2941 4153 omnibus
2976 4099 3140 4168 Deum
3187 4097 3403 4154 fidelem
3450 4096 3726 4153 invenimus;
3749 4087 3780 4139 ία

2268 4190 2454 4244 ultimo
2493 4189 2700 4245 deﬁciet
2728 4200 2779 4243 et
2808 4189 2988 4245 fallet?
3016 4189 3264 4245 Dominus
3303 4208 3477 4254 curam
3499 4186 3667 4243 habebit
3698 4178 3778 4232 mei-

2268 4283 2490 4355 Adjutor
2518 4300 2655 4339 meus
2687 4293 2730 4338 et
2758 4293 3007 4355 protector
3053 4301 3192 4340 meus
3233 4294 3286 4338 tu
3318 4302 3369 4340 es
3395 4301 3413 4339 .'
3446 4282 3571 4338 Deus
3594 4292 3718 4336 turus,
3739 4285 3779 4322 tu

2268 4376 2561 4428 tardaveris.
2581 4373 2694 4428 Nisi
2713 4377 3082 4432 minorarentur
3109 4376 3212 4430 dies
3239 4377 3337 4444 illi,
3367 4377 3503 4430 nulla
3517 4388 3620 4434 curo
3644 4365 3774 4436 perdu-

2267 4477 2399 4520 raret
2420 4467 2538 4522 :sed
2559 4477 2762 4538 propter
2783 4467 2960 4521 electos
2984 4468 3333 4521 breviubuutur
3351 4453 3768 4538 (Mattlt.xstv,33)-

2271 4557 2390 4611 Dies
2416 4557 2488 4610 illi
2518 4565 2672 4610 erunt
2701 4558 3074 4622 tribulationis,
3099 4560 3190 4613 sed
3222 4575 3327 4614 non
3353 4571 3455 4614 tam
3487 4554 3640 4624 longi’
3659 4558 3766 4628 9031"

2267 4661 2568 4722 Sperantur.
2598 4651 2715 4708 Cito
2749 4650 2821 4710 illi
2865 4653 3189 4721 transibunt;
3221 4655 3434 4724 requies
3477 4650 3666 4714 veniet)s
3698 4649 3765 4708 μου

2269 4743 2536 4797 transibit.
2567 4742 2878 4812 Quanquam
2910 4742 3148 4816 longum,
3175 4743 3301 4800 ferri
3329 4741 3502 4808 debuit
3522 4737 3764 4802 amittunt“?

2267 4833 2473 4890 inﬁnito
2503 4837 2662 4889 bono.

2753 4980 2832 5040 IN
2877 4979 3256 5042 PSALM'UM
3302 4983 3412 5044 XL

2855 5100 3270 5164 ENARRATIU.

2755 5206 2926 5247 SERMO
2947 5209 3014 5246 an
3046 5208 3249 5247 PLEBEM
3293 5193 3386 5265 (b).

3879 2349 3884 2638 l

3873 2638 3884 2724 Ι

3677 5612 3884 6350 1

2343 5303 2392 5358 l.
2420 5302 2681 5371 Quoniam
2717 5303 2970 5360 solemnis
3013 5305 3126 5364 dies
3157 5305 3436 5377 Martyrum
3481 5293 3731 5356 illusilnw

2267 5404 2384 5466 pter
2405 5396 2624 5466 gloriam
2645 5398 2906 5465 passionis
2934 5396 3132 5452 Christi
3164 5389 3750 5466 imperatorismartyrum‘

2327 5508 2351 5578 .'
2374 5514 2465 5556 Sex
2489 5515 2614 5578 “58-.
2636 5505 2688 5558 ίη
2711 5506 2945 5562 "mnibus.
2978 5508 3097 5560 Velit
3129 5507 3266 5572 nolit,
3291 5505 3480 5562 veriuere
3500 5495 3626 5550 habet.
3645 5491 3745 5551 ΑΨ

2265 5577 2710 5694 δεξηῑλῖῗῖιιῗίξῗωεδη
2735 5630 3072 5686 breviabuntur
3089 5632 3194 5685 dies
3215 5631 3304 5692 illi.
3331 5610 3738 5694 Erwutribtlltt’lw‘t

2267 5694 2353 5750 sed
2370 5686 2577 5750 nontam
2592 5686 2764 5757 lanata.
2783 5702 2837 5749 Et
2860 5695 3076 5750 nonnulli
3102 5711 3112 5747 :
3139 5695 3225 5752 sed
3239 5686 3347 5756 "non
3379 5689 3470 5748 iam
3491 5686 3623 5750 ,Μ’

2354 5762 2405 5819 a)
2430 5763 2588 5816 Forte,
2615 5762 2851 5819 paratum.

2331 5757 2406 5883 Ea;
2430 5763 2588 5816 Forte,
2615 5762 2851 5819 paratum.
2876 5821 2886 5829 ο

2357 5819 2384 5869 b
2433 5827 2480 5874 tu
2503 5826 2755 5883 Martyrum
2781 5822 3039 5880 festivitate
3063 5820 3272 5884 habitus.
