3960 6400
631 253 741 312 455

631 376 946 442 paupertate
971 369 1228 426 metiaris.
1257 367 1480 440 lmplere
1496 368 1642 426 venit
1670 382 1953 443 pauperes,
1975 370 2064 442 qui
2091 386 2222 443 pan-

633 481 732 537 per
755 465 978 521 eﬁ‘ectns
1004 473 1103 520 est.
1133 465 1420 534 Propterea
1449 463 1597 533 aperi
1627 464 1799 520 sinum
1832 463 1986 532 ﬁdei;
2015 464 2228 536 suscipe

633 572 919 628 pauperem
945 558 985 624 ⁸,
1013 572 1079 611 ne
1103 570 1304 627 pauper
1329 569 1632 611 remaneas.

700 649 754 703 2.
786 647 930 720 (vers.
959 645 1038 719 2.]
1063 645 1250 701 Beatus
1273 647 1360 717 qui
1378 646 1611 719 intelligit
1633 663 1784 718 super
1805 663 2013 721 egenum
2033 656 2079 704 et
2099 664 2227 718 pau-

628 757 816 812 perem,
838 742 889 795 in
917 740 999 794 die
1021 741 1158 795 mala
1184 740 1409 796 liberabit
1433 758 1548 796 eum
1573 741 1844 798 Dominus.
1866 742 2060 800 Veniet
2080 744 2223 800 enim

626 835 742 890 dies
779 834 914 889 mala
946 852 961 888 :
991 834 1125 890 velis
1175 836 1348 902 nolis,
1387 837 1594 902 veniet;
1645 835 1761 892 dies
1795 836 1982 906 judicii
2014 837 2221 904 aderit,

626 928 764 983 mala
791 927 926 993 dies,
954 927 998 982 si
1025 943 1130 982 non
1156 927 1482 983 intellexeris
1507 943 1669 998 super
1690 944 1918 1000 egenum
1944 937 2000 986 et
2024 943 2224 1001 paupe-

623 1037 759 1077 rem.
786 1019 938 1089 Quod
966 1020 1108 1076 enim
1150 1020 1310 1075 modo
1346 1036 1453 1076 non
1481 1021 1562 1077 vis
1590 1021 1813 1078 credere
1831 1061 1848 1088 ,
1877 1022 2220 1077 manifestum

620 1114 725 1170 erit
751 1114 804 1168 in
837 1111 962 1168 line.
998 1111 1104 1168 Sed
1135 1127 1239 1167 non
1271 1111 1438 1183 fugies
1460 1154 1474 1176 ,
1502 1127 1623 1168 cum
1655 1112 1816 1169 fuerit
1842 1111 2217 1180 manifestum,

619 1206 743 1278 quia
766 1223 870 1262 non
911 1205 1084 1262 credis
1119 1222 1241 1262 cum
1279 1218 1361 1261 cst
1397 1207 1689 1262 occultum.
1719 1207 1969 1264 lnvitaris
1993 1217 2052 1265 ut
2077 1207 2220 1280 quod

621 1313 728 1354 non
758 1299 908 1354 vides
934 1298 1145 1364 credas,
1177 1313 1244 1354 ne
1271 1313 1390 1354 cum
1418 1298 1615 1354 videris
1645 1300 1947 1356 erubescas.
1975 1299 2219 1372 Intellige

619 1408 748 1465 ergo
774 1407 935 1461 super
963 1407 1187 1463 egemnn
1215 1402 1270 1448 et
1299 1407 1612 1461 pauperem,
1643 1393 1694 1447 id
1724 1402 1808 1448 est
1827 1434 1843 1458 ,
1875 1408 2037 1464 super
2058 1393 2214 1450 Chri-

619 1496 792 1550 stum;
817 1483 1051 1553 intellige
1072 1484 1125 1539 in
1145 1497 1211 1538 eo
1231 1484 1466 1538 occultas
1485 1483 1717 1544 divitias,
1740 1498 1897 1554 quem
1924 1498 2214 1555 pauperem

619 1574 790 1629 vides.
831 1573 887 1630 In
925 1589 993 1630 eo
1028 1582 1154 1630 sunt
1188 1575 1329 1628 enim
1369 1588 1555 1629 omnes
1589 1573 1825 1630 thesauri
1856 1575 2130 1645 sapientiae
2158 1584 2215 1631 et

617 1665 856 1721 scientia:
879 1665 1174 1720 absconditi
1208 1664 1423 1736 (Coloss.
1456 1681 1510 1727 ιι,
1542 1666 1618 1736 5).
1644 1666 1780 1721 llinc
1802 1667 1946 1721 cnim
1973 1677 2022 1723 te
2047 1667 2099 1721 in
2125 1667 2214 1725 die

617 1758 759 1813 mala
800 1757 1079 1823 liberabit,
1122 1774 1186 1814 ex
1223 1773 1288 1813 eo
1324 1757 1465 1829 quod
1506 1758 1646 1813 Deus
1681 1768 1764 1815 cst
1792 1776 1806 1813 :
1836 1774 1905 1814 ex
1938 1775 2006 1816 eo
2033 1769 2212 1816 autem

616 1849 756 1922 quod
798 1848 961 1904 homo
994 1857 1111 1914 est,
1145 1858 1199 1904 et
1233 1848 1360 1903 illud
1388 1847 1530 1919 quod
1568 1848 1620 1904 in
1651 1849 1742 1904 illo
1778 1849 2067 1906 humanum
2095 1861 2212 1908 erat

613 1941 970 2007 resuscitavit,
998 1951 1054 1998 et
1077 1942 1130 1996 in
1156 1941 1347 1996 melius
1374 1942 1657 2008 convertit,
1687 1942 1739 1997 in
1766 1943 1962 1999 caelum
1995 1944 2207 2001 levavit.

612 2031 706 2090 Ille
741 2042 918 2090 autem
945 2033 1036 2104 qui
1067 2034 1206 2089 Deus
1231 2043 1342 2100 est,
1371 2033 1463 2103 qui
1497 2049 1656 2088 unam
1697 2049 1979 2104 personam
2011 2034 2210 2092 habere

611 2129 667 2184 in
697 2127 914 2183 homine
939 2135 994 2182 et
1020 2142 1144 2182 cum
1181 2125 1395 2182 homine
1421 2126 1614 2187 voluit,
1645 2141 1744 2182 nec
1769 2126 2082 2184 decrescere
2107 2143 2208 2186 nec

610 2234 856 2275 crescere
892 2217 1084 2289 potuit,
1117 2231 1217 2272 nec
1242 2217 1376 2272 mori
1407 2232 1505 2273 nec
1535 2232 1834 2288 resurgere.
1863 2217 2100 2275 Mortuus
2123 2229 2208 2276 cst

609 2326 676 2369 ex
717 2309 1026 2366 inﬁrmitate
1059 2309 1319 2373 hominis,
1352 2317 1604 2364 caeterum
1638 2309 1778 2365 Deus
1812 2325 1920 2365 non
1957 2311 2201 2368 moritur.

607 2407 741 2463 Nam
783 2404 924 2477 quod
964 2404 1199 2461 Verbum
1241 2404 1335 2459 Dei
1383 2421 1486 2459 non
1534 2407 1793 2474 moritur,
1841 2423 1909 2464 ne
1952 2409 2198 2477 mireris,

607 2497 822 2572 quando
866 2514 978 2555 non
1024 2498 1249 2554 moritur
1287 2498 1465 2553 anima
1509 2499 1563 2553 in
1608 2508 1862 2573 martyre.
1905 2501 2061 2557 Modo
2094 2518 2200 2558 non

605 2590 952 2648 audiebamus
976 2589 1146 2659 ipsum
1177 2589 1459 2644 Dominum
1486 2589 1750 2646 dicentem
1780 2609 1793 2644 :
1823 2591 2001 2648 Nolite
2028 2594 2200 2652 timere

603 2701 690 2740 eos
711 2686 803 2756 qui
822 2699 1005 2748 corpus
1033 2681 1286 2746 occidunt,
1317 2683 1540 2736 animam
1568 2693 1735 2739 autem
1760 2700 1862 2739 non
1886 2695 2096 2757 possunt
2115 2703 2199 2742 oc-

601 2779 769 2834 cidere
796 2775 1018 2849 (Mattlt.
1049 2790 1104 2840 x,
1134 2773 1234 2846 28)
1253 2774 1279 2828 ‘l
1305 2774 1442 2846 Ergo
1482 2775 1835 2830 morientibus
1872 2777 2199 2850 martyribus

599 2869 793 2924 animae
846 2866 1133 2939 Martyrum
1185 2873 1410 2920 mortua:
1462 2881 1567 2920 non
1618 2874 1778 2933 sunt,
1833 2876 1889 2923 et
1935 2869 2197 2927 moriente

597 2961 812 3017 Christo
841 2959 1154 3015 moriturum
1185 2965 1303 3013 erat
1326 2956 1596 3013 Verbum?
1622 2958 1815 3029 Utique
1844 2961 2070 3018 Verbum
2100 2963 2194 3020 Dei

597 3053 766 3109 multo
794 3050 1022 3122 amplius
1049 3057 1132 3104 est
1159 3063 1319 3119 quam
1347 3049 1521 3103 anima
1563 3049 1794 3105 hominis
1823 3068 1838 3104 :
1863 3051 1986 3122 quia
2015 3052 2192 3110 anima

595 3144 828 3200 hominis
848 3143 983 3198 facta
1004 3151 1085 3197 est
1105 3158 1135 3196 a
1158 3141 1302 3208 Deo;
1324 3149 1378 3195 ct
1402 3141 1446 3194 si
1473 3140 1606 3196 facta
1632 3152 1714 3197 est
1733 3158 1764 3196 a
1785 3143 1918 3210 Deo,
1941 3159 2038 3213 per
2057 3143 2194 3202 Ver-

595 3235 723 3291 bum
748 3234 884 3290 facta
904 3242 987 3288 est
1008 3251 1023 3286 :
1041 3232 1163 3302 quia
1185 3231 1362 3286 omnia
1389 3247 1486 3301 per
1506 3230 1680 3302 ipsum
1701 3231 1841 3289 facta
1860 3243 1990 3290 sunt
2009 3235 2188 3305 (Joan.

595 3341 634 3389 ι,
663 3325 753 3395 5).
782 3324 924 3395 Ergo
960 3337 1061 3378 nec
1093 3321 1319 3377 moritur
1349 3319 1616 3388 Verbum,
1646 3338 1767 3379 cum
1799 3340 1905 3380 non
1931 3328 2190 3385 moriatur

592 3420 769 3476 anima
790 3417 925 3473 facta
953 3431 1048 3486 per
1069 3415 1324 3472 Verbum.
1353 3415 1460 3472 Sed
1481 3416 1750 3488 quomodo
1775 3429 1920 3476 recte
1939 3419 2186 3488 dicimus,

593 3510 831 3567 Mortuus
854 3517 938 3564 est
962 3508 1156 3574 homo,
1187 3507 1288 3562 etsi
1313 3506 1488 3562 anima
1511 3508 1532 3538 ²
1563 3507 1729 3578 ipsius
1756 3523 1860 3564 non
1892 3512 2183 3580 moriatur;

591 3602 674 3659 sic
697 3608 841 3658 recte
864 3598 1112 3665 dicimus,
1140 3597 1384 3652 Mortuus
1406 3607 1488 3653 cst
1513 3597 1775 3667 Christus,
1807 3601 1909 3656 etsi
1935 3602 2185 3660 divinitas

591 3692 710 3764 ejus
730 3705 833 3747 non
857 3689 1132 3744 moriatur.
1157 3688 1395 3743 Mortuus
1417 3687 1558 3744 unde
1573 3688 1598 3740 τ
1617 3689 1751 3757 Quia
1771 3704 1971 3763 egenus
1990 3701 2043 3748 et
2065 3709 2186 3763 pau-

591 3798 709 3857 per.
749 3781 866 3838 Non
899 3789 951 3838 te
989 3780 1311 3851 perstringat
1350 3795 1494 3835 mors
1534 3779 1733 3852 ipsius,
1761 3792 1814 3838 et
1841 3793 2044 3839 avertat
2075 3793 2126 3841 te
2149 3801 2182 3841 a

589 3875 892 3934 contuenda
913 3873 1205 3929 divinitate.
1234 3870 1418 3926 Beatus
1439 3873 1522 3943 qui
1549 3873 1779 3944 intelligit
1798 3891 1953 3944 super
1971 3892 2182 3946 egenum

590 3980 640 4026 et
663 3984 954 4042 pauperem.
983 3966 1212 4038 ReSpice
1236 3975 1288 4021 ct
1319 3980 1599 4036 pauperes,
1620 3949 1854 4037 egentes,
1885 3971 2183 4026 esurientes

588 4074 644 4124 et
668 4065 930 4128 sitientes,
955 4061 1375 4133 peregrinantes,
1400 4059 1588 4126 nudos,
1616 4071 1866 4132 :rgrotos,
1890 4063 1941 4117 in
1963 4079 2180 4123 carcere

586 4157 934 4220 constitutos;
965 4153 1199 4223 intelligo
1231 4161 1286 4209 et
1323 4167 1485 4220 super
1512 4153 1671 4208 talem
1704 4169 2028 4224 pauperem,
2055 4159 2177 4228 quia

585 4257 642 4305 et
667 4249 710 4302 si
737 4260 898 4315 super
929 4244 1084 4299 talem
1127 4242 1412 4313 intelligis,
1441 4257 1602 4311 super
1629 4243 1776 4297 illum
1809 4245 2058 4318 intelligis
2083 4248 2176 4318 qui

585 4339 740 4405 dixit,
772 4336 994 4402 Esurivi,
1026 4333 1178 4400 sitiui,
1211 4333 1400 4396 nudus,
1440 4334 1753 4404 peregrinus,
1783 4351 1935 4406 wger,
1971 4339 2025 4392 in
2058 4355 2176 4393 car-

583 4447 696 4488 cere
719 4429 795 4500 {ui
822 4426 1033 4502 (Matth.
1063 4442 1191 4494 xxv,
1218 4425 1308 4491 35,
1338 4422 1449 4496 56).
1476 4423 1550 4478 lta
1578 4425 1632 4480 in
1657 4425 1745 4482 die
1768 4428 1996 4500 maligna
2024 4440 2176 4489 eruet

581 4531 640 4578 te
665 4521 942 4576 Dominus.

655 4613 710 4668 '5.
739 4610 904 4684 [uers.
932 4608 1013 4683 5.]
1045 4608 1110 4664 Et
1145 4606 1268 4664 vide
1301 4607 1684 4665 beatitudinem
1722 4618 1886 4668 tuam.
1923 4613 2174 4673 Dominus

582 4713 835 4762 conseruet
856 4718 990 4758 eum.
1013 4699 1277 4770 PrOpheta
1302 4699 1438 4756 bene
1457 4710 1606 4773 optat
1627 4702 1828 4758 homini
1854 4706 2170 4779 intelligenti

581 4811 745 4868 super
762 4809 985 4865 egenum
1007 4803 1062 4849 et
1083 4807 1388 4864 pauperem.
1414 4792 1512 4848 Ista
1533 4796 1734 4864 optatio
1755 4799 2035 4866 promissio
2056 4811 2166 4870 est;

584 4888 758 4946 securi
797 4894 1109 4958 exspectent
1144 4885 1233 4955 qui
1276 4885 1377 4939 hoc
1415 4893 1593 4956 agunt.
1632 4885 1880 4944 Dominus
1915 4903 2169 4950 conservet

582 4997 717 5048 eum,
742 4988 788 5035 et
813 4977 1024 5049 uiui/iret
1046 4993 1179 5032 eum.
1207 4977 1342 5046 Quid
1365 4987 1465 5043 est,
1496 4989 1747 5034 conservet
1770 4999 1904 5051 eum,
1935 4995 1983 5038 et
2008 4987 2169 5058 viviﬁ-

579 5087 658 5132 cet
687 5074 839 5131 eum?
865 5071 982 5141 Quo
1013 5071 1272 5142 pertinet,
1302 5071 1511 5141 vivi/icet
1535 5076 1690 5129 eum?
1717 5075 1795 5130 Ad
1828 5076 2054 5136 futuram
2083 5081 2166 5136 vi-

579 5176 711 5223 tam.
753 5164 1064 5221 Viviticatur
1107 5165 1247 5219 enim
1293 5163 1379 5233 qui
1431 5175 1672 5221 mortuus
1717 5176 1851 5222 erat.
1903 5169 2166 5243 Numquid

577 5269 757 5315 autem
799 5264 977 5328 potest
1017 5264 1256 5310 mortuus
1304 5255 1600 5326 intelligere
1647 5273 1807 5328 super
1847 5276 2071 5329 egenum
2110 5273 2166 5320 et

578 5349 904 5423 pauperem?
934 5347 1038 5404 Sed
1066 5348 1472 5403 viviﬁcationcm
1504 5349 1656 5403 nobis
1687 5350 1830 5404 illam
1867 5354 2158 5422 promittit,

576 5445 645 5502 de
681 5459 783 5517 qua
825 5442 953 5498 dicit
989 5440 1275 5514 Apostolus
1307 5458 1320 5496 :
1353 5438 1547 5510 Corpus
1574 5441 1773 5511 quidem
1806 5454 2057 5502 mortuum
2087 5457 2162 5505 est

638 5621 1105 5691 {Win‘l‘lgmsxf‘
1125 5627 1728 5691 reumate.--___-_-,-.t,__
1783 5678 1832 5691 ..
1926 5679 1936 5691 .

575 5743 604 5796 ὁ
636 5685 657 5715 ι
676 5678 861 5806 Exigis
879 5688 1008 5741 Mss,
1054 5678 1136 5731 sesi
1157 5690 1272 5728 caro
1286 5678 1436 5740 ipsius
1452 5678 1683 5728 moriatur
1709 5689 1728 5728 .'
1749 5678 1834 5730 ubi
1855 5679 2050 5744 quidam
2071 5683 2167 5746 ads

609 5758 670 5794 un
840 5778 853 5791 ο

1869 257 1932 316 S.
1969 256 2339 318 AUGUSTINI
2379 260 2683 323 EPISCOPI

2336 384 2860 478 propterpeccatum,
2887 382 3097 455 spiritus
3121 392 3288 443 autem
3311 389 3410 447 vita
3435 401 3505 449 est
3529 411 3700 470 propter
3712 408 3820 478 justi.

2333 467 2456 522 tiam
2478 485 2497 524 :
2517 471 2562 526 si
2585 483 2750 527 autem
2775 475 2861 546 qui
2883 479 3138 532 suscitavit
3161 479 3412 539 Christum
3439 504 3470 541 a
3495 467 3675 552 mortuis
3692 467 3823 562 huius:

2329 560 2384 614 in
2413 562 2578 628 vobis,
2605 566 2693 636 qui
2717 569 2975 623 suscitavit
3002 569 3257 628 Christum
3285 592 3315 628 a
3341 582 3546 636 mortuis
3569 560 3823 656 uiuiﬁcabitgi

2330 655 2569 710 mortalia
2600 674 2815 730 corpora
2847 671 3011 716 uestra
3044 655 3252 736 propter
3280 669 3622 732 inhabitantem
3645 680 3822 752 Spiritum

2330 751 2440 844 ejus
2469 751 2524 806 in
2554 753 2689 807 vobis
2723 753 2895 825 (Rom.
2927 773 3041 826 vni,
3068 759 3156 819 10.
3190 761 3300 832 Η).
3336 763 3460 822 Ilzrc
3483 779 3563 825 est
3581 751 3688 844 ergo
3707 778 3823 836 viviﬁ-

2328 843 2469 900 catio
2510 860 2628 915 qua:
2673 849 3000 916 promittitur
3042 851 3352 926 intelligenti
3399 874 3554 930 super
3591 843 3766 935 egenum
3791 887 3822 931 et

2328 949 2639 1036 pauperem.
2668 938 2771 996 Sed
2800 942 2921 1036 quia
2953 942 3082 1000 dicit
3118 947 3405 1018 Apostolus
3437 955 3503 1009 ad
3535 956 3820 1036 Timotheum,

2327 1028 2725 1088 Promissionem
2754 1035 2940 1091 habens
2967 1039 3083 1095 vita:
3115 1045 3375 1112 prtrscntis
3401 1057 3450 1101 et
3477 1053 3646 1120 futura:
3669 1028 3819 1126 (lTia:

2326 1136 2403 1190 tv,
2431 1123 2524 1194 8);
2563 1141 2630 1180 ne
2666 1136 2913 1196 putarent
2941 1130 3014 1184 illi
3053 1135 3141 1202 qui
3176 1135 3474 1208 intelligunt
3499 1158 3645 1213 super
3665 1123 3819 1219 egenum

2324 1221 2380 1269 et
2407 1230 2693 1286 pauperem
2712 1260 2726 1284 ,
2759 1222 3097 1290 recipiendos
3122 1227 3335 1297 quidem
3366 1246 3426 1287 se
3453 1248 3567 1290 esse
3592 1237 3639 1292 in
3661 1243 3818 1313 culum,

2323 1306 2417 1361 sed
2447 1310 2637 1380 negligi
2670 1311 2720 1364 in
2751 1322 2928 1375 terra;
2957 1326 3011 1372 et
3038 1333 3142 1373 non
3172 1336 3451 1392 sperarent
3477 1329 3568 1382 nisi
3595 1334 3711 1396 quod
3735 1306 3820 1392 tum

2323 1415 2440 1456 rum
2467 1412 2544 1456 est
2579 1403 2630 1458 in
2661 1410 3091 1480 mternum,quod
3121 1425 3297 1469 autem
3327 1416 3394 1470 ad
3423 1433 3642 1488 praesens
3662 1436 3740 1494 csr,
3763 1445 3816 1496 pu-

2322 1500 2497 1549 tarent
2528 1494 2691 1552 Deum
2723 1513 2830 1554 non
2859 1515 3050 1559 curare
3091 1505 3142 1559 in
3176 1509 3377 1563 sanctis
3405 1522 3458 1566 et
3497 1494 3816 1583 tidelibussuis:

2319 1585 2407 1641 ubi
2437 1585 2571 1641 dixit
2592 1589 2732 1658 quod
2761 1592 2992 1649 maxime
3021 1608 3332 1667 exspectare
3358 1600 3622 1671 debemus,
3649 1608 3818 1669 Donum

2318 1687 2570 1732 conservet
2609 1697 2751 1746 eum,
2780 1691 2826 1736 et
2867 1685 3078 1753 viuiﬁcet
3114 1704 3260 1754 eum;
3288 1695 3522 1763 respexit
3546 1697 3608 1753 ad
3635 1701 3754 1755 istam
3771 1708 3815 1758 vi.

2319 1777 2448 1866 tam,
2570 1771 2787 1866 beatum,
2811 1774 3001 1844 inquit,
3030 1779 3187 1848 faciat
3207 1797 3321 1836 eunt
3345 1784 3397 1838 in
3425 1794 3572 1841 terra.
3592 1789 3724 1863 Erige
3741 1810 3816 1866 ergo

2315 1859 2504 1914 oculos
2533 1861 2584 1915 in
2617 1862 2730 1918 haec
2758 1867 3018 1935 promissa
3049 1869 3335 1927 christiana
3368 1874 3470 1933 ﬁde
3497 1895 3510 1932 :
3535 1894 3629 1936 non
3656 1859 3697 1938 te
3716 1859 3814 1943 dese-

2314 1949 2384 2004 rit
2410 1950 2551 2006 Dens
2581 1952 2632 2007 in
2663 1962 2803 2011 terra
2824 1997 2840 2022 ,
2869 1967 2924 2013 et
2951 1959 3147 2030 aliquid
3177 1966 3441 2033 promittit
3477 1970 3529 2026 in
3562 1974 3700 2030 caelo.
3722 1977 3813 2034 Multi

2312 2040 2453 2094 enim
2483 2044 2606 2098 mali
2632 2044 2902 2103 christiani
2933 2051 3268 2122 inspectores
3295 2059 3722 2128 cphemeridarum
3741 2072 3764 2134 ¹,
3780 2084 3811 2130 et

2312 2130 2653 2202 inquisitores
2679 2145 2836 2208 atque
2861 2141 3236 2203 observatores
3262 2157 3558 2222 temporum
3584 2168 3631 2213 et
3653 2130 3810 2228 dierum,

2309 2239 2432 2324 cum
2459 2231 2727 2324 ceperint.
2747 2233 2818 2288 ibi
2845 2236 3112 2309 objurgari
3141 2255 3170 2295 a
3200 2244 3395 2313 nobis,
3424 2249 3505 2305 vel
3532 2265 3560 2304 a
3581 2254 3809 2324 quibusdam

2307 2312 2464 2372 bonis
2501 2320 2918 2395 melioribusque
2955 2328 3292 2400 christianis,
3331 2353 3496 2408 quare
3531 2312 3619 2398 ista
3652 2344 3808 2416 incinit,

2307 2409 2633 2506 respondent
2656 2431 2670 2468 :
2694 2413 2819 2472 llaec
2838 2429 3055 2490 propter
3073 2432 3280 2496 tempus
3300 2429 3407 2486 hoc
3427 2437 3692 2493 necessaria
3708 2409 3806 2506 sunt;

2305 2499 2577 2560 christiani
2603 2516 2779 2563 autem
2809 2525 2997 2571 sumus
3023 2528 3243 2588 propter
3265 2525 3429 2580 vitam
3458 2537 3712 2598 reternam;
3732 2499 3806 2603 pre

2303 2601 2484 2664 pterea
2523 2598 2578 2652 in
2619 2598 2888 2659 Christum
2931 2608 3285 2682 credidimus,
3318 2628 3378 2673 ut
3413 2619 3504 2677 det
3539 2624 3674 2681 nobis
3701 2598 3803 2683 vium

2301 2697 2593 2788 aeternam;
2624 2709 2744 2750 nam
2778 2699 2882 2754 vita
2913 2699 3011 2756 ista
3043 2709 3356 2776 temporalis
3385 2713 3436 2768 in
3465 2729 3562 2786 qua
3585 2732 3802 2788 versamur,

2299 2782 2369 2876 ad
2388 2797 2570 2840 curam
2595 2787 2759 2860 ipsius
2784 2807 2888 2848 non
2910 2795 3159 2865 pertinet.
3188 2782 3542 2876 Relinquitur,
3565 2820 3616 2866 ut
3634 2813 3714 2868 hoc
3726 2782 3802 2868 lue;

2297 2874 2436 2930 viter
2460 2877 2660 2973 dicant,
2692 2891 2750 2936 ut
2778 2895 2996 2956 propter
3019 2889 3179 2948 vitam
3210 2874 3470 2956 aeternam
3498 2901 3645 2968 Deus,
3666 2911 3709 2958 ct
3728 2920 3802 2973 pm-

2452 2969 2619 3065 vitam
2663 2987 2979 3042 praesentem
3021 2981 3266 3040 diabolus
3313 2989 3534 3046 colatur.
3578 2969 3801 3065 Respondet
3865 3015 3870 3065 ί

2296 3056 2401 3112 illis
2428 3061 2541 3129 ipse
2559 3061 2804 3120 Christus
2829 3085 2845 3123 :
2871 3067 2994 3124 Non
3019 3077 3223 3142 potestis
3243 3079 3443 3137 duobus
3464 3056 3801 3141 dominis-territt

2298 3147 2507 3250 (Matth.
2539 3169 2611 3250 vr,
2638 3154 2752 3228 24).
2785 3158 2852 3214 Et
2874 3163 3036 3220 alium
3061 3168 3192 3224 colis
3217 3182 3439 3244 propter
3460 3177 3509 3233 id
3530 3179 3654 3250 quod
3675 3193 3797 3247 exqu-

2292 3251 2409 3341 etas
2429 3243 2480 3299 in
2507 3247 2665 3313 caelo,
2689 3258 2744 3306 et
2769 3251 2930 3308 alium
2956 3256 3089 3312 colis
3113 3273 3336 3331 preptcr
3363 3267 3414 3322 id
3443 3243 3574 3340 quod
3598 3243 3799 3341 exspectas

2291 3333 2344 3388 in
2377 3342 2515 3391 terra
2547 3356 2560 3392 :
2591 3350 2789 3407 quanto
2818 3346 3010 3403 melius
3038 3366 3200 3407 unum
3228 3357 3399 3427 colis,
3427 3333 3512 3430 qui
3540 3361 3648 3418 fecit
3666 3333 3796 3418 celum

2290 3433 2344 3480 et
2369 3430 2602 3525 terram?
2625 3431 2722 3499 Qui
2752 3438 2960 3495 curavit
2984 3451 3040 3496 ut
3063 3456 3208 3500 esset
3231 3456 3398 3519 terra,
3424 3453 3676 3525 imaginem
3697 3469 3795 3510 suam

2289 3518 2506 3590 negligit
2532 3521 2584 3577 in
2613 3527 2791 3580 terra?
2817 3528 2979 3600 Ergo,
3010 3533 3278 3594 Conseruet
3309 3518 3424 3597 eum
3452 3518 3679 3601 Dominus
3696 3555 3730 3600 et
3749 3546 3794 3599 rio

2287 3611 2449 3707 tri/iret
2472 3629 2602 3681 eum,
2636 3618 3015 3691 intelligentem
3041 3642 3204 3697 super
3228 3647 3457 3704 egenum
3487 3645 3538 3692 et
3563 3651 3790 3707 pauperem.

2285 3703 2506 3776 Insuper
2537 3712 2778 3779 quamvis
2815 3715 2868 3770 in
2905 3727 3162 3777 aeternum
3199 3725 3458 3797 viviﬁcet,
3489 3703 3663 3787 beatum
3689 3730 3791 3803 faciat

2285 3815 2400 3853 eum
2429 3801 2479 3855 in
2509 3811 2661 3858 terra.

2354 3893 2407 3946 4.
2435 3892 2500 3946 Et
2523 3912 2619 3951 non
2645 3900 2813 3954 tradat
2838 3919 2950 3958 eum
2975 3906 3030 3960 in
3053 3924 3234 3963 manus
3255 3913 3451 3970 inimici
3471 3917 3588 3987 ejus.
3611 3913 3788 3970 Inimicus

2283 3982 2371 4038 ille
2394 3983 2638 4042 diabolus
2671 4000 2771 4045 est.
2802 3992 2970 4050 Nemo
2992 4002 3231 4057 attendat
3269 3982 3535 4062 inimicum
3571 4023 3698 4062 suum
3726 4005 3788 4058 ho-

2280 4076 2477 4133 minem
2497 4121 2514 4146 ,
2543 4084 2754 4152 quando
2779 4088 2927 4144 audit
2953 4092 3114 4148 verba
3140 4095 3256 4151 ista.
3289 4097 3409 4154 1am
3440 4101 3564 4157 forte
3587 4100 3646 4155 de
3666 4098 3785 4152 vicino

2280 4184 2378 4226 suo
2402 4175 2687 4246 cogitabat,
2716 4179 2784 4236 de
2812 4181 2904 4236 illo
2928 4186 3018 4254 qui
3045 4201 3165 4243 cum
3197 4189 3286 4246 illo
3311 4191 3457 4249 litem
3484 4195 3532 4248 in
3559 4193 3656 4249 foro
3675 4191 3784 4245 habe

2279 4263 2403 4333 bat,
2430 4267 2498 4322 de
2527 4269 2614 4322 illo
2639 4271 2728 4341 qui
2760 4272 2831 4327 illi
2862 4276 2974 4330 vult
3000 4279 3209 4336 auferre
3237 4287 3638 4352 possessionem,
3661 4283 3726 4353 qui
3744 4279 3782 4334 il-

2278 4357 2385 4413 lum
2416 4361 2530 4415 vnit
2556 4378 2796 4432 premere
2827 4376 2884 4421 ut
2911 4369 3104 4427 vendat
3133 4373 3204 4428 illi
3233 4376 3451 4432 domum
3484 4393 3635 4434 suam.
3660 4372 3777 4430 Nolite

2277 4449 2376 4505 ίεῑει
2404 4452 2668 4522 cogitare;
2694 4455 2784 4512 sed
2817 4458 2960 4517 illum
2990 4462 3260 4521 inimicum
3287 4471 3528 4540 cogitate,
3552 4471 3610 4525 de
3630 4481 3710 4537 quo
3726 4463 3776 4517 di-

2275 4542 2348 4635 cit
2377 4543 2662 4613 Dominus,
2697 4547 2944 4609 Inimicus
2967 4555 3115 4612 homo
3144 4558 3240 4614 hoc
3274 4563 3390 4633 fecit
3419 4563 3530 4635 (Id.
3560 4577 3666 4625 xm,
3686 4556 3770 4618 98)-

2276 4631 2394 4703 lpsc
2415 4644 2498 4691 est
2522 4638 2662 4694 enim
2689 4643 2777 4712 qui
2803 4648 3036 4717 suggerit
3063 4661 3118 4704 ut
3147 4631 3363 4724 propter
3391 4631 3473 4710 res
3498 4663 3698 4710 terrenas
3715 4662 3772 4702 co-

2273 4725 2446 4794 latur;
2477 4731 2596 4800 quia
2628 4749 2734 4789 non
2774 4745 2948 4804 potest
2987 4752 3230 4801 evertere
3273 4762 3462 4803 nomen
3503 4744 3766 4801 christianum

2273 4821 2517 4879 inimicus
2544 4825 2644 4881 iste
2673 4844 2687 4880 :
2715 4828 2845 4883 vidit
2881 4833 3021 4888 enim
3056 4848 3116 4892 se
3143 4837 3339 4894 victum
3371 4839 3499 4895 fama
3524 4847 3573 4895 et
3594 4832 3766 4891 laudibus

2272 4910 2487 4980 Christi,
2516 4915 2644 4971 vidit
2668 4916 2720 4971 in
2741 4933 2808 4974 eo
2831 4922 2971 4990 quod
2994 4926 3182 4982 occidit
3211 4939 3466 5002 martyres
3487 4925 3668 4988 Christi,
3687 4922 3762 4974 ilius

2270 5017 2571 5075 coronatos,
2593 5020 2646 5066 et
2668 5027 2728 5067 se
2754 5014 3131 5087 triumphatum
3152 5038 3167 5087 ;
3190 5032 3243 5078 et
3262 5024 3415 5096 cmpit
3437 5038 3532 5078 non
3556 5030 3682 5091 posse
3697 5014 3761 5065 lwc

2271 5103 2587 5172 persuadere
2609 5105 2929 5178 hominibus,
2953 5115 3093 5183 quod
3118 5117 3250 5171 nihil
3273 5119 3338 5173 sit
3355 5117 3602 5179 Christus;
3619 5118 3663 5165 et
3678 5104 3758 5177 (ιιιίλ

2269 5196 2616 5265 vituperando
2642 5199 2929 5268 Christum,
2954 5204 3064 5274 jam
3091 5207 3305 5264 difﬁcile
3327 5209 3542 5278 decipit;
3569 5193 3756 5259 laudando

2267 5288 2555 5355 Christum,
2572 5305 2798 5351 conatur
2811 5295 3076 5367 decipere.
3098 5301 3266 5357 Antea
3283 5301 3403 5374 quid
3419 5293 3752 5358 dicebattQWm

2266 5381 2474 5437 colitis?
2505 5383 2746 5440 Judtuum
2783 5397 3051 5445 mortuum
3071 5432 3086 5456 ,
3116 5394 3423 5449 cruciﬁxum
3443 5434 3457 5458 ,
3488 5386 3650 5446 nullius
3674 5393 3752 5432 m0'

2263 5473 2431 5529 menti
2463 5473 2763 5544 hominem,
2792 5479 2883 5549 qui
2915 5496 3021 5536 non
3059 5484 3228 5553 potuit
3254 5501 3284 5540 a
3313 5501 3368 5540 se
3402 5491 3599 5539 mortem
3621 5463 3748 5538 δεινοί·

2264 5563 2396 5622 lere.
2423 5564 2526 5623 Ubi
2561 5567 2614 5624 in
2653 5569 2867 5627 nomine
2894 5571 3009 5644 ejus
3037 5573 3170 5630 vidit
3204 5591 3412 5633 currere
3447 5582 3590 5647 genus
3618 5563 3747 5620 bum‘

3875 2076 3888 2468 1

3871 2468 3888 2833 Ι

3854 4319 3888 4681 1

3488 5417 3650 5446 "uulua
3674 5417 3731 5432 ι’·ἰ

3481 5491 3599 5538 rtem
3621 5463 3748 5538 δεινοί·
3861 5417 3888 6346 l

3481 5582 3590 5630 enus
3618 5563 3747 5620 Ιιυωει·

2329 5749 2346 5782 ι
2371 5747 2580 5800 colbert.
2606 5755 2708 5812 Ms,
2731 5751 2966 5804 rationum
2987 5753 3388 5820 ephemeriarwn.
