3960 6446
216 366 290 425 157

214 500 329 547 num,
361 482 496 539 vidit
534 482 654 554 quia
692 481 742 534 in
785 478 999 534 nomine
1035 475 1273 532 cruciﬁxi
1310 477 1505 547 templa
1543 476 1770 532 subver-

214 588 370 638 ltttttur,
401 575 541 629 idola
578 574 912 644 franguntur,
946 570 1206 625 sacriﬁcia
1242 569 1687 639 exstinguuntur;
1718 574 1775 623 et

215 670 299 723 hac
321 668 493 722 onmia
526 664 776 736 pra-dicta
808 665 860 717 in
891 661 1173 733 Prophetis
1203 659 1550 716 attenduntur
1577 659 1645 714 ab
1675 658 1773 712 bo-

216 759 446 825 miuibus,
491 755 847 811 admiratione
891 753 1261 824 stupentibus,
1307 760 1363 807 et
1406 750 1775 806 claudentibus

210 852 294 923 jam
328 864 416 904 cor
449 847 707 903 adversus
741 846 1182 917 vituperationem
1214 842 1491 908 Christi‘;
1522 842 1691 896 induit
1716 857 1777 897 se

213 942 423 999 laudibus
445 939 667 1006 Christi,
697 947 751 993 et
775 938 939 1009 C(Bpll
967 954 994 989 a
1024 936 1129 991 ﬁde
1156 935 1262 990 alio
1291 935 1452 989 modo
1477 932 1772 988 deterrere.

210 1037 362 1106 Magna
386 1036 468 1091 lex
497 1043 577 1089 est
604 1030 927 1095 Christiana,
954 1039 1146 1101 potens
1169 1028 1257 1083 illa
1284 1028 1390 1093 lex,
1416 1026 1616 1091 divina,
1644 1024 1776 1079 inefo

210 1128 393 1183 labilis:
420 1125 511 1181 sed
538 1126 658 1194 quis
689 1124 831 1179 illam
870 1122 1091 1193 implet?
1131 1121 1187 1176 Ιιι
1228 1120 1444 1175 nomine
1484 1116 1777 1174 salvatoris

206 1217 348 1276 nnslri
376 1216 683 1272 conculcate
716 1216 926 1271 leonem
954 1223 1003 1268 ct
1030 1213 1315 1267 draconem
1344 1210 1518 1282 (Psal.
1545 1224 1630 1272 xc,
1662 1208 1773 1279 15).

206 1314 380 1380 Aperte
404 1306 847 1379 reprehendendo
878 1304 1139 1360 fremebat
1164 1304 1278 1368 leo,
1304 1311 1477 1357 astute
1509 1298 1777 1354 laudando

206 1402 458 1456 insidiatur
492 1397 676 1453 draco.
720 1396 948 1452 Veniant
989 1396 1051 1449 ad
1096 1394 1252 1449 Iidem
1298 1393 1386 1462 qui
1427 1390 1775 1446 dubitabant:

206 1508 295 1547 non
320 1491 522 1554 dicant,
547 1489 679 1556 Quis
711 1488 811 1542 hoc
839 1487 1061 1557 implet?
1086 1486 1142 1541 Si
1177 1485 1245 1541 de
1272 1484 1473 1538 viribus
1499 1481 1607 1536 suis
1637 1495 1779 1550 prm-

206 1590 425 1648 sumunt,
461 1595 564 1636 non
596 1580 909 1649 implebunt.
938 1574 1321 1633 Prmsumendo
1346 1574 1413 1629 de
1442 1572 1610 1643 gratia
1646 1570 1737 1625 Dei
1759 1571 1779 1602 ³

208 1675 423 1735 credant,
448 1670 819 1742 puesumeudo
841 1669 1076 1732 veniant,
1101 1665 1382 1736 adiuvandi
1410 1663 1646 1725 veniant,
1675 1676 1780 1715 non

204 1764 474 1837 iudicandi.
516 1764 713 1818 Vivunt
747 1777 935 1817 onmes
974 1760 1159 1816 lideles
1198 1760 1250 1814 in
1293 1759 1506 1812 notnine
1546 1754 1779 1817 Christi.

206 1857 411 1928 quisque
438 1870 533 1926 pro
556 1854 722 1926 gradu
748 1870 847 1909 suo
874 1853 1099 1923 implens
1127 1859 1388 1920 praecepta
1417 1847 1640 1913 Christi,
1670 1845 1783 1898 sive

204 1948 472 2019 coniuges,
507 1947 622 2001 sive
658 1945 871 2000 caelibes
907 1953 962 1999 et
1000 1942 1266 2013 virgines,
1302 1940 1488 1994 vivunt
1524 1946 1780 2008 quantum

203 2037 357 2093 donat
381 2038 629 2092 Dominus
648 2037 727 2091 eis
755 2035 932 2091 vivere
952 2050 967 2096 ;
997 2047 1168 2103 neque
1192 2031 1258 2086 de
1284 2032 1395 2086 suis
1418 2028 1621 2083 viribus
1648 2042 1781 2097 pra:-

204 2139 435 2194 sumunt,
461 2128 555 2185 sed
583 2136 843 2184 noverunt
870 2140 931 2181 se
959 2126 1009 2180 in
1041 2125 1133 2179 illo
1158 2122 1356 2179 debere
1382 2120 1615 2194 gloriari.
1645 2118 1784 2187 Quid

201 2221 339 2278 enim
369 2220 554 2288 habes,
584 2219 729 2291 quod
760 2234 864 2274 non
894 2216 1186 2287 accepisti?
1210 2215 1266 2271 Si
1294 2224 1472 2270 autem
1499 2211 1781 2281 accepisti,

201 2314 322 2382 quid
347 2313 583 2385 gloriaris
606 2312 754 2383 quasi
788 2327 891 2367 non
918 2308 1191 2380 acceperis
1219 2308 1270 2383 (l
1296 2306 1415 2364 Cor.
1445 2322 1519 2371 tv,
1546 2305 1641 2377 7)?
1666 2304 1784 2359 Noli

200 2404 379 2460 dicere
402 2403 548 2470 mihi,
572 2402 704 2471 Quis
730 2401 857 2458 illud
888 2401 1109 2473 implet?
1141 2400 1231 2455 Ille
1264 2399 1313 2454 in
1346 2414 1431 2454 me
1459 2397 1663 2467 implet,
1697 2394 1786 2465 qui

199 2497 347 2552 venit
368 2494 509 2551 dives
542 2495 607 2550 ad
648 2508 934 2567 pauperem
964 2509 977 2546 :
1010 2507 1211 2563 pauper
1244 2490 1458 2561 quidem
1493 2489 1559 2545 ad
1592 2504 1787 2560 paupe-

196 2604 339 2656 rem,
364 2590 450 2644 sed
477 2588 665 2660 plenus
690 2587 757 2641 ad
786 2587 1017 2640 inanem.
1050 2584 1174 2639 llaec
1198 2583 1457 2654 cogitans,
1484 2582 1603 2652 quia
1633 2580 1789 2637 intel-

196 2680 317 2751 ligit
349 2694 502 2751 super
533 2693 759 2750 egenum
794 2684 851 2734 et
886 2690 1207 2748 pauperem,
1239 2684 1294 2729 et
1327 2688 1432 2729 non
1471 2681 1790 2742 aspernatur

195 2782 558 2843 paupertatem
582 2769 801 2837 Christi,
830 2768 1075 2838 intelligit
1100 2765 1314 2822 divitias
1331 2765 1552 2830 Christi,
1583 2766 1639 2819 lit
1668 2764 1789 2818 bea-

195 2875 293 2923 tus
331 2868 381 2923 in
417 2877 584 2925 terra:
620 2874 675 2923 et
709 2880 813 2921 non
855 2862 1080 2918 traditur
1117 2862 1172 2916 in
1212 2875 1401 2915 manus
1435 2858 1631 2913 inimici
1672 2858 1787 2925 sui,

195 2960 429 3015 volentis
451 2959 498 3015 ei
528 2956 848 3029 persuadere
874 2963 932 3009 ut
960 2953 1106 3009 Deus
1137 2952 1343 3006 colatur
1380 2958 1597 3020 propter
1625 2949 1789 3004 coele-

192 3054 330 3121 stia,
354 3054 585 3109 diabolus
607 3051 813 3107 colatur
835 3057 1053 3120 propter
1080 3057 1310 3102 terrena.
1338 3041 1461 3098 Non
1489 3040 1656 3097 tradat
1677 3058 1792 3096 eum

192 3148 261 3202 in
288 3163 460 3201 manus
486 3144 679 3200 inimici
704 3143 836 3215 ejus.

280 3240 336 3295 5.
367 3237 506 3312 [verm
526 3234 609 3310 4.]
639 3234 887 3290 Dominus
911 3248 1055 3303 opem
1083 3234 1213 3303 [erat
1238 3228 1336 3283 illi.
1358 3226 1462 3284 Sed
1484 3225 1612 3280 ubi?
1631 3224 1794 3281 Forte

200 3330 267 3385 in
304 3329 457 3395 ca‘lo,
484 3328 617 3384 forte
642 3326 695 3383 in
724 3326 829 3381 vita
855 3334 1073 3389 (eterna,
1102 3332 1159 3377 ut
1183 3330 1349 3378 restet
1374 3317 1655 3374 colendum
1682 3318 1795 3372 dia-

194 3418 395 3474 bolum
412 3428 624 3489 propter
644 3416 877 3488 impiam
901 3424 1187 3478 terrenam,
1214 3419 1430 3483 propter
1450 3410 1797 3465 necessitates

200 3512 374 3582 hujus
394 3511 547 3568 vitm?
575 3510 749 3567 Absit.
781 3507 1198 3565 l‘romissioncm
1226 3505 1388 3559 habes
1414 3503 1537 3556 vitae
1564 3516 1799 3571 prmscn-

203 3602 290 3659 tis
314 3614 367 3658 et
392 3602 574 3659 futura:
598 3601 642 3672 (l
673 3600 807 3656 Tim.
834 3615 906 3663 tv,
930 3598 1009 3669 8).
1040 3596 1134 3653 llle
1160 3594 1225 3650 ad
1254 3604 1306 3650 te
1331 3593 1476 3649 venit
1503 3592 1553 3646 in
1577 3600 1792 3657 terram,

208 3710 315 3765 per
342 3711 489 3766 quem
516 3694 714 3750 factum
741 3702 824 3749 est
847 3690 1042 3747 cmlum
1066 3699 1120 3744 et
1140 3697 1301 3743 terra.
1326 3686 1563 3754 Denique
1585 3683 1801 3739 attende

206 3786 349 3856 quid
375 3786 506 3841 dicat
534 3804 549 3842 :
578 3784 827 3839 Dominus
852 3797 997 3850 opem
1025 3784 1153 3850 [erat
1176 3778 1252 3832 illi
1278 3793 1429 3847 super
1452 3777 1632 3828 lectum
1657 3773 1800 3827 dolo-

209 3869 295 3923 n’s
317 3870 433 3941 ejus.
460 3870 651 3925 Lectus
674 3866 874 3923 doloris
899 3861 1180 3920 inﬁrmitas
1204 3870 1283 3915 est
1311 3860 1506 3913 carius.
1532 3856 1609 3911 Ne
1631 3856 1797 3921 dicas,

212 3957 339 4014 Non
358 3974 558 4030 possum
577 3969 757 4015 tenere
772 3966 825 4012 et
841 3964 1056 4028 portare
1071 3962 1120 4007 et
1141 3950 1350 4005 frenare
1368 3962 1578 4003 carnem
1594 3961 1765 4001 meam
1784 3963 1797 4000 :

216 4049 480 4120 adjuvaris
517 4060 577 4106 ut
618 4049 810 4120 possis.
858 4045 1112 4100 Dominus
1152 4057 1307 4111 opem
1347 4039 1483 4094 ferat
1519 4037 1610 4093 tibi
1644 4052 1803 4106 stqer

223 4140 415 4197 lectum
436 4141 636 4197 doloris
661 4139 756 4195 tui.
784 4137 1035 4193 Portabat
1059 4146 1109 4190 te
1127 4134 1317 4198 lectus,
1340 4146 1443 4185 non
1476 4138 1529 4183 tu
1557 4128 1805 4198 portabas

225 4231 441 4300 lectum;
463 4232 556 4291 sed
581 4231 897 4304 paralyticos
917 4230 1059 4285 intus
1080 4241 1200 4282 eras
1220 4243 1233 4279 :
1252 4224 1403 4279 adest
1424 4223 1511 4294 qui
1530 4221 1671 4276 dicat
1689 4220 1803 4288 tibi,

228 4322 365 4381 Tolle
383 4326 644 4397 grabatum
664 4333 829 4389 tuum,
852 4330 897 4375 et
918 4320 1044 4375 vade
1062 4320 1115 4373 in
1135 4318 1337 4372 domum
1360 4325 1497 4368 tuam
1524 4312 1711 4383 (Marci
1733 4328 1804 4379 tt,

230 4418 337 4490 11).
368 4417 611 4473 Dominus
638 4431 785 4485 opem
815 4416 944 4486 {erat
977 4412 1055 4466 illi
1078 4426 1230 4481 super
1257 4409 1436 4463 lectum
1461 4406 1650 4459 doloris
1675 4406 1804 4476 ejus.

232 4514 299 4571 Et
320 4516 383 4571 ad
419 4518 591 4589 ipsum
617 4512 898 4570 Dominum
925 4507 1188 4565 convertit
1216 4521 1294 4570 se,
1325 4512 1573 4574 umquam
1599 4516 1808 4572 qucum-

234 4618 394 4674 retur,
424 4610 600 4676 Quare
626 4620 755 4676 ergo
782 4616 902 4658 cum
930 4614 1087 4670 opem
1116 4597 1252 4652 ferat
1279 4594 1431 4649 nobis
1460 4594 1602 4648 Deus
1620 4633 1635 4654 ,
1667 4599 1810 4645 tanta

237 4700 363 4754 mala
392 4699 619 4771 patimur
644 4696 697 4751 in
724 4694 825 4749 ista
844 4692 973 4757 vita,
999 4697 1141 4743 tanta
1171 4684 1443 4749 scandala,
1472 4690 1647 4736 tantos
1667 4682 1814 4737 labo-

238 4802 340 4856 res,
364 4799 561 4846 tantam
587 4784 1012 4855 inquietudinem
1038 4778 1215 4836 carnis
1238 4784 1292 4832 et
1314 4774 1531 4831 surculi?
1555 4771 1815 4829 convertit

244 4893 297 4937 te
317 4882 379 4937 ad
406 4882 596 4946 Deum,
623 4888 678 4934 et
702 4887 954 4947 tauquam
978 4869 1257 4927 consilium
1280 4866 1557 4923 medicina:
1580 4866 1695 4935 ejus
1715 4879 1813 4919 no-

247 4968 319 5025 his
340 4986 612 5044 exponens
641 4987 656 5025 :
686 4967 867 5025 Totum
902 4973 1116 5020 stratum
1143 4961 1252 5027 ejus
1273 5000 1287 5025 ,
1320 4957 1519 5028 inquit,
1552 4956 1738 5010 vertiin
1764 4955 1817 5009 in

248 5062 524 5129 infirmitate
548 5063 681 5133 ejus.
707 5058 843 5127 Quid
874 5066 956 5112 est
975 5097 989 5120 ,
1030 5054 1212 5108 Totum
1251 5058 1465 5104 stratum
1498 5050 1607 5119 ejus
1632 5046 1819 5102 venisti

251 5152 293 5206 in
332 5155 624 5225 inﬁrmitate
664 5150 815 5223 ejus?
857 5147 960 5204 Per
1000 5152 1223 5201 stratum
1269 5140 1581 5210 intelligitur
1623 5136 1819 5208 aliquid

263 5252 537 5303 terrenum.
580 5245 766 5301 Omnis
805 5241 978 5296 anima
1018 5238 1225 5292 inﬁrma
1266 5234 1316 5289 in
1358 5232 1456 5287 hac
1492 5233 1596 5286 vita
1635 5231 1820 5300 quaerit

264 5338 347 5395 sibi
375 5339 572 5411 aliquid
604 5347 873 5392 terrenum
900 5332 989 5388 ubi
1020 5329 1356 5399 requiescat;
1385 5326 1631 5395 quoniam
1660 5328 1824 5381 inten-

250 5429 434 5488 ‘ionem
480 5428 683 5486 laboris
720 5437 775 5482 et
814 5424 1010 5481 mentis
1051 5427 1283 5477 extentze
1324 5419 1375 5472 in
1419 5417 1580 5472 Deum
1611 5416 1824 5473 difﬁcile

296 5571 313 5604 ⁸
349 5569 421 5617 Sic
440 5566 626 5627 habent
646 5561 872 5627 plerique
895 5565 1014 5627 Μξδκ
1044 5559 1096 5627 f‘.‘
1117 5551 1329 5627 ﬁed-3.51
1366 5547 1828 5627 ίέξαῖἷᾳῧῖέέῖτέίῖνῖφῖῑ

250 5610 1075 5689 ιαυέῖευῑῑειῑῖιῑείςαιξοιξειηςιινίδςί
1097 5610 1347 5689 easeas
1367 5610 1825 5689 successes;

229 5670 905 5754 .
966 5670 1573 5754 sedavisiliaaimplﬂ?
1600 5670 1828 5736 ιηιριειιιν

217 5732 291 5808 έθῖ
305 5732 780 5807 "Msast
800 5738 951 5794 nostri
972 5732 1204 5790 calcantis
1227 5732 1548 5804 leoneuyetc.
1671 5732 1681 5736 '

304 5822 327 5855 ι
345 5824 530 5858 mnam
550 5814 658 5858 fere
668 5817 778 5858 uss.
799 5806 1046 5857 omittunt,
1068 5797 1129 5849 de
1144 5799 1307 5858 grana
1324 5802 1411 5858 De;
1437 5806 1455 5844 .'
1479 5802 1533 5845 et
1550 5792 1834 5858 paulopost

269 5806 276 5808 ⁷
304 5806 327 5855 ί
345 5824 530 5867 omnes
550 5814 658 5863 fere
668 5817 778 5863 Mss.
799 5806 1046 5876 omittunt,
1068 5806 1129 5849 de
1144 5806 1307 5860 gratia
1324 5806 1411 5847 Det
1437 5806 1455 5844 :
1479 5806 1533 5845 et
1554 5806 1820 5908 pamopost

201 5861 456 5937 ἔξευωιε
481 5872 747 5941 adij
765 5867 974 5922 mutant.
999 5858 1112 5912 Md.
1134 5868 1290 5911 vero:
1312 5851 1560 5922 adjtwand
1613 5862 1820 5910 vernant.

528 5963 603 6024 SA
615 5977 748 6019 NCT.
804 5953 843 6006 .\
858 5966 931 6006 tit,
944 5961 1074 6003 ι’δτ,
1123 5942 1227 6004 IV.

1266 358 1669 419 ENARRATIO
1706 357 1776 416 IN
1812 356 2135 417 PSALMUM
2170 357 2285 415 XL.

3354 365 3467 428 458

1879 484 2053 545 potest
2079 484 2335 545 perpetuo
2359 474 2587 533 tolerare
2617 492 2633 531 :
2658 476 2856 549 aliquid
2883 478 2983 536 sibi
3009 482 3060 535 in
3083 487 3226 537 terra
3244 484 3470 555 conqui-

1877 568 1949 622 rit
1970 567 2057 621 ubi
2081 568 2378 637 requiescat
2404 577 2456 622 et
2480 566 2876 639 quodammodo
2902 573 3211 641 pausatione
3235 575 3468 645 quadam

1879 659 2185 724 recumbat,
2212 660 2370 715 veluti
2394 670 2519 715 sunt
2544 659 2642 716 ista
2667 678 2783 732 qua:
2804 663 3030 734 diligunt
3053 674 3108 720 et
3133 667 3467 725 innocentes.

1879 753 2062 825 Neque
2089 754 2232 810 enim
2273 754 2341 809 de
2375 754 2754 826 cupiditatibus
2783 756 3041 813 malorum
3072 773 3216 815 nunc
3240 760 3473 831 loquen-

1879 846 2006 902 dum
2046 857 2124 901 est
2153 888 2169 912 ,
2209 846 2330 917 quia
2367 847 2518 902 multi
2548 848 2893 918 acquiescunt
2935 850 2989 906 in
3020 852 3243 908 theatris
3264 895 3280 920 ,
3312 854 3470 912 multi

1877 939 2221 1009 acquiescant
2250 936 2301 992 in
2328 938 2472 993 circo
2490 979 2506 1004 ,
2536 938 2589 993 in
2614 940 3040 1009 amphitheatro,
3068 943 3219 998 multi
3250 945 3473 1015 acquie-

1884 1040 2042 1085 scunt
2072 1030 2125 1084 in
2159 1030 2312 1095 alea;
2359 1029 2507 1084 multi
2545 1030 2598 1084 in
2638 1030 2845 1087 luxuria
2883 1033 3386 1103 popinarum,multi
3415 1035 3475 1093 in

1883 1120 2098 1175 libidine
2126 1120 2527 1183 adulteriorum,
2564 1121 2712 1175 multi
2744 1123 2797 1176 in
2827 1123 3092 1179 violentiis
3120 1128 3430 1195 rapinarum
3452 1169 3471 1197 ,

1881 1213 2035 1268 multi
2062 1213 2111 1266 in
2140 1211 2264 1267 dolo
2289 1221 2342 1267 et
2368 1211 2574 1266 insidiis
2601 1212 2865 1268 lraudium
2895 1231 2910 1268 :
2940 1216 3284 1286 acquiescant
3308 1218 3360 1273 in
3389 1218 3476 1276 his

1879 1304 2126 1361 omnibus
2151 1303 2413 1359 homines.
2439 1305 2575 1373 Quid
2599 1313 2702 1372 est,
2723 1305 3105 1375 acquiescunt?
3127 1307 3471 1367 Delectantur

1881 1397 2006 1452 illic.
2050 1395 2155 1453 Sed
2194 1413 2563 1453 removeamus
2606 1397 2722 1453 lucc
2759 1398 2978 1467 omnia,
3017 1398 3084 1453 ad
3126 1399 3468 1460 innocentem

1882 1487 2153 1544 hominem
2182 1489 2457 1543 veniamus
2487 1506 2502 1543 :
2529 1489 2818 1558 acquiescit
2851 1491 2904 1544 in
2938 1487 3099 1545 domo
3123 1504 3257 1557 sua,
3292 1493 3346 1547 in
3381 1492 3469 1549 fa-

1881 1578 2025 1633 milia
2052 1594 2167 1644 sua,
2198 1578 2251 1633 in
2277 1578 2518 1648 coniuge,
2550 1578 2603 1632 in
2635 1578 2776 1645 ﬁliis,
2804 1578 2857 1633 in
2886 1588 3220 1649 paupertate,
3248 1581 3302 1635 in
3332 1597 3473 1652 prte-

1883 1672 2029 1726 diolo
2057 1686 2176 1734 suo,
2207 1671 2258 1725 iu
2285 1671 2491 1726 novella
2522 1670 2767 1726 manibus
2787 1672 2898 1726 suis
2919 1672 3144 1738 consita,
3167 1672 3221 1728 in
3245 1673 3477 1732 aediﬁcio

1884 1763 2062 1833 aliquo
2103 1778 2201 1817 suo
2242 1762 2419 1817 studio
2456 1761 2710 1817 fabricato
2748 1761 3134 1834 :acquiescunt
3162 1763 3480 1824 innocentes

1885 1858 1936 1911 in
1978 1858 2078 1911 his.
2111 1854 2215 1912 Sed
2246 1865 2421 1911 tamen
2457 1854 2594 1910 Deus
2624 1854 2809 1909 volens
2845 1869 2944 1909 nos
2969 1869 3207 1910 amorem
3238 1870 3347 1911 non
3376 1856 3481 1912 ha-

1884 1949 2012 2006 bere
2042 1948 2142 2002 nisi
2170 1949 2290 2003 vitae
2319 1956 2555 2013 :eteruae,
2588 1955 2642 2001 et
2665 1946 2780 2000 istis
2812 1945 2955 2000 velut
2982 1945 3355 2003 innocentibus
3383 1946 3480 2005 de-

1886 2038 2260 2095 lectationibus
2290 2036 2479 2092 miscet
2503 2034 2919 2103 amaritudines;
2950 2042 3009 2090 ut
3030 2044 3089 2091 et
3112 2036 3164 2090 in
3193 2035 3279 2093 his
3302 2037 3478 2108 patia-

1887 2145 2007 2186 mur
2051 2129 2419 2185 tribnlationes
2451 2167 2470 2196 ,
2513 2136 2569 2183 et
2615 2127 2919 2182 universmn
2963 2135 3188 2183 stratura
3232 2139 3481 2188 nostrum

1887 2223 2049 2278 vertit
2091 2222 2144 2277 in
2186 2222 2492 2277 inﬁrmitate
2530 2229 2737 2275 nostra.
2781 2219 3080 2276 Universum
3111 2231 3327 2277 stratum
3364 2224 3481 2296 ejus

1886 2315 2073 2370 νει·ιὶειὶ
2093 2316 2142 2369 in
2164 2316 2459 2384 inﬁrmitate
2476 2315 2605 2387 ejus.
2629 2313 2744 2369 Non
2764 2329 2891 2385 ergo
2909 2323 3285 2385 conqueratur,
3307 2330 3481 2387 quan-

1887 2404 1957 2460 do
1998 2406 2048 2460 in
2081 2405 2163 2462 his
2199 2422 2318 2476 qua:
2345 2406 2659 2461 innocenter
2685 2404 2881 2471 habet,
2913 2406 3115 2476 patitur
3140 2406 3345 2477 aliquas
3375 2407 3475 2463 tri-

1889 2499 2209 2555 bnlationes.
2241 2500 2472 2555 Docetur
2495 2513 2676 2553 amare
2704 2497 2921 2552 meliora
2951 2511 3045 2567 per
3068 2497 3483 2557 amaritudinem

1889 2590 2198 2647 inferiorum
2227 2608 2241 2643 :
2271 2606 2339 2647 ne
2367 2592 2537 2646 viator
2569 2587 2794 2645 tendens
2819 2588 2885 2643 ad
2911 2588 3135 2659 patriam
3162 2629 3178 2655 ,
3210 2590 3483 2647 stabulum

1888 2694 2028 2738 amet
2058 2698 2152 2752 pro
2177 2681 2338 2738 domo
2366 2698 2484 2738 sua.
2517 2679 2817 2738 Universum
2842 2689 3057 2734 stratum
3080 2681 3192 2749 ejus
3217 2682 3404 2737 vertisti
3423 2682 3485 2738 in

1888 2774 2179 2844 inﬁrmitate
2205 2775 2334 2844 ejus.

1961 2865 2014 2921 6.
2058 2865 2207 2939 [vers.
2240 2863 2320 2938 5.]
2351 2864 2456 2921 Sed
2487 2879 2651 2935 quare
2677 2863 2819 2920 ista?
2849 2863 2982 2933 Quia
3008 2862 3239 2935 ﬂagellat
3263 2879 3484 2924 omnem

1894 2957 2056 3013 ﬁlium
2087 2973 2245 3029 quem
2278 2956 2463 3027 recipit
2488 2954 2675 3026 (Hebr.
2718 2972 2789 3011 xu
2815 2996 2831 3022 ,
2859 2954 2936 3028 6).
2964 2955 3143 3023 Quare
3172 2956 3270 3013 ista
3294 2957 3319 3011 ‘l
3343 2957 3483 3025 Quia

1894 3050 2133 3120 peccanti
2163 3048 2367 3104 homini
2403 3048 2605 3104 dictum
2631 3058 2713 3105 est
2740 3066 2754 3101 :
2780 3046 2848 3102 In
2881 3048 3050 3103 labore
3072 3049 3240 3104 vultus
3266 3051 3340 3104 tui
3365 3050 3487 3109 edes

1893 3159 2074 3214 partem
2103 3152 2244 3196 tuum
2269 3139 2418 3212 (Gen.
2449 3156 2526 3203 ιιι,
2556 3139 2666 3211 19).
2699 3139 2841 3209 Ergo
2870 3139 2989 3210 quia
3017 3140 3385 3210 correptiones
3408 3142 3488 3199 is-

1895 3244 1996 3298 tas,
2032 3235 2083 3288 in
2113 3233 2308 3305 quibus
2334 3233 2637 3287 universum
2663 3241 2887 3287 stratum
2914 3240 3155 3287 nostrum
3178 3234 3404 3289 vertitur
3428 3234 3491 3291 in

1896 3327 2202 3384 inﬁrmitate
2225 3335 2427 3390 nostra,
2450 3337 2741 3394 agnoscere
2759 3321 2919 3377 debet
2941 3322 3102 3377 homo
3122 3333 3339 3393 propter
3361 3337 3488 3393 pec-

1896 3429 2012 3475 cata
2051 3432 2110 3473 se
2150 3417 2299 3487 pati;
2338 3423 2616 3472 convertat
2651 3430 2731 3480 se,
2766 3424 2821 3469 et
2856 3412 2999 3470 dicat
3025 3414 3165 3485 quod
3195 3416 3438 3487 sequitur
3468 3436 3486 3473 :

1902 3509 2015 3583 Ego
2044 3509 2151 3564 tlixi
2172 3524 2191 3563 .'
2213 3507 2445 3571 Domine,
2476 3508 2709 3561 miserere
2734 3506 2828 3560 mei
2848 3520 2869 3571 ;
2894 3522 3019 3560 sana
3048 3507 3272 3561 animam
3299 3524 3493 3577 meam,

1898 3603 2133 3674 quoniam
2161 3600 2360 3672 peccavi
2387 3599 2496 3652 tibi.
2523 3599 2568 3654 0
2593 3598 2834 3663 Domine,
2866 3597 2919 3651 in
2946 3596 3372 3653 tribulationibus
3398 3613 3493 3657 me

1900 3710 2094 3753 exerce
2130 3695 2147 3726 ⁸
2186 3710 2201 3751 :
2243 3692 2612 3764 ﬁagellandnm
2647 3690 2853 3760 judicas
2880 3704 3093 3745 onmem
3132 3690 3296 3744 ﬁlium
3325 3706 3494 3761 quem

1901 3795 2213 3855 recepturus
2238 3799 2297 3839 es
2318 3824 2335 3849 ,
2367 3782 2455 3853 qui
2488 3796 2586 3837 nec
2612 3781 2783 3837 Unico
2808 3780 3109 3851 pepercisti.
3147 3781 3240 3834 llle
3268 3780 3490 3849 quidem

1902 3879 2018 3933 sine
2042 3887 2260 3947 peccato
2289 3874 2584 3945 ﬁagellatus
2607 3884 2689 3928 est
2717 3890 2730 3925 :
2759 3887 2857 3942 ego
2878 3880 3053 3926 autem
3075 3871 3221 3933 dico,
3247 3870 3493 3928 Miserere

1904 3970 2035 4035 mei,
2068 3983 2193 4022 sana
2217 3966 2441 4019 animam
2470 3980 2665 4028 meam,
2693 3962 2928 4034 quoniam
2954 3962 3152 4031 peccavi
3181 3961 3288 4015 tibi.
3320 3962 3374 4016 Si
3400 3978 3493 4018 se-

1906 4069 2056 4116 catus
2085 4067 2169 4114 est
2193 4060 2212 4089 ²
2238 4057 2327 4128 qui
2359 4055 2690 4126 pntredinem
2719 4068 2821 4108 non
2850 4052 3079 4108 habebat
3103 4093 3119 4119 ,
3153 4054 3198 4108 si
3226 4052 3497 4110 medicina

1906 4153 2019 4223 ipsa
2060 4158 2240 4205 nostra
2280 4149 2455 4219 ignem
2496 4144 2865 4200 medicinalem
2904 4158 3009 4199 non
3052 4144 3285 4215 respuit;
3326 4144 3497 4214 impa-

1909 4245 2100 4302 tienter
2123 4243 2263 4297 ferre
2289 4240 2545 4296 debemus
2565 4245 2808 4292 urentem
2832 4235 3094 4290 medicum
3120 4245 3175 4291 et
3196 4246 3493 4305 secantem,

1908 4335 1961 4393 id
1991 4342 2108 4401 est,
2138 4330 2386 4388 omnibus
2413 4327 2841 4384 tribulationibus
2871 4340 2968 4380 nos
2992 4333 3352 4391 exercentem,
3382 4335 3438 4381 et
3463 4343 3497 4384 a

1908 4434 2128 4500 peccato
2171 4420 2493 4479 sanantem?
2536 4420 2699 4474 Plane
2734 4418 3132 4473 committamus
3178 4431 3274 4471 nos
3302 4416 3498 4473 medici

1910 4518 2127 4582 manui;
2161 4532 2267 4571 non
2304 4512 2446 4569 enim
2474 4518 2652 4576 errat,
2691 4518 2749 4564 nt
2790 4524 2977 4563 sanum
3008 4524 3103 4577 pro
3130 4508 3271 4579 putri
3302 4519 3450 4565 secet
3479 4527 3495 4563 :

1912 4611 2061 4668 novit
2088 4607 2227 4679 quod
2259 4606 2503 4677 inspicit,
2534 4603 2680 4659 novit
2706 4602 2891 4656 vitium
2912 4642 2929 4668 ,
2954 4601 3075 4671 quia
3106 4601 3218 4669 ipse
3246 4600 3371 4656 fecit
3401 4617 3501 4657 na-

1916 4712 2125 4764 turam;
2156 4698 2281 4770 quid
2320 4698 2433 4768 ipse
2466 4693 2723 4759 condidit,
2754 4692 2881 4764 quid
2910 4691 2975 4747 de
3001 4700 3182 4746 nostra
3212 4692 3507 4761 cupiditate

1915 4792 2178 4853 accessit,
2218 4788 2493 4844 discernit.
2534 4786 2646 4842 Scit
2674 4799 2733 4839 se
2764 4798 2896 4837 sano
2931 4782 3132 4837 homini
3175 4791 3503 4853 praeceptum

1916 4885 2150 4949 dedisse,
2182 4896 2249 4937 ne
2278 4880 2583 4950 languorem
2616 4876 2949 4938 incurreret;
2982 4870 3181 4929 dixisse
3206 4874 3259 4928 in
3289 4873 3504 4942 paradi-

1920 4992 1982 5032 so
2011 4995 2023 5027 :
2055 4975 2167 5030 lloc
2192 4970 2474 5033 manduca,
2506 4976 2562 5023 et
2586 4965 2690 5021 hoc
2718 4965 2824 5020 noli
2859 4963 2968 5036 (Id.
2997 4980 3073 5030 ιι,
3106 4966 3173 5020 16
3194 5006 3209 5029 ,
3246 4965 3359 5035 17).
3386 4963 3508 5018 Νοιι

1920 5067 2120 5123 audivit
2148 5078 2307 5119 sanus
2334 5060 2524 5116 medici
2547 5068 2894 5129 prmceptum,
2922 5066 2979 5111 ut
3006 5070 3111 5111 non
3133 5055 3383 5120 caderet;
3409 5070 3511 5109 au-

1922 5163 2032 5219 diat
2061 5159 2146 5215 vel
2172 5166 2423 5229 mgrotus,
2454 5164 2511 5208 ut
2535 5159 2736 5222 surgat.
2774 5148 2884 5221 Ego
2908 5148 3015 5204 dixi
3042 5164 3061 5203 :
3080 5147 3328 5213 Domine,
3359 5147 3512 5201 mise-

1923 5269 2033 5309 rere
2056 5250 2151 5305 ntei
2172 5266 2191 5315 ;
2216 5264 2341 5304 sana
2367 5244 2589 5299 animant
2613 5258 2799 5308 meam,
2826 5241 3064 5312 quoniam
3089 5238 3289 5310 peccavi
3313 5237 3420 5290 tibi.
3452 5237 3511 5294 ln

1926 5344 2078 5401 factis
2118 5342 2253 5397 meis
2277 5381 2292 5403 ,
2326 5339 2378 5393 in
2410 5336 2640 5407 peccatis
2666 5332 2801 5389 meis
2831 5349 2936 5387 non
2968 5346 3159 5387 accuso
3201 5331 3465 5385 fortunam
3492 5372 3510 5398 ,

1926 5454 2032 5494 non
2061 5436 2203 5498 dico,
2235 5430 2347 5487 Hoc
2375 5429 2504 5484 mihi
2530 5427 2654 5483 fecit
2676 5425 2875 5489 fatum;
2902 5438 3010 5478 non
3032 5421 3173 5487 dico,
3199 5421 3515 5478 Adulterum

1929 5546 2014 5587 me
2043 5528 2169 5584 fecit
2200 5525 2401 5591 Venus,
2424 5529 2480 5579 et
2496 5521 2759 5578 latronem
2780 5533 2867 5574 me
2888 5515 3009 5572 fecit
3031 5515 3195 5584 Mars,
3215 5520 3269 5570 et
3288 5527 3516 5569 avarum

1995 5730 2013 5764 ι
2037 5726 2114 5780 sic
2136 5731 2245 5777 uss.
2270 5719 2385 5773 me.
2402 5731 2526 5771 vero
2548 5752 2566 5779 ,
2587 5715 2639 5769 in
2659 5710 3038 5780 tribulationibus
3060 5706 3179 5780 meis
3200 5720 3276 5780 m_e
3296 5720 3516 5780 exerces.

1994 5793 2015 5826 ι
2039 5775 2243 5849 iam}
2264 5790 2400 5837 ustus
2418 5787 2509 5835 est.
2526 5775 2583 5831 ιι
2601 5775 2790 5840 ius.“
2818 5779 3007 5827 eaeam
3026 5778 3098 5824 est
3123 5783 3143 5834 ς
3177 5778 3289 5832 aut,
3316 5775 3471 5823 sectus
3494 5805 3512 5821 .

1935 5859 1987 5905 et
2009 5854 2083 5907 sic
2113 5858 2189 5902 ιιι.

2925 5920 3266 6003 (Quater
