3960 6422
623 499 754 552 cunt
782 509 797 548 :
825 488 1090 563 Numquid
1113 488 1250 546 forte
1273 486 1364 546 ille
1391 494 1475 545 est
1499 499 1659 559 quem
1705 483 1957 542 dixerunt
1989 483 2201 556 Moyses

623 595 682 644 et
712 583 1034 656 Prophetas?
1061 582 1136 639 De
1178 581 1273 637 illo
1310 582 1455 637 enim
1492 579 1744 637 dixerunt
1773 596 1787 633 :
1816 578 1964 635 Sicut
2005 578 2111 633 ovis
2137 577 2208 632 ad

623 678 990 736 immolandum
1026 676 1204 732 ductus
1226 685 1321 743 est,
1346 685 1394 731 et
1417 676 1548 731 sicut
1584 690 1746 747 agnus
1782 689 1952 728 coram
1976 674 2211 729 tondente

599 788 680 827 -se
715 772 824 826 sine
847 785 981 837 voce,
1027 769 1101 823 sic
1142 784 1245 823 non
1268 768 1467 841 aperuit
1494 784 1551 823 os
1572 783 1721 823 suum
1749 782 1768 823 :
1792 766 2073 822 uulneribus
2096 766 2208 838 ejus

590 861 789 933 (sanati
831 876 1002 916 sumus
1030 856 1182 933 (Isai.
1226 874 1336 927 ιιιι,
1382 858 1436 923 5,
1467 859 1547 929 7).
1593 856 1851 914 Videmus
1891 857 2057 924 enim,
2083 856 2207 929 quia

590 949 907 1015 lcrucilixus
930 952 1030 1009 iste
1056 951 1204 1007 ducit
1239 961 1357 1022 post
1380 966 1441 1007 se
1463 966 1632 1021 genus
1659 949 1985 1016 humanum;
2011 960 2064 1005 et
2092 950 2209 1005 sine

584 1024 784 1103 3causa
830 1044 1082 1102 dixerunt
1126 1051 1305 1116 patres
1345 1042 1562 1099 nostri:
1596 1042 1901 1097 Occidamus
1943 1057 2101 1107 eum,
2144 1056 2210 1095 ne

620 1139 864 1196 secutum
892 1146 1004 1210 post
1026 1136 1174 1193 illum
1212 1145 1386 1208 pergat
1425 1134 1606 1206 (Joan.
1632 1149 1727 1199 xu,
1757 1133 1870 1205 I9).
1913 1132 2075 1190 Forte
2099 1147 2206 1188 non

620 1239 745 1302 post
769 1244 893 1287 eum
926 1236 1192 1299 pergeret,
1235 1228 1283 1282 si
1328 1240 1436 1282 non
1460 1233 1605 1282 esset
1628 1224 1855 1281 occisus.
1898 1222 1968 1278 In
1990 1224 2085 1278 hoc
2108 1238 2202 1277 co-

620 1323 773 1397 gnovi
807 1322 1047 1393 quoniam
1076 1318 1275 1374 voluisti
1312 1335 1411 1385 me,
1440 1318 1678 1388 quoniam
1710 1333 1812 1373 non
1836 1316 2071 1389 gaudebit
2106 1315 2208 1371 ini;

621 1413 787 1469 micas
809 1428 949 1467 meus
979 1426 1131 1483 super
1154 1426 1252 1466 me.

699 1506 791 1563 14.
832 1505 985 1578 [υεη.
1028 1504 1117 1570 15,
1156 1500 1270 1576 IL]
1308 1501 1396 1557 Me
1422 1510 1591 1556 autem
1630 1508 1835 1573 prapter
1862 1498 2204 1555 innocentiam

623 1612 790 1653 meam
814 1594 1098 1666 suscepisti.
1122 1593 1260 1650 Vere
1283 1592 1642 1647 innocentiam
1666 1607 1682 1645 ε
1707 1588 2066 1659 integritatem
2090 1587 2207 1645 sine

620 1694 865 1759 peccato,
896 1684 1248 1741 redditionem
1277 1682 1395 1739 sine
1418 1680 1621 1745 debito,
1654 1678 1921 1749 ﬂagellum
1950 1678 2066 1734 sine
2092 1692 2209 1735 me-

625 1779 756 1836 rito.
781 1777 1002 1848 Propter
1028 1774 1365 1831 innocentiam
1389 1788 1555 1828 meam
1589 1769 1852 1842 suscepisti
1884 1784 1983 1837 me,
2012 1779 2059 1824 et
2084 1785 2208 1825 con-

619 1868 842 1940 ﬁrmasti
880 1883 960 1921 me
997 1867 1051 1921 in
1083 1874 1351 1936 conspectu
1382 1872 1469 1919 tuo
1497 1864 1550 1919 in
1576 1872 1840 1919 (sternunt.
1864 1860 2205 1917 Conﬁrmasti

619 1972 713 2017 me
740 1960 794 2016 in
818 1967 1097 2026 aeternum,
1124 1956 1408 2014 inlirmasti
1432 1955 1500 2013 ad
1525 1964 1735 2027 tempus
1759 1972 1773 2010 :
1795 1954 2125 2010 conﬁrmasti
2150 1953 2204 2010 in

621 2059 911 2123 conspectu
954 2061 1085 2119 tuo,
1134 2048 1415 2106 infirmasti
1464 2049 1519 2104 in
1565 2056 1858 2117 conspectu
1906 2046 2203 2102 hominum.

622 2142 763 2212 Quid
792 2143 956 2214 ergo?
984 2140 1195 2198 Laudes
1226 2140 1338 2208 illi,
1375 2139 1540 2212 gloria
1571 2139 1667 2195 illi.
1696 2137 1993 2194 Benedictus
2020 2136 2203 2193 Domi-

621 2249 721 2288 nus
748 2232 889 2288 Deus
916 2230 1102 2288 Israel.
1133 2231 1229 2289 Ille
1251 2240 1334 2288 est
1360 2230 1501 2286 enim
1531 2230 1670 2287 Deus
1698 2230 1880 2298 Israel,
1913 2230 2055 2286 Deus
2105 2244 2207 2286 no-

622 2334 759 2391 Ster,
785 2324 925 2379 Deus
952 2322 1137 2392 Iacob,
1156 2323 1296 2378 Deus
1320 2322 1541 2378 minoris
1566 2322 1677 2387 lilii,
1707 2322 1848 2378 Deus
1867 2322 2089 2379 minoris
2112 2336 2207 2392 po-

624 2418 758 2489 puli.
786 2416 955 2473 Nemo
976 2417 1157 2472 dicat:
1186 2416 1260 2470 De
1283 2414 1483 2471 Judaais
1509 2414 1610 2470 hoc
1638 2413 1794 2483 dixit,
1825 2417 1933 2470 nun
1960 2430 2079 2470 sum
2104 2430 2205 2488 ego

623 2505 807 2563 Israel.
846 2506 1009 2578 Magis
1036 2505 1206 2562 Judtei
1235 2522 1345 2560 non
1373 2514 1497 2560 sunt
1534 2505 1719 2561 Israel.
1761 2505 1928 2577 Major
1963 2506 2108 2562 enim
2136 2506 2204 2561 li-

622 2597 752 2664 lius,
780 2597 896 2669 ipse
921 2605 1006 2652 est
1041 2595 1212 2665 major
1239 2595 1465 2666 populus
1498 2594 1845 2666 reprobatus;
1878 2595 2073 2662 minor,
2102 2610 2204 2666 po-

622 2688 781 2761 pulus
816 2687 1062 2744 dilectus.
1100 2684 1274 2760 Major
1299 2686 1478 2743 serviet
1502 2686 1684 2741 minori
1714 2686 1877 2757 (Gen.
1921 2703 2052 2756 xxv,
2077 2686 2196 2761 23),

621 2778 783 2837 modo
812 2778 1087 2850 impletum
1124 2786 1209 2833 est
1240 2794 1255 2832 :
1285 2776 1481 2846 modo,
1518 2777 1743 2845 fratres,
1784 2778 1938 2834 nobis
1965 2778 2205 2834 serviunt

623 2869 818 2937 Judaei,
848 2878 1095 2940 tanquam
1120 2868 1345 2938 capsarii
1372 2867 1542 2923 nostri
1572 2875 1716 2935 sunt,
1744 2867 2078 2925 studentibus
2106 2883 2204 2925 no-

620 2958 707 3017 bis
740 2958 954 3016 codices
988 2965 1223 3030 portant.
1257 2956 1452 3013 Audite
1490 2957 1675 3029 inquo
1713 2958 1867 3015 nobis
1890 2958 2060 3016 Iudazi
2088 2974 2205 3017 ser-

619 3050 794 3116 viunt,
830 3058 885 3105 et
916 3063 1024 3104 non
1054 3047 1170 3104 sine
1201 3062 1384 3105 causa.
1424 3047 1555 3106 Cain
1590 3048 1680 3105 ille
1713 3048 1875 3107 frater
1896 3052 2088 3123 major,
2111 3051 2204 3124 qui

621 3137 819 3195 occidit
841 3136 1102 3192 minorem
1131 3135 1349 3193 fratrem
1368 3176 1383 3203 ,
1414 3137 1623 3208 accepit
1660 3138 1867 3209 signum
1892 3154 1960 3197 ne
1984 3140 2203 3198 occide-

622 3236 796 3295 retur,
838 3226 892 3282 id
930 3235 1033 3293 est,
1078 3236 1137 3282 ut
1162 3237 1376 3283 maneat
1413 3228 1527 3299 ipse
1558 3228 1783 3300 populus
1826 3229 1953 3302 (Id.
1985 3247 2058 3297 tv,
2086 3231 2199 3305 l5).

623 3316 783 3389 Apud
808 3314 931 3372 illos
954 3326 1077 3371 sunt
1098 3314 1378 3387 Drephelre
1413 3324 1471 3372 et
1496 3316 1647 3385 Lex;
1678 3319 1731 3374 in
1755 3333 1858 3391 qua
1896 3320 2035 3392 Lege
2066 3330 2122 3377 et
2146 3322 2202 3380 in

625 3417 817 3488 quibus
857 3414 1139 3485 Prophetis
1175 3413 1418 3472 Christus
1453 3415 1773 3486 prmdicatus
1814 3426 1919 3474 est.
1976 3418 2201 3486 Quando

624 3507 833 3578 agimus
852 3518 972 3560 cum
994 3504 1242 3576 Paganis,
1263 3514 1319 3560 et
1337 3505 1666 3562 ostendimus
1688 3507 1788 3563 hoc
1806 3507 2021 3565 evenire
2041 3508 2202 3565 modo

624 3598 681 3655 in
711 3597 950 3653 Ecclesia
985 3595 1203 3665 Christi,
1234 3596 1376 3668 quod
1402 3606 1530 3655 ante
1568 3598 1875 3669 praedictum
1903 3609 1986 3656 est
2009 3600 2079 3657 de
2103 3617 2202 3658 no-

624 3689 770 3745 mine
791 3687 1008 3754 Christi,
1039 3686 1107 3744 de
1131 3688 1304 3759 capite
1328 3696 1383 3743 et
1418 3704 1642 3759 corpore
1665 3690 1886 3760 Christi,
1918 3707 1986 3747 ne
2012 3702 2201 3764 putent

622 3795 725 3836 nos
759 3778 978 3835 ﬁnxisse
1004 3778 1123 3835 illas
1168 3779 1564 3851 prmdictiones,
1607 3792 1660 3837 et
1688 3797 1755 3839 ex
1784 3782 1868 3838 his
1893 3784 2053 3840 rebus
2081 3801 2200 3857 quae

622 3872 952 3939 acciderunt,
982 3870 1133 3942 quasi
1176 3872 1366 3927 futura:
1410 3882 1609 3942 essent,
1652 3889 1752 3930 nos
1792 3878 2195 3948 conscripsisse,

621 3960 945 4034 proferimus
967 3961 1180 4018 codices
1205 3961 1531 4021 Iudaeorum.
1575 3963 1774 4037 Nempe
1799 3966 1967 4023 Judaei
1999 3969 2198 4027 inimici

620 4053 791 4109 nostri
826 4061 970 4119 sunt,
1007 4051 1076 4109 de
1114 4052 1311 4110 chartis
1350 4054 1549 4111 inimici
1586 4056 1918 4115 convincitur
1948 4059 2199 4118 adversa-

619 4145 754 4201 rius.
797 4143 985 4200 Omnia
1010 4159 1138 4215 ergo
1168 4144 1421 4201 Dominus
1459 4145 1749 4216 distribuit,
1779 4151 1958 4207 omnia
1985 4167 2083 4223 pro
2109 4169 2198 4210 sa-

622 4235 736 4291 lute
781 4243 964 4291 nostra
1011 4235 1293 4292 ordinavit.
1334 4237 1586 4294 Praedixit
1623 4250 1747 4296 ante
1794 4256 1926 4311 nos,
1958 4244 2198 4317 implevit

621 4324 729 4380 hoc
759 4332 996 4395 tempore
1016 4326 1035 4358 ⁸
1067 4335 1273 4392 nostro,
1300 4335 1356 4382 et
1381 4343 1503 4397 quae
1528 4330 1760 4385 nondum
1798 4332 2055 4404 implevit,
2093 4337 2195 4392 im-

619 4413 864 4484 pleturus
890 4424 991 4471 est.
1037 4414 1218 4485 Itaque
1247 4424 1488 4473 tenemus
1517 4416 1842 4477 redditorem
1862 4463 1878 4489 ,
1921 4431 1979 4478 ut
2010 4426 2197 4482 creda-

620 4518 743 4560 mus
764 4504 1059 4561 debitorem
1090 4523 1104 4561 :
1133 4505 1256 4577 quia
1282 4514 1338 4562 et
1358 4507 1448 4561 illa
1473 4522 1591 4579 qua:
1620 4510 1857 4571 nondul
1886 4512 2057 4583 dedit,
2100 4517 2196 4574 da-

618 4594 732 4662 bit;
776 4596 908 4651 sicut
948 4611 1012 4652 ea
1049 4612 1168 4668 qum
1206 4597 1441 4655 nondum
1481 4598 1736 4669 dederat,
1774 4602 1939 4660 dedit.
1980 4605 2038 4664 Si
2075 4608 2195 4681 quis

619 4683 849 4755 probare
876 4685 987 4741 vult
1013 4685 1104 4741 ubi
1140 4686 1251 4742 sint
1284 4687 1477 4759 scripta
1498 4728 1515 4755 ,
1542 4689 1682 4761 legat
1708 4691 1920 4765 Moysen
1961 4706 2018 4753 et
2057 4697 2192 4755 Pro-

617 4773 827 4846 phetas.
854 4776 912 4831 Si
949 4775 1139 4848 aliquis
1174 4781 1465 4851 perstrepit
1493 4779 1756 4849 inimicus,
1800 4794 1855 4843 et
1889 4786 2048 4858 dicit,
2084 4790 2194 4850 Vos

616 4865 771 4921 vobis
807 4866 1116 4938 prophetias
1158 4868 1425 4937 linxistis;
1470 4873 1807 4943 proferantur
1841 4879 2054 4938 codices
2091 4881 2189 4940 Ju—

613 4955 851 5013 dazorum
872 4999 887 5024 ,
932 4959 1055 5030 quia
1088 4961 1261 5031 major
1294 4963 1491 5021 serviet
1518 4964 1733 5022 minori.
1781 4967 1857 5025 Ibi
1886 4970 2063 5043 legant
2090 4974 2188 5032 ista

614 5049 865 5120 prmdicta
885 5092 901 5118 ,
944 5067 1064 5123 quae
1092 5053 1254 5109 modo
1282 5054 1524 5113 videmus
1565 5058 1781 5130 impleta
1804 5105 1820 5129 ,
1851 5072 1906 5120 et
1945 5064 2190 5125 dicamus

611 5154 799 5195 omnes
825 5158 838 5193 :
870 5140 1168 5199 Benedictus
1206 5142 1455 5203 Dominus
1494 5146 1633 5205 Deus
1656 5149 1842 5220 Israel,
1872 5171 1906 5208 a
1932 5156 2116 5214 saeculo
2140 5168 2189 5215 et

609 5230 664 5285 in
687 5232 929 5287 sceculum
956 5250 973 5287 :
998 5243 1044 5288 et
1072 5235 1201 5289 dicet
1229 5238 1391 5292 omnis
1417 5240 1658 5310 populus,
1686 5241 1829 5312 Fiat,
1859 5246 1973 5316 ﬁat.

663 5431 676 5459 ¹
704 5429 928 5504 Ριξξιῇῳο
949 5439 1082 5504 Mss:
1110 5432 1355 5504 grcedixit
1376 5444 1485 5487 ante
1507 5451 1655 5504 annos
1669 5474 1683 5496 .
1724 5440 1933 5504 implerit
1953 5444 2041 5497 hoc
2061 5453 2183 5500 tem-

607 5502 751 5554 pore,
773 5498 821 5544 et
835 5505 965 5555 quae,
988 5502 1084 5547 etc.
1110 5501 1239 5546 Unus
1258 5503 1363 5558 Its,
1386 5505 1495 5548 ante
1516 5501 1689 5551 multos
1710 5498 1869 5556 annos.

1845 373 1909 431 s.
1944 356 2311 430 AUGUSTINI
2348 359 2653 433 sciscam

2320 507 3863 539 ww

2758 564 2841 628 IN
2882 565 3282 630 PSALMUM
3328 569 3482 633 XLI

2876 666 3318 724 ENABRATIO.

2841 774 3014 817 SBBIO
3042 776 3111 817 AD
3138 776 3390 818 νιεκειι.

2385 850 2438 907 1.
2470 848 2621 925 [uers.
2645 849 2791 925 1-3.]
2815 850 2953 908 Olim
2974 861 3060 909 est
3077 861 3136 909 ut
3152 853 3452 910 desiderat
3468 854 3644 912 anima
3663 867 3810 915 nostra
3825 862 3864 921 in

2313 942 2476 999 verbo
2504 944 2596 999 Dei
2623 943 2859 1015 gaudere
2881 943 3181 1012 vobiscum,
3213 952 3279 1001 et
3318 944 3377 1001 in
3416 946 3513 1002 illo
3535 960 3632 1002 vos
3662 950 3860 1017 salutare,

2312 1032 2403 1105 qui
2444 1041 2527 1089 est
2566 1044 2806 1089 nostrum
2849 1033 3171 1106 adjutorium
3199 1044 3266 1092 et
3305 1035 3574 1092 salutare.
3614 1036 3750 1105 Quod
3774 1056 3863 1113 ergo

2313 1122 2567 1179 Dominus
2588 1122 2699 1189 dat,
2735 1123 2914 1180 audite
2939 1140 3037 1197 per
3060 1140 3183 1195 nos,
3224 1133 3290 1182 et
3318 1127 3379 1180 In
3412 1125 3508 1181 illo
3531 1126 3774 1183 exsultate
3793 1145 3861 1183 no-

2310 1212 2513 1271 biscum
2539 1214 2595 1270 in
2621 1230 2869 1273 sermone
2893 1216 3031 1287 ejus,
3054 1226 3111 1273 et
3132 1218 3187 1273 in
3217 1216 3463 1274 veritate
3486 1227 3544 1275 et
3576 1218 3628 1274 in
3662 1220 3863 1278 charitale

2310 1303 2446 1376 ejus.
2470 1304 2743 1362 Psalmum
2781 1306 2924 1363 enim
2951 1307 3318 1378 suscepimus,
3347 1307 3423 1364 de
3462 1323 3571 1381 quo
3595 1307 3858 1380 loquendum

2308 1405 2395 1454 est
2427 1397 2599 1463 vobis,
2633 1412 2927 1471 congruum
2952 1398 3224 1457 desiderio
3254 1410 3451 1456 vestro
3492 1400 3533 1453 ί.
3576 1399 3739 1471 Cmpit
3760 1402 3857 1457 enim

2310 1488 2424 1560 ipse
2446 1490 2679 1561 psalmus
2702 1505 2736 1546 a
2754 1498 2941 1547 sancto
2958 1490 3192 1563 quodam
3216 1490 3530 1559 desiderio,
3559 1500 3615 1548 et
3635 1492 3705 1547 ait
3719 1494 3791 1563 qui
3806 1494 3856 1550 sic

2308 1590 2488 1638 cantat
2509 1597 2523 1636 :
2548 1581 2986 1649 Quemadmodum
3004 1582 3263 1639 desiderat
3284 1599 3473 1640 cervus
3492 1583 3562 1637 ad
3582 1588 3732 1655 fontes
3747 1601 3857 1655 aqua-

2308 1690 2455 1739 rum,
2494 1674 2567 1729 ita
2591 1674 2844 1731 desiderat
2869 1675 3044 1730 anima
3079 1691 3189 1730 mea
3219 1676 3297 1730 ad
3326 1684 3398 1741 te,
3422 1674 3589 1731 Deus.
3629 1674 3745 1745 Quis
3766 1692 3853 1749 ergo

2308 1765 2506 1837 estqui
2534 1766 2639 1822 hoc
2663 1765 2827 1822 dicit?
2855 1766 2913 1823 Si
2953 1767 3242 1834 volumus,
3291 1782 3401 1824 nos
3440 1782 3645 1824 sumus.
3684 1768 3741 1824 Et
3770 1770 3851 1840 qu’d

2307 1872 2517 1928 qua:ras
2549 1868 2697 1915 extra
2735 1859 2981 1929 quisnam
3005 1860 3105 1926 sit,
3142 1874 3274 1917 cum
3307 1860 3368 1916 in
3414 1869 3509 1919 tua
3551 1870 3784 1933 potestate
3806 1864 3849 1920 sit

2307 1962 2427 2005 esse
2464 1950 2606 2020 quod
2644 1949 2881 2022 quzeris?
2915 1949 3115 2007 Tamen
3146 1966 3261 2007 non
3312 1967 3460 2008 unus
3489 1951 3651 2008 homo
3674 1962 3761 2017 est.
3789 1954 3848 2010 sel

2307 2053 2473 2094 unum
2509 2053 2703 2112 corpus
2728 2050 2812 2096 est
2843 2057 2859 2097 :
2890 2054 3086 2113 corpus
3111 2049 3303 2098 autem
3332 2040 3541 2098 Christi
3571 2041 3776 2099 Ecclesia
3794 2052 3847 2099 ut

2308 2128 2524 2204 (Coloss.
2551 2146 2591 2199 t,
2611 2132 2728 2204 24).
2750 2132 2860 2189 Nec
2883 2132 2939 2190 in
2962 2132 3215 2190 omnibus
3240 2132 3341 2206 qui
3368 2132 3578 2191 intrant
3594 2132 3845 2198 Ecclesiae,

2307 2224 2573 2283 invenitur
2619 2227 2725 2284 tale
2767 2227 3096 2285 desiderium
3144 2245 3160 2283 :
3208 2226 3319 2285 sed
3364 2238 3553 2286 tamen
3595 2227 3843 2301 quicumque

2304 2320 2621 2377 suavitatem
2666 2320 2877 2377 Domini
2917 2328 3308 2393 gustaverunt,
3361 2329 3420 2377 et
3461 2320 3606 2392 quod
3646 2321 3717 2378 eis
3747 2321 3842 2390 sapit
3894 2338 3895 2349 π

2306 2419 2601 2481 agnoscunt
2627 2412 2681 2467 in
2708 2411 2954 2481 Cantico,
2984 2426 3090 2468 non
3118 2420 3320 2484 putent
3356 2426 3423 2469 se
3446 2412 3595 2469 solos
3629 2426 3757 2478 esse;
3777 2410 3840 2467 sed

2307 2500 2432 2556 talia
2468 2500 2676 2557 semina
2713 2514 2900 2573 sparsa
2934 2500 3160 2558 credant
3198 2501 3255 2557 in
3286 2516 3426 2572 agro
3453 2502 3738 2569 dominico,
3768 2510 3842 2556 toto

2306 2589 2437 2647 orbe
2465 2599 2725 2649 terrarum
2746 2631 2761 2658 ,
2789 2601 2844 2648 et
2876 2591 3155 2663 cujusdam
3184 2592 3420 2649 unitatis
3445 2592 3731 2649 christiana
3760 2607 3837 2649 esse

2306 2696 2490 2738 vocem
2518 2680 2656 2737 hanc
2683 2698 2698 2737 :
2734 2681 3170 2750 Quemadmodum
3195 2683 3467 2740 desiderat
3501 2701 3667 2741 cervus
3688 2685 3744 2738 ad
3761 2688 3836 2757 [os-

2307 2779 2379 2827 tes
2416 2788 2687 2843 aquarum,
2729 2774 2802 2829 sic
2826 2773 3078 2829 desiderat
3102 2774 3284 2829 anima
3314 2792 3433 2830 mea
3465 2776 3537 2831 ad
3560 2785 3623 2842 te,
3648 2775 3772 2830 Deus.
3791 2772 3833 2828 Et

2304 2861 2517 2933 quidem
2558 2877 2666 2918 non
2705 2863 2844 2919 male
2882 2862 3196 2935 intelligitur
3233 2879 3341 2921 vox
3381 2880 3507 2922 esse
3545 2881 3713 2922 eorum
3744 2863 3831 2934 qui,

2305 2966 2426 3008 cum
2445 2952 2553 3008 sint
2571 2953 2961 3019 catechumeni,
2983 2954 3051 3010 ad
3074 2955 3310 3027 gratiam
3336 2956 3510 3013 sancti
3538 2955 3712 3012 lavacri
3735 2954 3829 3009 festi-

2303 3054 2454 3103 nant.
2480 3045 2633 3103 Unde
2653 3056 2709 3103 et
2730 3036 3037 3104 solemnitei-
3063 3056 3315 3104 cantatur
3343 3049 3432 3105 hic
3458 3050 3698 3121 psalmus,
3724 3055 3766 3102 ut
3784 3049 3829 3099 iu

2303 3134 2609 3192 desiderent
2646 3137 2845 3192 fontem
2875 3136 3208 3195 remissionis
3237 3149 3621 3210 peccatorum,
3656 3135 3829 3209 quenad-
3880 3210 3881 3213 η

2305 3228 2509 3282 modum
2531 3226 2784 3284 desiderat
2823 3244 2995 3283 ceruus
3025 3229 3094 3283 ad
3133 3233 3303 3302 fontes
3340 3248 3610 3304 aquarum.
3637 3229 3706 3287 Sit
3732 3229 3826 3293 hoc,

2305 3317 2603 3391 habeatque
2640 3320 2814 3377 locum
2842 3321 3144 3379 intellectus
3170 3324 3277 3381 iste
3307 3325 3364 3381 in
3396 3324 3633 3382 Ecclesia
3658 3334 3703 3380 et
3725 3338 3825 3376 vers-

2303 3426 2421 3468 cem
2441 3420 2495 3468 et
2518 3412 2833 3469 solemnem.
2857 3412 3266 3483 Verumtamen,
3290 3417 3511 3486 fratres,
3535 3415 3721 3472 videtur
3735 3410 3820 3469 mihi

2302 3502 2462 3559 etiam
2497 3504 2553 3560 in
2577 3503 2899 3575 Baptismate
2929 3504 3173 3562 fidelibus
3211 3508 3458 3564 nondum
3492 3522 3610 3564 esse
3636 3505 3816 3561 satiatum

2304 3595 2408 3652 tale
2431 3594 2753 3652 desiderium
2782 3614 2796 3651 :
2824 3596 2919 3653 sed
2948 3596 3208 3662 fortassis.
3240 3599 3289 3655 si
3316 3608 3518 3655 norunt
3542 3597 3623 3653 ubi
3648 3590 3815 3667 peregri-

2302 3695 2515 3754 nentur,
2559 3694 2616 3742 et
2637 3702 2745 3759 quo
2769 3688 2850 3743 eis
2879 3687 3264 3746 transeundum
3291 3689 3400 3758 sit,
3430 3690 3590 3747 etiam
3614 3684 3814 3743 ardentius

2302 3778 2714 3836 inﬂammantur.

2370 3869 2426 3925 2.
2468 3871 2705 3942 Denique
2743 3870 2926 3926 titulus
2955 3873 3072 3941 ejus
3104 3880 3189 3928 est
3225 3889 3241 3928 :
3272 3871 3341 3928 In
3367 3873 3553 3944 ﬁnem,
3579 3869 3629 3924 in
3671 3864 3813 3922 intelle-

2300 3969 2436 4023 ctum
2454 3964 2475 3996 ⁸
2496 3962 2618 4032 ﬁliis
2637 3959 2784 4026 Core,
2803 3959 3063 4019 Psalmus.
3084 3961 3249 4019 Filios
3270 3964 3412 4020 Core
3430 3961 3704 4019 invenimus
3721 3953 3811 4011 etin

2298 4053 2416 4109 aliis
2442 4052 2776 4109 Psalmorum
2816 4052 2981 4107 titulis
3022 4050 3214 4125 (Psal.
3262 4051 3634 4123 XLIII-XLVIII),
3668 4054 3712 4103 et
3736 4044 3811 4112 iam

2299 4153 2554 4201 tractasse
2582 4160 2681 4201 nos
2708 4145 3082 4211 meminimus,
3125 4153 3182 4202 et
3222 4145 3435 4203 locutos
3472 4158 3587 4201 esse
3618 4137 3720 4211 quid
3741 4130 3808 4188 sibi

2299 4236 2404 4294 hoc
2439 4250 2633 4293 nomen
2668 4235 2795 4292 velit
2830 4253 2843 4291 :
2878 4236 2951 4293 ita
2988 4245 3166 4294 tamen
3201 4252 3348 4294 nunc
3385 4226 3807 4293 commemorandus

2298 4339 2381 4386 cst
2408 4330 2510 4386 iste
2546 4328 2766 4398 titulus,
2804 4338 2862 4385 ut
2898 4343 3004 4385 non
3034 4329 3191 4386 nobis
3216 4331 3370 4403 quasi
3401 4313 3803 4401 praejudicetqlwd

2292 4420 2404 4492 jam
2445 4418 2674 4476 diximus
2696 4460 2712 4486 ,
2751 4429 2813 4476 ut
2839 4419 3090 4493 deinceps
3118 4436 3224 4477 non
3267 4422 3507 4478 dicamus
3543 4436 3557 4473 :
3594 4430 3683 4471 non
3704 4407 3800 4466 enim

2298 4511 2621 4582 ubicumque
2659 4510 2911 4580 diximus,
2953 4526 3143 4569 omnes
3179 4512 3481 4571 adfuerunt.
3519 4510 3640 4566 Core
3662 4496 3796 4571 aliquis

2295 4600 2458 4657 homo
2486 4600 2676 4671 fuerit,
2703 4602 2841 4658 sicut
2867 4600 2995 4669 fuit,
3025 4601 3379 4677 habueritque
3408 4602 3539 4658 filios
3564 4596 3642 4671 qui
3665 4587 3795 4664 ³1³1³⁸³⁸

2293 4693 2533 4751 larcntur
2555 4693 2648 4750 lilii
2673 4694 2810 4751 Core
2830 4692 3017 4769 (Num.
3046 4710 3200 4765 xxvi,
3228 4697 3320 4769 11)
3349 4715 3363 4750 :
3390 4710 3486 4753 nos
3514 4702 3667 4749 tamen
3687 4695 3793 4739 arct-

2294 4799 2421 4842 num
2442 4785 2761 4842 sacramenti
2781 4796 3100 4853 scrutemur,
3124 4794 3183 4843 ut
3203 4802 3394 4844 nomen
3418 4788 3512 4841 hoc
3531 4775 3791 4854 mysterium.

2294 4892 2399 4949 quo
2419 4877 2695 4950 gravidum
2722 4886 2826 4946 est,
2853 4878 3039 4949 pariat.
3064 4877 3237 4952 Magni
3265 4881 3405 4937 enim
3432 4865 3710 4961 sacramenti

2292 4980 2395 5040 est,
2441 4981 2498 5026 ut
2538 4970 2825 5027 Christiani
2870 4971 3204 5042 appellentur
3248 4973 3340 5029 filii
3384 4971 3535 5029 Core.
3579 4952 3785 5053 Undeﬁlii

2289 5062 2467 5119 Core?
2491 5062 2615 5119 Filii
2639 5061 2846 5135 sponsi,
2869 5062 2963 5118 lilii
2991 5062 3209 5120 Christi.
3240 5064 3370 5119 Dicti
3396 5069 3514 5118 sunt
3539 5056 3659 5113 enim
3682 5047 3784 5135 Clin-
3888 5092 3889 5125 ἡ

2290 5151 2474 5218 stiani,
2516 5152 2610 5207 lilii
2648 5134 2831 5223 sponsi
2865 5150 3077 5224 (Matth.
3114 5168 3189 5219 ix,
3230 5152 3339 5225 15).
3370 5151 3536 5220 Quare
3560 5154 3667 5213 ergo
3688 5134 3782 5225 Cll“

2289 5240 2575 5297 Christus?
2620 5221 2754 5309 Quia
2796 5221 2933 5298 Core
2977 5221 3356 5314 interpretatur
3395 5233 3630 5296 Calvaria.
3663 5221 3781 5281 Ilullo

2286 5330 2545 5387 remotius
2571 5331 2805 5388 esthoc.
2845 5330 3159 5399 Quarrebam
3196 5346 3360 5405 quare
3394 5327 3524 5385 Core
3556 5316 3775 5407 Christus:

2288 5422 2543 5478 intentius
2581 5436 2763 5494 quaero
2790 5436 2956 5493 quare
2982 5422 3226 5479 Christus
3261 5422 3325 5479 ad
3362 5413 3631 5477 Calvariam
3656 5407 3775 5496 Per!"
3818 5419 3824 5427 '

2287 5530 2414 5571 nere
2437 5515 2696 5572 videatur.
2745 5513 2933 5573 Nonne
2970 5514 3082 5587 jam
3117 5515 3346 5573 occurrit
3370 5513 3421 5569 in
3447 5509 3555 5565 loco
3578 5498 3770 5587 animus:2

2283 5606 2496 5663 crucilix
2506 5604 2658 5676 οδω
2660 5576 3094 5678 αιιΙι.χινιι,Ξ²›5)ἳ
3104 5606 3344 5665 Occurrit
3353 5600 3571 5661 omnino.
3583 5591 3698 5657 Ergo
3707 5576 3769 5633 lilii

2318 5719 2365 5789 ,⁸
2390 5723 2496 5767 "58-
2524 5718 2714 5789 aliquot
2730 5752 2747 5779 .
2770 5717 3012 5769 desiderio
3024 5725 3198 5769 nostro.
3246 5717 3384 5768 Multo
3422 5711 3600 5776 plures.
3621 5688 3764 5749 deside

2285 5787 2411 5829 rium
2432 5787 2660 5831 nostrum.
3387 5834 3403 5838 _
3525 5826 3535 5838 .

2352 5820 2749 5906 ῗὲίὲἶέἑῗὶῖὶιω
2764 5846 2911 5895 Graec.
2937 5846 3065 5895 axx.
3083 5849 3136 5896 At
3159 5843 3294 5904 ωδ..
3309 5839 3355 5893 tu
3371 5820 3737 5903 Μίκων’·

3638 5945 3896 6383 J

3482 6388 3638 6401 νκ-Λ
