3960 6436
146 541 349 615 ηοηιι,
388 541 485 599 ﬁlii
524 540 787 615 passionis
822 538 987 609 illius,
1035 536 1130 595 lilii
1159 535 1423 609 redempti
1468 534 1727 607 sanguine

145 634 311 703 illius,
342 634 435 690 lllii
461 634 639 690 crucis
664 632 828 695 illius,
859 639 1137 703 portantes
1171 628 1224 684 in
1253 626 1427 684 l'ronte
1454 626 1594 698 quod
1625 624 1731 681 ini-

147 726 273 785 laici
296 725 354 783 in
375 724 633 784 Calvaria:
660 726 781 781 loco
808 726 1058 787 ﬁxerunt,
1086 722 1427 794 appellantur
1447 720 1536 775 lilii
1558 720 1728 774 Core:

145 819 256 875 illis
282 827 527 875 cantatur
566 818 668 872 iste
694 816 931 889 psalmus
970 815 1023 870 in
1066 814 1418 869 intellectum.
1455 809 1733 867 lntellectu

148 914 331 984 itaque
351 915 644 968 excitemur
666 912 717 977 ’ς
740 918 795 965 et
819 909 865 965 si
888 908 1042 965 nobis
1061 915 1328 971 cantatur,
1352 904 1730 975 intelligamus.

148 1003 291 1074 Quid
330 1002 647 1060 intellecturi
690 999 915 1058 sumus?
956 1000 1009 1055 in
1047 1014 1205 1069 quem
1236 996 1560 1053 intellectum
1588 994 1731 1065 psal-

151 1110 276 1154 mus
301 1095 401 1150 iste
441 1092 724 1149 cantatur?
763 1090 950 1147 Audeo
985 1088 1167 1146 dicere
1208 1106 1223 1144 :
1267 1086 1550 1143 invisibilia
1590 1085 1733 1140 enim

154 1189 273 1259 ejus
294 1202 325 1242 a
348 1191 586 1241 creatura
608 1182 792 1239 mundi
813 1198 909 1254 per
932 1196 995 1238 ea
1022 1195 1141 1252 qua:
1166 1178 1302 1234 l‘arta
1324 1187 1449 1235 sunt
1470 1176 1735 1233 intellecta

154 1278 549 1350 conspiciuntur
588 1275 762 1347 (Rom.
806 1290 846 1341 ι,
884 1274 1001 1346 20).
1039 1274 1157 1339 Eia,
1186 1272 1399 1337 fratres,
1426 1270 1734 1327 aviditatem

154 1383 331 1429 mm
350 1368 538 1439 capite,
561 1365 884 1423 desiderium
910 1366 1011 1420 hoc
1030 1379 1241 1421 mecum
1261 1365 1283 1397 ³
1305 1362 1730 1419 communicate:

154 1461 313 1521 simul
338 1474 595 1526 amemus,
617 1459 776 1514 simul
800 1459 854 1514 in
884 1457 983 1513 hac
1005 1457 1093 1513 siti
1119 1455 1549 1521 esardescamus,
1577 1452 1735 1511 simul

154 1554 226 1611 ad
272 1554 463 1609 fontem
502 1549 826 1622 intelligendi
858 1563 1155 1604 curramus.
1206 1546 1581 1603 Desideremus
1607 1558 1736 1616 ergo

155 1644 301 1701 velut
326 1657 512 1700 cervus
540 1642 761 1704 fontem,
790 1649 1015 1711 excepto
1040 1640 1129 1694 illo
1155 1637 1300 1695 fonte
1328 1653 1486 1709 quem
1514 1646 1735 1707 propter

158 1736 518 1795 remissionem
568 1728 907 1803 peccatorum
954 1730 1262 1787 desiderant
1303 1729 1640 1801 baptizandi,
1682 1737 1737 1785 et

156 1828 265 1900 iam
290 1826 531 1898 baptizatl
556 1823 923 1880 desideremus
949 1823 1099 1878 illum
1126 1823 1348 1888 fontem,
1376 1821 1444 1877 de
1464 1836 1571 1892 quo
1590 1820 1735 1877 Scri-

160 1932 312 1995 ptura
341 1919 438 1976 alia
466 1918 595 1975 dicit
628 1935 641 1971 :
680 1916 934 1985 Quoniam
961 1915 1100 1985 apud
1127 1924 1176 1969 te
1201 1924 1272 1970 est
1302 1917 1416 1986 fons
1443 1914 1575 1968 vitta.
1619 1911 1737 1983 Ipse

162 2013 303 2071 enim
331 2011 447 2067 fons
468 2020 521 2066 ct
549 2010 728 2064 lumen
757 2016 841 2064 est
867 2025 882 2060 :
911 2007 1164 2077 quoniam
1192 2006 1246 2059 in
1271 2006 1459 2061 lumine
1483 2014 1569 2060 tuo
1593 2004 1736 2060 vide-

161 2103 319 2158 bimus
343 2101 503 2157 lumen
528 2098 697 2171 (Paul.
722 2112 889 2165 suv,
914 2096 1027 2168 10).
1052 2095 1108 2153 Si
1134 2106 1188 2153 et
1211 2096 1331 2152 lous
1349 2104 1453 2163 est,
1475 2103 1532 2152 et
1556 2096 1736 2153 lumen

164 2202 278 2258 est;
308 2193 493 2249 merito
518 2199 572 2247 et
600 2189 899 2247 intellectus
922 2197 1037 2256 est,
1064 2188 1188 2261 quia
1228 2197 1281 2245 et
1309 2188 1467 2243 satiat
1504 2187 1737 2245 animam

166 2284 366 2343 avidam
387 2282 627 2349 sciendi;
660 2292 715 2338 et
739 2284 915 2339 omnis
941 2281 1032 2355 qui
1061 2280 1330 2353 intelligit,
1364 2279 1485 2337 luce
1507 2280 1737 2351 quadam

167 2391 267 2435 non
290 2374 583 2448 corporali,
619 2388 724 2430 non
754 2373 978 2439 carnali,
1008 2388 1113 2428 non
1143 2372 1437 2437 exteriore,
1470 2370 1565 2427 sed
1595 2371 1737 2428 inte-

167 2468 304 2526 riore
325 2467 635 2523 illustratur.
660 2463 760 2520 Est
780 2478 933 2535 ergo,
959 2463 1172 2525 fratres.
1196 2460 1440 2533 quzedam
1462 2460 1548 2517 lux
1571 2461 1735 2530 intus,

169 2573 318 2632 quam
346 2572 447 2614 non
476 2557 671 2613 habent
708 2556 799 2628 qui
828 2570 934 2611 non
962 2554 1285 2626 intelligunt.
1328 2552 1483 2610 Unde
1506 2553 1617 2625 jam
1644 2567 1740 2609 cos

170 2649 567 2723 quidesiderant
592 2648 732 2705 hunc
758 2646 959 2703 fontem
989 2647 1133 2712 vitm,
1172 2656 1227 2702 et
1251 2645 1373 2702 inde
1391 2645 1589 2717 aliquid
1616 2660 1738 2701 caro

172 2755 328 2820 punt,
354 2744 638 2814 alloquitur
678 2740 966 2813 Apostolus
998 2741 1287 2797 obsecrans
1309 2780 1326 2805 ,
1370 2748 1426 2795 et
1457 2738 1588 2795 dicit
1617 2757 1630 2794 :
1670 2737 1740 2794 Ut

168 2837 271 2909 iam
295 2853 392 2891 non
414 2834 676 2889 ambuletis
702 2834 836 2889 sicut
875 2843 923 2887 et
947 2832 1135 2887 Gentes
1158 2832 1422 2885 ambulant
1446 2832 1499 2885 in
1524 2830 1742 2885 uanitate

174 2927 341 2983 muttis
363 2942 499 2991 sua,
535 2925 793 2981 obscurati
818 2921 1190 2994 intelligentia,
1221 2921 1432 2977 alienati
1455 2937 1487 2975 a
1516 2922 1617 2975 vita
1649 2919 1741 2976 Dei

175 3036 259 3090 per
284 3020 608 3091 ignorantiam
636 3032 749 3090 qua:
770 3026 842 3071 est
872 3017 924 3071 in
950 3016 1076 3081 illis,
1106 3025 1308 3086 propter
1329 3015 1603 3069 caecitatem
1629 3029 1744 3069 cor-

177 3113 249 3169 dis
271 3114 487 3185 ipsorum
514 3113 729 3185 (Ephes.
760 3126 837 3179 tv,
867 3111 955 3175 Π,
986 3108 1098 3183 18).
1126 3108 1182 3165 Si
1208 3123 1337 3179 ergo
1363 3108 1437 3164 illi
1467 3107 1741 3164 obscurati

180 3215 294 3261 sunt
312 3204 675 3277 intelligentia,
702 3201 758 3273 id
786 3211 888 3266 est,
916 3200 1037 3272 quia
1066 3215 1173 3256 non
1202 3197 1523 3270 intelligunt,
1550 3198 1744 3254 obscu-

180 3308 377 3364 rantur;
405 3312 532 3368 crgo
571 3296 660 3368 qui
704 3294 1007 3365 intelligunt
1050 3291 1436 3348 illuminantur.
1464 3291 1636 3348 Curre
1673 3292 1742 3349 ad

179 3386 357 3457 fontes,
377 3389 622 3447 desidera
641 3402 900 3460 aquarum
923 3384 1118 3441 fontes.
1144 3384 1297 3455 Apud
1323 3383 1489 3440 Deum
1514 3392 1597 3439 est
1623 3382 1744 3441 fons

180 3483 288 3540 vitte
311 3493 363 3539 et
389 3480 709 3539 insiccabilis
746 3480 866 3536 fons
905 3495 919 3533 :
955 3478 1007 3533 in
1040 3477 1182 3533 illius
1216 3476 1334 3532 luce
1369 3475 1549 3533 lumen
1592 3475 1746 3532 inob-

183 3575 441 3631 scurabile.
486 3572 691 3629 Lumen
736 3569 838 3625 hoc
876 3567 1118 3626 desidera
1139 3609 1157 3636 ,
1185 3565 1473 3635 quemdam
1505 3566 1741 3636 fontem,

184 3666 425 3738 quoddam
450 3667 631 3723 lumen
670 3663 829 3735 quale
868 3677 971 3720 non
999 3667 1199 3718 norunt
1227 3658 1370 3717 oculi
1403 3658 1515 3725 ttti;
1546 3659 1631 3716 cui
1658 3658 1743 3715 lu-

186 3761 298 3816 mini
338 3761 559 3818 videndo
601 3757 791 3815 oculus
833 3755 1055 3812 interior
1094 3762 1450 3825 prmparatur,
1480 3751 1567 3809 cui
1612 3750 1745 3807 l'onti

187 3853 458 3913 hauriendo
485 3855 605 3911 sitis
634 3853 856 3911 interior
886 3848 1194 3905 inardescit.
1224 3846 1398 3903 Curre
1424 3845 1493 3902 ad
1520 3844 1745 3912 fontem,

186 3945 405 4005 desidera
449 3948 649 4004 l’outem
692 3963 707 4000 :
747 3942 841 4000 sed
872 3942 979 3998 noli
1009 3949 1318 4011 utcumque,
1348 3936 1459 3993 noli
1484 3945 1541 3993 ut
1565 3935 1748 4009 quale—

186 4051 392 4109 cumque
417 4037 615 4094 animal
644 4050 896 4099 currere;
942 4039 1000 4088 ut
1039 4046 1227 4088 cervus
1267 4042 1444 4084 curre.
1476 4026 1613 4097 Quid
1642 4035 1744 4094 est,

188 4140 237 4187 ut
273 4132 493 4190 cervus?
536 4130 653 4187 Non
703 4129 774 4184 sit
817 4126 1038 4183 tarditas
1079 4125 1133 4180 iu
1182 4121 1479 4188 currendo,
1525 4122 1748 4192 impigre

189 4236 349 4294 curre,
377 4226 601 4297 impigre
629 4220 874 4279 desidera
904 4220 1125 4274 fontem.
1152 4214 1462 4272 Invenimus
1489 4212 1631 4270 enim
1662 4212 1746 4267 in-

190 4315 321 4389 signe
342 4317 639 4373 velocitatis
669 4314 721 4369 iu
747 4326 928 4369 cervo.

249 4408 300 4463 ὅ.
334 4408 434 4466 Sed
463 4407 601 4464 forte
626 4420 732 4462 non
760 4402 863 4459 hoc
887 4401 1165 4473 Scriptura
1190 4398 1364 4457 solum
1393 4412 1491 4455 nos
1514 4397 1568 4453 in
1589 4411 1750 4453 cervo

194 4502 515 4559 considerare
537 4500 727 4567 voluit,
752 4496 846 4554 sed
868 4506 919 4553 et
942 4494 1106 4551 aliud.
1129 4494 1263 4550 Audi
1286 4493 1413 4567 quid
1434 4492 1573 4549 aliud
1595 4494 1749 4549 estin

193 4603 348 4650 cervo.
376 4592 665 4665 Serpentes
695 4597 872 4656 nectt,
900 4598 953 4645 et
985 4596 1103 4658 post
1128 4586 1459 4658 serpentium
1491 4585 1749 4640 interem-

196 4684 407 4753 ptiouem
436 4684 623 4755 majori
649 4681 734 4737 siti
764 4679 1071 4741 inardescit,
1099 4676 1388 4749 peremptis
1413 4675 1753 4747 serpentibus

196 4775 250 4830 ad
268 4776 431 4834 lentes
453 4776 631 4833 acrius
655 4776 840 4830 currit.
862 4769 1154 4842 Serpentes
1176 4769 1299 4823 vitia
1326 4778 1411 4824 tua
1436 4779 1559 4824 sunt
1585 4785 1599 4824 :
1622 4784 1753 4825 eon-

199 4879 328 4925 mme
353 4878 629 4941 serpentes
659 4863 972 4937 iniquitatis,
1003 4872 1129 4917 tunc
1155 4860 1385 4931 amplius
1423 4858 1754 4915 desiderabis

201 4955 375 5018 lentem
399 4960 657 5017 veritatis.
690 4955 925 5012 Avaritia
951 4954 1090 5009 forte
1117 4952 1170 5007 in
1202 4961 1253 5007 te
1283 4950 1621 5007 tenebrosum
1652 4950 1754 5005 ali-

200 5054 307 5122 quid
333 5054 539 5123 sibilat,
567 5060 624 5107 et
660 5050 837 5105 sibilat
864 5048 1123 5103 adversus
1165 5045 1387 5101 verbum
1417 5043 1510 5099 Dei
1530 5082 1548 5110 ,
1579 5042 1757 5099 sibilat

202 5141 430 5200 adversus
457 5151 778 5213 przcceptum
808 5138 896 5195 Dei
930 5157 945 5193 :
988 5146 1044 5193 et
1080 5135 1205 5207 quia
1246 5135 1338 5190 tibi
1365 5133 1581 5199 dicitur,
1611 5130 1757 5187 Con-

208 5242 358 5293 temne
384 5234 605 5307 aliquid,
632 5248 699 5289 ne
726 5232 889 5287 facias
918 5229 1285 5301 iniquitatem;
1312 5227 1358 5283 si
1387 5227 1554 5282 mavis
1582 5225 1758 5282 facere

211 5325 547 5399 iniquitatem,
597 5340 760 5396 quam
808 5321 1023 5393 aliquod
1073 5318 1412 5376 commodum
1462 5317 1759 5389 temporale

212 5434 553 5486 tentetunere,
592 5416 829 5476 morderi
862 5416 1014 5487 eligis
1058 5430 1087 5468 a
1113 5422 1396 5485 serpente,
1424 5428 1583 5482 quam
1614 5411 1757 5484 peri-

211 5529 334 5574 mere
362 5522 683 5587 serpentem.
722 5509 855 5566 Cum
892 5522 1019 5579 ergo
1046 5504 1221 5561 adhuc
1262 5504 1439 5559 taveas
1468 5504 1598 5560 vitio
1629 5514 1758 5572 tuo,

206 5607 450 5681 cupiditati
476 5615 603 5670 tum,
633 5600 870 5657 avaritia:
896 5606 1023 5659 tum,
1042 5595 1279 5663 serpenti
1311 5604 1433 5658 tuo;
1464 5593 1678 5664 quatttlo
1705 5594 1758 5649 in

207 5714 254 5765 te
289 5698 487 5758 invenio
524 5700 631 5754 tate
669 5690 1026 5755 desiderium,
1065 5702 1173 5760 quo
1210 5701 1396 5743 curras
1436 5686 1505 5743 ad
1548 5686 1749 5744 fontem

264 5839 282 5875 ι
306 5832 479 5900 Aliquot
654 5824 948 5880 mtellecttmt
967 5822 1130 5887 itaque
1148 5824 1439 5875 “nitemur.

264 5898 655 5961 "limem,
677 5901 855 5941 manu.
1244 5954 1247 5955 ν
1288 5948 1291 5951 _

1320 6018 1441 6030 "‘Mr
1464 6024 1519 6033 -..

1268 412 1666 477 ENAHBATIO
1703 404 1768 470 ΙΝ
1807 408 2131 478 ΡΒΑΙΔΠῘΜ
2166 418 2298 482 ΧΗ.

3316 414 3427 483 ιϐϐ

1838 548 2096 606 aquarum
2110 535 2139 592 t
2160 535 2376 611 quando
2394 538 2730 610 concupiscis
2755 537 2960 597 fontem
2980 537 3276 612 sapientiae,
3297 554 3424 599 cum

1834 626 2009 685 adbue
2058 627 2272 688 labores
2316 631 2375 688 in
2415 645 2628 689 veneno
2670 632 2929 690 malitiae?
2973 632 3217 692 lnterlice
3262 636 3317 692 in
3369 644 3427 695 te

1835 721 2093 795 quidquid
2134 722 2460 780 contrarium
2490 733 2573 781 est
2607 725 2818 782 veritati
2857 743 2873 780 :
2904 736 2959 782 et
2987 740 3108 783 eum
3138 736 3192 784 te
3220 727 3428 788 videris

1818 804 2087 883 ‘tanquam
2109 828 2304 870 vacare
2329 828 2359 870 a
2383 816 2762 887 cupiditatibus
2787 818 3077 889 perversis,
3111 819 3220 875 nali
3248 835 3429 877 rema-

1837 920 1966 960 nere
1993 907 2145 977 quasi
2176 922 2282 962 non
2313 907 2383 962 sit
2411 908 2553 979 quod
2581 907 2880 965 desideres.
2910 908 3010 966 Est.
3033 911 3176 969 enim
3202 912 3426 983 aliquid,

1836 1011 1943 1067 quo
1966 1006 2017 1052 te
2045 996 2232 1064 tollas;
2261 998 2306 1053 si
2327 999 2440 1069 jam
2465 1000 2619 1072 egisti
2648 1000 2704 1056 in
2727 1009 2801 1068 te,
2824 1011 2884 1057 ut
2907 1018 3015 1061 nou
3043 1004 3115 1059 sit
3140 1005 3430 1077 impeditur

1835 1097 2021 1144 contra
2050 1097 2121 1145 te.
2151 1090 2397 1147 Dicturus
2420 1093 2565 1148 enim
2592 1108 2651 1149 es
2678 1092 2817 1151 l'orte
2840 1093 2953 1165 jam
2986 1096 3138 1164 mihi,
3161 1096 3209 1153 si
3232 1113 3427 1157 cervus

1837 1194 1899 1238 es
1925 1198 1941 1235 :
1970 1180 2112 1237 Deus
2135 1183 2283 1239 novit
2308 1198 2415 1239 non
2440 1199 2528 1241 me
2548 1184 2658 1255 jam
2684 1200 2928 1252 avarum,
2959 1202 3063 1243 non
3094 1204 3180 1245 me
3201 1190 3310 1259 jam
3334 1207 3430 1247 cu-

1833 1272 2082 1344 jusquam
2110 1289 2225 1332 rem
2255 1277 2655 1347 concupiscere,
2700 1292 2806 1334 non
2846 1278 3092 1335 adulterii
3136 1282 3428 1353 cupiditate

1838 1365 2095 1439 ﬂagrare,
2136 1383 2243 1424 non
2280 1369 2599 1441 cujusquam
2629 1370 2754 1426 odio
2783 1369 3087 1443 invidiaque
3112 1374 3425 1446 tabescere,

1838 1467 1893 1514 et
1916 1469 2107 1515 etetera
2136 1459 2477 1529 bujusmodi;
2504 1461 2745 1518 dicturus
2770 1477 2861 1529 es,
2886 1461 3004 1519 Non
3041 1462 3215 1521 habeo
3252 1465 3368 1521 hare
3408 1484 3426 1523 :

1838 1558 1894 1606 ct
1920 1550 2117 1622 qumris
2152 1550 2289 1608 forte
2314 1552 2456 1607 unde
2485 1551 2791 1610 delecteris.
2820 1552 3069 1609 Desidera
3104 1555 3247 1612 unde
3275 1556 3430 1614 dele-

1838 1640 2034 1706 cteris;
2061 1640 2309 1699 desidera
2334 1642 2403 1698 ad
2430 1647 2595 1715 fontes
2621 1660 2868 1715 aquarum
2891 1659 2912 1699 :
2932 1645 3095 1702 habet
3118 1646 3260 1704 Deus
3288 1649 3431 1706 unde

1839 1740 1894 1790 te
1922 1733 2126 1789 reliciat
2144 1775 2159 1799 ,
2187 1741 2243 1790 et
2269 1734 2491 1805 impleat
2516 1736 2819 1792 venientem
2850 1736 2917 1793 ad
2945 1752 3035 1805 se,
3065 1747 3120 1794 et
3157 1740 3431 1799 sitientem

1838 1832 1962 1895 post
2000 1824 2468 1897 interemptionem
2502 1826 2831 1898 serpentium
2852 1868 2868 1896 ,
2898 1836 3151 1900 tanquam
3189 1830 3431 1890 velocem

1840 1928 2080 1971 cervum.

1910 2008 1967 2065 4.
1993 2007 2091 2065 Est
2107 2008 2251 2066 aliud
2268 2009 2411 2083 quod
2430 2010 2823 2069 animadvertas
2845 2014 2899 2070 in
2925 2027 3105 2071 cervo.
3121 2014 3434 2077 Traduntur

1840 2100 2007 2168 cervi,
2020 2109 2075 2156 et
2097 2115 2128 2156 a
2149 2100 2466 2173 quibusdant
2486 2104 2647 2160 etiam
2661 2105 2761 2161 visi
2777 2114 2931 2173 sunt;
2949 2121 3058 2164 non
3078 2108 3220 2165 enim
3237 2110 3306 2166 de
3326 2110 3434 2169 illis

1840 2188 1949 2245 tale
1966 2190 2165 2262 aliquid
2187 2194 2532 2264 scriberetur,
2554 2196 2653 2252 nisi
2679 2205 2835 2253 antea
2856 2197 3127 2255 videretur
3149 2217 3162 2254 :
3181 2200 3434 2260 dicuntur

1841 2297 1971 2353 ergo
1996 2283 2140 2339 cervi
2176 2284 2261 2341 vel
2284 2285 2499 2356 quando
2538 2286 2592 2341 in
2634 2287 2846 2359 agmine
2875 2302 2975 2345 suo
3014 2288 3311 2359 ambulant,
3343 2292 3432 2351 vel

1841 2373 2057 2445 quando
2085 2375 2319 2431 natando
2345 2376 2481 2433 alias
2510 2384 2774 2433 terrarum
2804 2386 2985 2451 partes
3012 2390 3232 2451 petunt,
3261 2396 3430 2440 onera

1841 2468 2073 2539 capitum
2094 2481 2312 2525 suorum
2335 2482 2497 2541 super
2515 2484 2574 2527 se
2604 2469 2830 2527 invicem
2857 2486 3079 2542 ponere,
3110 2474 3184 2531 ita
3210 2482 3271 2531 ut
3294 2489 3435 2533 unus

1841 2557 2131 2630 prtccedat,
2160 2567 2216 2616 et
2241 2567 2534 2632 sequantur
2546 2562 2636 2632 qui
2663 2575 2823 2633 supra
2852 2576 2975 2618 eum
3004 2564 3179 2635 capita
3209 2575 3433 2636 ponant,

1843 2659 1900 2707 et
1924 2665 2085 2721 supra
2113 2651 2232 2708 illos
2259 2651 2349 2707 alii
2378 2660 2786 2723 consequentes,
2811 2661 2867 2709 et
2893 2652 3088 2710 deinde
3113 2653 3225 2722 alii,
3253 2654 3431 2715 donec

1843 2755 2035 2813 agmen
2068 2743 2313 2799 ﬁniatur:
2335 2741 2426 2799 ille
2441 2751 2620 2798 autem
2647 2758 2784 2799 unus
2806 2744 2896 2815 qui
2919 2744 3130 2816 pondus
3150 2748 3342 2817 capitis
3370 2748 3429 2804 in

1844 2836 2074 2907 primatu
2091 2835 2356 2907 portabat,
2376 2834 2622 2906 fatigatus
2638 2834 2777 2892 redit
2791 2835 2859 2890 ad
2883 2836 3197 2907 posteriora,
3215 2845 3275 2891 ut
3293 2837 3436 2896 alius

1844 2929 1893 2987 ei
1914 2927 2184 2994 succedat,
2200 2928 2289 3000 qui
2312 2935 2489 3000 portet
2506 2926 2646 3000 quod
2671 2927 2761 2984 ille
2781 2927 3045 2998 portabat,
3068 2937 3225 3000 atque
3244 2929 3335 2984 ille
3355 2928 3437 2986 fa-

1846 3019 2153 3091 tigationem
2170 3032 2320 3074 suam
2351 3026 2558 3074 recreet
2584 3016 2758 3088 posito
2783 3017 2978 3088 capite,
3001 3018 3139 3074 sicut
3164 3025 3221 3074 et
3245 3020 3434 3076 caeteri

1844 3110 2116 3184 ponebant
2158 3109 2272 3167 :ita
2300 3108 2534 3166 vicissim
2561 3108 2827 3182 portando
2867 3107 3009 3179 quod
3033 3124 3198 3181 grave
3231 3117 3345 3178 est,
3380 3117 3438 3167 et

1845 3204 1985 3261 viam
2014 3210 2305 3275 peragunt,
2346 3214 2401 3259 et
2429 3200 2657 3257 invicem
2694 3215 2755 3258 se
2782 3215 2889 3257 nou
2916 3200 3195 3257 deserunt.
3242 3199 3438 3259 Nonne

1845 3296 2103 3369 quosdam
2123 3310 2312 3353 cervos
2336 3293 2623 3365 alloquitur
2644 3292 2951 3365 Apostolus,
2970 3291 3156 3349 dicens
3173 3309 3189 3347 :
3208 3290 3438 3350 Invicem

1847 3406 2003 3447 onera
2040 3400 2205 3445 vestra
2233 3396 2430 3461 portate
2448 3428 2465 3457 ,
2494 3396 2540 3443 et
2568 3387 2641 3441 sic
2676 3385 3017 3459 adimplebltis
3048 3384 3210 3458 legem
3244 3384 3437 3442 Christi

1848 3480 2011 3555 (Gal.
2040 3496 2117 3547 γι,
2141 3480 2257 3553 2)?

1919 3574 1975 3631 5.
2018 3572 2165 3629 Talis
2208 3584 2337 3644 ergo
2375 3585 2567 3629 cervus
2591 3570 2647 3626 in
2674 3568 2781 3626 ﬁde
2824 3570 3165 3639 constitutus,
3199 3570 3437 3629 nondum

1848 3668 2037 3725 videns
2061 3665 2203 3739 quod
2232 3665 2425 3734 credit,
2472 3664 2695 3736 cupiens
2732 3663 3030 3735 intelligere
3073 3663 3214 3735 quod
3244 3663 3437 3735 diligit,

1848 3762 2051 3835 patitur
2077 3769 2133 3817 et
2170 3759 2469 3816 contrarios
2497 3773 2605 3813 non
2634 3770 2826 3813 cervos
2854 3758 2897 3824 l,
2922 3755 3239 3812 obscuratos
3276 3756 3437 3812 intel-

1850 3854 2085 3927 ligentia.
2115 3854 2171 3909 in
2200 3850 2435 3909 tenebris
2456 3848 2801 3907 interioribus
2819 3848 3157 3915 constitutos,
3188 3847 3441 3903 vitiorum

1848 3945 2139 4018 cupiditate
2174 3951 2442 4009 caecatos;
2489 3941 2709 4011 insuper
2746 3938 3063 3995 insultantes
3098 3946 3155 3993 et
3200 3937 3443 3995 dicentes

1850 4035 2052 4092 homini
2074 4033 2336 4098 credenti,
2368 4040 2424 4088 et
2447 4030 2591 4104 quod
2627 4028 2799 4087 credit
2826 4045 2934 4086 non
2963 4027 3267 4084 ostendenti
3294 4046 3309 4083 :
3340 4026 3443 4083 Ubi

1848 4139 1923 4187 est
1955 4128 2091 4184 Deus
2134 4126 2292 4182 tuus?
2317 4124 2455 4194 Quid
2492 4139 2623 4195 ergo
2670 4124 2771 4179 iste
2797 4137 2986 4179 cervus
3036 4120 3223 4178 fecerit
3254 4129 3443 4178 contra

1849 4224 1966 4282 lucc
1994 4222 2177 4288 verba,
2202 4218 2502 4286 audiamus,
2532 4226 2594 4273 ttt
2634 4227 2689 4273 et
2714 4216 2837 4288 ipsi,
2864 4215 2908 4271 si
2944 4228 3246 4285 possumus,
3278 4212 3443 4269 facia-

1851 4331 1992 4372 mus.
2044 4312 2222 4371 Primo
2260 4308 2525 4382 expressit
2550 4307 2695 4365 sitim
2731 4322 2880 4363 suam
2916 4325 2928 4361 :
2979 4305 3440 4374 Quemadmodum,

1852 4407 2042 4481 inquit,
2072 4422 2245 4461 cervus
2263 4402 2515 4459 desiderat
2541 4404 2609 4456 ad
2629 4405 2791 4473 fontes
2805 4416 3073 4471 aquarum,
3097 4400 3171 4453 ita
3188 4399 3444 4454 daiderat

1852 4502 2024 4557 anima
2048 4514 2157 4554 mea
2182 4496 2251 4552 ad
2278 4504 2347 4565 te,
2374 4494 2529 4550 Deus.
2554 4492 2691 4563 Quid
2716 4494 2759 4548 si
2782 4506 2977 4547 cervus
2996 4490 3062 4545 ad
3082 4489 3256 4546 fontes
3279 4504 3446 4562 aqua-

1854 4611 1972 4653 rum
2000 4588 2210 4650 lavandi
2229 4603 2389 4645 causa
2433 4585 2743 4643 desiderat?
2776 4584 2959 4642 Utrum
2990 4596 3117 4654 ergo
3136 4581 3352 4638 bibendi
3374 4598 3447 4641 an

1855 4685 2067 4745 lavandi
2098 4699 2281 4749 causa,
2311 4680 2599 4739 nescimus.
2632 4677 2773 4735 Audi
2809 4676 2936 4748 quid
2968 4674 3231 4746 sequitur.
3255 4684 3311 4731 et
3332 4675 3445 4732 noli

1854 4794 2097 4856 qurerere
2127 4796 2143 4835 :
2175 4776 2347 4834 Sitivit
2391 4774 2563 4828 anima
2597 4787 2708 4826 mea
2753 4771 2822 4824 ad
2868 4766 3036 4861 Deu’m
3076 4768 3262 4824 vivum.
3290 4767 3447 4837 Quod

1856 4874 1997 4938 dico,
2026 4866 2468 4941 Quemadmodum
2506 4879 2679 4919 cervus
2715 4859 2978 4917 desiderat
2999 4859 3068 4914 ad
3093 4861 3257 4929 fontes
3283 4878 3448 4933 aqua-

1858 4981 1995 5027 rum,
2037 4964 2109 5017 ita
2125 4959 2379 5017 desiderat
2403 4956 2576 5011 anima
2595 4954 2663 5009 ad
2691 4964 2757 5019 te,
2784 4950 2946 5019 Deus,
2978 4952 3081 5008 hoc
3113 4951 3257 5019 dico,
3296 4953 3450 5011 Sitivi

1857 5056 2028 5110 anima
2066 5068 2177 5107 mea
2213 5049 2282 5105 ad
2330 5046 2499 5103 Deum
2535 5046 2722 5101 virum.
2768 5042 2907 5113 Quid
2970 5043 3179 5100 sitivit?
3224 5043 3446 5112 Quando

1858 5146 2056 5205 veniam
2078 5153 2125 5198 et
2153 5140 2407 5215 apparebo
2434 5148 2551 5193 ante
2575 5137 2756 5208 faciem
2776 5133 2899 5191 Dei.
2929 5135 3043 5192 Hoc
3082 5144 3164 5193 est
3190 5135 3335 5207 quod
3365 5136 3446 5191 si-

1861 5241 1957 5309 tio,
1978 5237 2163 5294 venire
2198 5244 2255 5292 et
2275 5246 2551 5305 apparere.
2582 5229 2718 5286 Sitio
2754 5228 2809 5285 in
2851 5226 3296 5300 peregrinatione,
3323 5226 3450 5282 sitio

1863 5335 1915 5391 in
1936 5347 2095 5389 cursu
2142 5345 2156 5384 :
2184 5326 2421 5384 satiabor
2451 5324 2505 5379 in
2556 5322 2808 5378 adventu.
2855 5319 2961 5377 Sed
2985 5318 3191 5389 quando
3217 5319 3451 5374 ueniam?

1864 5427 1930 5483 Et
1956 5422 2098 5497 quod
2118 5420 2276 5479 citius
2301 5428 2385 5475 est
2406 5417 2535 5483 Deo,
2566 5413 2773 5471 tardum
2794 5420 2879 5470 est
2903 5411 3192 5467 desiderio.
3226 5410 3447 5479 Quando

1862 5519 2056 5576 veniam
2092 5526 2140 5571 et
2167 5509 2420 5584 apparebo
2446 5516 2564 5562 ante
2587 5506 2768 5577 faciem
2792 5502 2933 5559 Dei?
2956 5502 3035 5558 Ex
3066 5502 3157 5558 illo
3180 5500 3453 5559 desiderio

1863 5619 2023 5667 estet
2051 5608 2173 5673 hoc,
2204 5622 2270 5662 es
2296 5618 2403 5675 quo
2435 5601 2695 5658 clamatur
2718 5595 2881 5653 alibi:
2918 5593 3088 5651 Unam
3120 5592 3241 5663 petii
3282 5608 3315 5647 a
3341 5589 3454 5647 Do.

1865 5704 2024 5770 mino,
2052 5701 2182 5757 hanc
2199 5699 2474 5772 requiram,
2498 5706 2553 5751 ut
2568 5690 2848 5783 inhabilem
2866 5687 2920 5743 in
2944 5686 3095 5743 domo
3113 5682 3323 5742 Domini
3354 5702 3448 5758 per

1868 5814 2207 5943 ἔξεο,
2229 5821 2285 5870 ιι
2304 5812 2440 5877 κάει,
2465 5809 2728 5865 contrarios
2749 5819 2933 5873 cervos,
2954 5820 3050 5867 non
3081 5805 3235 5862 totum
3276 5806 3456 5891 obscu-
