3960 6438
142 363 229 422 ιη
1243 354 1642 417 ENARRA'I'IO
1678 350 1751 412 ιιι
1785 351 2108 417 ιιειιιιυιι
2143 358 2282 419 χιι.

3272 371 3380 435 4⁸14

200 479 278 536 15.
308 492 459 552 [νινε.
484 473 566 551 8.]
592 474 813 549 Abyssus
851 466 1087 547 abyssum
1112 473 1333 537 invocat,
1357 474 1413 528 in
1458 487 1577 528 voce
1607 486 1700 526 σα·
1798 480 1899 536 cat,
1920 470 2081 529 homo
2100 473 2371 533 hominem
2399 476 2670 535 lucratur:
2701 491 2808 535 non
2823 486 3003 537 tamen
3025 480 3083 538 in
3105 496 3237 543 voce
3257 498 3376 558 sua,

144 581 428 627 turdelarum
456 579 678 624 tuarum.
707 567 967 638 Peragere
1008 565 1276 622 Psalmum
1320 578 1535 635 possum
1581 561 1694 618 for-

143 676 283 727 tasse,
314 662 525 729 adjutus
577 660 757 716 studio
784 668 965 714 vestro
983 699 1000 721 ,
1043 658 1198 728 cujus
1226 656 1488 713 fervorem
1513 654 1693 711 video.

140 759 207 813 De
242 756 415 811 labore
441 763 618 809 autem
654 760 831 807 vestro
864 766 971 806 non
1003 750 1133 806 satis
1157 764 1307 815 curo,
1347 756 1408 803 ut
1431 746 1692 813 audiatis;

127 849 294 922 quand
318 869 329 897 ι
356 858 405 901 et
436 862 523 901 tne
542 847 630 917 qui
660 847 869 915 loquor,
905 844 975 900 ita
1003 844 1056 899 in
1088 842 1172 898 ltis
1200 842 1474 898 laboribus
1503 840 1697 896 sodare

126 942 366 997 cernatis.
390 939 721 1009 Aspieientes
749 954 835 993 me
868 937 1197 993 laborantem
1220 977 1237 1001 ,
1268 936 1506 1004 profecto
1533 933 1698 989 colla-

124 1036 318 1089 lnrats
348 1050 361 1085 :
394 1047 498 1087 non
525 1033 667 1087 enim
698 1031 826 1085 mihi
856 1029 1064 1098 laboro,
1092 1027 1186 1084 sed
1226 1027 1398 1083 vobis.
1420 1027 1559 1098 Ergo
1594 1042 1695 1082 au-

112 1127 266 1192 dite;
292 1127 404 1197 quia
435 1126 572 1179 velle
588 1140 683 1178 vos
699 1122 873 1178 video.
905 1122 1128 1194 Abyssus
1152 1121 1386 1192 abyssum
1406 1122 1624 1186 invocat,
1642 1121 1696 1175 in

112 1232 243 1270 uoce
267 1225 635 1270 contractarum
677 1224 880 1268 tuarum
916 1229 935 1267 :
969 1215 1077 1267 Deo
1128 1212 1264 1268 dixit
1312 1210 1401 1266 ille
1447 1212 1539 1282 qui
1579 1211 1696 1281 eius

108 1318 562 1365 totumemoratus
590 1316 674 1363 est
694 1306 764 1363 de
792 1317 932 1362 terra
959 1305 1210 1363 Iordanis
1232 1314 1289 1360 et
1314 1304 1643 1361 llermoniim
1677 1320 1691 1357 :

108 1401 233 1456 .lOC
251 1399 553 1454 admirando
573 1397 726 1464 dixit,
754 1396 979 1468 Abyssus
994 1396 1239 1468 Abyssum
1267 1396 1484 1459 invocat,
1506 1396 1560 1449 in
1577 1410 1697 1450 voce

99 1503 486 1547 damnatarum
534 1500 758 1544 tuarum.
799 1489 930 1555 Qum
965 1490 1189 1561 abyssus
1208 1529 1223 1551 ,
1254 1502 1412 1563 quam
1442 1486 1693 1558 abyssum

106 1585 370 1642 invocat?
399 1582 538 1640 Vere
555 1583 677 1655 quia
704 1583 803 1638 iste
824 1581 1123 1637 intellectus
1139 1581 1361 1653 abyssus
1390 1589 1491 1634 est.
1523 1578 1697 1649 Abys—

112 1694 216 1735 sus
251 1678 382 1735 enim
406 1686 488 1733 est
525 1675 853 1746 profunditas
878 1674 1117 1746 quzedam
1150 1671 1586 1744 impenetrabilis,
1617 1672 1699 1727 in-

112 1769 653 1842 comprehensibilis:
685 1778 741 1825 et
767 1767 998 1824 maxime
1036 1767 1175 1823 solet
1199 1765 1303 1821 dici
1334 1764 1387 1820 in
1430 1780 1689 1836 aquarum

114 1864 469 1921 multitudine.
514 1861 588 1917 lbi
616 1862 759 1918 enim
784 1860 1028 1927 altitudo,
1061 1859 1134 1915 ibi
1170 1856 1544 1929 profunditas:
1575 1872 1695 1928 qua:

115 1957 381 2029 penetrari
410 1969 580 2027 usque
603 1953 670 2010 ad
698 1953 915 2009 fundum
946 1968 1049 2007 non
1082 1960 1275 2023 potest.
1305 1951 1540 2021 Denique
1565 1965 1697 2020 quo-

113 2051 247 2107 dam
269 2050 383 2104 loco
406 2048 609 2104 dictum
633 2056 735 2109 est,
762 2044 970 2100 Iudicia
992 2053 1081 2098 tua
1109 2044 1320 2115 abyssus
1337 2043 1496 2097 multa
1521 2041 1693 2109 (Psal.

114 2156 286 2206 xxxv,
312 2141 368 2208 7)
396 2157 410 2195 :
442 2138 546 2193 hoc
593 2137 806 2193 volente
838 2136 1111 2207 Scriptura
1140 2133 1539 2199 commendare,
1572 2133 1695 2204 quia

110 2231 308 2301 judicia
333 2230 423 2286 Dei
448 2244 555 2286 non
581 2227 1127 2298 comprehenduntur.
1155 2226 1286 2295 Qua":
1300 2241 1429 2296 ergo
1449 2226 1694 2298 abyssns,

112 2337 276 2393 quam
313 2321 524 2377 invocat
562 2319 855 2392 abyssum?
880 2318 935 2375 Si
968 2318 1297 2389 profunditas
1323 2328 1408 2373 est
1433 2316 1692 2388 abyssns,

114 2420 362 2483 putamus
388 2425 496 2465 non
521 2424 616 2465 cor
643 2409 874 2465 hominis
895 2409 1120 2481 abyssns
1154 2409 1271 2464 est?
1295 2408 1429 2476 Quid
1452 2408 1591 2462 enim
1613 2415 1698 2464 est

113 2503 425 2575 profundius
454 2502 555 2557 hac
586 2502 817 2572 abysso?
842 2500 1009 2571 Loqui
1052 2500 1299 2555 homines
1328 2508 1584 2571 possunt,
1614 2499 1694 2554 vi-

34 2630 39 2651 ι
111 2595 235 2651 deri
262 2605 476 2665 possunt
511 2609 607 2665 per
629 2594 996 2664 operationem
1027 2592 1409 2657 membrorum,
1443 2592 1612 2647 audiri
1641 2591 1693 2647 in

38 2730 41 2733 λ
111 2702 362 2743 sermone
398 2706 412 2741 :
457 2686 550 2741 sed
575 2685 729 2756 cujus
766 2685 1018 2757 cogitatio
1062 2694 1387 2753 penetratur,
1419 2684 1571 2754 cujus
1601 2700 1697 2739 eor

42 2834 47 2837 _
112 2778 430 2846 inSpicitur?
455 2777 591 2847 Quid
635 2778 779 2831 intus
806 2786 993 2846 gerat,
1018 2776 1144 2846 quid
1175 2776 1317 2830 intus
1353 2775 1541 2847 possit,
1564 2774 1692 2845 quid

40 2918 49 2927 ς
111 2870 260 2927 intus
297 2878 451 2939 agat,
499 2869 625 2939 quid
670 2868 813 2923 intus
840 2866 1128 2937 disponat,
1174 2866 1301 2937 quid
1345 2867 1486 2921 intus
1530 2865 1687 2931 velit,

52 2990 59 3021 ς
108 2961 243 3033 quid
270 2962 410 3017 intus
446 2961 613 3025 nolit,
644 2961 764 3030 quis
790 2958 1244 3031 comprehendet?
1271 2958 1406 3014 Puto
1440 2973 1547 3013 non
1591 2957 1690 3013 ab-

40 3082 43 3115 ;
108 3053 273 3126 surde
300 3054 517 3123 intelligi
545 3053 796 3126 abyssum
823 3053 1093 3109 hominem
1116 3052 1186 3109 de
1213 3067 1324 3123 quo
1345 3052 1469 3107 alibi
1489 3050 1688 3108 dictum

42 3186 46 3196 λ
110 3125 235 3203 θείς
262 3146 469 3202 Accedet
503 3125 653 3201 homo
694 3147 763 3202 ad
789 3162 879 3202 cor
919 3145 1108 3211 altum,
1151 3154 1200 3200 et
1222 3146 1529 3201 exaltabitur
1553 3144 1692 3201 Deus

48 3274 51 3275 ν
111 3236 284 3309 (Paul.
314 3253 462 3303 mu,
488 3238 541 3300 7,
563 3237 641 3305 8).
666 3235 721 3293 Si
742 3251 871 3308 ergo
896 3237 1058 3292 homo
1081 3235 1305 3307 abyssus
1333 3247 1435 3301 est,
1465 3251 1681 3307 quomo-

38 3366 39 3369 η
108 3327 169 3384 do
210 3328 424 3391 abyssus
474 3328 683 3382 invocat
724 3320 1016 3399 abyssum?
1048 3326 1217 3381 Homo
1248 3326 1463 3382 invocat
1512 3326 1690 3382 homi-

38 3462 49 3465 η
109 3419 275 3475 netu?
303 3420 514 3474 invocat
547 3419 696 3489 quasi
727 3417 995 3489 quomodo
1036 3417 1175 3473 Deus
1204 3415 1517 3472 invocatur?
1549 3415 1687 3473 Non.

40 3550 51 3581 ς
112 3509 214 3565 Sed
239 3511 450 3566 invocat
468 3550 485 3573 ,
512 3509 708 3564 dicitur
730 3507 796 3564 ad
833 3522 894 3564 se
922 3516 1093 3562 vocat.
1125 3506 1258 3562 Nam
1286 3506 1487 3562 dictum
1516 3515 1599 3562 est
1622 3507 1690 3563 de

116 3602 359 3672 quodam,
386 3602 607 3657 Mortem
630 3603 838 3657 invocat
857 3601 938 3675 (α)
964 3619 978 3657 :
999 3600 1049 3656 id
1073 3610 1174 3666 est,
1198 3600 1275 3656 sic
1288 3601 1436 3668 vivit,
1456 3610 1515 3656 ut
1543 3616 1690 3656 mor-

118 3700 214 3748 tem
240 3692 308 3749 ad
331 3709 391 3750 se
412 3701 583 3749 vocet.
611 3692 740 3748 Nam
762 3707 921 3749 nemo
946 3691 1221 3747 hominum
1256 3703 1340 3748 est
1379 3693 1467 3762 qui
1494 3695 1692 3749 oratio-

45 3822 53 3853 ε
119 3798 230 3837 nem
259 3783 438 3849 faciat,
469 3793 524 3839 et
546 3783 758 3839 invocet
776 3791 1003 3838 mortem
1036 3799 1051 3836 :
1078 3781 1171 3836 sed
1188 3783 1324 3837 male
1344 3781 1572 3837 vivendo
1593 3781 1693 3838 bo-

119 3874 282 3929 mines
310 3884 536 3930 mortem
567 3874 833 3929 invocant.
856 3873 1078 3944 Abyssus
1100 3872 1568 3945 abyssuntinvocat,
1596 3872 1693 3929 bo-

118 3977 197 4017 mo
256 3964 547 4020 hominem.
604 3963 695 4020 Sic
735 3963 959 4019 discitur
998 3963 1257 4035 sapientia
1282 4004 1298 4028 ,
1347 3964 1427 4020 sic
1468 3964 1695 4021 discitur

42 4112 45 4119 π
120 4054 265 4121 fides,
304 4070 423 4111 cum
454 4055 680 4128 abyssns
702 4053 952 4127 abyssum
980 4055 1208 4111 invocat.
1239 4054 1506 4128 Abyssum
1540 4055 1693 4112 invo-

42 4194 47 4199 ,
118 4156 235 4201 cant
262 4147 427 4202 sancti
468 4146 844 4217 przedicatores
867 4146 1013 4203 verbi
1057 4147 1171 4203 Dei.
1201 4146 1466 4219 Numquid
1505 4158 1561 4203 et
1589 4149 1692 4218 ipsi

36 4290 37 4293 η
120 4249 215 4290 non
243 4236 511 4308 abyssus?
537 4234 606 4292 Ut
631 4236 866 4302 noveris,
891 4238 1016 4309 quia
1044 4238 1269 4310 abyssus
1297 4248 1352 4294 et
1392 4239 1517 4309 ipsi,
1545 4241 1693 4311 Apo-

119 4326 281 4381 stolus
316 4327 392 4382 ait
436 4345 450 4381 :
498 4324 771 4381 Minimum
799 4336 872 4381 est
900 4336 957 4383 ut
984 4345 1016 4383 a
1051 4329 1189 4384 vobis
1216 4329 1482 4402 dijudieer,
1514 4340 1603 4384 aut
1629 4331 1694 4386 ab

121 4415 333 4472 humano
348 4419 447 4472 die.
460 4418 665 4487 Quanta
681 4427 856 4473 autem
876 4419 1101 4489 abyssus
1119 4421 1208 4487 sit,
1227 4421 1403 4477 audite
1423 4422 1651 4493 amplius
1675 4441 1688 4477 :

124 4502 294 4579 Neque
319 4509 450 4563 enim
476 4524 568 4579 ego
590 4508 835 4577 meipsum
859 4509 1084 4579 dijudico
1118 4510 1159 4581 (l
1186 4510 1303 4566 Cor.
1332 4527 1405 4579 tv,
1436 4513 1516 4582 5).
1548 4513 1693 4569 Tan-

124 4605 292 4653 tamne
329 4599 741 4669 profunditatem
789 4600 1010 4655 creditis
1055 4616 1176 4657 esse
1215 4603 1268 4657 in
1297 4602 1531 4669 homine,
1572 4620 1694 4675 qua:

126 4684 276 4744 lateat
310 4690 479 4762 ipsum
508 4690 777 4747 hominem
809 4691 863 4747 in
892 4706 998 4763 quo
1036 4694 1160 4747 est?
1186 4694 1391 4761 Quanta
1420 4696 1694 4765 profundi-

128 4788 199 4833 tas
234 4782 550 4840 infirmitatis
579 4783 779 4841 latebat
816 4786 867 4840 in
911 4784 1071 4842 Petro
1095 4826 1111 4853 ,
1159 4787 1369 4857 quando
1398 4790 1523 4859 quid
1551 4791 1604 4845 in
1634 4805 1692 4847 se

126 4887 358 4940 ageretur
400 4879 539 4935 intus
567 4879 871 4943 nesciebat,
914 4887 970 4934 et
1008 4893 1068 4935 se
1093 4880 1407 4935 moriturum
1438 4898 1559 4938 eum
1590 4884 1692 4939 Do-

127 4963 259 5016 mino
286 4969 367 5024 vel
390 4984 484 5039 pro
516 4970 738 5024 Domino
776 4979 975 5026 temere
1007 4971 1347 5041 promittebat
1368 4973 1545 5039 (Joan.
1574 4991 1688 5044 sun,

122 5054 234 5121 37)!
267 5070 461 5129 quanta
501 5061 724 5132 abyssus
760 5064 912 5117 erat?
941 5062 1072 5132 Quae.
1097 5072 1272 5119 tamen
1300 5064 1524 5137 abyssus
1550 5068 1689 5123 nuda

117 5155 219 5197 emt
254 5152 422 5207 oculis
452 5151 566 5208 Dei.
596 5152 727 5207 Nam
754 5152 855 5207 hoc
888 5153 961 5208 illi
996 5150 1233 5210 Christus
1261 5158 1646 5225 praenuntiabat
1665 5201 1681 5226 ,

105 5241 251 5296 'luod
282 5242 333 5298 in
364 5258 423 5298 se
449 5244 562 5313 ipse
612 5244 909 5314 ignorabat.
961 5245 1103 5316 Ergo
1145 5248 1324 5303 omnis
1374 5248 1533 5305 homo
1566 5251 1683 5307 licet

98 5334 346 5400 επικριιις,
370 5334 493 5389 licet
510 5334 705 5403 justus,
727 5334 849 5389 licet
868 5335 920 5390 in
939 5337 1116 5391 multis
1132 5338 1435 5408 proficiens,
1463 5341 1676 5414 abyssn:

117 5423 210 5473 est.
248 5426 560 5495 etahyssum
590 5424 823 5491 invocat,
850 5426 1062 5495 quando
1090 5426 1288 5484 homini
1309 5430 1505 5501 aliquid
1538 5432 1684 5499 fidei,

1798 565 1894 621 sed
1918 568 1973 621 in
1997 583 2116 622 voce
2133 579 2501 625 cataractarum
2518 580 2738 627 tuarum.

1870 664 1959 720 14.
2011 665 2187 721 Alium
2233 668 2456 739 accipite
2485 671 2810 728 intellectum
2841 689 2859 731 :
2893 673 3114 747 Abyssus
3140 676 3379 749 abyssum

1799 754 2022 822 invocat,
2052 756 2105 811 in
2128 772 2246 812 voce
2272 769 2639 817 eataractarum
2665 773 2889 819 tuarum.
2923 767 3032 837 Ego
3053 768 3140 837 qui
3162 778 3379 824 contre-

1800 846 1999 911 misco,
2038 864 2160 905 eum
2186 850 2252 907 ad
2282 867 2369 909 me
2405 854 2711 924 perturbata
2742 866 2824 913 est
2852 859 3029 915 anima
3057 876 3174 916 mea
3198 901 3215 928 ,
3239 862 3377 933 aju-

1798 938 1953 995 diciis
1981 940 2088 996 tuis
2115 942 2264 998 timui
2293 945 2642 1003 vehementer
2674 966 2689 1004 :
2706 950 2906 1019 judicia
2933 951 3075 1008 enim
3101 964 3190 1008 tua
3225 957 3379 1027 abys-

1797 1046 1886 1085 sus
1908 1033 2065 1087 multa
2085 1032 2256 1107 (Psal.
2279 1051 2446 1102 xxxv,
2473 1036 2552 1110 7),
2578 1048 2651 1102 et.
2671 1040 2880 1112 abyssns
2897 1046 3131 1114 abyssum
3156 1046 3376 1103 invocat.

1798 1118 1930 1176 Nam
1961 1122 2063 1179 sub
2103 1124 2204 1179 hae
2230 1139 2391 1182 carne
2435 1129 2682 1193 mortali,
2721 1130 3001 1198 laboriosa,
3041 1136 3337 1207 peceatriee
3360 1179 3378 1205 ,

1799 1212 2063 1270 molestiis
2088 1223 2144 1270 et
2166 1216 2431 1273 seandalis
2454 1219 2629 1287 plena,
2656 1223 3102 1293 concupiscentiis
3125 1227 3376 1296 obnoxia,

1798 1301 2069 1361 damnatio
2092 1307 2334 1377 qumdam
2356 1320 2440 1365 est
2464 1311 2532 1367 de
2552 1312 2757 1382 judicio
2792 1323 2882 1370 tuo
2918 1332 2931 1370 :
2960 1317 3081 1388 quia
3118 1328 3174 1373 tu
3199 1320 3378 1377 dixisti

1798 1398 2085 1465 peccatori,
2116 1397 2282 1454 Morte
2303 1402 2553 1467 morieris,
2581 1412 2653 1469 et,
2679 1402 2746 1459 In
2774 1405 2959 1461 sudore
2976 1408 3144 1462 vultus
3170 1410 3244 1463 tui
3262 1411 3378 1465 cdes

1799 1502 1979 1558 panem
2003 1496 2145 1542 tuum
2172 1488 2322 1561 (Gen.
2346 1506 2404 1556 ιι,
2436 1493 2522 1559 l7,
2549 1503 2597 1547 et
2625 1511 2701 1561 ιιι,
2731 1495 2843 1566 l9).
2877 1496 3001 1553 llzec
3025 1499 3247 1571 abyssus
3266 1501 3380 1571 pri-

1799 1591 1885 1631 ma
1901 1577 2085 1646 judieii
2116 1579 2212 1635 tui.
2235 1579 2339 1638 Sed
2360 1582 2403 1637 si
2431 1583 2571 1640 male
2597 1584 2683 1641 hic
2696 1585 2925 1642 vixerint
2945 1588 3209 1657 homines,
3231 1589 3382 1662 abys-

1798 1682 1884 1721 sus
1910 1668 2144 1739 abyssum
2164 1670 2359 1727 invocat
2389 1674 2555 1745 :qnia
2592 1674 2661 1731 de
2690 1692 2845 1747 poena
2871 1678 2925 1733 in
2956 1693 3166 1749 poenam
3209 1691 3384 1739 trans-

1797 1769 1959 1830 eunt,
1988 1771 2043 1819 et
2067 1762 2136 1820 de
2162 1765 2394 1822 tenebris
2422 1766 2490 1823 ad
2533 1768 2815 1837 tenebras,
2843 1778 2898 1826 et
2922 1771 2991 1828 de
3020 1771 3381 1842 profunditate

1797 1853 1865 1910 ad
1895 1855 2298 1925 profunditatem
2319 1901 2335 1925 ,
2374 1867 2429 1915 et
2452 1859 2520 1915 de
2544 1862 2808 1932 supplicio
2845 1862 2911 1918 ad
2959 1864 3298 1935 supplicium,
3325 1877 3382 1925 et

1799 1947 1868 2004 de
1911 1949 2103 2006 ardore
2127 1951 2429 2022 cupiditatis
2466 1952 2521 2008 in
2558 1952 2800 2011 flammas
2824 1953 3212 2026 gehennarum.
3240 1957 3383 2031 Ergo

1801 2037 1904 2095 hoc
1924 2040 2099 2095 timuit
2124 2040 2365 2098 fortassis
2389 2044 2550 2100 homo
2579 2044 2701 2110 iste,
2730 2060 2851 2101 cum
2878 2046 2953 2101 ait
2983 2064 2999 2103 :
3029 2047 3112 2101 Ad
3137 2049 3381 2119 meipsum

1798 2130 1970 2185 anima
1999 2148 2109 2185 mea
2132 2134 2331 2188 turbata
2359 2143 2429 2188 est
2455 2152 2469 2188 :
2504 2145 2771 2206 propterea
2798 2149 3105 2193 memoratus
3142 2156 3256 2194 sum
3283 2142 3379 2208 tui,

1806 2218 2035 2287 Domine,
2065 2222 2129 2277 de
2146 2232 2278 2278 terra
2304 2224 2550 2280 Iordanis
2568 2236 2615 2280 ct
2648 2225 2983 2281 Ilermoniim.
3007 2227 3231 2285 llumilis
3252 2246 3375 2288 esse

1799 2312 1990 2368 debeo.
2029 2313 2294 2370 Eshorrui
2322 2317 2463 2371 enim
2493 2317 2693 2387 judicia
2723 2326 2833 2384 tua,
2859 2317 3202 2376 vehementer
3226 2322 3378 2377 timui

1793 2404 1990 2474 judicia
2019 2416 2106 2461 tua
2139 2423 2153 2459 :
2179 2406 2302 2462 ideo
2320 2408 2388 2461 ad
2415 2424 2494 2463 me
2510 2410 2681 2464 anima
2702 2426 2813 2465 mea
2833 2410 3034 2465 turbata
3055 2422 3146 2467 est.
3178 2411 3246 2468 Et
3262 2429 3382 2484 qua:

1795 2494 1993 2566 judicia
2045 2506 2133 2552 tua
2170 2496 2357 2553 timui?
2398 2499 2639 2556 Parvane
2685 2500 2885 2571 judicia
2934 2512 3059 2557 sunt
3110 2512 3197 2559 tua
3235 2503 3384 2560 ista?

1797 2584 1981 2657 Magna
2034 2596 2154 2643 sunt
2174 2629 2190 2654 ,
2245 2589 2376 2643 dura
2406 2598 2564 2656 sunt,
2595 2591 2821 2658 molesta
2852 2603 2977 2647 sunt
3010 2609 3025 2648 :
3057 2592 3150 2648 sed
3182 2594 3382 2649 utinam

1798 2677 1910 2731 sola
1935 2680 2142 2733 essent!
2172 2678 2395 2750 Abyssus
2421 2681 2658 2752 abyssum
2687 2682 2904 2749 invocat,
2932 2685 2986 2738 in
3034 2700 3154 2739 voce
3178 2694 3383 2741 catara-

1798 2777 1995 2821 etarum
2019 2778 2241 2825 tuarum.
2272 2769 2404 2838 Quia
2433 2780 2487 2825 tu
2516 2771 2755 2837 minaris,
2774 2783 2828 2827 tu
2857 2774 2991 2829 dicis
3030 2786 3083 2829 et
3117 2784 3233 2844 post
3262 2776 3384 2832 illos

1796 2858 2008 2915 labores
2033 2869 2242 2917 restare
2279 2862 2503 2918 alteram
2529 2863 2925 2921 damnationem
2956 2884 2968 2920 :
3002 2864 3068 2920 In
3098 2883 3217 2923 voce
3239 2878 3381 2924 cata-

1795 2959 2049 3005 ractarum
2093 2960 2317 3018 tuarum,
2360 2955 2571 3025 abyssus
2592 2956 2830 3027 abyssum
2867 2959 3083 3013 invocat.
3110 2961 3231 3026 Quo
3252 2976 3383 3032 ergo

1795 3040 2002 3096 abiboa
2034 3040 2168 3098 facie
2196 3052 2318 3109 tua,
2347 3052 2403 3098 et
2426 3058 2457 3098 a
2494 3046 2683 3115 spiritu
2712 3056 2805 3101 tuo
2841 3063 2947 3118 quo
2970 3049 3163 3119 fugiam
3207 3049 3381 3123 (Psal.

1795 3147 2055 3199 cxxxvm,
2073 3134 2153 3205 7);
2181 3133 2226 3189 si
2248 3134 2475 3206 abyssus
2491 3138 2744 3209 abyssum
2771 3138 3009 3206 invocat,
3035 3140 3080 3197 si
3108 3152 3229 3212 post
3253 3143 3385 3199 istos

1799 3224 2011 3281 labores
2043 3226 2298 3282 timentur
2323 3228 2637 3298 graviores?

1867 3317 1957 3373 l5.
1992 3317 2181 3373 Omnes
2204 3320 2556 3390 suspensiones
2594 3330 2696 3375 tua:
2721 3331 2769 3376 et
2806 3324 2994 3393 ﬂuctus
3019 3324 3094 3380 tui
3129 3341 3280 3397 super
3305 3342 3386 3382 me

1792 3409 2007 3480 ingressi
2038 3418 2177 3464 sunt.
2211 3409 2433 3479 Fluctus
2462 3410 2515 3465 in
2546 3409 2630 3467 bis
2657 3427 2778 3482 qua:
2815 3415 3007 3478 sentio,
3047 3429 3387 3486 suspensum

1795 3498 1850 3555 in
1879 3501 1962 3555 his
1990 3517 2109 3571 qua:
2131 3503 2370 3557 minaris.
2396 3502 2582 3559 Omnis
2608 3505 2883 3576 perpessio
2908 3521 3052 3573 mea,
3078 3506 3270 3563 ﬂuetus
3303 3516 3388 3565 est

1796 3603 1917 3648 tuus
1942 3613 1956 3650 :
1986 3596 2161 3651 munis
2205 3597 2548 3653 comminatio
2578 3605 2668 3653 tua
2692 3640 2710 3665 ,
2736 3614 3061 3669 suspensum
3091 3610 3177 3657 tua
3199 3612 3299 3658 est.
3329 3602 3386 3659 ln

1794 3683 2042 3740 ﬂuctibus
2071 3686 2282 3741 invocat
2319 3687 2546 3760 abyssus
2575 3688 2695 3755 ista,
2729 3690 2781 3745 in
2806 3692 3146 3760 suspensuris
3173 3695 3388 3750 invocat

1795 3777 2014 3833 alteram
2054 3778 2326 3849 abyssum.
2381 3778 2438 3835 In
2491 3794 2559 3836 eo
2609 3780 2751 3851 quod
2796 3780 3008 3851 laboro,
3060 3798 3250 3840 omnes
3287 3785 3386 3842 llu-

1794 3879 1913 3925 ctus
1940 3869 2013 3925 tui
2055 3888 2069 3925 :
2111 3875 2164 3926 ln
2207 3886 2274 3927 eo
2315 3870 2456 3942 quod
2495 3873 2716 3928 minaris
2765 3875 3223 3943 gravius,omnes
3262 3891 3385 3935 sus-

1796 3962 2083 4032 pensioncs
2130 3970 2235 4018 tua:
2283 3976 2446 4034 super
2476 3979 2563 4020 me
2612 3966 2868 4035 ingressae
2909 3979 3051 4022 sunt.
3091 3968 3191 4037 Qui
3240 3970 3384 4026 enim

1797 4051 2047 4118 minatur,
2077 4067 2180 4108 non
2207 4054 2424 4123 premit,
2451 4054 2545 4111 sed
2564 4055 2863 4126 suspendit.
2886 4055 2993 4114 Sed
3013 4060 3134 4129 quia
3162 4059 3383 4130 liberas,
3487 4072 3491 4077 '

1799 4141 1902 4198 hoc
1924 4142 2035 4199 dixi
2073 4144 2267 4200 anima:
2295 4159 2429 4201 mete
2454 4163 2469 4200 ε
2502 4145 2667 4217 Spera
2691 4148 2745 4201 in
2769 4146 2956 4217 Deum,
2998 4151 3234 4221 quoniam
3256 4168 3384 4209 eon-

1798 4233 1976 4303 ﬁtebor
2002 4233 2081 4287 illi
2101 4249 2123 4299 ;
2146 4234 2370 4290 salutare
2390 4235 2556 4291 vultus
2589 4237 2707 4303 mei,
2733 4228 2890 4293 Deus
2921 4255 3079 4295 meus.
3108 4239 3242 4309 Quia
3271 4257 3387 4299 ma-

1796 4327 1879 4398 gis
1898 4327 2083 4383 crebra
2109 4336 2234 4383 sunt
2256 4328 2416 4396 mala,
2449 4328 2657 4385 dulcior
2680 4330 2782 4386 erit
2806 4331 3170 4389 misericordia
3200 4342 3308 4389 tua.

1871 4418 1959 4475 l6.
2024 4417 2174 4491 [vers.
2209 4418 2289 4491 9.]
2338 4419 2462 4476 Ideo
2512 4422 2753 4492 sequitur
2806 4439 2821 4478 :
2877 4420 2947 4477 In
2991 4423 3074 4477 die
3121 4425 3386 4483 mandavit

1798 4508 2048 4565 Dominus
2066 4511 2461 4567 misericordiam
2480 4528 2647 4581 suam,
2674 4523 2722 4568 et
2744 4522 2890 4568 nocte
2912 4514 3211 4570 declarabit.
3242 4516 3383 4575 Nulli

1797 4601 2152 4658 vacataudire
2178 4602 2232 4657 in
2254 4602 2615 4660 tribulatione.
2642 4604 2914 4661 Attendite
2929 4619 3050 4660 cum
3073 4605 3227 4662 vobis
3247 4606 3385 4667 bene

1797 4701 1913 4752 est:
1959 4692 2137 4748 audite
2160 4706 2283 4748 cum
2310 4694 2461 4749 vobis
2490 4693 2626 4751 bene
2651 4704 2734 4751 est
2769 4712 2786 4751 :
2821 4694 3047 4764 discite,
3078 4710 3201 4754 cum
3230 4707 3383 4756 tran-

1796 4783 1947 4855 quilli
1988 4783 2149 4849 estis,
2199 4784 2475 4855 sapientiae
2502 4784 2869 4856 disciplinam,
2900 4794 2957 4842 et
2985 4786 3210 4843 verbum
3242 4791 3260 4823 ⁸
3290 4789 3407 4848 Dei

1798 4884 1856 4931 ut
1878 4875 2054 4932 cibum
2082 4876 2337 4946 colligite.
2368 4876 2592 4945 Quando
2616 4878 2759 4933 enim
2788 4879 3017 4951 quisque
3059 4881 3115 4937 in
3157 4881 3386 4941 tribula-

1798 4967 1943 5023 tione
1969 4977 2090 5036 est,
2121 4968 2377 5038 prodesse
2403 4968 2480 5023 illi
2506 4968 2665 5026 debet
2707 4970 2851 5043 quod
2890 4986 3115 5030 securus
3158 4976 3383 5034 audivit.

1797 5059 1863 5114 Et
1888 5058 2029 5115 enim
2074 5059 2127 5114 in
2162 5058 2324 5114 rebus
2362 5061 2632 5129 prOSperis
2674 5062 2895 5120 mandat
2931 5064 3028 5122 tibi
3055 5065 3198 5123 Deus
3222 5069 3387 5126 mise-

1794 5152 2077 5209 ricordiam
2103 5166 2253 5208 suam
2274 5192 2291 5220 ,
2318 5152 2364 5208 si
2386 5153 2435 5208 ei
2464 5152 2691 5210 fideliter
2716 5156 3006 5225 servieris;
3039 5159 3162 5230 quia
3188 5158 3387 5217 liberat

1796 5255 1849 5302 te
1873 5244 1941 5303 de
1969 5245 2352 5312 tribulatione;
2399 5244 2495 5302 sed
2524 5260 2633 5303 non
2681 5248 2775 5305 tibi
2803 5248 3040 5308 declarat
3085 5252 3255 5324 ipsam
3281 5253 3385 5309 mi-

1794 5335 2162 5403 sericordiam,
2191 5351 2351 5409 quam
2390 5336 2483 5393 tibi
2504 5352 2600 5409 per
2622 5338 2767 5396 diem
2796 5342 3067 5398 mandavit
3085 5382 3102 5410 ,
3150 5343 3253 5399 nisi
3281 5357 3381 5415 per

1794 5439 2026 5487 noctem.
2070 5430 2201 5487 Cum
2231 5431 2438 5488 venerit
2463 5433 2573 5505 ipsa
2601 5433 2905 5501 tribulatio,
2951 5444 3075 5492 tunc
3104 5434 3375 5507 adiutorio

134 5508 304 5575 aliquid
330 5518 564 5572 veritatis
587 5524 805 5588 prapter
826 5518 985 5573 vitam
1011 5528 1262 5575 :eternam
1290 5523 1562 5594 praedicat.
1580 5525 1686 5582 Sed
1791 5532 1847 5580 te
1871 5538 1977 5579 non
2007 5522 2208 5580 deserit
2252 5541 2267 5579 :
2307 5524 2541 5580 ostendit
2567 5524 2662 5580 tibi
2691 5540 2875 5582 verum
2914 5525 3079 5584 fuisse
3107 5526 3249 5599 quod
3279 5528 3378 5589 tibi

136 5602 242 5692 lum!
278 5621 358 5665 est
386 5611 529 5665 utilis
553 5610 779 5683 abyssus
805 5610 998 5682 abysso
1039 5612 1329 5683 invocatae,
1380 5618 1590 5687 quando
1628 5620 1687 5676 lit
1790 5630 1887 5688 per
1924 5616 2064 5672 diem
2112 5615 2401 5673 mandavit.
2450 5616 2654 5673 Etenim
2703 5617 2962 5688 scriptum
3004 5626 3089 5675 est
3141 5618 3381 5692 quodam

132 5684 177 5738 ίιι
202 5704 320 5758 νοω
363 5710 748 5758 cataractarum
776 5711 1009 5760 tuarum.
1035 5705 1259 5776 Abyssus
1280 5684 1515 5779 abyssum
1536 5709 1682 5766 invo-

176 5785 242 5855 (ε)
263 5803 401 5873 Αριιά
419 5810 601 5871 εωρη
618 5802 771 5858 ωλι.

1800 5755 2115 5877 "timor
2140 5750 3061 5819 nss.,etverbtaeicibum.1resslii.
3102 5758 3153 5822 et
3185 5756 3386 5814 verba
