3960 6438
50 2530 83 3601 i

231 417 316 485 l8!

214 520 274 596 'ld
294 541 371 594 est
393 541 574 592 motus
606 532 867 608 quosdam
895 533 1139 592 carnales
1168 549 1184 590 :
1213 541 1269 590 et
1295 534 1351 591 in
1383 534 1611 607 quadam
1652 532 1793 590 lucta

224 634 273 686 et
293 626 437 697 quasi
463 625 859 698 desperatione,
886 624 1096 683 invocat
1118 624 1343 697 gratiam
1376 624 1490 692 Dei,
1519 623 1680 681 Miser
1701 641 1794 698 ego

204 718 361 773 'bomo
380 758 396 782 ,
421 717 533 788 quis
559 734 639 772 me
662 717 889 773 liberabit
912 717 976 773 de
1002 733 1212 789 corpore
1238 718 1412 773 mortis
1440 716 1593 790 hujus
1609 716 1637 772 .’
1662 715 1796 772 Gra-

219 810 285 863 tia
312 805 403 863 Dei
437 823 527 879 per
551 806 730 863 Jesum
757 805 1013 866 Christum
1050 806 1326 863 Dominum
1354 817 1584 864 nostrum
1609 808 1788 880 (Rom.

217 915 303 963 vn.
328 898 417 965 22,
446 898 561 971 £5).
592 900 751 958 Tales
777 900 847 956 ita
878 910 1177 974 pugnantes
1204 902 1362 958 etiam
1389 900 1504 974 ipse
1533 900 1792 957 Dominus

215 992 266 1049 in
299 1007 356 1050 se
393 993 735 1065 przciigurare
770 993 1019 1065 dignatus
1058 1002 1174 1056 est.
1212 1008 1334 1049 cum
1358 992 1436 1049 ait
1466 1010 1481 1050 :
1510 991 1694 1050 Tristis
1717 1001 1792 1050 est

213 1088 374 1141 anima
409 1102 516 1140 mea
542 1072 698 1156 usque
737 1083 806 1139 ad
846 1095 1054 1140 mortem
1079 1083 1292 1155 (Matth.
1337 1100 1496 1151 XXVI,
1541 1084 1656 1156 '58).
1693 1084 1792 1143 ille

210 1189 346 1230 enim
377 1184 593 1228 noverat
618 1174 685 1229 ad
728 1174 869 1245 quod
896 1184 1136 1231 venerat.
1166 1173 1259 1231 ille
1285 1176 1584 1244 passionem
1620 1190 1788 1248 pave-

208 1266 297 1322 hat
336 1270 421 1336 qui
462 1265 671 1320 dixerat
712 1282 727 1320 :
776 1264 1079 1321 Potestatem
1120 1267 1279 1322 habeo
1318 1267 1538 1339 ponendi
1564 1268 1786 1323 animam

209 1373 363 1413 meam
380 1398 395 1421 ,
419 1368 464 1412 et
489 1366 784 1427 potestatem
812 1356 968 1413 habeo
988 1357 1168 1413 iterum
1198 1359 1431 1414 sumendi
1455 1375 1604 1425 eant;
1628 1373 1789 1415 nemo

210 1448 339 1504 tollit
367 1447 505 1502 illam
532 1466 562 1503 a
594 1465 698 1513 tne,
726 1448 819 1504 sed
847 1465 947 1520 ego
972 1449 1088 1521 ipse
1113 1465 1254 1520 pono
1273 1466 1391 1506 eam
1415 1465 1446 1505 a
1472 1466 1579 1517 me,
1609 1460 1665 1506 et
1689 1451 1789 1509 ite-

208 1556 324 1596 rum
366 1552 518 1594 sumo
544 1554 661 1595 eam
696 1537 875 1613 (Joan.
922 1556 955 1595 χ
978 1580 995 1607 ,
1027 1540 1093 1595 l7
1115 1582 1131 1605 ,
1162 1540 1293 1604 18)?
1318 1539 1460 1607 Sed,
1508 1540 1684 1596 Tristis
1711 1548 1788 1595 est

207 1633 376 1687 enimn
400 1649 507 1685 inea
532 1647 687 1701 usque
704 1631 773 1687 ad
799 1644 1028 1698 mortrm,
1050 1633 1138 1703 qui
1169 1630 1321 1700 dixit,
1343 1631 1588 1703 qutedant
1619 1646 1788 1688 mem-

209 1725 301 1780 bra
325 1739 416 1779 sua
459 1723 511 1779 iu
551 1739 610 1778 se
640 1723 903 1796 ﬁguravit.
946 1722 1265 1794 Plerumque
1301 1723 1444 1778 enim
1478 1722 1589 1792 jam
1634 1737 1788 1778 mens

209 1815 344 1870 bene
381 1815 545 1870 credit
585 1822 643 1872 et
677 1815 812 1870 bene
850 1814 997 1870 novit
1026 1814 1256 1870 futurum
1286 1813 1555 1870 hominem
1593 1829 1787 1869 secun-

211 1908 335 1962 dum
366 1906 518 1963 iidem
545 1922 695 1961 suam
727 1907 779 1962 in
804 1906 1007 1979 gremio
1051 1905 1279 1962 Abrahae
1312 1925 1327 1962 :
1354 1905 1525 1963 credit
1565 1905 1700 1971 hoc,
1731 1913 1789 1963 et

198 2012 522 2057 tamencum
550 2002 758 2057 venerit
779 2000 973 2073 aliquis
1013 2001 1268 2056 articulus
1292 2000 1480 2056 mortis
1498 2041 1515 2068 ,
1544 1999 1788 2057 turbatur

211 2110 280 2150 ex
307 2092 651 2149 familiaritate
677 2092 903 2162 quadam
933 2092 1112 2147 szeeuli
1144 2091 1342 2161 hujus;
1372 2091 1525 2162 erigit
1545 2090 1786 2147 auditum

212 2184 267 2240 iu
290 2185 431 2241 illam
462 2199 648 2239 vocem
681 2183 772 2238 Dei
814 2181 1111 2247 internam,
1144 2181 1292 2238 audit
1323 2180 1637 2237 rationabile
1662 2195 1785 2237 car-

212 2291 332 2332 men
374 2275 706 2330 intrinsecus.
750 2273 822 2329 ita
851 2289 992 2330 ennn
1023 2273 1253 2343 desuper
1294 2273 1347 2327 iu
1391 2272 1605 2328 silentio
1632 2281 1787 2329 sonat

209 2366 486 2437 quiddam,
527 2380 635 2422 non
664 2365 907 2430 auribus,
936 2363 1030 2420 sed
1060 2361 1358 2429 mentibus;
1384 2376 1439 2417 ut
1465 2364 1786 2436 quicumque

208 2457 354 2513 audit
391 2457 516 2513 illud
546 2458 748 2523 nicius,
781 2457 937 2514 tudio
961 2456 1224 2512 afficiatur
1246 2455 1312 2511 ad
1339 2455 1619 2524 strepitum
1657 2472 1783 2513 eor~

210 2549 441 2620 poraicm
464 2590 481 2615 ,
510 2556 569 2604 et
606 2557 712 2603 tota
753 2548 852 2604 ista
893 2549 996 2603 vita
1040 2546 1269 2602 humana
1297 2548 1553 2603 tumultus
1579 2549 1628 2603 ei
1659 2548 1781 2619 qui-

205 2642 329 2698 dam
366 2641 468 2707 sit,
508 2640 803 2713 impediens
831 2642 1069 2695 auditum
1112 2639 1329 2710 superni
1358 2641 1632 2710 cujusdam
1663 2642 1781 2697 soni

207 2738 424 2793 nimium
448 2735 795 2799 delectabilis.
827 2745 880 2791 et
910 2733 1370 2804 incomparabilis,
1397 2745 1451 2790 et
1478 2733 1780 2791 ineli'abilis.

206 2827 273 2884 Et
309 2844 488 2884 revera
512 2844 634 2883 cum
674 2828 744 2883 ita
774 2827 1034 2897 contingit
1057 2842 1122 2883 ex
1151 2826 1328 2895 aliqua
1358 2827 1780 2895 perturbatione,

208 2921 313 2975 vim
356 2921 553 2991 patitur
581 2921 741 2974 homo
766 2959 782 2985 ,
808 2918 1085 2987 alloquens
1108 2917 1337 2971 animam
1358 2930 1507 2970 suam
1539 2935 1552 2971 :
1587 2916 1784 2990 thnid

206 3013 357 3069 tristis
381 3031 451 3079 es,
469 3012 640 3068 anima
669 3029 812 3078 mea,
840 3020 891 3065 et
909 3009 1085 3080 utquid
1103 3010 1370 3063 conturbas
1394 3009 1507 3063 ine?
1535 3011 1615 3064 Au
1646 3011 1781 3065 forte

205 3103 327 3158 ideo
360 3105 478 3173 quia
524 3101 744 3158 diflicilc
790 3111 1006 3173 purgata
1037 3100 1142 3154 vita
1184 3100 1485 3167 invenitur,
1530 3116 1652 3156 cum
1690 3101 1780 3157 ille

203 3191 401 3261 iudicat
416 3192 506 3264 qui
527 3193 673 3247 novit
700 3190 767 3247 ad
794 3206 984 3262 purum
1005 3199 1060 3247 et
1080 3189 1331 3261 liquidum
1349 3190 1625 3260 judicare?
1644 3192 1778 3258 Quia

203 3286 297 3340 etsi
336 3284 617 3355 probabilis
636 3284 746 3355 jam
770 3282 875 3338 vita
898 3291 979 3338 est
1021 3282 1158 3336 inter
1191 3280 1462 3347 homines,
1498 3281 1570 3337 ita
1600 3293 1657 3339 ut
1681 3282 1780 3338 ho-

203 3379 368 3434 mines
403 3377 529 3449 quid
564 3376 675 3448 jam
720 3374 1112 3447 reprehendant
1151 3373 1297 3445 juste
1338 3390 1444 3429 non
1494 3374 1773 3432 habeant:

204 3468 432 3543 procedit
452 3482 678 3525 examen
699 3467 766 3524 ab
786 3467 926 3522 illius
949 3466 1140 3531 oculis,
1166 3464 1408 3535 procedit
1434 3465 1611 3538 regula
1632 3482 1778 3521 exte-

203 3578 363 3635 qnans
388 3579 493 3620 non
526 3561 811 3623 fallaciter.
839 3569 894 3614 et
930 3558 1133 3614 invenit
1172 3558 1223 3611 in
1268 3556 1485 3612 homine
1526 3560 1772 3626 qmedam

206 3668 316 3726 qua
339 3652 689 3723 reprehendat
714 3650 854 3705 Dteus
876 3691 893 3717 ,
923 3664 1043 3721 qua:
1065 3646 1307 3703 homines
1332 3647 1773 3719 reprehendenda

207 3758 304 3800 non
330 3746 617 3810 videbant,
654 3757 754 3798 nec
779 3740 869 3797 ille
897 3742 1012 3809 ipse
1040 3739 1183 3793 intus
1208 3735 1299 3808 qui
1326 3736 1641 3808 iudicandus
1668 3749 1771 3796 est.

207 3833 323 3892 Bac
341 3835 528 3891 timens
551 3833 728 3887 anima
754 3831 892 3886 forte
917 3827 1264 3885 conturbatur
1295 3844 1311 3881 :
1337 3826 1625 3899 alloquitur
1652 3843 1774 3886 eam

206 3938 363 3994 necs,
386 3925 537 3998 quasi
554 3924 740 3981 dicens
757 3961 774 3988 ,
804 3920 941 3992 Quid
972 3920 1128 3977 times
1156 3918 1223 3975 de
1251 3919 1498 3989 peccatis,
1523 3920 1773 3991 quianon

207 4024 346 4086 potes
375 4015 549 4071 omnia
578 4012 851 4069 devitarc?
877 4010 1044 4081 Spera
1083 4008 1139 4065 in
1181 4006 1457 4064 Dominum
1476 4050 1493 4076 ,
1535 4010 1774 4081 quoniaut

209 4107 458 4172 conﬁtebor
475 4104 575 4160 illi.
599 4101 854 4174 Quaadam
880 4108 1037 4155 sanat
1065 4112 1298 4170 praesens
1325 4098 1606 4166 allocutio,
1648 4100 1774 4156 reli-

211 4210 304 4267 qua
326 4206 501 4269 purgat
531 4195 701 4251 ﬁdelis
722 4191 1007 4248 confessio.
1036 4190 1200 4246 Plane
1228 4189 1386 4254 time,
1414 4189 1462 4244 si
1493 4187 1694 4259 justum
1718 4200 1774 4248 te

212 4287 365 4354 dicis;
388 4290 435 4344 si
464 4303 571 4344 non
596 4285 765 4341 habes
792 4282 936 4338 illam
960 4295 1144 4336 vocem
1185 4296 1251 4336 ex
1278 4279 1383 4334 alio
1413 4280 1657 4352 psalmo:
1688 4279 1775 4337 Ne

213 4377 423 4434 immiti
440 4377 691 4451 judicium
716 4390 834 4430 cum
854 4386 996 4428 seruo
1020 4382 1127 4426 tuo.
1169 4370 1345 4440 Quare
1363 4412 1379 4438 ,
1415 4370 1496 4426 Ne
1525 4372 1679 4427 intres
1715 4373 1773 4427 in

212 4469 437 4539 iudiciuin
462 4486 578 4525 cum
602 4484 745 4523 serra
771 4465 902 4521 tuo?
935 4464 1290 4521 Misericordia
1336 4474 1425 4519 tua
1469 4463 1598 4519 mihi
1637 4478 1772 4535 opus

214 4570 304 4619 est.
332 4562 457 4620 Nam
493 4563 542 4618 si
576 4559 837 4632 judicium
874 4556 1183 4614 exhibueris
1209 4556 1325 4611 sine
1366 4555 1728 4612 misericordia
1751 4599 1769 4626 ,

213 4665 307 4721 quo
331 4652 451 4711 ibo?
482 4652 546 4709 Si
570 4651 856 4722 iniquitates
890 4648 1221 4703 observaveris
1244 4645 1493 4712 Domine,
1524 4645 1768 4715 Domine,

216 4744 312 4814 quis
332 4741 587 4800 sustinebit
614 4740 784 4813 (Paul.
815 4753 997 4803 cxstx,
1025 4737 1125 4804 3)?
1158 4735 1238 4792 Ne
1257 4737 1411 4793 intres
1436 4737 1490 4791 in
1516 4737 1771 4809 judicium

216 4851 313 4891 cum
335 4851 473 4893 seruo
496 4846 585 4890 tuo
601 4874 617 4899 .
650 4834 770 4904 quia
795 4847 897 4886 non
924 4828 1292 4901 jnsti/ieubitur
1317 4828 1373 4883 in
1395 4839 1663 4900 conspectu
1686 4839 1772 4889 tuo

219 4928 360 4985 omnis
383 4929 546 4985 visens
572 4924 742 4999 (Paul.
771 4938 910 4980 caui
933 4963 950 4989 ,
977 4920 1057 4991 2).
1084 4920 1224 4990 Er.
1250 4924 1296 4977 si
1322 4935 1428 4976 non
1451 4921 1773 4990 jnstiiicabi-

219 5027 291 5075 tur
322 5020 374 5076 in
399 5027 686 5090 compecto
715 5027 807 5072 tuo
847 5013 1023 5071 omnis
1048 5013 1265 5079 vivus,
1300 5013 1423 5084 quia
1449 5015 1773 5086 quicumque

220 5107 292 5168 hic
308 5111 465 5178 vivit,
488 5106 876 5183 quantumlibet
898 5105 1043 5175 juste
1067 5106 1230 5170 vi-t,
1251 5119 1333 5160 va:
1357 5103 1433 5160 illi
1461 5104 1505 5161 si
1535 5121 1657 5162 cum
1679 5107 1771 5164 illo

220 5200 267 5259 iu
296 5202 543 5274 judicium
581 5197 862 5258 intraverit
899 5196 1061 5253 Deus.
1100 5195 1233 5252 Nam
1274 5210 1344 5251 cs
1373 5195 1478 5251 alio
1513 5196 1767 5268 pmphcta

220 5304 503 5367 arrogantes
540 5301 597 5350 et
633 5290 895 5363 superbos
918 5287 1208 5345 identidem
1236 5289 1315 5345 sic
1351 5288 1636 5360 objurgat:
1670 5288 1769 5347 Ut-

215 5387 322 5463 quid
348 5386 495 5444 vultis
516 5400 707 5441 mecum
722 5382 922 5454 judicio
946 5381 1269 5436 contendere?
1298 5379 1485 5434 Omnes
1504 5381 1771 5453 dereliqui-

213 5482 296 5538 stis
316 5496 425 5549 nte,
446 5479 571 5539 dicit
596 5476 847 5534 Dominus
868 5472 1078 5546 (Jereut.
1108 5489 1181 5541 ιι,
1206 5472 1323 5544 29).
1344 5472 1459 5528 Noli
1481 5490 1608 5544 ergo
1628 5475 1773 5544 judi-

206 5570 625 5639 eiomntendere
653 5587 669 5627 :
696 5568 764 5626 da
789 5582 1006 5639 operam
1031 5581 1151 5624 esse
1170 5566 1380 5639 justus;
1409 5577 1464 5623 et
1482 5576 1772 5638 quantum-

205 5680 427 5745 conque
443 5662 630 5730 fueris,
647 5659 902 5717 conﬁtere
925 5664 982 5713 te
998 5666 1359 5745 piscatorem;
1380 5672 1597 5731 seraper
1615 5671 1774 5729 spera

204 5744 613 5828 muaicordiam
639 5767 656 5809 :
679 5749 806 5811 etin
819 5748 923 5809 ista
948 5746 967 5782 ι
992 5744 1181 5806 humili
1197 5745 1535 5809 confessione
1551 5762 1773 5810 securus

261 5914 805 5992 t_mquotuss.,m

1304 416 1701 480 ENARRA‘I'IO
1736 418 1808 481 IN
1841 422 2168 486 PSALMUII
2202 424 2390 490 XLIII.

1904 536 2179 610 alloquere
2206 542 2507 601 turbantem
2548 552 2638 614 te.
2680 553 2740 605 et
2776 548 3185 608 tumultuantem
3222 550 3482 614 adversus

1899 634 1954 683 te
1977 629 2211 686 ultimam
2239 639 2405 690 tuam.
2432 632 2623 706 thuid
2651 637 2808 696 tristis
2830 655 2907 705 es,
2944 640 3118 697 animo
3140 659 3252 700 mea
3271 683 3290 712 ,
3318 654 3367 700 et
3391 652 3480 702 ut-

1895 720 2023 791 quid
2038 723 2308 781 conturbas
2320 728 2439 783 me.’
2456 726 2616 786 Forte
2635 729 2689 787 in
2717 740 2770 788 te
2790 731 3009 790 volebas
3032 750 3251 805 sperare
3270 754 3286 790 :
3309 736 3480 810 Spem

1895 818 1952 874 in
1976 818 2286 892 Dominum,
2314 825 2423 882 noli
2444 826 2499 883 in
2530 836 2603 884 te.
2630 828 2769 899 Quid
2804 831 2948 888 enim
2985 846 3047 888 es
3075 831 3128 889 in
3155 835 3247 890 te?
3270 834 3395 907 quid
3415 849 3478 893 es

1894 910 1966 970 de
1986 914 2072 971 te?
2099 914 2193 973 ille
2215 917 2286 974 sit
2304 919 2507 976 sanitas
2531 922 2586 977 in
2611 916 2664 979 te
2681 962 2698 986 .
2727 924 2818 995 qui
2846 925 3081 997 suscepit
3107 927 3324 985 vulnera
3349 943 3480 1000 pro-

1895 1013 2016 1076 pter
2032 1015 2105 1065 ιθ.
2135 1009 2302 1079 Spera
2318 1051 2334 1076 ,
2360 1011 2532 1084 inquit
2547 1054 2564 1079 ,
2587 1014 2642 1069 in
2661 1013 2933 1071 Dominum
2950 1059 2968 1083 ,
2988 1019 3228 1089 quoniam
3262 1021 3479 1091 conﬁte-

1893 1095 1987 1152 bor
2023 1098 2122 1155 illi.
2149 1101 2285 1168 Quid
2332 1103 2407 1159 illi
2435 1104 2819 1162 conﬁteberis?
2848 1106 3090 1165 Sulutare
3126 1110 3291 1167 saltus
3336 1113 3434 1167 mei
3461 1154 3480 1180 ,

1892 1188 2033 1247 Deus
2059 1209 2220 1248 meus.
2243 1193 2322 1251 Tu
2341 1211 2403 1252 es
2437 1196 2669 1254 salutare
2690 1198 2869 1256 vultus
2882 1201 2986 1257 mei
3001 1244 3018 1268 ,
3046 1211 3102 1257 tu
3124 1204 3339 1261 sanabis
3364 1220 3474 1261 me.

1892 1281 2060 1354 IEgcr
2075 1284 2143 1341 ad
2174 1295 2227 1342 te
2251 1287 2440 1359 loquor
2468 1305 2738 1363 :agnosco
2757 1293 3022 1351 medicum
3043 1335 3059 1361 ,
3090 1311 3198 1352 non
3224 1313 3309 1354 me
3329 1299 3476 1368 iacto

1890 1387 2102 1432 sanum.
2145 1376 2282 1445 Quid
2319 1388 2439 1446 est,
2476 1395 2708 1454 agnosco
2744 1385 3041 1450 medicum,
3070 1402 3176 1442 non
3205 1403 3295 1445 mc
3330 1388 3476 1458 jacio

1890 1468 2113 1523 sartum?
2149 1469 2302 1537 Quod
2336 1471 2391 1526 in
2417 1472 2524 1528 alio
2554 1474 2759 1546 psalmo
2783 1476 2979 1532 dicitur
3009 1477 3159 1550 :Ego
3187 1478 3296 1535 dimi
3314 1520 3331 1545 ,
3361 1478 3475 1535 Do-

1890 1558 2054 1626 mine,
2083 1560 2314 1616 miserere
2337 1563 2456 1631 mei,
2478 1580 2606 1620 sana
2622 1566 2846 1622 animm
2866 1583 3029 1624 meam
3047 1607 3063 1636 ,
3090 1571 3329 1641 quoniam
3357 1585 3477 1642 pec-

1888 1649 1999 1703 caui
2019 1648 2108 1704 tibi
2128 1649 2300 1724 (Psal.
2332 1669 2433 1720 xc,
2461 1655 2542 1726 5).

1959 1741 2016 1797 8.
2042 1741 2167 1798 llaec
2208 1759 2309 1799 vox
2335 1745 2602 1815 ,fratres,
2633 1757 2743 1805 tuta
2785 1752 2911 1806 est’
2961 1769 2975 1807 :
3024 1752 3122 1809 sed
3163 1753 3375 1827 vigilate
3418 1755 3473 1814 in

1889 1834 2146 1904 operibus
2165 1836 2339 1893 bonis.
2372 1839 2599 1912 Tangite
2630 1842 2938 1911 psalterium
2962 1885 2979 1911 ,
3001 1845 3301 1902 obcdiendo
3329 1864 3472 1918 prte-

1888 1925 2057 1995 ceptis
2085 1944 2100 1980 :
2129 1927 2329 1999 tangite
2347 1929 2606 1985 citharam
2621 1972 2637 1997 ,
2653 1932 2930 1988 tolerando
2948 1937 3237 2003 passiones.
3264 1936 3476 2014 Frange

1888 2015 2124 2070 esurienti
2149 2034 2332 2089 panem
2357 2029 2531 2084 tuum.
2556 2022 2750 2078 audisti
2785 2023 2854 2078 ah
2878 2024 3008 2079 lsaia
3032 2041 3049 2080 :
3079 2027 3185 2083 noli
3207 2027 3470 2099 jejunium

1889 2116 2076 2181 putare
2113 2108 2377 2166 subiicere.
2405 2111 2674 2183 Jejunium
2722 2124 2773 2171 te
2816 2116 3077 2187 castigat.
3109 2133 3215 2174 non
3243 2120 3470 2180 alterum

1888 2196 2079 2253 reiicit.
2113 2199 2418 2257 l-‘ructuosac
2443 2215 2599 2259 erunt
2623 2206 2882 2275 angustia:
2910 2217 3015 2263 tua:
3036 2251 3054 2275 ,
3082 2209 3129 2264 si
3149 2211 3303 2268 alteri
3331 2227 3475 2284 pra:-

1889 2289 2090 2344 stiteris
2133 2290 2486 2348 latitudinem.
2536 2293 2678 2351 Ecce
2719 2296 2973 2353 frandasti
3021 2302 3251 2356 animam
3282 2312 3471 2363 tuam:

1886 2380 1973 2435 cui
1997 2379 2148 2435 dabis
2172 2382 2311 2452 quod
2340 2383 2432 2439 tibi
2457 2384 2763 2442 abstulisti?
2782 2388 2869 2443 ubi
2899 2404 3066 2459 pones
3084 2393 3227 2462 quod
3255 2394 3347 2449 tibi
3377 2394 3473 2452 de-

1888 2475 2132 2544 uegasti?
2157 2474 2326 2545 Quam
2372 2478 2570 2534 multos
2612 2495 2872 2551 pauperes
2895 2483 3140 2555 saginare
3184 2495 3360 2555 potest
3387 2488 3473 2544 in-

1889 2568 2190 2622 termissum
2222 2568 2381 2624 hodie
2420 2570 2698 2640 prandium
2741 2576 3017 2630 nostrum!
3052 2574 3125 2631 Ita
3168 2577 3349 2646 jejuna
3370 2621 3384 2643 ,
3414 2588 3475 2636 ιιι

1884 2658 1993 2715 alio
2029 2659 2381 2716 manducante
2417 2662 2696 2732 prandisse
2731 2674 2783 2720 te
2817 2666 3071 2737 gaudeas.
3104 2678 3321 2738 prepter
3345 2687 3472 2727 ora-

1887 2749 2084 2814 tiones,
2117 2760 2173 2804 ut
2196 2751 2524 2808 exaudiaris.
2558 2752 2632 2809 Ilii
2658 2755 2800 2810 enim
2827 2762 2902 2812 ait
2929 2775 2942 2811 :
2973 2758 3153 2814 Adhuc
3167 2760 3402 2833 loquente
3422 2772 3473 2819 te

1884 2840 2073 2906 dicam,
2104 2840 2235 2896 Ecce
2261 2842 2478 2908 adsum;
2496 2845 2541 2898 si
2573 2845 2783 2916 fregeris
2819 2864 2884 2903 ea:
2918 2852 3088 2905 animo
3115 2854 3350 2907 esurienti
3376 2871 3472 2925 ρο-

1884 2949 1996 2986 nem
2021 2931 2171 3006 (lsai.
2204 2951 2352 3002 l.\‘lll,
2376 2936 2408 2991 7
2426 2975 2442 2998 .
2469 2934 2504 2990 9
2524 2945 2570 2989 ct
2594 2937 2681 3008 l0)
2711 2956 2724 2991 :
2750 2940 2871 3009 quia
2898 2940 3208 3011 plerumque
3233 2945 3294 2999 ιιι
3317 2958 3349 2999 a
3374 2945 3471 3004 tri-

1883 3024 2053 3078 stibus
2076 3036 2129 3081 et
2159 3042 2189 3079 a
2216 3029 2688 3086 murmurantihus.
2708 3038 2765 3084 ut
2791 3042 3010 3088 careant
3036 3033 3194 3089 taedio
3216 3035 3470 3109 interpel-

1885 3115 2075 3184 lantis,
2112 3134 2215 3171 nou
2250 3128 2308 3173 ut
2337 3119 2575 3176 reﬁciant
2610 3120 2814 3176 viseera
2845 3122 3134 3194 indigentis
3171 3142 3187 3179 :
3235 3125 3468 3185 Hilarem

1882 3218 2052 3262 autem
2088 3208 2314 3265 datorem
2348 3211 2512 3282 diligit
2555 3210 2697 3267 Deus
2725 3211 2792 3284 (II
2826 3212 2942 3268 Cor.
2967 3229 3017 3269 lx
3043 3256 3060 3281 ,
3082 3216 3160 3288 7).
3182 3217 3238 3273 Si
3274 3234 3468 3287 pauco)

1880 3300 2094 3355 dedetis
2125 3301 2312 3370 ll'lslIS,
2337 3311 2391 3358 et
2415 3317 2604 3372 panem
2635 3313 2692 3359 et
2718 3304 2965 3360 meritum
2992 3305 3289 3377 perdidisti.
3323 3309 3469 3382 Ergo

1880 3406 1947 3449 cx
1974 3393 2154 3450 animo
2185 3393 2267 3450 fac
2298 3412 2311 3446 :
2344 3404 2403 3449 ut
2428 3395 2519 3451 ille
2546 3396 2634 3467 qui
2665 3395 2809 3453 intus
2835 3398 2981 3455 videt
3005 3400 3184 3458 adhuc
3211 3402 3467 3475 loquente

1882 3492 1934 3539 te
1955 3524 1974 3549 ,
2010 3484 2175 3550 dicat,
2205 3483 2339 3541 Ecce
2379 3485 2581 3542 adsum.
2623 3487 2794 3558 Quam
2835 3490 3087 3547 celeriter
3129 3495 3467 3565 accipiuntur

1878 3576 2148 3633 orationes
2185 3577 2321 3634 bene
2364 3580 2699 3648 operantium
2723 3598 2736 3635 :
2757 3590 2813 3637 et
2850 3580 2967 3638 inec
2997 3582 3205 3654 justitia
3235 3578 3468 3646 hominis

1880 3665 1934 3720 in
1996 3665 2095 3721 hac
2150 3665 2255 3720 vita
2279 3706 2297 3734 ,
2343 3666 2604 3738 jejunium
2628 3708 2645 3733 ,
2698 3669 3039 3744 eleemosyna
3060 3714 3078 3741 ,
3125 3675 3318 3731 oratio.
3372 3676 3468 3737 Vis

1879 3756 2176 3812 orationem
2203 3765 2348 3814 tuam
2372 3759 2554 3816 volare
2580 3759 2647 3815 ad
2677 3760 2885 3817 Deum?
2926 3761 3032 3819 Fac
3060 3764 3136 3820 illi
3163 3766 3298 3822 duas
3326 3767 3465 3837 alas,

1871 3847 2136 3918 jejunium
2193 3857 2248 3904 et
2296 3849 2714 3923 eleemosynam.
2766 3851 2925 3908 Tales
2966 3868 3069 3910 nos
3103 3855 3376 3926 inveniat,
3405 3868 3468 3917 ut

1875 3952 2097 3994 securos
2119 3938 2354 3996 inveniat
2377 3941 2468 3997 lux
2502 3941 2616 4007 Dei,
2645 3953 2700 3997 et
2728 3944 2927 4000 veritas
2961 3946 3086 4009 Dei.
3114 3963 3235 4005 eum
3257 3953 3464 4009 venerit

1875 4029 2104 4087 liberare
2129 4047 2229 4087 nos
2252 4048 2281 4084 a
2307 4042 2512 4102 morte,
2545 4035 2636 4107 qui
2657 4034 2769 4107 jam
2793 4037 2940 4094 venit
2974 4039 3154 4096 subire
3181 4056 3277 4112 pro
3304 4044 3463 4103 nobis

1874 4131 2124 4180 mortem.
2152 4124 2347 4181 Amen.

2312 4335 2395 4399 IN
2428 4335 2808 4400 PSALMUM
2840 4337 3053 4402 XLIII

2439 4457 2861 4516 ENARRATIU.

2394 4586 2566 4628 εειιιο
2592 4587 2660 4627 Αἰ)
2688 4587 2889 4629 Ριειιειι
2899 4614 2912 4627 .

1945 4685 1999 4741 1.
2039 4684 2283 4742 Psalmus
2306 4685 2408 4742 iste
2433 4684 2556 4742 illiis
2581 4686 2718 4743 Core
2736 4687 2951 4753 dicitur,
2985 4689 3118 4744 sicut
3139 4689 3256 4761 ejus
3276 4693 3460 4753 titulus

1876 4776 2110 4849 praefert.
2144 4778 2523 4848 Interpretatur
2547 4788 2724 4834 autem
2751 4780 2888 4835 Core
2923 4781 3202 4838 Calvitinm
3229 4784 3311 4838 vel
3341 4786 3463 4841 Cal-

1874 4871 2057 4934 varia,
2085 4880 2141 4927 et
2181 4870 2484 4927 invenimus
2524 4869 2577 4924 in
2621 4871 2907 4941 Evangelia
2957 4872 3236 4929 Dominum
3275 4874 3461 4933 .lesum

1874 4963 2140 5019 Christum
2169 4962 2223 5017 in
2253 4963 2371 5017 loco
2395 4962 2652 5018 Calvarim
2674 4963 2985 5019 cruciﬁxum
3017 4963 3242 5029 (Matth.
3273 4983 3421 5023 xxvu
3445 5010 3461 5033 ,

1873 5055 1988 5128 35).
2008 5053 2151 5125 Ergo
2164 5054 2367 5109 clarum
2387 5061 2492 5118 est,
2508 5053 2648 5124 quod
2666 5052 2788 5108 [iliis
2808 5056 3071 5125 passionis
3090 5057 3206 5127 .jus
3219 5067 3463 5114 mutetur

1872 5144 1962 5202 hic
1990 5146 2244 5217 psalmus.
2273 5145 2539 5202 llahcmus
2559 5156 2738 5203 autem
2776 5146 2901 5206 hinc
2922 5150 3380 5207 evidentissimum
3407 5161 3461 5205 et

1874 5237 2234 5294 ﬁrmissimum
2255 5236 2612 5293 testimonium
2629 5240 2852 5309 apostoli
2869 5240 3017 5296 Pauli
3037 5242 3189 5311 :quia
3207 5251 3317 5296 tum
3336 5257 3460 5297 cum

1873 5330 1927 5386 in
1952 5330 2409 5402 persecutionihus
2429 5328 2715 5386 Gentilium
2740 5331 2999 5387 laboraret
3041 5332 3299 5397 Ecclesia,
3336 5333 3461 5390 hinc

1873 5424 2099 5494 sumpsit
2110 5436 2508 5497 versum,quem
2521 5421 2879 5491 inti-numeret
2893 5424 2958 5477 ad
2971 5422 3396 5478 exhortationem
3406 5432 3461 5478 et

1872 5515 2287 5572 consolationem
2331 5515 2614 5585 patientiae.
2645 5514 2741 5569 llic
2779 5514 2923 5569 enim
2951 5514 3147 5569 dictum
3178 5523 3294 5578 est.
3315 5514 3462 5585 quod

1875 5609 1965 5664 ille
1984 5608 2037 5663 iu
2060 5606 2294 5680 Epistula
2316 5621 2412 5662 sua
2433 5607 2611 5678 posuit
2637 5623 2651 5659 :
2682 5604 2901 5675 Propter
2914 5615 2961 5660 te
2978 5606 3341 5676 mortiﬁcamur
3358 5616 3463 5664 tota

1873 5700 1977 5768 die,
1997 5698 2225 5773 deputati
2245 5714 2419 5756 sumus
2436 5698 2571 5754 velut
2592 5711 2707 5752 ores
2728 5696 2990 5753 occisionis
3013 5697 3187 5770 (Rom.
3207 5712 3295 5753 vttt
3310 5739 3325 5766 ,
3345 5696 3460 5771 56).

1874 5790 2076 5851 Vocem
2101 5806 2231 5864 ergo
2256 5799 2548 5863 martyrum
2586 5787 2866 5846 audiamus
2906 5789 2962 5848 in
2998 5788 3251 5848 Psalmu:
3280 5799 3334 5850 et
3358 5805 3460 5857 vos

1939 5908 1960 5943 ι
1992 5906 2142 5960 vatis.
2162 5910 2219 5958 at
2236 5910 2355 5970 leg.
2376 5909 2507 5966 κω,
2529 5907 2784 5954 castraut.

1725 6024 1869 6072 (‘32,.
1910 6032 2021 6071 ’.αισι-η
2072 6059 2081 6066 .

3461 5909 3491 5995 ii

3483 5998 3500 6032 1
