3960 6424
649 321 757 381 487

649 452 754 512 pus
779 435 1018 511 gentium
1046 439 1399 494 verterentur.
1427 429 1637 506 Plangit
1657 428 1802 488 enim
1828 442 1926 488 eos
1953 427 2197 486 Ecclesia
2220 469 2240 499 ,

652 537 908 602 tanquam
935 527 1174 584 membra
1197 539 1292 582 sua
1309 523 1590 581 devorata.

723 622 814 678 15.
842 618 994 693 [υση.
1023 614 1137 690 13.]
1168 615 1450 672 l'endidisti
1501 615 1745 688 populum
1771 623 1915 672 tuum
1931 614 2039 674 sine
2060 613 2242 689 pretio.

653 711 896 770 Vidimus
913 711 1058 769 enim
1089 723 1226 782 quos
1254 711 1272 743 ⁸
1291 708 1484 765 dedisti
1509 751 1527 778 ,
1550 725 1660 766 non
1687 709 1922 766 vidimus
1939 710 2065 782 quid
2090 725 2244 767 acce-

651 805 795 877 pisti.
824 804 893 860 Et
919 820 1022 860 non
1063 803 1160 873 fuit
1211 801 1483 858 multitudo
1527 803 1582 858 in
1614 803 2004 875 jubilationibus
2043 819 2240 860 eorum.

645 897 914 970 Numquid
935 897 1078 954 enim
1101 895 1316 968 quando
1333 895 1606 968 fugiebant
1619 895 1905 954 Christiani
1923 911 2245 969 persequen-

648 993 796 1050 tibus
823 991 1054 1048 inimicis
1084 989 1420 1057 idololatris,
1455 989 1654 1046 flebant
1694 991 2136 1061 congregationes
2186 997 2242 1046 et

643 1083 993 1156 jubilatioucs
1018 1082 1170 1139 Deo?
1217 1079 1482 1151 Numquid
1505 1081 1925 1137 concinebantur
1953 1080 2136 1154 hymni
2172 1078 2242 1137 de

645 1175 890 1232 ecclesiis
921 1175 1050 1240 Dei,
1082 1173 1174 1245 qui
1205 1173 1382 1230 solent
1426 1173 1479 1228 in
1525 1188 1659 1244 pace
1697 1172 1943 1240 concini,
1984 1171 2242 1244 dulcique

644 1280 912 1327 concentu
944 1267 1291 1324 fraternitatis
1322 1267 1414 1322 Dei
1432 1266 1653 1322 auribus
1684 1265 1996 1337 pcrsonaril
2039 1264 2109 1320 Et
2135 1280 2240 1320 non

645 1363 746 1436 fuit
766 1360 1037 1416 multitudo
1063 1361 1116 1415 in
1127 1358 1518 1431 jubilationibus
1545 1374 1739 1414 eorum.

720 1451 807 1508 ib.
838 1451 990 1525 [νει-ε.
1046 1451 1145 1517 il,
1180 1447 1294 1522 l5.]
1333 1447 1556 1504 Posuisti
1592 1465 1685 1504 nos
1719 1448 1776 1503 in
1800 1447 2129 1520 opprobrium
2158 1447 2238 1502 oi-

644 1545 775 1600 cinis
801 1545 985 1599 nostris
1003 1587 1019 1612 ,
1047 1543 1493 1600 subsannationem
1518 1552 1566 1597 el
1590 1543 1816 1597 derisum
1846 1542 1926 1596 Itis
1949 1544 2034 1615 qui
2061 1543 2112 1596 in
2138 1542 2239 1596 cir-

644 1639 785 1696 cuitu
813 1648 985 1695 nostro
1008 1650 1145 1694 sunt.
1173 1636 1408 1694 Dosuisti
1435 1653 1528 1692 nos
1571 1638 1624 1692 in
1652 1637 2031 1692 similitudinem
2058 1636 2111 1690 in
2138 1652 2235 1690 na-

643 1731 880 1788 tionibus.
903 1731 1040 1800 Quid
1064 1738 1148 1786 est
1165 1772 1183 1797 ,
1210 1730 1264 1784 in
1289 1729 1717 1785 similitudinem?
1742 1727 1968 1796 Quando
2007 1725 2234 1783 maledi-

644 1834 828 1880 centes
855 1823 1098 1878 homines
1125 1821 1523 1877 similitudinem
1552 1819 1680 1876 dant
1709 1819 1777 1876 de
1815 1834 1883 1876 eo
1933 1833 2092 1889 quem
2142 1816 2236 1873 de-

643 1923 947 1971 testantur:
997 1914 1086 1970 Sic
1113 1913 1402 1980 moriaris,
1441 1913 1522 1968 sic
1568 1912 1826 1984 puniaris.
1857 1911 2062 1980 Quanta
2109 1920 2236 1966 tunc

640 2005 782 2062 dicta
801 2012 926 2060 sunt
949 2005 1108 2060 talia?
1128 2003 1218 2061 Sic
1231 2003 1584 2072 cruciﬂgaris.
1605 2003 1882 2074 Hodieque
1905 2017 2010 2058 non
2035 2002 2235 2057 desunt

641 2097 824 2154 hostes
851 2097 1047 2154 Christi
1075 2141 1092 2164 ,
1138 2097 1210 2153 illi
1244 2097 1343 2168 ipsi
1372 2096 1542 2152 ιιιάωί
1567 2137 1582 2161 ,
1614 2107 1798 2152 eontra
1841 2112 1974 2167 quos
2018 2095 2232 2167 quando

640 2191 979 2249 defendimus
1021 2190 1332 2257 Christum,
1375 2190 1559 2246 dicunt
1601 2191 1755 2243 nobis
1789 2209 1802 2245 :
1849 2189 1938 2246 Sic
1987 2192 2232 2250 moriaris

643 2282 914 2354 quomodo
959 2282 1069 2336 ille.
1101 2281 1215 2337 Non
1245 2282 1389 2338 enim
1434 2281 1578 2336 illam
1607 2291 1832 2337 mortem
1879 2281 2181 2340 intulissent
2211 2327 2229 2354 ,

641 2375 746 2430 nisi
793 2388 862 2431 eo
909 2374 1070 2428 modo
1124 2375 1258 2430 mori
1308 2373 1658 2430 vehementer
1683 2372 2232 2443 cxhorruissent;aut

639 2466 765 2539 quid
792 2465 1037 2539 mysterii
1065 2465 1324 2532 haberet,
1357 2465 1402 2520 si
1431 2465 1728 2536 intelligere
1762 2470 2078 2535 potuissent.
2110 2465 2224 2524 Ca:-

638 2573 736 2615 cus
763 2558 979 2629 quando
1027 2557 1364 2628 inunguitttr,
1412 2557 1690 2629 collyrium
1739 2559 1790 2612 in
1823 2575 1982 2614 manu
2036 2560 2226 2617 medici

639 2667 747 2705 non
774 2649 938 2706 videt.
969 2647 1102 2704 Nam
1123 2664 1253 2704 crux
1277 2649 1387 2718 ipsa
1415 2659 1470 2704 et
1493 2665 1586 2720 pro
1614 2649 1742 2720 ipsis
1788 2652 2228 2720 persequentibus

639 2743 776 2799 facta
802 2753 904 2797 est.
936 2741 1063 2798 lude
1092 2751 1214 2796 sunt
1247 2751 1428 2810 postea
1459 2741 1628 2795 sanati
1648 2781 1666 2808 ,
1713 2749 1768 2795 ct
1797 2741 1848 2797 in
1889 2757 2011 2798 eum
2063 2743 2229 2799 credi-

636 2833 834 2890 derunt
856 2848 1013 2904 quem
1044 2832 1144 2903 ipsi
1173 2831 1506 2889 occiderunt.
1534 2830 1768 2887 Posuisti
1802 2850 1892 2887 nos
1912 2833 1964 2888 in
1989 2835 2223 2889 similitu-

637 2925 806 2981 dinem
840 2926 894 2981 in
919 2925 1237 2990 nationibus.
1265 2925 1650 2978 commotionem
1674 2925 1856 2996 capitis
1901 2926 1952 2978 iu
1983 2927 2184 2996 populis
2207 2943 2227 2982 .'

636 3016 1053 3072 commotionem
1081 3015 1272 3086 capitis
1300 3014 1366 3069 ad
1409 3015 1794 3071 illSllllatldlttll.
1834 3015 1898 3070 Et
1929 3018 2084 3070 loculi
2108 3027 2227 3073 sunt

637 3108 816 3176 labiis,
842 3118 887 3162 et
909 3115 1168 3162 mouerunt
1195 3117 1349 3177 caput
1376 3105 1547 3177 (Psul.
1577 3122 1668 3162 xxi
1688 3148 1703 3170 ,
1725 3106 1806 3178 8).
1837 3105 1948 3162 lloc
1979 3107 2223 3176 Domino,

557 3189 576 3200 ’
636 3197 741 3254 hoc
767 3197 926 3255 etiam
953 3197 1204 3254 omnibus
1225 3197 1425 3252 sanctis
1449 3197 1566 3268 ejus
1585 3239 1601 3265 ,
1624 3212 1762 3268 quos
1797 3200 2066 3268 persequi,
2092 3215 2227 3269 quos

637 3299 857 3357 tenere,
883 3304 1016 3360 quos
1038 3288 1295 3356 illuderc,
1325 3304 1462 3361 quos
1489 3288 1700 3346 tradere
1722 3331 1740 3358 ,
1768 3305 1905 3361 quos
1935 3291 2175 3363 afﬂigere
2206 3335 2223 3364 ,

637 3394 773 3452 quos
791 3377 1040 3436 occidere
1061 3387 1367 3450 potuerunt.

715 3473 806 3530 15.
839 3469 989 3546 [uers.
1020 3472 1123 3540 16,
1149 3471 1261 3546 17.]
1295 3471 1422 3527 Tota
1449 3472 1533 3529 die
1559 3474 1857 3530 verecundia
1904 3491 2016 3530 mea
2048 3486 2227 3532 contra

638 3579 720 3618 me
741 3573 847 3632 est,
870 3572 916 3618 et
940 3563 1171 3635 confusio
1195 3563 1361 3618 vultus
1388 3565 1486 3617 mei
1527 3565 1725 3635 operuit
1771 3581 1849 3619 me
1873 3581 1893 3620 :
1931 3583 1964 3620 a
1991 3583 2108 3622 roce
2133 3584 2225 3623 ea:-

641 3655 928 3727 probrantis
952 3665 1001 3710 et
1030 3653 1344 3724 obloqueutis
1375 3670 1395 3709 :
1426 3653 1525 3709 hoc
1551 3662 1668 3720 est,
1718 3670 1750 3709 a
1799 3671 1930 3712 voce
1960 3657 2224 3714 insultan-

639 3749 768 3803 tium
795 3757 851 3804 et
869 3747 1070 3804 crimen
1101 3748 1228 3802 mihi
1257 3746 1621 3816 objicientinm
1642 3789 1658 3813 ,
1692 3747 1816 3818 quia
1838 3749 1957 3804 colo
2001 3761 2069 3815 te,
2101 3752 2224 3822 quia

635 3841 899 3898 confiteor
925 3849 1015 3897 te:
1046 3853 1100 3896 et
1124 3839 1327 3896 crimen
1353 3840 1481 3894 mihi
1503 3840 1867 3912 objicientium
1901 3842 1970 3898 de
2015 3844 2105 3899 illo
2131 3859 2227 3902 no-

637 3935 816 4000 mine,
844 3933 984 3989 nude
1024 3948 1141 3988 mea
1181 3932 1361 3988 omnia
1413 3932 1635 3988 crimina
1664 3931 2003 3990 delebuntur.
2036 3936 2081 3990 Α
2109 3952 2227 3991 uoce

637 4026 985 4098 exprobrantis
1004 4036 1051 4080 et
1071 4025 1410 4096 obloqueutis,
1441 4025 1489 4080 id
1511 4035 1593 4081 est
1609 4068 1624 4090 ,
1645 4036 1831 4082 contra
1877 4043 1962 4083 me
2002 4028 2225 4099 loquen-

639 4121 728 4177 tis.
760 4120 804 4175 A
829 4121 959 4189 facie
983 4119 1174 4175 inimici
1203 4130 1251 4173 et
1295 4119 1651 4192 persequentis.
1679 4121 1743 4176 Et
1760 4121 1882 4193 quis
1908 4121 1994 4176 hic
2021 4122 2226 4178 intelle-

637 4217 795 4272 ctus?
841 4215 970 4283 Qua:
997 4215 1262 4287 praeterita
1285 4213 1427 4270 dicta
1454 4225 1614 4280 sunt,
1643 4230 1748 4269 non
1777 4214 1831 4269 in
1863 4215 2016 4269 nobis
2047 4215 2174 4272 fient
2206 4234 2222 4272 :

639 4325 760 4382 qua:
786 4308 957 4365 futura
1004 4315 1324 4380 sperantur,
1353 4323 1460 4364 non
1504 4315 1783 4378 apparent.
1816 4306 2090 4363 Przeterita
2120 4325 2134 4361 :
2169 4309 2225 4364 in

641 4417 830 4473 magna
859 4402 1027 4474 gloria
1056 4409 1143 4456 tua
1168 4401 1392 4456 eductus
1417 4407 1502 4456 est
1523 4397 1748 4469 populus
1767 4397 1836 4454 de
1864 4397 2099 4470 Egypto
2116 4440 2133 4466 ,
2161 4399 2226 4455 li-

641 4493 860 4552 beratus
883 4509 913 4548 a
941 4491 1416 4565 persequentibus,
1447 4489 1638 4546 ductus
1668 4505 1763 4561 per
1795 4499 2010 4562 gentes,
2039 4491 2225 4563 expul-

638 4589 717 4645 sis
740 4587 988 4660 gentibus
1011 4585 1304 4641 collocatus
1328 4585 1380 4640 in
1413 4599 1598 4656 regno.
1630 4583 1761 4651 Qua:
1809 4582 2026 4640 futura?
2081 4584 2225 4641 Edu-

637 4677 841 4735 cendus
867 4677 1093 4749 populus
1123 4674 1192 4732 de
1217 4675 1317 4732 ista
1343 4674 1578 4748 Egypto
1598 4674 1779 4732 smculi
1799 4717 1813 4741 ,
1842 4674 1979 4732 duce
2011 4676 2222 4733 Christo

638 4777 931 4840 apparente
952 4768 1004 4823 in
1025 4767 1192 4839 gloria
1217 4783 1343 4834 sua;
1377 4767 1607 4840 ponendi
1631 4767 1800 4824 sancti
1827 4768 1893 4822 ad
1921 4767 2217 4836 dexteram,

639 4859 806 4931 iniqui
836 4857 904 4915 ad
930 4858 1200 4916 sinistram
1221 4900 1236 4926 ,
1261 4857 1550 4915 damnandi
1581 4858 1744 4930 iniqui
1782 4873 1902 4915 cum
1927 4858 2139 4915 diabolo
2167 4860 2221 4916 in

638 4964 843 5012 :eterua
887 4969 1082 5026 pecua;
1124 4953 1490 5025 accipiendum
1517 4969 1740 5024 regnum
1777 4969 1809 5009 a
1846 4951 2060 5010 Christo
2097 4968 2220 5011 cum

637 5048 838 5104 sanctis
863 5048 916 5103 in
941 5045 1349 5116 sempiternum.
1379 5045 1504 5102 lltec
1522 5057 1646 5103 sunt
1671 5044 1870 5115 futura,
1895 5047 1980 5102 illa
2004 5056 2223 5118 praeter-

637 5140 733 5197 ita.
767 5140 824 5196 ln
877 5139 1056 5196 medio
1079 5138 1241 5211 quid?
1269 5137 1680 5196 Tribulatioues.
1707 5139 1923 5207 Quare?
1949 5139 2017 5196 Ut
2054 5155 2221 5212 appa«

637 5243 754 5292 reat
777 5235 987 5290 animus
1010 5234 1193 5290 colens
1222 5232 1392 5289 Deum
1411 5274 1427 5301 ,
1467 5245 1726 5305 quantum
1753 5235 1892 5291 colat
1935 5234 2136 5300 Deum;
2165 5243 2222 5291 ut

641 5327 887 5385 videatur
911 5337 1088 5382 utrum
1109 5325 1273 5398 gratis
1294 5326 1434 5381 colat
1457 5341 1580 5382 eum
1602 5341 1630 5380 a
1657 5341 1764 5398 quo
1803 5327 2030 5381 salutem
2056 5328 2223 5397 gratis

636 5419 863 5491 accepit.
885 5418 940 5475 Si
963 5417 1105 5475 enim
1133 5417 1227 5473 tibi
1249 5417 1389 5472 dicat
1412 5416 1580 5481 Deus,
1611 5415 1750 5486 Quid
1777 5415 1968 5472 dedisti
1997 5416 2126 5472 tnihi
2166 5426 2225 5474 ut

637 5509 868 5568 facerem
895 5511 984 5566 te?
1009 5509 1168 5566 Certe
1187 5507 1234 5564 si
1257 5508 1425 5564 factus
1459 5507 1796 5578 promeruisti
1825 5523 1911 5563 me
1935 5550 1949 5572 ,
1978 5521 2084 5563 non
2133 5524 2222 5567 me

636 5613 1015 5674 promerueras
1038 5610 1324 5671 antequam
1355 5597 1586 5655 iacerem
1614 5606 1685 5655 te.
1717 5598 1855 5668 Quid
1899 5599 2098 5656 dicturi
2126 5616 2220 5658 su-

636 5709 758 5752 mus
779 5695 828 5753 ei
847 5735 866 5764 ,
885 5693 976 5767 qui
1006 5693 1182 5766 primo
1205 5693 1371 5764 gratis
1399 5707 1497 5751 nos
1533 5691 1690 5762 fecit,
1739 5692 1864 5765 quia
1902 5693 2074 5753 bonus
2096 5703 2218 5766 est,

700 5807 719 5843 ⁸
752 5806 921 5859 Plures
940 5806 1228 5872 ttss.,quod.

2463 183 2470 194 ο
2493 185 2530 194 ο

1892 311 1955 370 s.
1994 307 2361 372 AUGUSTINI
2397 307 2700 370 EPISCOP!
3064 263 3071 269 ’
3740 332 3806 390 ιω

2352 443 2461 484 non
2492 427 2616 498 quia
2639 423 2840 498 aliquid
2886 424 3182 482 meruimus
3205 425 3230 481 1
3255 425 3450 484 Deinde
3470 430 3532 488 de
3551 433 3640 503 ipsa
3663 453 3805 509 rem.

2353 520 2496 576 tione
2514 561 2530 585 ,
2553 518 2620 574 de
2639 516 2873 575 secunda
2902 518 3177 574 nativitate
3203 519 3325 590 quid
3353 521 3529 579 dicturi
3551 532 3724 584 sumus?
3741 535 3808 594 lle.

2351 615 2451 671 rita
2475 622 2659 670 nostra
2692 613 2883 669 fecisse
2923 623 2981 668 ut
3006 613 3160 669 nobis
3187 613 3270 668 illa
3295 616 3437 672 salus
3469 631 3680 691 perpetua
3701 630 3808 685 mine.

2349 717 2498 766 retur
2519 721 2550 766 a
2594 704 2860 760 Domino?
2890 703 3063 760 Absit.
3093 703 3148 762 Si
3180 705 3365 762 merita
3397 720 3560 765 nostra
3582 713 3730 784 aliquid
3763 721 3792 776 [ι

2347 814 2533 860 cerent
2557 847 2571 872 ,
2595 804 2663 861 ad
2684 798 3085 863 damnationem
3114 809 3349 864 nostram
3377 802 3583 866 t'cnirzl.
3606 812 3696 872 Non
3724 817 3810 871 l’cnil

2347 895 2439 953 ille
2465 897 2532 952 ad
2555 898 2941 969 iuspectionem
2963 900 3272 956 meritorum
3297 943 3315 970 ,
3344 907 3436 960 sed
3463 905 3523 960 ad
3551 913 3807 974 rctuissiotm

2347 999 2710 1061 peccatorum.
2753 989 2872 1048 Non
2904 991 3080 1060 fuisti,
3106 1000 3162 1049 et
3202 991 3374 1050 factus
3399 1011 3490 1052 es:
3533 1001 3638 1070 quid
3664 1003 3806 1064 Deods

2346 1081 2509 1138 disti?
2543 1081 2713 1139 Malus
2743 1082 2924 1152 fuisti,
2952 1093 3007 1140 et
3034 1086 3398 1144 liberatuses:
3424 1089 3540 1160 quid
3566 1091 3655 1148 Deo
3675 1097 3810 1157 deum

2344 1171 2483 1242 Quid
2507 1190 2610 1230 non
2651 1174 2720 1231 ab
2739 1190 2808 1232 eo
2845 1176 3014 1246 gratis
3032 1178 3326 1249 accepisti?
3353 1179 3532 1236 Merito
3556 1193 3604 1239 et
3622 1189 3743 1256 gratia
3760 1207 3810 1246 no.

2345 1264 2608 1332 minatur,
2639 1267 2760 1338 quia
2782 1268 2949 1338 gratis
2967 1267 3146 1326 datur.
3178 1270 3424 1344 Exigitur
3455 1289 3617 1346 ergoa
3655 1288 3811 1348 te,qu

2344 1363 2399 1411 tu
2426 1359 2591 1428 gratis
2614 1374 2737 1414 eum
2783 1361 2971 1418 colas:
3018 1377 3127 1420 non
3154 1364 3277 1436 quia
3300 1364 3394 1421 dat
3423 1369 3727 1438 temporalia,
3760 1377 3808 1432 sed

2342 1448 2463 1520 quia
2487 1459 2703 1519 prmslat
2723 1461 2944 1508 interna.

2414 1541 2502 1596 16.
2561 1539 2664 1598 Sed
2689 1543 2799 1613 ipsa
2828 1553 3025 1600 mterna
3048 1545 3172 1604 ride
3195 1562 3266 1604 ne
3288 1548 3442 1606 aliter
3467 1551 3646 1621 cogites
3664 1594 3677 1618 .
3699 1565 3737 1610 et
3760 1572 3807 1612 oo-

2340 1633 2558 1705 gitaudo
2601 1643 2802 1692 aeterna
2831 1639 3155 1707 carnaliter,
3207 1641 3548 1700 uilnlominus
3593 1646 3724 1703 Deum
3748 1665 3804 1720 gn-

2342 1727 2410 1781 tis
2459 1741 2564 1780 non
2617 1727 2786 1784 colas.
2843 1727 2980 1798 Quid
3029 1731 3221 1787 enim?
3269 1733 3326 1790 Si
3387 1734 3504 1790 ideo
3545 1738 3659 1792 colis
3689 1739 3802 1808 Deum,

2339 1821 2460 1890 quia
2513 1821 2605 1876 dat
2657 1820 2750 1876 tibi
2813 1822 3036 1880 fundum
3084 1865 3101 1888 ,
3171 1841 3279 1882 non
3344 1843 3467 1882 eum
3520 1830 3720 1885 culturus
3752 1848 3804 1901 es,

2339 1912 2459 1982 quia
2509 1913 2644 1967 tollit
2701 1913 2793 1968 tibi
2827 1912 3092 1972 fundum?
3133 1915 3240 1973 Sed
3295 1917 3432 1975 forte
3463 1929 3517 1975 tu
3566 1919 3710 1977 dicis:
3743 1923 3806 1979 lict

2338 2019 2458 2060 eum
2480 2005 2674 2072 colam,
2706 2005 2828 2077 quia
2853 2006 3145 2064 dabitmihi
3174 2011 3382 2077 villam,
3412 2027 3514 2068 non
3554 2021 3702 2070 tamen
3737 2025 3808 2071 tea-
3837 2005 3881 2084 Ι

2339 2095 2598 2165 pomletn.
2629 2096 2989 2156 Nihilominus
3016 2100 3193 2158 adhuc
3212 2113 3519 2174 corruptam
3564 2117 3809 2179 mentemge
3839 2091 3881 2179 li

2336 2187 2413 2243 ris
2444 2205 2457 2241 :
2488 2203 2672 2245 amore
2697 2190 2841 2246 enim
2885 2201 3036 2248 casto
3078 2209 3184 2248 non
3227 2193 3384 2260 colis,
3408 2195 3575 2252 adhuc
3611 2199 3810 2255 mercedes
3839 2185 3881 2260 Ιέ

2335 2271 2562 2352 expetis.
2594 2281 2666 2336 Ea
2696 2282 2839 2337 enim
2863 2283 2941 2338 vis
2986 2282 3187 2341 habere
3231 2285 3288 2342 in
3335 2287 3514 2342 futuro
3552 2290 3811 2360 seculo,un

2336 2369 2422 2426 hic
2450 2387 2670 2429 necesse
2697 2382 2781 2430 est
2818 2373 3164 2448 derelinquas
3196 2393 3212 2432 :
3241 2388 3454 2436 mutare
3491 2381 3566 2436 vis
3589 2359 3809 2451 voluptatem

2333 2465 2627 2534 carnalem,
2672 2483 2776 2522 non
2812 2479 3109 2539 amputare.
3143 2469 3259 2528 Non
3293 2473 3538 2531 laudatur
3567 2475 3613 2531 in
3638 2476 3708 2531 illo
3726 2477 3807 2546 ξυμ.

2333 2557 2616 2628 ninm,qni
2667 2557 2733 2613 ad
2785 2559 3110 2618 luxuriosam
3179 2579 3393 2620 cmuam
3453 2576 3620 2622 servat
3656 2576 3808 2625 ventrem

2331 2664 2507 2704 suum.
2535 2650 2829 2706 lnvitautur
2847 2654 2987 2708 enim
3019 2655 3310 2726 aliquando
3343 2658 3583 2714 homines
3604 2657 3660 2715 ad
3683 2674 3808 2716 cenam

2332 2758 2601 2813 magnam,
2632 2753 2834 2799 etcum
2863 2746 2926 2799 ad
2958 2762 3076 2801 eam
3109 2747 3295 2805 volunt
3341 2750 3483 2806 aridi
3533 2752 3702 2818 venire,
3729 2753 3808 2821 jeju-

2332 2843 2461 2888 nant
2484 2853 2496 2890 ;
2523 2835 2778 2905 numquid
2807 2834 2908 2891 hoc
2932 2837 3194 2906 jejunium
3215 2841 3578 2910 continentite,
3603 2850 3652 2898 cl
3672 2859 3744 2898 non
3760 2859 3808 2912 po.

2332 2926 2436 2979 tius
2463 2927 2685 2980 luxuria:
2705 2926 3063 2996 deputandum
3094 2931 3212 2985 est?
3241 2929 3362 2986 Noli
3399 2949 3524 3004 ergo
3551 2933 3656 2988 talia
3675 2948 3809 3004 sperne

2332 3019 2424 3074 tibi
2451 3019 2624 3075 danda
2650 3038 2678 3073 a
2701 3019 2828 3085 Deo,
2857 3022 3030 3091 qualia
3059 3021 3147 3078 hic
3185 3022 3342 3094 jubet
3390 3038 3712 3084 Contemnere.
3743 3027 3811 3082 lla

2329 3111 2471 3165 cnim
2501 3112 2788 3180 sperabant
2812 3111 3005 3179 .ludtci,
3033 3113 3153 3170 ideo
3183 3115 3534 3172 turbabantur
3562 3118 3606 3172 in
3631 3117 3700 3172 illa
3725 3131 3812 3189 qua-

2329 3201 2523 3257 stione.
2565 3201 2694 3256 Nam
2738 3213 2791 3257 et
2832 3203 2930 3273 ipsi
2961 3207 3409 3263 resurrectionem
3432 3219 3649 3280 sperant,
3689 3209 3814 3265 sedad

2330 3293 2464 3349 tales
2510 3293 2809 3363 voluptates
2855 3295 3095 3366 corporis
3137 3310 3197 3352 se
3238 3309 3460 3368 sperant
3500 3309 3811 3363 resurrecturos,

2329 3383 2514 3456 quales
2553 3384 2638 3440 hic
2665 3395 2864 3440 amant.
2900 3386 3024 3442 Ideo
3061 3403 3182 3443 cum
3233 3387 3316 3444 cis
3363 3402 3716 3463 proponeretur
3731 3405 3810 3460 qna-
3833 3383 3882 3463 Ι,

2327 3475 2433 3532 stio
2457 3475 2542 3531 illa
2573 3491 2603 3530 a
2647 3474 2974 3543 Sadducmis,
3015 3478 3104 3548 qui
3152 3495 3256 3533 non
3304 3459 3529 3537 credunt
3564 3459 3807 3538 resurrectio-

2331 3583 2471 3630 nem.
2501 3567 2568 3624 de
2589 3568 2675 3624 illa
2704 3569 2926 3625 muliere
2951 3585 3069 3640 qua:
3101 3571 3280 3641 nupsit
3311 3583 3513 3645 septem
3544 3573 3746 3630 fratribus
3769 3573 3806 3625 si-
3833 3567 3881 3645 I

2329 3657 2493 3714 bimet
2538 3659 2964 3725 succedentibus,
3012 3661 3168 3730 cujus
3218 3677 3408 3720 eorum
3449 3667 3497 3720 in
3532 3664 3807 3722 resurrectione

2327 3751 2426 3805 erit
2450 3767 2602 3818 uxor,
2633 3751 2951 3807 deﬁciebant
2979 3755 3018 3819 ⁸,
3051 3761 3106 3809 et
3142 3758 3470 3826 respondere
3505 3773 3600 3814 non
3637 3764 3804 3828 poterant

2328 3845 2397 3898 At
2420 3859 2539 3900 vere
2570 3844 2791 3899 Domino
2815 3844 3029 3915 quando
3056 3856 3136 3902 est
3171 3852 3466 3919 proposita,
3492 3852 3602 3922 quia
3629 3851 3741 3904 nobis
3763 3861 3806 3901 rt-

2326 3936 2587 3990 surrectio
2617 3937 2734 3990 talis
2764 3937 3103 4005 promittitur,
3130 3954 3233 3994 non
3260 3957 3363 4010 qua
3397 3937 3804 4013 repetanturlmjnt-

2329 4029 2469 4083 modi
2497 4030 2518 4061 ¹
2547 4029 2862 4100 voluptates,
2898 4031 2992 4086 sed
3019 4046 3123 4103 qua
3167 4043 3366 4088 mterna
3397 4034 3465 4090 de
3490 4036 3596 4106 ipso
3620 4035 3704 4088 Deo
3733 4043 3806 4098 gall-

2327 4120 2413 4176 dia
2440 4132 2834 4192 comparentur,
2869 4125 3146 4195 respondit
3176 4125 3453 4192 Dominus,
3495 4137 3545 4182 ct
3569 4122 3806 4182 εῖιςεπαιῦ

2328 4214 2595 4267 nescientes
2649 4212 2960 4286 Scripturas,
3013 4232 3172 4287 neque
3213 4217 3446 4273 uirtutem
3490 4215 3579 4272 Dei
3605 4235 3621 4273 :
3645 4217 3685 4269 iu
3704 4227 3804 4267 mtt-

2327 4305 2543 4358 rectione
2567 4303 2698 4358 enim
2726 4321 2882 4374 neque
2907 4307 3111 4372 nubent,
3139 4322 3298 4379 neque
3335 4327 3515 4364 uxores
3555 4309 3702 4362 ducent
3721 4318 3805 4360 επακ

2326 4395 2459 4449 enim
2476 4395 2714 4466 incipient
2740 4396 2885 4452 mori.
2911 4395 2964 4452 Id
2991 4408 3095 4464 est,
3119 4414 3222 4453 non
3252 4399 3322 4454 ibi
3341 4403 3585 4473 qnmritur
3601 4409 3801 4455 successor.

2327 4485 2415 4541 ubi
2468 4501 2574 4540 non
2609 4485 2712 4541 erit
2743 4485 3010 4543 decessor.
3054 4488 3119 4544 Et
3165 4490 3290 4561 quid
3340 4491 3598 4548 eril?Sed
3615 4485 3802 4550 amabili

2325 4579 2458 4650 quit,
2489 4579 2708 4652 trquales
2735 4580 2943 4650 Angelis
2971 4579 3067 4637 Dei
3094 4579 3311 4652 (Matth.
3334 4600 3462 4645 ntt.
3488 4584 3575 4650 ‘29,
3592 4583 3665 4639 30.
3682 4592 3716 4634 et
3730 4576 3815 4631 Lu.

2325 4685 2417 4733 xx,
2454 4669 2545 4728 33.
2573 4669 2699 4742 '56).
2749 4670 2861 4727 Nisi
2906 4670 3043 4727 forte
3094 4684 3271 4743 putas,
3314 4673 3455 4745 quod
3502 4672 3662 4744 Angeli
3698 4665 3801 4735 epulis

2324 4759 2666 4831 quotidianis,
2698 4769 2753 4816 ct
2798 4761 2922 4816 vino
2972 4777 3079 4833 quo
3109 4771 3161 4818 te
3191 4763 3443 4828 inebrias,
3481 4765 3715 4836 gaudeant.
3750 4761 3799 4806 θυι

2326 4851 2427 4907 hoc.
2457 4852 2592 4908 forte
2633 4853 2931 4918 arbitraris,
2981 4853 3122 4925 quod
3178 4855 3366 4926 Augeli
3415 4869 3594 4911 uxo:es
3634 4850 3797 4906 habeant.

2323 4942 2464 4999 Nihil
2487 4959 2672 5000 eorum
2699 4952 2782 4998 est
2808 4943 2945 5014 apud
2975 4945 3225 5016 Angelos.
3250 4944 3404 5003 Unde
3431 4945 3634 5016 gaudent
3662 4935 3795 5008 Anglii.

2325 5035 2425 5091 nisi
2472 5035 2611 5090 unde
2661 5035 2915 5090 Dominus
2942 5038 3056 5091 ait:
3088 5035 3307 5092 Nescitis
3353 5037 3470 5108 quia
3507 5032 3659 5105 Ληρείὶ
3692 5036 3796 5082 earl!

2323 5145 2518 5198 semper
2544 5127 2712 5182 vident
2735 5128 2914 5198 facient
2943 5127 3115 5185 Patris
3147 5128 3514 5201 (Matt/nutu,
3537 5125 3638 5194 l0)?
3657 5120 3699 5178 Si
3719 5125 3796 5182 αἵθ

2323 5222 2390 5278 ad
2420 5221 2607 5278 faciem
2636 5220 2808 5276 Patris
2825 5219 3059 5292 gaudent
3083 5221 3294 5292 Angeli,
3333 5221 3398 5276 ad
3439 5221 3536 5276 tale
3557 5212 3747 5288 gaudium
3765 5211 3795 5256 lc

2325 5328 2561 5383 pra-para
2595 5331 2608 5366 :
2635 5321 2726 5366 aut
2750 5312 2792 5368 si
2821 5310 3028 5366 iuvenis
3056 5311 3248 5367 melius
3293 5326 3447 5382 quam
3482 5307 3640 5363 videre
3673 5297 3793 5393 facient

2326 5379 2420 5463 Dei
2440 5379 2504 5460 3'!
2536 5403 2629 5461 Va:
2655 5404 2746 5460 tali
2788 5403 2956 5460 amori
2999 5411 3114 5471 tuo,
3160 5403 3206 5459 si
3233 5379 3325 5461 vel
3372 5398 3631 5474 suspicaris
3665 5379 3793 5458 aliquid

2389 5560 2408 5631 ε
2439 5558 2515 5631 sic
2537 5565 2643 5610 ns.
2676 5563 2735 5610 At
2767 5557 2907 5621 ΕΜ..
2926 5555 2979 5610 in
2998 5556 3344 5612 restarectione
3372 5541 3526 5622 Μισα
3542 5555 3644 5612 erat,
3660 5536 3792 5598 mlt-

2321 5619 2555 5734 ﬁcgelggto
2575 5687 2705 5742 uss,
2727 5681 2873 5747 hujus
2893 5683 3080 5757 mundi.
3734 5719 3789 5776 ὑ

2386 5746 2410 5776 s
2438 5746 2524 5776 ιιιη
2542 5745 2590 5776 in
2614 5745 2708 5776 πιιΑ
2750 5746 2940 5776 ηυδε...
2979 5744 3098 5776 .n...
3117 5751 3163 5776 ι.
3181 5756 3404 5776 ...η-...η-
3428 5753 3442 5770 ο
3460 5738 3575 5776 ,ιι-ηδ
3591 5748 3614 5776 ι
3641 5738 3721 5776 Il.

2327 5746 2410 5861 es:
2438 5738 3721 5812 utctnedd.addtuu,ituwtepr¢para:quodsli~

3879 2065 3881 2084 .

3879 2335 3881 2374 Ε

3879 2522 3882 2560 l

3878 2611 3882 2650 ι

3877 2705 3882 2741 1

3878 2797 3882 2835 l

3878 2969 3882 3016 l

3877 3071 3882 3107 l

3879 3253 3882 3291 I

3878 3345 3882 3382 ι

3879 3435 3882 3474 ε

3879 3529 3881 3566 l
