3960 6434
178 495 498 566 pulchrius,
518 513 681 572 quam
709 508 794 557 est
820 500 911 559 ille
938 516 970 558 a
1011 516 1122 576 quo
1167 512 1253 562 est
1273 519 1433 563 omne
1486 506 1789 579 pulchrum,

174 588 349 660 quod
378 598 429 645 te
455 599 652 658 teneat,
684 607 754 650 ne
780 593 927 650 illum
969 595 1209 667 cogitare
1234 598 1508 653 merearis.
1538 598 1795 655 Dominus

173 677 253 735 in
284 696 451 737 carne
479 691 616 750 erat,
643 693 698 741 et
728 685 1021 755 apparebat
1044 688 1207 744 homo
1237 689 1562 746 hominibus.
1611 691 1794 760 Qualis

170 775 527 845 apparebat?
549 776 667 832 Jam
688 778 818 846 dixi,
844 778 1007 835 homo
1028 780 1353 838 hominibus.
1380 781 1519 851 Quid
1543 799 1792 854 magnum

170 868 529 940 apparebat?
554 868 693 927 Caro
721 872 893 928 carni.
928 872 1064 941 Quid
1102 890 1353 946 magnum
1387 876 1698 947 apparebat,
1725 875 1795 935 de

181 975 306 1031 quo
331 960 534 1017 dictum
560 972 645 1019 est
673 980 688 1018 :
733 962 961 1021 Vidimus
989 983 1124 1034 eum,
1149 978 1197 1023 et
1217 984 1319 1024 non
1346 967 1558 1024 habebat
1575 970 1794 1039 speciem

178 1070 363 1124 neque
380 1054 609 1111 decorem
650 1055 801 1128 (lsai.
827 1074 938 1124 un,
978 1058 1066 1130 2)?
1095 1059 1226 1129 Quis
1254 1075 1361 1118 non
1393 1061 1621 1118 habebat
1664 1076 1792 1133 spe-

177 1145 340 1202 ciem
369 1162 538 1219 neque
583 1148 868 1205 decorem?
898 1151 973 1207 De
1014 1166 1119 1224 quo
1148 1153 1277 1209 item
1323 1152 1516 1209 dicitur
1545 1172 1560 1209 :
1588 1151 1792 1226 Specio-

174 1251 283 1291 sus
310 1241 481 1309 farina
499 1256 607 1310 prce
620 1240 744 1309 ﬁliis
765 1242 1024 1298 hominum
1051 1243 1221 1316 (Psal.
1244 1261 1385 1312 κων,
1410 1246 1492 1318 3).
1517 1245 1589 1303 Ut
1607 1246 1785 1314 homo,

175 1342 303 1383 non
343 1329 567 1388 habebat
591 1333 824 1402 speciem
853 1351 1025 1407 neque
1050 1335 1336 1403 decorem;
1374 1337 1471 1395 sed
1513 1340 1789 1410 speciosus

176 1417 369 1476 fama
396 1436 464 1478 ex
496 1435 562 1478 eo
588 1424 730 1495 quod
757 1433 840 1482 est
865 1442 976 1497 pra:
1002 1426 1124 1484 liliis
1145 1428 1447 1486 hominum.
1500 1432 1626 1488 Ideo
1674 1432 1789 1489 for-

174 1525 345 1566 mam
371 1511 510 1567 iilam
530 1512 824 1571 deformem
848 1517 864 1549 ²
887 1519 1065 1575 carnis
1090 1520 1377 1576 ostendens
1393 1523 1564 1578 oculis
1579 1522 1790 1579 intuen-

175 1601 357 1665 tium,
388 1603 511 1673 quid
539 1605 653 1660 ait?
682 1606 782 1672 Qui
800 1608 965 1680 diligit
987 1626 1084 1675 me,
1112 1612 1355 1669 mandata
1381 1630 1495 1669 utea
1531 1616 1786 1683 custodit;

175 1700 232 1744 ει
262 1692 365 1762 qui
383 1691 547 1765 diligit
570 1711 668 1762 me,
697 1696 938 1767 diligetur
961 1717 994 1754 a
1020 1699 1179 1758 Patre
1202 1719 1334 1774 meo,
1357 1713 1405 1759 et
1442 1720 1535 1776 ego
1573 1706 1786 1778 diligant

179 1797 341 1848 eunt,
368 1793 418 1839 et
444 1786 705 1841 ostendam
729 1787 808 1843 illi
849 1790 1096 1861 meipsum
1123 1790 1302 1864 (Joan.
1330 1810 1440 1862 xlv,
1468 1792 1582 1868 2i).
1613 1795 1785 1865 Quem

174 1872 468 1940 videbant,
494 1884 914 1936 ostensurmnse
953 1879 1057 1936 illis
1106 1884 1470 1953 promittebat.
1513 1885 1622 1941 Sed
1657 1885 1785 1957 quid

175 1974 273 2021 est
305 1965 449 2022 hoc?
473 1969 631 2037 Quasi
660 1968 883 2037 diceret,
906 1972 1113 2031 Videtis
1142 1973 1367 2032 formam
1387 1978 1546 2043 servi,
1576 1978 1785 2035 occulta

175 2070 272 2114 est
300 2058 476 2115 forma
505 2060 595 2116 Dei
624 2079 638 2116 :
673 2078 768 2134 per
798 2063 934 2122 hanc
957 2066 1112 2123 vobis
1136 2067 1402 2138 blandior,
1441 2070 1583 2126 illam
1633 2071 1785 2129 vobis

179 2164 388 2217 servo;
422 2152 521 2209 hac
549 2169 647 2210 vos
690 2156 941 2226 parvulos
979 2160 1178 2227 nulrio,
1208 2162 1293 2216 illa
1324 2163 1555 2234 grandes
1596 2180 1780 2235 pasco.

180 2238 342 2313 Ergo
364 2251 421 2298 ut
445 2243 558 2300 hare
588 2242 719 2302 fides
742 2256 922 2304 nostra
949 2266 1052 2321 qua
1096 2266 1406 2323 purgamur,
1433 2253 1500 2309 ad
1544 2256 1784 2313 invisibi-

180 2330 258 2387 lia
293 2344 643 2406 prmparetur,
671 2337 774 2396 hoc
803 2351 906 2405 est,
937 2342 1080 2413 quod
1105 2343 1156 2398 in
1181 2344 1484 2402 intellectum
1504 2349 1626 2420 ﬁliis
1656 2349 1784 2406 Core

182 2421 337 2483 facta
372 2437 497 2484 sunt
540 2429 638 2485 ista
684 2432 885 2501 omnia,
912 2444 971 2489 ut
1012 2434 1426 2494 detraherentur
1469 2440 1672 2497 sanctis
1716 2458 1782 2499 ea

183 2531 318 2583 qua:
341 2518 625 2590 habebant,
646 2521 1021 2581 detraheretur
1046 2536 1098 2582 et
1132 2528 1246 2599 ipsa
1274 2530 1381 2585 vita
1425 2534 1734 2604 temporalis
1763 2552 1780 2590 :

182 2620 248 2663 ut
274 2624 383 2666 non
413 2621 631 2684 propter
666 2612 781 2670 lucc
803 2615 917 2687 ipsa
958 2619 1270 2688 temporalia
1318 2620 1559 2679 colerent
1607 2624 1779 2695 ipsum

183 2708 476 2771 aeternum,
520 2704 617 2761 sed
669 2719 856 2763 amore
912 2707 1056 2764 illius
1119 2716 1269 2766 casto
1331 2710 1620 2770 tolerarent
1664 2712 1783 2771 haec

184 2793 374 2847 omnia
393 2809 509 2866 quze
536 2808 632 2866 pro
658 2806 900 2868 tempore
927 2808 1258 2869 paterentur.

289 2884 376 2940 l7.
403 2884 549 2958 [ιιι-ι.
578 2888 667 2953 l8,
697 2886 816 2962 19.]
845 2889 1081 2963 Denique
1107 2893 1231 2963 quia
1277 2893 1653 2952 intellexerunt
1678 2896 1781 2956 hoc

199 2974 300 3031 lilii
327 2976 476 3045 Core,
498 2979 623 3051 quid
649 2979 869 3037 dicunt?
894 2980 1018 3038 Iltec
1042 2984 1213 3039 omnia
1237 2997 1476 3041 uenerunt
1496 3004 1647 3059 super
1663 3006 1776 3058 nos,

196 3074 252 3119 et
280 3067 411 3123 obliti
434 3086 533 3126 non
548 3087 722 3127 sumus
750 3081 816 3128 te.
847 3073 987 3143 Quid
1007 3084 1109 3141 est,
1133 3084 1182 3131 et
1204 3075 1346 3132 obliti
1378 3094 1480 3133 nou
1503 3096 1676 3137 sumus
1695 3083 1781 3138 te?

206 3154 278 3211 Et
311 3158 467 3230 inique
491 3177 592 3217 non
618 3163 810 3235 egimus
839 3164 891 3219 in
916 3173 1211 3223 testamento
1242 3178 1331 3225 tuo
1364 3185 1383 3224 :
1412 3180 1463 3226 et
1488 3188 1590 3227 non
1615 3190 1778 3230 reces-

203 3249 274 3304 sit
296 3260 416 3306 retro
455 3270 541 3308 cor
573 3264 800 3310 nostrum
827 3272 847 3311 :
866 3265 914 3312 et
945 3258 1209 3315 declinasti
1233 3262 1436 3318 semitas
1481 3274 1678 3320 nostras
1715 3266 1781 3323 de

203 3340 292 3394 ria
311 3350 406 3398 tua.
428 3342 563 3401 Ecce
587 3354 671 3402 est
712 3346 1035 3417 intellectus,
1064 3352 1187 3423 quia
1236 3368 1342 3409 non
1371 3355 1593 3411 recessit
1630 3365 1778 3415 retro

205 3445 304 3487 cor
320 3444 566 3503 nostrum,
592 3437 718 3509 quia
741 3438 889 3495 obliti
935 3457 1041 3497 non
1078 3456 1264 3500 sumus
1312 3454 1384 3513 te,
1430 3446 1552 3518 quia
1598 3447 1778 3521 inique

208 3539 313 3581 non
337 3528 529 3600 egimus
554 3530 609 3587 in
638 3539 958 3589 testamento
987 3543 1101 3602 tuo,
1134 3535 1294 3607 positi
1333 3537 1388 3593 in
1430 3540 1639 3611 magnis
1678 3543 1778 3597 tri-

208 3614 549 3681 littlationibus
591 3635 647 3682 et
685 3629 1149 3700 persccutionibus
1190 3632 1446 3703 gentium.
1494 3631 1777 3691 Declinasti

212 3712 396 3769 semitas
413 3725 608 3774 nostras
624 3718 688 3774 de
712 3719 792 3774 eia
817 3729 928 3776 tua.
956 3720 1174 3777 Semita:
1213 3723 1357 3779 enim
1390 3733 1589 3782 nostra:
1619 3738 1776 3784 erant

215 3798 271 3855 in
292 3802 625 3875 voluptatibus
663 3811 881 3878 smculi;
925 3812 1131 3868 semita:
1156 3823 1357 3870 nostra:
1382 3816 1612 3873 erantin
1650 3832 1776 3888 pro-

215 3893 528 3962 spcritatihus
589 3902 963 3975 temporalium
1032 3920 1265 3961 rerum:
1313 3906 1486 3964 tulisti
1555 3910 1776 3967 semitas

218 3994 400 4044 nostras
424 3989 491 4047 de
523 3991 606 4049 via
634 4002 742 4061 tua,
764 4003 822 4051 et
860 3995 1140 4069 ostendisti
1168 3997 1322 4054 nobis
1350 4014 1508 4071 quam
1550 4011 1695 4059 arcta
1718 4012 1776 4060 et

184 4138 187 4139 ν
215 4087 412 4149 angusta
438 4083 519 4139 via
544 4091 628 4141 est
652 4100 772 4157 qua:
796 4084 943 4142 ducit
964 4087 1031 4142 ad
1063 4088 1246 4144 vitam.
1278 4088 1348 4144 Et
1387 4090 1653 4148 declinasti
1688 4111 1774 4150 se-

220 4170 343 4229 mitas
382 4184 577 4232 nostras
618 4176 683 4232 de
706 4178 787 4233 via
835 4189 943 4233 tua.
967 4178 1105 4249 Quid
1147 4189 1251 4248 est,
1280 4181 1547 4238 dectinasti
1569 4185 1773 4243 sanitas

216 4274 385 4322 nostras
410 4268 473 4324 de
500 4270 581 4324 eia
617 4270 744 4326 tua?
767 4269 1040 4343 Tanquam
1065 4271 1271 4329 diceret
1310 4274 1486 4343 nobis,
1515 4275 1571 4331 in
1600 4276 1771 4333 tribu—

213 4351 384 4416 latione
407 4362 721 4432 positi,cstis
739 4403 756 4431 ,
785 4365 950 4420 multa
981 4365 1247 4436 patimini,
1280 4366 1443 4422 multa
1470 4383 1591 4439 quce
1619 4384 1770 4424 ama-

204 4444 325 4506 batis
352 4451 530 4511 inhoc
577 4454 795 4522 sarculo,
849 4453 1151 4512 amisistis:
1181 4455 1412 4513 sednon
1461 4474 1557 4515 vos
1590 4458 1771 4518 dimisi

197 4541 249 4599 in
275 4544 373 4613 via,
420 4562 579 4618 quam
614 4556 894 4619 angustam
952 4563 1048 4604 vos
1105 4549 1295 4607 doceo.
1344 4550 1508 4608 Latas
1552 4554 1772 4612 semitas

188 4636 536 4709 qumrebatis:
562 4638 691 4711 quid
717 4638 872 4696 vobis
892 4638 1049 4695 dico?
1079 4639 1190 4697 liae
1216 4640 1322 4697 itur
1345 4641 1413 4698 ad
1436 4643 1597 4699 vitam
1621 4659 1769 4702 sem-

185 4726 441 4798 piternam
472 4746 487 4785 ;
518 4744 623 4803 qua
653 4729 812 4786 vultis
834 4729 1134 4794 ambulare,
1163 4730 1230 4787 ad
1262 4742 1491 4791 mortem
1524 4738 1765 4809 pergitis.

182 4819 352 4889 Quam
373 4822 476 4877 lata
495 4832 542 4879 et
561 4823 782 4894 spatiosa
811 4824 892 4878 eia
913 4820 986 4878 est
1004 4838 1116 4895 qua:
1154 4823 1293 4879 ducit
1313 4826 1380 4879 ad
1414 4826 1692 4896 interitum,
1717 4840 1768 4885 et

174 4912 328 4968 multi
355 4923 470 4969 sunt
516 4915 601 4987 qui
632 4916 895 4971 ambulant
934 4932 1024 4987 per
1053 4916 1203 4971 eam!
1231 4916 1395 4986 Quam
1424 4928 1563 4974 arcta
1591 4930 1639 4975 et
1666 4937 1765 4977 an-

169 5015 325 5079 gusta
352 5005 429 5061 via
450 5016 523 5063 est
543 5023 656 5078 qua:
678 5009 817 5064 ducit
843 5007 912 5063 ad
936 5008 1113 5076 vitam,
1145 5020 1191 5064 et
1213 5010 1362 5079 pauci
1391 5021 1509 5067 sunt
1535 5014 1623 5083 qui
1655 5031 1766 5070 ant-

165 5096 351 5152 bulant
379 5113 470 5166 per
491 5098 633 5154 illaut
666 5097 878 5170 (Matth.
903 5116 996 5166 vn,
1030 5100 1121 5168 13,
1155 5100 1268 5171 ll)!
1301 5100 1401 5170 Qui
1428 5113 1553 5159 sunt
1576 5106 1765 5175 pauci?

166 5186 274 5258 Qui
304 5186 537 5244 tolerant
573 5188 956 5257 tribulationes,
1005 5191 1094 5261 qui
1146 5191 1377 5248 tolerant
1416 5195 1759 5266 mutationes,

166 5278 262 5351 qui
294 5279 348 5333 in
368 5278 483 5334 ἰδιῑε
509 5268 757 5336 amnibus
786 5281 1044 5337 molestiis
1066 5297 1171 5338 non
1210 5282 1493 5348 deficiunt;
1523 5287 1615 5357 qui
1652 5304 1760 5345 non

164 5367 238 5424 ad
265 5368 451 5424 horam
480 5370 712 5441 gaudent
736 5369 803 5426 ad
835 5371 1077 5441 verbum,
1110 5381 1164 5430 et
1213 5373 1262 5428 in
1314 5384 1553 5446 tempore
1591 5378 1758 5434 tribu-

163 5464 386 5521 lationis
414 5474 665 5533 tanquam
706 5472 825 5518 orto
857 5463 970 5520 sole
998 5475 1249 5521 arescunt
1283 5465 1390 5537 (Id.
1416 5469 1636 5536 3111,20,
1664 5471 1758 5540 2|,

161 5555 286 5630 23),
327 5556 423 5614 sed
451 5556 651 5615 habent
672 5555 907 5613 radicem
941 5555 1241 5627 charitatis,
1288 5558 1431 5615 sicut
1457 5561 1758 5620 audivimus

157 5795 367 5935 “gesta
394 5795 671 5912 ἔιεςὲοιιὲὲιο
705 5796 811 5851 fere
837 5806 1064 5867 excepto.
1094 5804 1145 5851 At
1169 5798 1281 5851 uid.
1330 5796 1452 5863 loco,
1475 5802 1756 5870 deformem,

299 5873 328 5908 ιι
427 5874 455 5910 e
526 5874 569 5910 rt
637 5895 650 5911 .

299 5873 367 5911 ιιι.
394 5873 455 5910 ae
480 5873 650 5911 torma.

184 5958 259 6069 ἓν
405 5944 633 6008 Ssscr.
692 5949 959 6011 Λυσι-ετ.
998 5947 1094 6009 iV.

1300 386 1698 447 ENARRATIO
1735 388 1801 446 IN
1839 388 2161 451 PSALMUM
2196 397 2377 459 XLIII.

3380 414 3488 474 490

1905 508 2047 606 quod
2073 514 2232 606 modo
2251 516 2446 575 lectum
2468 527 2550 576 est
2575 519 2627 578 in
2652 521 2941 597 Evangelio
2966 524 3161 599 (Marc.
3184 547 3259 602 tv,
3280 532 3369 603 i6,
3392 536 3485 606 l7,

1900 600 2002 669 eo,
2029 614 2076 658 et
2104 603 2232 662 Luc.
2262 625 2374 678 vtu,
2406 611 2495 678 is,
2520 613 2629 685 ιε).
2662 614 2936 679 Radiccm,
2968 619 3206 692 inquam,
3246 600 3486 684 usus;

1902 695 1972 750 tis
2001 695 2160 763 habe,
2191 709 2249 755 ut
2268 716 2391 757 cum
2417 703 2497 759 sol
2525 716 2744 763 exortus
2772 707 2953 778 laesit,
2981 728 3088 768 non
3139 724 3191 770 te
3215 726 3356 787 urat,
3385 719 3485 779 sed
3524 761 3532 770 .

1901 789 2119 843 nutriat.
2152 789 2276 845 Ilaec
2303 794 2472 848 omnia
2496 807 2734 852 venerunt
2773 816 2925 871 super
2966 818 3080 871 nos,
3118 814 3170 860 et
3193 804 3339 866 obiiti
3377 825 3484 868 ttats

1898 894 2071 934 suntus
2093 889 2175 947 te;
2198 892 2244 938 et
2265 883 2432 956 inique
2458 903 2559 942 non
2578 889 2770 965 egimus
2798 891 2851 947 in
2876 902 3168 953 testamento
3188 906 3297 966 tua;
3318 911 3367 957 et
3381 918 3488 959 nots

1899 973 2103 1027 recessit
2131 984 2266 1030 retro
2292 993 2379 1032 cor
2404 988 2651 1034 nostrum.
2675 981 2781 1038 Sed
2808 986 2931 1056 quia
2962 986 3079 1045 lucc
3124 992 3303 1050 omnia
3342 995 3485 1053 inter

1898 1064 2268 1125 tribulationcs
2297 1069 2541 1138 facimus,
2563 1072 2672 1145 jam
2694 1075 2748 1130 in
2768 1088 2989 1148 angusta
3017 1082 3102 1139 via
3121 1084 3481 1155 ambulantes,

1899 1155 2167 1212 declinasti
2193 1162 2398 1216 semitas
2427 1173 2626 1222 nostras
2646 1166 2709 1221 de
2738 1167 2819 1222 via
2839 1178 2948 1225 tua.

1968 1249 2060 1306 18.
2085 1249 2239 1323 [vers.
2285 1252 2404 1327 20.]
2433 1256 2688 1326 Quoniam
2724 1261 3003 1319 Itumiliasti
3046 1283 3139 1323 nos
3177 1270 3230 1325 in
3259 1270 3369 1327 loco
3402 1273 3486 1330 in-

1898 1339 2172 1406 ﬁrmitatis.
2204 1345 2345 1416 Ergo
2373 1349 2639 1407 exaltabis
2666 1368 2765 1408 nos
2794 1356 2849 1409 in
2875 1356 2994 1414 loco
3040 1359 3383 1421 fortitudinis.
3411 1367 3484 1423 Et

1894 1432 2089 1501 aperuit
2115 1450 2206 1489 nos
2227 1435 2402 1491 umbra
2420 1440 2613 1494 mortis.
2640 1441 2766 1499 llaec
2789 1445 2932 1500 enim
2965 1451 3263 1507 mortalitas
3288 1456 3480 1513 umbra

1893 1522 2081 1577 mortis
2104 1533 2201 1578 est.
2230 1524 2369 1581 Vera
2399 1544 2545 1585 mors
2580 1540 2664 1587 est
2688 1534 2958 1592 damnatio
2979 1554 3100 1594 cum
3128 1541 3362 1600 diabolo.

1968 1611 2055 1667 19.
2086 1611 2238 1686 [vers.
2267 1616 2387 1691 9.1.]
2436 1619 2497 1675 Si
2542 1622 2686 1678 obliti
2719 1643 2892 1684 sumus
2940 1646 3120 1687 nomen
3165 1632 3261 1690 Dei
3297 1641 3480 1696 nostri.

1894 1702 1998 1760 Iste
2020 1714 2104 1761 est
2149 1707 2449 1767 intellectus
2490 1714 2716 1770 liliorum
2765 1717 2926 1775 Core.
2964 1720 3033 1777 Et
3059 1724 3106 1778 si
3145 1729 3484 1799 expendimus

1891 1810 2071 1850 manus
2100 1806 2299 1854 nostras
2322 1801 2390 1854 ad
2427 1800 2594 1859 Deum
2613 1805 2856 1863 alienum.

1961 1885 2051 1941 20.
2078 1883 2228 1959 [rem
2258 1888 2375 1963 22.]
2424 1890 2613 1949 Nonne
2639 1895 2780 1953 Deus
2799 1901 3014 1971 requiret
3040 1904 3138 1959 ista
3154 1907 3180 1962 ?
3196 1905 3323 1979 Ipse
3345 1912 3482 1968 enim

1891 1975 2026 2030 novit
2046 1979 2244 2033 occulta
2261 1982 2450 2039 cordis.
2475 1983 2651 2051 Novit,
2679 1997 2735 2043 et
2750 1992 2973 2061 requirit
2992 2012 3006 2046 :
3028 1995 3075 2051 si
3096 1975 3244 2053 novit
3268 2004 3482 2062 occulta

1889 2068 2087 2133 cordis,
2109 2069 2237 2140 quid
2262 2071 2331 2127 ibi
2361 2072 2521 2130 facit?
2547 2075 2735 2133 Nonne
2746 2079 2886 2136 Deus
2917 2086 3133 2155 requiret
3162 2090 3299 2147 ista?
3321 2092 3482 2152 Novit

1890 2156 1944 2212 in
1972 2172 2053 2227 se,
2083 2162 2307 2232 requirit
2377 2177 2596 2237 propter
2651 2186 2768 2225 nos.
2816 2172 3028 2229 Etenim
3074 2177 3199 2235 ideo
3252 2184 3482 2254 requirit

1890 2247 2034 2305 Deus
2057 2250 2362 2322 aliquando,
2390 2266 2442 2312 et
2471 2257 2599 2314 dicit
2641 2262 2741 2317 sibi
2788 2263 3145 2336 innotescere,
3180 2247 3481 2342 quod-facit

1890 2340 1982 2395 om
2015 2341 2372 2403 innotescere.
2408 2347 2554 2420 Opus
2597 2367 2752 2410 suum
2798 2355 2892 2412 tibi
2934 2357 3094 2427 dicit,
3144 2340 3250 2420 na.
3288 2369 3479 2438 cogni-

1890 2431 2089 2488 tionem
2131 2450 2283 2490 suam
2311 2437 2351 2491 ¹.
2385 2439 2624 2497 Dicimus
2680 2444 3027 2519 plerumque,
3085 2451 3269 2511 La-tus
3320 2431 3476 2527 dies,

1887 2525 2100 2618 quando
2120 2544 2344 2587 serenus
2384 2543 2467 2590 est
2497 2553 2510 2589 :
2536 2540 2791 2609 numquid
2820 2542 2933 2612 ipse
2961 2544 3077 2602 dies
3101 2548 3338 2618 gaudet?

1885 2617 2203 2687 gaudentem
2232 2622 2478 2691 dicimus,
2509 2629 2631 2698 quia
2656 2632 2948 2700 gaudentes
2984 2651 3085 2696 nos
3114 2617 3256 2697 iacit.
3284 2642 3356 2698 Et
3381 2644 3468 2701 di-

1886 2707 2056 2764 cimus
2075 2751 2091 2774 ,
2118 2710 2295 2768 Triste
2314 2716 2533 2771 cmlum.
2576 2718 2692 2776 Non
2739 2724 2881 2779 enim
2907 2736 2991 2783 est
3016 2728 3154 2784 ullus
3194 2732 3314 2790 talis
3345 2749 3477 2792 sen-

1886 2814 1977 2855 sus
1998 2803 2049 2858 in
2074 2804 2303 2862 nubibus
2334 2826 2348 2863 :
2375 2809 2471 2865 scd
2502 2814 2625 2883 quia
2663 2814 2910 2875 homines
2952 2820 3257 2891 hujusmodi
3288 2828 3477 2887 viden-

1888 2900 1967 2948 tes
2003 2896 2125 2951 caeli
2149 2896 2333 2954 faciem
2355 2904 2763 2974 contristantur,
2792 2909 2946 2967 triste
2983 2913 3198 2982 dicitur,
3230 2934 3299 2974 eo
3324 2921 3475 2990 quod

1887 2983 2064 3041 tristes
2084 2984 2225 3041 limit.
2261 2988 2348 3045 Sic
2376 3001 2432 3046 et
2473 2993 2612 3050 Deus
2640 3011 2967 3068 cognoscere
3006 3002 3221 3075 dicitur,
3248 2983 3469 3080 quando

1883 3087 2268 3146 cognoscentes
2310 3080 2452 3139 facit.
2506 3084 2647 3141 Dens
2688 3089 2819 3146 dicit
2867 3091 2934 3148 ad
2972 3094 3243 3153 Abraham
3276 3100 3476 3160 :Nunc

1883 3171 2092 3242 cognovi
2116 3172 2234 3242 quia
2260 3182 2315 3227 tu
2345 3175 2486 3232 times
2513 3177 2677 3234 Deum
2706 3180 2858 3252 (Gen.
2888 3202 3016 3253 χχιι,
3048 3188 3162 3260 12).
3193 3192 3331 3250 Ante
3357 3210 3472 3254 non

1882 3268 2237 3335 cognoverat?
2282 3268 2387 3325 Sed
2430 3271 2543 3342 ipse
2572 3275 2840 3331 Abraham
2889 3293 2949 3334 se
2996 3285 3144 3338 non’
3178 3290 3469 3359 cognovit:

1882 3355 2004 3426 quia
2028 3354 2079 3411 in
2107 3356 2218 3427 ipsa
2241 3362 2531 3419 tentatione
2571 3366 2685 3436 ipse
2728 3368 2829 3424 sibi
2871 3370 3116 3429 innotuit.
3147 3354 3471 3453 Plerumque

1883 3446 2025 3501 enim
2053 3447 2214 3504 homo
2235 3460 2385 3521 putat
2420 3469 2480 3510 se
2510 3471 2667 3526 posse
2693 3462 2834 3531 quod
2875 3477 2981 3517 non
3009 3474 3205 3534 potest,
3237 3479 3329 3526 aut
3367 3446 3467 3542 pu-

1886 3543 1961 3592 tat
1989 3552 2049 3593 se
2071 3553 2175 3595 non
2200 3555 2356 3611 posse
2377 3545 2516 3614 quod
2550 3558 2752 3617 petest;
2783 3551 2992 3608 accedit
3021 3554 3086 3609 ad
3115 3556 3261 3614 illum
3295 3559 3469 3618 interv

1883 3630 2091 3698 rogatio
2115 3645 2177 3684 ex
2210 3630 2388 3688 divina
2422 3634 2845 3726 dispenSati’onc,
2886 3651 2941 3698 et
2974 3660 3069 3715 per
3093 3646 3473 3722 interrogatiov

1883 3733 2004 3774 nem
2033 3728 2189 3775 notus
2212 3722 2270 3777 lit
2308 3724 2429 3790 sibi;
2456 3735 2508 3781 et
2548 3722 2742 3784 dicitur
2772 3730 2911 3788 Dens
2944 3738 3280 3809 cognovisse,
3323 3746 3471 3813 quod

1882 3808 2027 3864 illum
2056 3811 2177 3867 fecit
2199 3829 2377 3871 nosse.
2401 3816 2667 3890 Numquid
2688 3821 2878 3879 Petrus
2899 3836 3122 3883 noverat
3141 3846 3221 3899 se,
3246 3808 3471 3905 qna—udo

1879 3898 2013 3955 dixit
2042 3902 2295 3960 medico:
2327 3904 2512 3960 Tecum
2545 3925 2655 3964 sum
2696 3928 2854 3982 usque
2876 3914 2945 3968 ad
2992 3929 3201 3973 mortem
3249 3898 3467 3992 (Matth.

1880 4006 2025 4060 xxvi,
2055 3992 2172 4065 55)?
2204 3994 2437 4053 Medicus
2466 4011 2706 4070 noverat,
2735 4019 2867 4058 vena
2912 4006 3170 4077 inspecta,
3220 4014 3348 4084 quid
3378 4017 3468 4074 in-

1881 4091 1966 4137 tus
1988 4094 2237 4154 ageretur
2263 4086 2314 4141 in
2362 4098 2585 4158 aegroto;
2630 4102 2863 4164 aegrotus
2888 4112 2993 4151 non
3028 4111 3273 4158 noverat.
3308 4103 3468 4164 Venit

1878 4175 2118 4231 accessio
2141 4177 2484 4247 tentationis;
2517 4190 2572 4238 et
2599 4182 2841 4253 probavit
2867 4188 3105 4245 medicus
3139 4197 3460 4257 sententiam

1877 4278 2050 4330 suam,
2074 4267 2303 4337 perdidit
2332 4286 2474 4342 :rger
2501 4278 2968 4348 praesumptionem
2999 4299 3165 4342 suam.
3203 4286 3293 4345 Sic
3334 4306 3467 4363 ergo

1877 4366 1933 4413 et
1955 4359 2103 4414 novit
2134 4361 2293 4427 Deus,
2323 4374 2379 4420 et
2409 4367 2649 4438 requirit.
2681 4368 2856 4428 Novit.
2889 4373 3169 4442 Quomodo
3209 4381 3325 4454 ipse
3365 4359 3462 4443 re-

1875 4450 2074 4521 quirit?
2100 4452 2322 4525 Propter
2353 4465 2419 4521 te,
2451 4465 2507 4512 ut
2529 4469 2580 4512 tu
2610 4460 2850 4520 invenias
2876 4472 2947 4532 te,
2967 4478 3019 4523 et
3044 4450 3244 4541 gratias
3265 4489 3392 4548 agas
3407 4477 3462 4534 ei

1876 4542 1965 4612 qui
1994 4540 2119 4599 fecit
2146 4552 2216 4601 te.
2250 4544 2434 4602 Nonne
2458 4546 2593 4604 Deus
2625 4553 2840 4625 requiret
2870 4555 2966 4611 ista
2984 4558 3010 4612 ?
3062 4540 3065 4541 ν
3299 4540 3325 4548 ν
3478 4607 3496 4646 ε

1944 4634 2035 4690 21.
2058 4634 2183 4708 Ipse
2206 4641 2336 4694 enim
2363 4643 2497 4697 novit
2532 4646 2729 4701 occulta
2762 4649 2949 4704 cordis.
2990 4650 3127 4720 Quid
3170 4666 3272 4725 est,
3321 4634 3495 4717 novit:

1874 4728 2236 4801 occulta?qu:e
2258 4732 2501 4787 occulta?
2525 4735 2774 4801 Quoniam
2803 4752 3005 4811 propter
3034 4754 3082 4798 te
3096 4749 3466 4819 mortiﬁcamur
3485 4738 3488 4742 Δ

1875 4826 1980 4873 tota
2006 4819 2106 4883 die,
2149 4821 2377 4891 deputati
2428 4842 2602 4882 sumus
2647 4829 2779 4883 velut
2811 4846 2923 4885 oves
2968 4836 3253 4893 occisionis.
3299 4841 3463 4902 Potes

1872 4910 2013 4967 enim
2036 4914 2216 4970 videre
2238 4917 2545 4973 mortiﬁeari
2572 4920 2842 4978 hominem
2864 4943 2879 4991 ;
2903 4943 3067 4995 quare
3084 4932 3458 5005 mortiliectur,
3476 4918 3491 4923 h

1872 5004 2046 5059 nescis
2075 5022 2088 5057 :
2122 5005 2261 5061 Deus
2292 5007 2391 5063 hoc
2415 5011 2595 5077 novit;
2626 5028 2712 5067 rrs
2752 5015 2802 5069 in
2826 5019 3033 5073 occulto
3059 5032 3160 5077 est.
3186 5024 3290 5080 Sed
3328 5004 3461 5083 dicit

1870 5092 1999 5149 mihi
2040 5096 2232 5166 aliquis
2266 5118 2278 5151 :
2314 5099 2452 5156 Ecce
2492 5117 2588 5173 pro
2648 5106 2865 5164 nomine
2915 5111 3111 5167 Chrisn
3166 5115 3456 5184 detinetur,

1868 5200 2063 5242 nomen
2106 5186 2302 5244 Christi
2332 5195 2631 5248 conﬁtetur.
2664 5196 2841 5265 Quare
2873 5215 2976 5257 non
3004 5213 3058 5258 et
3084 5203 3319 5263 lueretici
3349 5224 3454 5266 no-

1870 5295 1990 5335 men
2033 5279 2227 5337 Christi
2276 5284 2616 5355 conﬁtentur,
2643 5298 2694 5345 et
2733 5307 2836 5347 non
2885 5303 3059 5350 tamen
3080 5296 3192 5367 jam
3237 5311 3459 5372 propter

1869 5372 2040 5444 ipsum
2081 5373 2452 5430 moriuntur’?
2480 5377 2704 5436 Prorsus
2730 5383 2780 5437 in
2817 5384 2928 5457 ipsa
2959 5386 3216 5456 Ecclesia,
3253 5390 3453 5463 dicam,

1931 5500 1947 5567 ξ
1983 5504 2225 5567 Duoptss,
2248 5513 2340 5552 non
2357 5501 2613 5567 cognitioni
2631 5521 2752 5560 sine.

1928 5563 1950 5638 ξ
1983 5566 2030 5638 tn
2056 5558 2303 5638 plerisque
2329 5558 2453 5638 855st,
2478 5581 2535 5638 se.
2552 5558 2786 5638 cognorit,
2806 5574 3281 5638 omissagnegatione.

1930 5624 2321 5711 ἰὶίῖιηὲὶέξλέ.
2338 5624 2734 5711 ἓίνέευῖςελιφῖιξιίά
2755 5624 3123 5711 seueritas?!“
3138 5624 3453 5711 ὶὸθὶβὶςηιιιν.

1861 5691 1909 5771 et
1931 5690 2323 5771 nountametgj‘am
2344 5697 2537 5771 propter
2552 5692 2717 5771 ipsum
2736 5696 3047 5771 metiuntur}
3069 5709 3169 5771 All];
3196 5690 3247 5753 ei
3267 5690 3456 5771 aliqua;

1860 5754 1996 5828 mss.2
2014 5755 2167 5808 (inure
2182 5747 2328 5828 ?'.\'on
2344 5747 2394 5823 et
2415 5747 2632 5806 haeretici
2651 5769 2819 5828 nomen
2842 5747 3453 5828 (In‘istivcottﬁlehﬂz‘cxe‘d

1859 5821 1961 5889 non
1977 5816 2146 5889 tamen
2158 5820 2352 5889 pnoptcr
2370 5812 2537 5889 ipsum
2554 5815 2825 5889 moriuntur
2838 5819 2865 5871 Ρ
2903 5820 2990 5874 alii
3357 5812 3454 5885 ιιἏᾶ-η

1862 5878 1910 5921 et
1930 5870 2338 5926 umetici'nomen
2358 5870 2538 5929 Christi
2559 5875 2862 5946 conﬁtentur,
2884 5870 2984 5936 eo:

2810 5971 3086 6057 (δαείω
