3960 6418
592 389 690 448 ιθι

593 504 878 572 catholica,
895 500 1095 574 petatis
1107 496 1342 556 defuisse
1363 503 1457 554 aut
1473 496 1664 555 deesse
1679 507 1859 570 posse,
1891 499 1980 569 qui
2000 511 2161 553 causa

593 598 840 654 humanae
862 595 1043 666 glorise
1073 593 1414 663 paterentur?
1459 592 1517 648 Si
1569 591 1820 648 deessent
1863 591 2170 660 hujusmndi

597 689 856 750 homines,
892 700 996 741 non
1022 685 1222 741 diceret
1243 685 1535 756 Apostolus
1569 702 1583 742 :
1618 685 1680 740 Si
1704 684 1961 738 tradidero
1986 701 2171 752 corpus

597 796 759 836 meum
782 789 836 833 ut
857 778 1085 842 ardeam,
1107 778 1403 832 charitatem
1429 787 1595 830 autem
1642 793 1741 830 non
1779 774 2006 840 habeam,
2048 775 2175 826 nihil

597 873 719 926 milii
739 871 937 942 prodest
981 868 1163 940 (lCor.
1188 883 1301 929 xm.
1326 868 1409 938 5).
1443 866 1657 922 Scit-bat
1693 881 1819 936 ergo
1860 879 1980 921 esse
2018 879 2173 935 posse

597 964 852 1037 quosdam
880 963 968 1034 qui
998 962 1101 1017 hoc
1124 962 1415 1032 jactatiouc
1446 961 1698 1020 iacerent,
1727 974 1834 1014 non
1864 959 2169 1013 dilectione.

599 1057 720 1114 Ideo
741 1058 1026 1112 obscurum
1069 1064 1184 1118 est;
1234 1055 1376 1109 Deus
1408 1054 1508 1106 hoc
1548 1053 1694 1107 solus
1722 1053 1881 1114 videt,
1917 1065 2015 1104 nos
2067 1064 2172 1104 non

599 1165 901 1224 pessumus.
931 1147 1046 1217 Ipse
1079 1147 1223 1200 solus
1249 1153 1424 1214 potest
1465 1145 1725 1214 judicare,
1771 1145 1858 1214 qui
1899 1142 2045 1196 novit
2085 1157 2170 1195 oc-

599 1242 737 1298 culta
763 1239 957 1295 cordis.
993 1236 1240 1303 Quoniam
1265 1245 1465 1305 propter
1482 1247 1529 1289 te
1548 1235 1910 1301 mortiﬁcamur
1939 1242 2042 1286 tota
2073 1233 2173 1297 die,

597 1331 826 1402 deputati
865 1344 1038 1383 rtnnus
1070 1326 1202 1380 velut
1242 1343 1355 1380 ores
1398 1327 1682 1380 occisionis.
1717 1325 1833 1381 iam
1876 1325 2008 1390 dixi,
2055 1324 2178 1378 hinc

600 1428 760 1482 etiam
809 1423 1106 1494 apostolmn
1155 1422 1374 1475 Paulum
1421 1421 1776 1475 testiinonium
1820 1419 2063 1489 posuisse
2109 1418 2175 1471 ad

601 1516 960 1572 exhortandos
982 1527 1260 1585 martyres,
1307 1529 1372 1566 ne
1400 1513 1690 1568 tlcliecrcut
1739 1513 1790 1566 in
1822 1509 2178 1565 tribulationi-

602 1607 702 1662 bus
726 1623 821 1677 pro
849 1606 1060 1660 nurnine
1085 1604 1280 1659 Christi
1311 1602 1588 1671 susceptis.

671 1699 759 1754 22.
791 1697 938 1772 [uers.
971 1695 1085 1768 23.]
1139 1696 1383 1764 Exsurge,
1415 1712 1572 1765 quare
1611 1695 1878 1756 obdormis,
1933 1692 2180 1747 Domine?

602 1791 695 1846 Cui
723 1790 883 1844 dicit?
909 1789 1098 1858 etquis
1125 1786 1288 1840 dicit?
1315 1787 1498 1840 Nonne
1518 1787 1682 1857 magis
1713 1785 1916 1840 d'retur
1945 1786 2031 1838 ille
2057 1785 2180 1838 tior-

599 1885 754 1948 mire,
782 1893 833 1936 ct
862 1883 1040 1937 halare
1069 1883 1109 1946 ³,
1147 1879 1236 1950 qui
1271 1881 1392 1934 talia
1442 1879 1693 1948 Ιοέιιιὶιιιν,
1731 1878 1978 1946 Exsurge,
2020 1894 2176 1943 quare

599 1977 811 2040 dormis,
863 1973 1114 2028 Domine?
1160 1972 1466 2042 Respondet
1507 1973 1624 2035 tibi,
1653 1971 1786 2026 Novi
1815 1971 1938 2040 quid
1965 1969 2135 2024 dicam
2163 1989 2177 2025 :

597 2069 715 2126 seio
739 2069 859 2138 quia
890 2083 994 2121 non
1037 2067 1232 2121 donnit
1278 2067 1366 2137 qui
1399 2065 1629 2121 custodit
1670 2065 1828 2119 Israel
1853 2063 2021 2136 (l’snt.
2052 2075 2177 2132 ess,

599 2160 660 2228 4)
686 2178 698 2213 :
726 2158 818 2214 sed
843 2169 1016 2213 tamen
1064 2169 1324 2229 martyres
1343 2157 1594 2220 clamant,
1627 2155 1876 2227 Exsurge,
1902 2173 2053 2222 quare
2095 2157 2174 2209 ob-

600 2251 809 2315 dormis,
846 2249 1093 2304 Domine?
1115 2249 1161 2304 0
1183 2250 1400 2303 Domine
1426 2249 1584 2304 Jesu!
1618 2250 1826 2302 occisus
1868 2263 1947 2311 es,
1978 2249 2180 2302 dormi-

599 2344 669 2398 sti
695 2343 748 2396 in
780 2341 1038 2411 passiOne,
1058 2341 1164 2409 jam
1202 2341 1353 2393 nobis
1378 2340 1732 2394 resurrextsti.
1759 2339 2011 2394 Novimus
2037 2341 2178 2394 enim

600 2436 724 2505 quia
764 2434 918 2488 nobis
956 2432 1308 2488 resurrexisti.
1353 2433 1526 2498 Quare
1567 2432 1942 2487 resurrexisti?
1985 2429 2180 2487 Gentes

599 2539 722 2595 qum
762 2539 863 2578 nos
893 2532 1303 2594 peraequuutur,
1337 2531 1602 2576 mortuum
1651 2531 1702 2577 te
1745 2529 1950 2592 putant,
1997 2537 2180 2576 resur-

601 2616 804 2671 rexisse
846 2629 952 2669 non
997 2614 1237 2669 credunt.
1281 2613 1515 2682 Exsurge
1559 2626 1686 2682 ergo
1732 2623 1784 2666 ct
1825 2613 1952 2666 illis.
2001 2611 2181 2679 Quare

599 2708 820 2772 dormis,
855 2723 958 2762 non
989 2707 1160 2770 trabis,
1181 2706 1275 2760 sed
1307 2706 1444 2762 illis?
1472 2706 1524 2761 Si
1549 2708 1689 2761 enim
1714 2707 1822 2775 jam
1855 2716 1904 2760 te
1939 2707 2012 2762 illi
2061 2723 2179 2763 ere-

599 2797 786 2854 derent
815 2799 1197 2857 resurrexisse.
1231 2797 1482 2864 numquid
1505 2811 1597 2852 eos
1622 2800 1709 2868 qni
1740 2799 1790 2851 in
1822 2807 1874 2853 te
1900 2799 2182 2854 crederent

599 2891 844 2963 persequi
867 2900 1125 2960 poterant.
1147 2889 1254 2945 Sed
1284 2893 1880 2960 quarcpcrscqunutur?
1911 2891 2057 2958 Dele,
2086 2905 2179 2947 oc-

599 2981 720 3038 cide
743 2983 924 3037 nescio
949 2997 1082 3051 quos
1101 2983 1144 3041 ⁸,
1175 2981 1262 3049 qui
1289 2981 1632 3035 crcdidentnt
1661 2982 1710 3035 iu
1739 2992 1792 3037 te
1821 2984 2001 3037 nescio
2023 2997 2178 3053 quem

597 3073 740 3128 male
764 3073 1071 3128 mortuum?
1094 3072 1278 3126 Adhuc
1304 3075 1382 3128 eis
1409 3073 1610 3127 dormis
1643 3091 1655 3127 :
1681 3088 1908 3144 exsurge
1935 3085 1992 3128 ut
2019 3075 2181 3129 intel-

599 3164 764 3236 ligant
782 3165 904 3234 quia
934 3165 1360 3227 resurrexisti,ct
1386 3165 1677 3234 quiescant.
1717 3167 1954 3235 Denique
1983 3167 2177 3223 factum

599 3267 685 3313 est
709 3256 832 3310 dtuu
885 3255 1182 3310 moriuntur
1243 3267 1520 3327 martyres,
1565 3265 1619 3311 et
1661 3259 1757 3311 ista
1803 3258 2004 3324 dicunt,
2057 3261 2178 3314 dor-

603 3346 796 3410 miunt,
825 3354 880 3400 et
925 3346 1155 3400 excitant
1191 3344 1460 3400 Christum
1506 3361 1630 3402 vere
1667 3359 1934 3403 mortuum
1983 3351 2181 3406 dormi-

603 3439 832 3493 tionibus
869 3453 1088 3502 eorum;
1141 3439 1368 3492 surrexit
1409 3438 1652 3493 Christus
1701 3441 2090 3510 quodammodo
2127 3445 2176 3499 iu

601 3529 865 3600 gentibus,
895 3529 944 3583 id
968 3538 1064 3593 est,
1093 3529 1326 3584 creditus
1349 3539 1433 3585 est
1473 3533 1823 3589 I’CSllt'l‘L‘XiSSO
1855 3552 1869 3588 :
1894 3534 1965 3589 ita
2004 3539 2180 3606 paula-

603 3623 700 3680 tim
723 3633 775 3677 et
798 3622 894 3691 ipsi
915 3621 1184 3677 credendo
1223 3622 1466 3678 conversi
1493 3623 1556 3675 ad
1599 3624 1887 3688 Christum.
1944 3630 2180 3686 iecerunt

603 3728 884 3771 numerum
923 3729 1191 3784 magnum,
1242 3730 1396 3782 quem
1448 3714 2180 3787 timerentperseeutores,et

601 3813 946 3862 cessaverunt
1000 3805 1409 3873 persecutiones.
1471 3806 1659 3862 Unde?
1713 3810 1843 3878 Quia
1893 3817 2180 3870 resurrexit

603 3897 849 3954 Christus
879 3899 928 3952 in
953 3897 1216 3968 gentibus,
1243 3899 1328 3967 qui
1380 3898 1483 3952 illis
1521 3910 1642 3956 autc
1696 3918 1798 3956 non
1841 3907 2178 3961 credentibus

601 3990 917 4048 dormiebat.
950 3989 1193 4060 Exsurge,
1215 4002 1261 4044 et
1289 4009 1350 4044 ne
1367 3991 1580 4061 repellas
1606 4011 1757 4065 usque
1775 3998 1825 4050 in
1843 3999 2012 4065 ﬁnem.

671 4082 759 4139 25.
785 4080 934 4155 [vers.
961 4080 1075 4152 25.]
1100 4081 1267 4146 Quare
1292 4083 1470 4152 {aciem
1497 4095 1631 4137 tu.'nn
1653 4089 1868 4142 avertis?
1894 4092 2040 4158 quasi
2071 4108 2174 4146 non

603 4173 768 4238 adsis,
789 4173 936 4241 quasi
969 4173 1164 4226 oblitus
1190 4176 1262 4225 sis
1291 4175 1476 4228 nostri.
1506 4174 1820 4232 Oblivisceris
1841 4181 2062 4250 inOpiam
2093 4201 2177 4236 no-

601 4275 779 4328 etram,
812 4275 856 4316 et
883 4264 1251 4317 tribulationem
1281 4278 1526 4317 nostram.

657 4359 747 4413 24.
777 4356 924 4430 [vers.
945 4357 1059 4427 23.1
1092 4357 1342 4420 Quoniam
1372 4359 1635 4411 humilium
1661 4368 1730 4412 est
1756 4360 1806 4415 in
1837 4363 2038 4431 pulvere
2064 4368 2170 4419 ani-

601 4465 686 4504 mo
709 4457 896 4503 nostra.
925 4447 1021 4503 libi
1051 4448 1316 4500 humiliata
1339 4448 1452 4502 est?
1482 4449 1533 4500 In
1565 4451 1778 4518 pulvere
1799 4495 1812 4515 ,
1844 4454 1892 4506 id
1921 4466 1999 4509 est
2023 4500 2034 4521 ,
2063 4458 2176 4525 pul-

605 4541 686 4596 vis
716 4555 811 4594 nos
838 4542 1184 4610 persequitur.
1221 4539 1295 4592 Illi
1327 4555 1424 4594 nos
1452 4553 1860 4610 pcrseqttuutur,
1890 4545 1957 4600 de
1986 4549 2176 4617 quibus

601 4632 824 4688 dixisti:
854 4631 971 4685 Non
1012 4632 1084 4686 sic
1123 4632 1267 4700 impii
1289 4674 1300 4694 ,
1334 4649 1433 4686 non
1475 4635 1578 4700 sic;
1604 4637 1694 4690 sed
1731 4648 1967 4708 tanquam
2013 4644 2176 4709 pulvis

601 4740 750 4797 quem
777 4723 976 4794 proiicit
1003 4731 1223 4777 ventura
1251 4725 1380 4795 [:icie
1408 4735 1552 4779 ten-tv
1580 4726 1749 4797 (Pi-al.
1781 4746 1830 4797 ι,
1859 4732 1951 4800 4).
1985 4734 2172 4790 [Iunti-

605 4818 730 4873 liata
756 4826 826 4872 est
854 4817 904 4870 in
932 4816 1130 4886 pulvere
1156 4818 1324 4870 anima
1350 4828 1559 4883 nostra;
1603 4823 1746 4876 luvsit
1775 4825 1826 4878 in
1856 4835 1988 4881 terra
2011 4840 2176 4884 venter

603 4916 792 4962 noster.
825 4907 1042 4963 Panum
1069 4907 1244 4962 nimia:
1272 4908 1652 4965 humiliatiouis
1683 4914 1808 4969 tuihi
1841 4916 2046 4971 videtur
2075 4935 2171 4975 cx-

605 4998 887 5068 prcssisse,
907 5015 1006 5068 qua
1030 5000 1253 5070 quisque
1281 5001 1491 5070 quando
1520 5017 1578 5058 se
1608 5008 1913 5074 prosternit,
1937 5009 2098 5066 lueret
2121 5013 2170 5066 in

603 5099 748 5146 terra
778 5099 965 5146 venter
995 5090 1130 5160 ejus.
1175 5091 1426 5162 Quisquis
1464 5097 1605 5148 enim
1657 5098 1722 5151 ita
1771 5100 2076 5158 bumiliator
2121 5117 2175 5160 ut

599 5195 774 5256 genua
821 5181 976 5252 ligat,
1003 5181 1178 5237 adhuc
1216 5181 1376 5238 habet
1415 5201 1521 5254 quo
1567 5185 1905 5245 bumilietur:
1935 5195 2175 5265 quisquis

601 5283 780 5332 autem
810 5275 889 5331 sic
916 5273 1223 5329 bumiliator
1249 5286 1306 5330 ut
1333 5275 1531 5333 ltzrrcat
1563 5281 1611 5333 in
1643 5292 1780 5337 terra
1813 5295 1996 5340 venter
2023 5289 2136 5358 ejus
2158 5332 2172 5354 ,

599 5367 742 5422 ultra
769 5382 876 5437 quo
905 5365 1211 5421 humilietur
1237 5382 1343 5421 non
1374 5369 1550 5424 habet.
1580 5370 1633 5427 Si
1661 5375 1799 5428 enim
1831 5377 1963 5431 ultra
1989 5381 2171 5433 voluc-

600 5460 708 5530 rit,
749 5459 858 5531 jam
888 5474 996 5515 non
1031 5459 1134 5515 erit
1161 5459 1460 5527 humiliare,
1493 5464 1585 5518 sed
1613 5465 1857 5522 obruere.
1906 5469 2017 5525 Hoc
2047 5487 2173 5543 ergo

659 5623 681 5656 ί
714 5621 848 5680 add,
873 5619 1103 5690 dormire,
1120 5618 1283 5690 balare
1302 5626 1348 5670 et
1370 5618 1575 5690 ululare.
1603 5630 1658 5690 ᾼι
1674 5631 1776 5690 31$.
1803 5627 2044 5690 omittunt,
2067 5630 2174 5682 ulu-

593 5677 705 5797 ἒξ
729 5677 998 5795 εοὶὶε
1017 5677 1233 5734 nonnulli
1257 5684 1378 5744 loco,
1405 5682 1587 5746 balare,
1610 5686 1810 5749 habent,
1832 5677 2047 5744 Italare‘}
2068 5677 2176 5760 qui.

1002 5806 1564 5885 ῖςςιῖιιξξςιῖφτριιιεεω
1599 5813 1840 5885 ferebam.
1866 5817 2171 5885 ηειευεηιηι,

591 5865 872 5923 occiderunt
894 5881 972 5919 eos
991 5881 1073 5931 qm
1086 5868 1396 5923 aediderunt
1418 5873 1466 5923 in
1483 5879 1528 5925 te
1558 5876 1716 5928 nescio
1735 5865 1898 5941 quibi,
1910 5865 2010 5934 Eic’.

1825 376 1884 436 Ss
1925 371 2175 436 AUGUS‘I

2280 372 2288 430 l
2325 369 2630 434 EPISCOPI
2689 365 2692 368 ’
3732 389 3811 458 ³99.

2281 494 2500 552 forsitan
2545 497 2783 554 dixerit:
2827 497 3059 558 Nimium
3109 486 3388 562 biimillati
3441 490 3616 566 sumus
3653 511 3700 570 in
3734 515 3810 577 huc

2277 587 2532 656 pulvere,
2571 590 2708 645 ultra
2747 605 2851 660 quo
2896 591 3243 651 humilietnur
3286 613 3394 652 non
3439 598 3810 676 habemuszjam

2278 680 2518 746 pervenit
2542 694 2708 751 usque
2736 683 2801 737 ad
2832 697 3097 742 summum
3129 688 3460 755 bumiliatio,
3489 693 3653 750 veniat
3674 707 3716 753 cl
3740 701 3812 755 ιιιὶ-

2275 773 2489 824 seratio.

2345 862 2435 917 25.
2478 865 2557 918 An
2605 863 2775 930 forte,
2805 865 3029 933 fratres,
3057 884 3149 925 eos
3195 871 3412 944 pini-git
3459 871 3681 931 Ecclesia
3719 893 3812 939 voce

2275 954 2395 1010 ista.
2420 959 2610 1026 quibus
2642 959 2654 1010 i
2683 959 2713 1012 li
2745 960 2832 1028 qui
2864 965 3338 1031 perseqnctmntnr
3369 977 3723 1035 persuaserunt
3746 975 3812 1028 im-

2275 1045 2527 1114 pietatem
2553 1064 2567 1099 :
2598 1057 2650 1100 ut
2682 1049 2755 1103 illi
2786 1051 2873 1119 qui
2907 1051 3270 1119 pcrdurarunt
3305 1054 3413 1110 hoc
3440 1056 3642 1126 dicant,
3669 1059 3812 1117 [lumi-

2277 1137 2400 1191 liata
2427 1150 2497 1193 est
2522 1141 2572 1193 in
2601 1141 2802 1209 pulvere
2827 1145 2997 1198 animo
3026 1157 3198 1201 nostra
3217 1147 3246 1202 .’
3275 1147 3336 1202 Id
3366 1159 3486 1217 est,
3517 1153 3649 1208 inter
3675 1173 3816 1214 manus

2276 1230 2510 1299 pulveris
2537 1230 2694 1299 hujus
2717 1275 2730 1293 ,
2759 1235 2901 1290 inter
2928 1251 3118 1291 manus
3144 1238 3446 1308 impiorum
3473 1249 3527 1296 ct
3554 1258 3815 1317 persequen-

2279 1319 2430 1383 tium,
2457 1318 2739 1375 llumiliata
2757 1333 2829 1378 est
2857 1325 2910 1378 in
2941 1327 3145 1395 pulvere
3167 1330 3353 1382 anima
3379 1341 3575 1399 nostra,
3596 1336 3655 1388 ad
3679 1336 3760 1391 huc
3778 1350 3816 1393 ut

2279 1420 2330 1466 te
2361 1413 2758 1480 invocarcmus,
2782 1425 2840 1470 ιιι
2878 1417 3036 1473 dares
3069 1421 3338 1475 auxilium
3381 1422 3454 1479 dc
3493 1425 3812 1484 tribulatione:

2278 1515 2446 1559 venter
2467 1517 2641 1561 autem
2673 1519 2843 1562 uoster
2870 1511 3013 1564 limit
3047 1511 3100 1566 in
3135 1524 3313 1580 terra,
3337 1514 3392 1570 id
3440 1525 3524 1572 est
3546 1560 3561 1583 ,
3599 1523 3815 1576 ciniscusit

2280 1594 2535 1664 impietati
2568 1599 2800 1666 pulveris
2827 1599 2984 1669 hujus
3009 1612 3196 1657 venter
3229 1616 3454 1670 uoster;
3489 1606 3590 1664 hoc
3617 1619 3688 1664 est
3713 1613 3812 1665 rnim

2277 1685 2500 1751 dictum,
2526 1687 2706 1743 "terit.
2735 1690 2790 1745 Si
2813 1691 2954 1746 enim
2981 1708 3098 1748 cmn
3123 1694 3307 1768 diligis
3329 1706 3386 1750 et
3412 1698 3570 1754 ardes
3592 1702 3812 1764 charitate.

2286 1737 2328 1739 γ.
2526 1737 2706 1743 -_._----
2737 1737 2790 1745 η-
3125 1737 3307 1768 ...ηοω
3330 1737 3386 1750 ι.
3412 1737 3570 1754 ...υιο
3592 1737 3812 1764 unum“...

2279 1792 2424 1834 reetc
2445 1779 2578 1833 dicis
2609 1784 2736 1848 Deo,
2761 1783 2982 1838 Adiurrsit
3008 1788 3179 1840 animo
3200 1803 3318 1841 mea
3341 1800 3456 1857 past
3482 1801 3529 1845 te
3549 1790 3703 1863 (Psal.
3726 1811 3810 1857 tut,
3903 1737 3905 1863 i

2278 1873 2369 1943 9);
2398 1883 2470 1934 et.
2501 1874 2631 1927 Milli
2655 1876 2914 1930 adherrere
2936 1877 3038 1931 ltro
3061 1880 3244 1933 bonum
3270 1893 3347 1935 est
3367 1880 3542 1953 (Psal.
3569 1886 3810 1955 t.xxu,?.8):

2281 1972 2408 2018 tunc
2432 1973 2608 2018 autent
2634 1966 2876 2022 adiceres
2903 1967 3027 2032 Deo,
3053 1970 3270 2039 quando
3292 1976 3572 2028 consentis
3601 1975 3724 2031 Deo:
3744 1996 3811 2032 non

2281 2055 2394 2108 sine
2419 2069 2573 2110 eausa
2601 2057 2798 2110 dictum
2828 2068 2930 2121 est,
2958 2059 3024 2114 tle
3056 2073 3244 2116 ventre
3272 2063 3380 2117 isto
3402 2065 3544 2133 quod
3574 2065 3762 2120 adha-sit
3778 2068 3811 2120 in

2282 2155 2457 2212 terra,
2494 2147 2594 2200 nisi
2619 2149 2738 2216 quia
2773 2149 2842 2201 illi
2873 2150 3276 2220 signiﬁcantur,
3311 2154 3405 2222 qui
3451 2156 3812 2223 persecutionem

2280 2253 2385 2291 non
2417 2240 2724 2302 tolerantes,
2745 2254 3135 2298 consenserunt
3165 2245 3373 2314 iniquis
3399 2263 3414 2300 :
3440 2247 3518 2301 sic
3539 2250 3669 2302 enim
3689 2252 3811 2302 haesu-

2279 2342 2406 2386 ruut
2433 2332 2486 2386 in
2519 2342 2678 2387 terra.
2713 2333 2814 2389 Sed
2843 2352 3005 2404 quare
3035 2336 3161 2392 dicti
3193 2349 3326 2393 sunt
3356 2349 3585 2406 venter,
3614 2342 3701 2394 nisi
3727 2342 3809 2408 quia

2279 2427 2522 2479 carnales
2547 2437 2672 2481 sunt
2696 2446 2708 2481 :
2735 2436 2792 2482 ot
2819 2443 2879 2482 os
2909 2429 3160 2485 Ecclesia:
3193 2432 3246 2484 in
3279 2433 3489 2487 sanctis
3517 2434 3602 2496 sit,
3627 2435 3670 2486 in
3696 2433 3809 2502 stiri-

2283 2517 2512 2572 tualilnts
2539 2521 2635 2585 sit;
2669 2530 2852 2575 venter
2876 2520 3129 2577 Ecclesia:
3151 2523 3203 2578 iu
3231 2528 3547 2580 carnalibus
3569 2527 3662 2580 sit?
3680 2527 3808 2598 Itaqth

2279 2621 2344 2663 Os
2373 2609 2619 2665 Ecclesia:
2642 2613 2872 2676 eminet;
2901 2623 3086 2669 vcutcr
3112 2616 3468 2672 absenttdittts
3495 2628 3596 2678 cst,
3617 2627 3805 2684 tanquam

2281 2701 2492 2754 mollior
2511 2709 2566 2753 ct
2586 2701 2861 2756 infirmior.
2891 2703 3005 2760 lloc
3030 2706 3298 2774 signiﬁcat
3329 2710 3560 2778 quodam
3587 2705 3807 2761 nemo

2284 2801 2432 2861 ptura
2453 2833 2469 2858 ,
2502 2795 2586 2847 ubi
2617 2796 2825 2864 quidam
2853 2795 2982 2852 dicit
3011 2811 3068 2852 se
3096 2805 3378 2869 accepisse
3413 2801 3633 2867 librum;
3661 2811 3698 2854 et
3722 2799 3806 2851 liber

2277 2885 2388 2951 ipse
2407 2885 2566 2937 dulcis
2592 2896 2716 2949 erat,
2753 2888 2940 2956 inquit,
2969 2890 3020 2942 in
3049 2905 3132 2944 ore
3157 2908 3292 2958 tneo,
3316 2903 3365 2947 et
3391 2909 3597 2947 initurus
3621 2893 3668 2946 in
3690 2902 3807 2945 ventre

2277 2992 2389 3029 meo
2423 2977 2600 3047 (.lpoc.
2635 2995 2689 3041 x,
2722 2979 2788 3034 10
2807 2984 2845 3049 ).
2875 2980 3009 3046 Quid
3036 2993 3117 3036 est
3145 2981 3248 3038 hoc
3269 3024 3286 3049 ,
3328 2986 3430 3038 uisi
3459 2985 3576 3054 quia
3606 2991 3804 3053 pracepta

2279 3079 2484 3120 somnia
2509 3084 2626 3136 qua:
2656 3071 2871 3138 capiunt
2899 3074 2914 3104 ⁸
2942 3074 3273 3140 spiritualcs,
3307 3091 3414 3130 non
3443 3077 3648 3145 capiunt
3673 3088 3806 3129 carun-

2280 3159 2386 3224 ies;
2418 3169 2471 3213 et
2511 3161 2579 3215 de
2620 3164 2811 3231 quibus
2853 3165 3086 3234 gaudent
3123 3168 3458 3234 Spirituales,
3484 3170 3804 3222 contristantur

2277 3252 2553 3305 Carmics'.’
2570 3251 2726 3306 Liber
2745 3253 2864 3318 istc,
2893 3255 3104 3319 fratres,
3130 3257 3257 3326 quid
3283 3259 3483 3312 habet?
3509 3257 3666 3312 Vende
3683 3255 3806 3309 omnia

2278 3357 2392 3411 qui:
2417 3343 2565 3398 habes
2585 3386 2598 3408 ,
2631 3355 2676 3398 et
2704 3344 2770 3397 du
2801 3347 3120 3416 pauperibus.
3153 3348 3328 3416 Quam
3359 3350 3529 3405 dulcis
3558 3351 3605 3402 in
3627 3360 3710 3399 ore
3734 3344 3802 3399 Ec-

2275 3435 2483 3488 clesizc!
2518 3437 2599 3489 Ab
2625 3437 2868 3490 omnibus
2895 3439 3267 3506 Spi'titualibns
3292 3439 3488 3494 [ictum
3516 3449 3612 3494 cst.
3643 3443 3698 3492 At
3718 3449 3804 3488 νοω

2279 3526 2478 3581 earnali
2501 3529 2816 3598 cuicumque
2841 3529 3060 3592 dixeris,
3093 3529 3195 3585 Fac
3223 3531 3359 3595 huc;
3395 3532 3594 3586 lacdius
3619 3545 3646 3584 a
3675 3540 3716 3582 tc
3742 3525 3802 3578 ui-

2279 3619 2377 3670 stis
2401 3617 2635 3683 recedit,
2663 3621 2799 3674 sicut
2831 3620 2919 3674 ille
2945 3621 3096 3675 dives
3133 3636 3162 3674 a
3212 3622 3444 3676 lunnino
3487 3621 3682 3690 (nimii.
3719 3629 3799 3678 xu.

2277 3705 2370 3772 2|,
2398 3707 2539 3781 22),
2571 3725 2728 3780 quam
2757 3710 2879 3765 facit
2915 3710 3054 3780 quod
3097 3711 3302 3766 dictum
3336 3722 3439 3767 cst.
3481 3713 3647 3780 Quare
3670 3715 3796 3762 autem

2279 3803 2444 3856 tristis
2467 3805 2705 3869 recessit,
2730 3805 2828 3858 nisi
2855 3805 2974 3872 quia
3003 3805 3140 3858 liber
3166 3806 3252 3860 illc
3280 3806 3456 3862 dulcis
3478 3814 3558 3860 est
3583 3806 3629 3856 iu
3659 3809 3800 3853 orent

2279 3895 2332 3950 in
2356 3908 2536 3950 ventre
2559 3897 2808 3950 amaros?
2831 3898 3024 3951 Dedisti
3051 3899 3232 3953 nescio
3252 3898 3383 3968 quid
3412 3897 3524 3952 auri
3545 3905 3593 3949 et
3613 3889 3795 3962 argi-nti;

2277 4004 2493 4046 Ventum
2520 4001 2600 4045 est
2625 3992 2688 4044 ad
2721 3992 2859 4044 hunc
2886 3991 3163 4045 articulum
3185 4033 3200 4058 ,
3233 4004 3288 4047 ut
3321 3994 3423 4047 nisi
3452 3990 3660 4061 perdas.
3699 3986 3796 4038 ΐυτῐξ

2277 4084 2490 4154 aliquod
2523 4095 2793 4154 peccatum
2823 4087 3123 4140 Committas
3145 4127 3159 4150 ,
3193 4087 3445 4154 iujttriam
3475 4089 3603 4138 torte
3640 4080 3796 4145 inger-15

2281 4174 2532 4230 Ecelcsim
2550 4217 2564 4240 ,
2595 4175 2965 4245 blasphemare
2986 4176 3196 4246 erigaris
3221 4194 3234 4229 :
3265 4177 3446 4246 posito
3474 4175 3637 4242 itaque
3662 4169 3704 4221 in
3728 4179 3795 4215 an-

2277 4269 2486 4339 gustiis,
2511 4278 2598 4321 aut
2624 4267 2819 4321 damno
2851 4269 3109 4338 pecuuim,
3139 4278 3230 4324 aut
3259 4270 3457 4324 damno
3474 4266 3685 4337 justitim,
3704 4255 3796 4310 dici-

2278 4369 2364 4415 tur
2395 4361 2507 4425 tibi,
2532 4360 2699 4415 Perdc
2727 4362 2900 4430 potius
2928 4366 3226 4429 pecuniam,
3255 4379 3321 4417 ne
3348 4361 3535 4432 perdas
3550 4352 3786 4427 justitiam:

2280 4462 2334 4507 tu
2360 4463 2532 4507 autem
2567 4454 2650 4507 cui
2683 4468 2785 4508 non
2817 4454 2986 4510 dulcis
3013 4465 3093 4510 cst
3121 4457 3172 4508 in
3200 4471 3294 4510 ore
3322 4454 3538 4523 iustitia.
3561 4447 3644 4504 scd
3666 4443 3792 4497 adhuc

2280 4545 2334 4599 iu
2363 4545 2465 4597 illis
2492 4545 2746 4599 membris
2776 4547 3013 4600 intirums
3034 4562 3113 4613 es,
3139 4547 3326 4614 quales
3353 4548 3405 4601 in
3429 4536 3788 4601 \‘cutrcdt‘i’u‘n'

2282 4637 2538 4700 Ecclesia,
2559 4637 2902 4692 contristatos
2920 4639 3070 4708 eligis
3091 4639 3376 4709 aliquando
3394 4636 3626 4690 amittch
3643 4613 3788 4690 aliquid
3903 4637 3911 4766 Ι

2282 4729 2348 4766 An
2377 4730 2568 4766 inutilia
2622 4747 2776 4766 ηησιηι
2809 4732 2889 4766 νιιΙ
2918 4745 3187 4766 nummum
3213 4731 3236 4762 I
3258 4732 3326 4766 ,ιη
3355 4727 3597 4766 nni-unius
3627 4728 3670 4766 nl
3701 4725 3786 4766 ncr-

2280 4729 2348 4783 de
2370 4730 2590 4798 justitia,
2622 4747 2777 4800 quam
2809 4732 2889 4784 vel
2918 4745 3188 4785 munumm
3213 4731 3326 4786 ‘dc
3355 4727 3598 4801 pecunia;
3627 4728 3671 4774 et
3701 4725 3786 4784 ροτ-

2281 4823 2416 4877 cutis
2449 4831 2499 4878 te
2525 4823 2721 4876 damno
2743 4824 3003 4895 graviore,
3039 4823 3266 4893 impletis
3293 4822 3566 4879 saccelltun
3587 4822 3731 4868 tuum.
3750 4807 3787 4855 οι

2281 4913 2590 4969 exinnniens
2620 4929 2711 4968 cor
2740 4925 2907 4968 ιιιιιιιι.
2944 4914 3206 4970 For-cissis
3236 4931 3363 4987 ergo
3391 4915 3454 4969 dc
3487 4910 3582 4966 illis
3607 4896 3779 4960 dixerit,

2281 5005 2443 5062 Ila’sit
2465 5007 2514 5060 in
2541 5015 2673 5060 terra
2699 5017 2866 5063 venter
2889 5018 3077 5063 uoster.

3106 5098 3321 5155 Domine
3340 5143 3354 5165 ,
3397 5097 3576 5168 adiuva
3607 5100 3703 5142 nos.
3731 5074 3777 5132 ει

2275 5204 2434 5251 vere,
2466 5190 2725 5245 carissimi
2747 5233 2761 5255 ,
2789 5192 3087 5246 exsurrexit
3117 5202 3167 5245 ct
3199 5191 3418 5260 adﬂuit.
3459 5187 3670 5250 Namque
3693 5180 3778 5226 cum

2279 5290 2609 5350 exsurgeret,
2643 5281 2692 5334 id
2725 5292 2828 5348 cst,
2856 5297 2975 5338 cum
3008 5294 3330 5352 resurgeret,
3354 5293 3406 5339 et
3432 5274 3650 5351 gentibus
3670 5266 3780 5354 iuno:

2279 5380 2508 5426 tcsceret
2529 5416 2542 5435 ,
2571 5373 2904 5427 cessantibus
2949 5376 3405 5442 persccutionibus
3427 5411 3442 5437 ,
3469 5369 3612 5422 etiam
3641 5356 3696 5411 illi
3717 5361 3778 5418 qui

2279 5463 2544 5518 haeserant
2566 5464 2615 5518 iu
2647 5474 2808 5529 terra,
2839 5465 2976 5519 eruti
3004 5478 3127 5519 sunt
3148 5465 3216 5522 dc
3241 5478 3397 5529 terra,
3420 5471 3468 5516 et
3489 5461 3676 5529 agcttlt's
3700 5451 3777 5511 ιω

2277 5556 2576 5622 uitentiam,
2600 5557 2788 5612 redditi
2812 5566 2936 5611 sunt
2962 5559 3168 5626 corpori
3193 5559 3401 5619 Christi,
3428 5543 3645 5624 quamvis
3665 5532 3774 5626 illi"

2280 5649 2386 5710 mi,
2415 5648 2654 5717 quamvis
2685 5646 3018 5717 imperfecti,
3052 5657 3108 5702 ut
3135 5651 3484 5720 compi'rrctur
3510 5642 3554 5695 in
3581 5635 3666 5694 eis.
3697 5620 3765 5675 1’”

2341 5765 2356 5797 ι
2391 5764 2464 5813 sic
2487 5771 2591 5828 Mss.
2618 5770 2671 5814 Αῑ
2693 5761 2803 5814 ΕΜ.
2829 5763 2908 5814 hic
2925 5773 2977 5818 ct
2997 5766 3215 5828 proximo
3245 5764 3366 5828 loco,
3387 5773 3486 5828 pro.
3513 5735 3773 5816 Μυκηνίδ’

2277 5826 2412 5882 bent,
2436 5824 2693 5887 accipiunt.

2341 5889 2360 5918 ν
2396 5885 2578 5950 Aliquot
2603 5895 2724 5946 uss,
2746 5885 3009 5941 minimum.

3877 2641 3912 3394 ι
