3960 6434
223 365 323 433 493
1315 377 1715 445 ENARBA'I‘IO
1748 379 1819 444 IN
1846 383 2178 453 I’SALMUM
2211 392 2396 456 XLIV.

229 490 494 560 perfectum
537 504 702 549 meum
745 488 977 557 viderunt
1015 491 1155 553 oeuli
1200 494 1306 562 tui,
1350 505 1398 550 et
1437 498 1491 551 in
1537 497 1668 556 libro
1713 509 1802 555 tuo

228 600 385 641 autne;
428 583 710 647 scribentur
749 582 923 657 (Psal.
946 601 1179 645 cxxxvut
1201 629 1216 651 ,
1242 588 1353 659 i6).
1389 587 1656 660 Exsurge,
1691 590 1802 651 Do-

228 693 347 732 mine
362 717 376 740 ,
405 676 595 748 δίσκος
621 694 714 735 nos
740 694 762 732 .'
786 687 834 735 et
858 679 1046 735 redime
1067 695 1160 741 nos
1184 690 1393 753 propter
1419 697 1600 739 nomen
1621 694 1763 739 tuum
1782 699 1805 739 .°

228 777 317 829 hoc
342 782 453 835 est.
483 775 677 843 gratis;
724 784 943 846 propter
973 790 1169 831 nomen
1202 784 1389 844 tuum,
1422 792 1532 833 non
1582 788 1800 848 propter

1917 502 2032 577 20).
2062 507 2129 565 Et
2151 512 2274 582 quia
2306 514 2567 575 Dominus
2594 520 2911 585 invitaverat
2936 544 3038 588 nos
3060 534 3127 591 ad
3151 535 3503 608 imitationem

1912 610 2199 707 puerorum
2218 645 2233 669 ,
2266 609 2479 676 quando
2505 622 2631 668 ante
2661 630 2720 671 se
2750 623 3026 687 parvulum
3060 629 3268 695 posuit,
3297 643 3355 693 et
3380 635 3498 707 ait,

1911 687 2032 793 illisi
2057 694 2169 762 quis
2193 698 2347 767 fuerit
2370 710 2428 755 ut
2454 719 2580 773 pater
2598 706 2711 774 iste,
2730 724 2831 767 non
2852 687 3137 775 intrabit't'n
3166 687 3376 793 regnant
3396 687 3501 785 eos:

1907 778 2071 839 lorum
2100 784 2313 881 Matth.
2337 807 2468 851 xvut
2484 835 2499 859 ,
2521 794 2585 861 2,
2608 797 2700 869 5);
2733 801 2802 856 ibi
2822 819 3034 877 quoque
3059 810 3099 864 Α
3110 778 3493 881 ωςῶιέιζὲξιῆ-

232 866 457 927 ιιι-τίιιιιιι
480 881 695 932 meum;
725 866 849 937 qttia
878 876 933 923 tu
961 867 1209 939 dignatus
1230 884 1290 929 es
1315 868 1514 936 facere,
1538 885 1644 926 non
1670 872 1796 941 quia

227 975 313 1035 egw
338 958 525 1029 dignus
548 976 669 1017 sum
695 960 779 1015 cui
811 959 995 1018 tacitis.
1020 960 1156 1019 Nam
1190 971 1253 1021 et
1294 961 1397 1020 hoc
1436 965 1611 1034 ipsum
1651 964 1794 1033 quod

227 1069 316 1104 ιιιιιι
355 1065 530 1104 stnnus
559 1050 709 1105 obliti
749 1060 835 1115 te,
864 1062 919 1108 ct
963 1070 1067 1108 non
1109 1059 1334 1113 recessit
1372 1067 1519 1115 retro
1561 1071 1657 1113 cor
1692 1072 1793 1135 tto-

220 1156 397 1209 strttttt,
417 1144 553 1215 quod
577 1159 683 1205 tton
706 1145 1059 1214 expendimus
1078 1163 1267 1204 manus
1296 1159 1506 1211 nostras
1527 1148 1597 1205 ad
1620 1150 1785 1206 Deum

219 1237 432 1301 alienum
453 1279 469 1301 .
500 1237 603 1295 nisi
632 1249 684 1294 te
706 1237 1023 1308 adiuvante,
1063 1239 1203 1298 unde
1232 1241 1549 1310 possemus?
1592 1242 1694 1299 nisi
1738 1253 1790 1299 te

219 1330 353 1391 intus
375 1330 673 1400 alloqttente
698 1341 754 1387 ct
777 1330 1121 1398 exhortante,
1142 1348 1250 1390 non
1277 1334 1294 1368 ³
1315 1334 1623 1401 deserendo.
1648 1336 1789 1392 unde

221 1423 538 1485 toleremus?
570 1423 711 1495 Ergo
753 1425 865 1481 sive
909 1427 1169 1495 patientes
1214 1427 1267 1483 in
1315 1428 1783 1495 tribulationibus,

215 1519 318 1575 sive
339 1517 623 1588 gaudentes
653 1520 706 1575 in
741 1520 1185 1591 prosperitatibus
1205 1562 1220 1587 ,
1252 1521 1455 1577 redime
1495 1537 1632 1586 nos;
1676 1537 1780 1577 non

216 1620 415 1683 propter
438 1610 684 1669 meritum
711 1621 976 1677 nostrum,
1011 1612 1105 1669 sed
1136 1623 1358 1684 propter
1382 1629 1582 1670 nomen
1607 1624 1779 1668 tuum.

583 1871 666 1936 IN
712 1871 1095 1945 PSALMUM
1136 1872 1341 1945 XLIV
1370 1876 1392 1919 '-
1487 1911 1490 1914 ~

768 1993 1188 2052 ΕΝᾹΒΙὶΑΤΙΟ.

834 2121 1007 2164 sentio
1037 2105 1134 2183 (a).

271 2220 322 2278 i.
370 2219 517 2298 [vers.
565 2219 639 2296 1.]
680 2220 834 2278 llune
861 2222 1127 2294 psalmum
1160 2222 1297 2279 sicut
1334 2220 1608 2278 vobiscum
1648 2238 1770 2278 cttm

205 2315 536 2371 exsultatione
555 2315 908 2381 cautaviutus,
928 2315 995 2369 ita
1026 2314 1303 2370 uobiscum
1326 2331 1446 2370 cum
1473 2317 1770 2373 attentione

202 2405 532 2463 considerctis
573 2416 715 2477 peto.
757 2405 1015 2461 Cantator
1038 2405 1178 2461 enim
1208 2406 1274 2461 de
1300 2407 1500 2462 sanctis
1532 2407 1766 2479 nuptiis,

201 2494 264 2553 de
289 2512 477 2569 sponso
501 2506 555 2552 et
582 2512 801 2570 sponsa,
831 2496 897 2550 dc
927 2513 1051 2568 rege
1075 2506 1130 2552 et
1149 2494 1313 2568 'plebe
1334 2539 1347 2561 .
1377 2496 1445 2554 de
1487 2498 1765 2558 Salvatore

199 2599 249 2645 et
285 2589 350 2646 de
387 2590 467 2644 his
502 2590 590 2660 qui
617 2574 876 2644 Osalvantli
907 2599 1051 2644 sunt.
1084 2589 1184 2658 Qui
1216 2607 1334 2647 cunt
1362 2602 1512 2648 veste
1546 2595 1765 2664 uttptiali

198 2685 328 2741 venit
352 2683 414 2739 ad
444 2683 673 2754 nuptias.
702 2682 927 2756 gloriam
955 2699 1202 2753 qtta‘rcns
1227 2685 1432 2753 sponsi,
1459 2702 1561 2740 non
1588 2701 1761 2753 suam,

195 2793 291 2835 non
318 2777 483 2834 solum
522 2775 751 2835 libenter
775 2775 923 2829 audit
943 2818 959 2842 ,
989 2776 1127 2844 quod
1169 2777 1307 2833 solet
1331 2792 1452 2831 esse
1477 2777 1636 2833 etiam
1668 2778 1763 2832 ho-

189 2873 378 2927 minum
417 2868 722 2941 spectacula
765 2867 1154 2938 quatrentitnn,
1184 2884 1288 2922 non
1335 2867 1467 2924 facta
1498 2870 1763 2927 exhiben-

192 2967 340 3037 titun;
371 2965 463 3024 sed
494 2964 908 3023 ctiam'mandat
934 2963 1079 3019 cordi
1101 3006 1116 3031 ,
1148 2963 1288 3034 quod
1337 2981 1442 3019 non
1470 2965 1541 3019 ibi
1574 2974 1759 3032 vaect,

185 3060 271 3116 sed
297 3059 578 3135 germinet,
611 3066 873 3128 erumpat,
907 3067 1134 3123 crescat,
1166 3059 1488 3127 perﬁciatur,
1518 3073 1763 3114 assuma-

185 3161 281 3207 tttr.
328 3150 548 3223 Oportet
572 3150 716 3207 enim
746 3163 845 3204 nos
871 3162 1023 3214 esse,
1068 3148 1263 3221 quibus
1288 3146 1309 3180 ³
1344 3150 1444 3204 hoc
1490 3161 1756 3218 cantetur,

187 3242 313 3301 filios
339 3240 512 3310 Core,
543 3242 684 3316 quod
729 3240 893 3297 habet
943 3239 1126 3296 titulus
1167 3239 1385 3297 Psalnti.
1416 3240 1581 3298 Erant
1612 3245 1754 3299 enim

186 3335 264 3407 isti
295 3337 502 3408 quidam
533 3335 817 3393 homines:
854 3344 1220 3389 verumtamen
1263 3335 1438 3389 omnis
1480 3336 1756 3406 inscriptio

186 3424 486 3487 Litterarum
515 3428 814 3483 divinarum
857 3425 1056 3498 aliquid
1100 3427 1271 3482 innuit
1312 3427 1751 3500 intelligi-utilius,

189 3530 236 3576 et
259 3537 354 3576 non
384 3529 589 3577 tantum
621 3519 915 3574 auditorem
937 3558 953 3585 ,
986 3534 1170 3573 verum
1218 3519 1376 3574 etiam
1420 3521 1751 3592 cognitorem

189 3609 456 3668 desiderat.
503 3610 896 3683 lnterrogatnus
937 3608 1081 3665 enim
1127 3609 1233 3664 vim
1280 3610 1513 3667 hchraici
1563 3613 1749 3680 verbi,

189 3703 297 3774 quid
335 3706 403 3759 sit
440 3703 614 3760 Core:
648 3712 724 3768 et,
753 3705 893 3758 sicut
938 3717 999 3757 se
1043 3700 1513 3772 interpretationes
1555 3703 1752 3762 habent

189 3798 400 3853 antatium
425 3797 708 3859 verborum
737 3796 789 3852 in
816 3793 1089 3866 Scriptura
1118 3795 1435 3866 positorum,
1470 3801 1746 3854 renuntia-

186 3896 262 3945 .ltzr
285 3889 426 3944 nobis
446 3931 461 3956 ,
495 3889 630 3943 filios
669 3886 807 3944 Core
847 3886 1190 3957 interpretari
1226 3887 1366 3943 lilios
1388 3887 1563 3943 Calvi.
1594 3890 1747 3960 Quod

186 3992 357 4034 nomen
386 3996 489 4035 non
521 3978 585 4033 ad
629 3979 929 4034 irrisinuetu
962 3977 1274 4048 accipiatis,
1306 3995 1372 4034 ne
1409 3980 1747 4039 inveniamur

187 4067 231 4127 in
258 4086 407 4131 sensu
438 4072 662 4144 puerili,
690 4071 873 4140 quales
901 4087 1096 4142 pueros
1131 4071 1357 4144 legimus
1387 4073 1437 4128 in
1472 4075 1607 4131 libro
1639 4076 1744 4133 Rc-

184 4174 405 4234 guorutn,
434 4164 748 4219 insultantes
777 4161 971 4218 Elismo
998 4173 1184 4219 sancto
1212 4165 1517 4237 prepbetat.
1547 4176 1602 4224 et
1630 4170 1743 4225 ela-

187 4268 370 4312 tuantt-s
411 4265 525 4326 post
573 4257 744 4328 ipsum
788 4273 802 4310 :
845 4254 1072 4310 Asceude
1117 4257 1289 4322 calve,
1328 4260 1543 4316 asreutle
1583 4262 1739 4318 calve.

184 4345 321 4405 Tales
345 4351 481 4405 cuitu
516 4364 710 4417 pueros
738 4349 898 4404 stulte
925 4351 1190 4419 garrulus,
1224 4362 1278 4405 et
1306 4352 1357 4406 in
1385 4368 1536 4410 suam
1562 4359 1744 4429 perui-

184 4441 297 4496 riem
323 4443 720 4506 maledicentes,
748 4452 1010 4497 exeuntes
1034 4443 1104 4499 de
1133 4445 1264 4499 silva
1294 4444 1478 4503 thIia:
1503 4454 1743 4509 comede-

184 4548 282 4587 t'uul
309 4534 395 4605 (l\’
430 4534 554 4607 Reg.
586 4551 641 4601 tt,
666 4533 757 4599 25,
786 4535 902 4605 23).
935 4534 1045 4591 lloc
1071 4536 1324 4607 scriptum
1350 4549 1453 4603 est,
1476 4549 1530 4597 et
1552 4544 1638 4599 ubi
1673 4547 1744 4605 sit

182 4627 407 4695 scriptum
434 4626 969 4682 etuutuetnoraviuius
997 4645 1010 4681 :
1041 4628 1127 4696 qtti
1170 4630 1557 4700 meminerunt,
1586 4652 1741 4694 reco-

185 4730 441 4781 eumcaut;
475 4720 561 4788 qui
592 4736 696 4774 tttut
734 4718 1093 4774 meminerunt
1115 4761 1130 4783 ν
1160 4719 1369 4791 legant:
1401 4725 1489 4794 qtti
1518 4743 1623 4783 non
1658 4730 1736 4787 le-

182 4824 382 4880 getunt,
409 4812 647 4869 credant.
681 4811 833 4879 Quod
865 4825 994 4883 ergo
1021 4810 1150 4864 illttd
1185 4811 1379 4868 factum
1410 4817 1653 4890 liguravit
1684 4823 1735 4878 in

184 4904 387 4961 futurum
414 4949 427 4969 .
476 4923 581 4962 non
630 4921 725 4961 nos
768 4905 929 4961 debet
974 4906 1398 4975 apprehendere.
1442 4912 1736 4985 Signiﬁcati

181 5008 284 5052 sunt
321 4999 457 5057 enim
503 5000 554 5056 in
603 4998 708 5055 illis
754 4998 934 5067 tueris
976 4998 1120 5055 stulti
1170 4997 1447 5079 homines,
1479 5003 1736 5067 habentes

183 5091 463 5160 ignorantia:
489 5106 707 5147 sensum
729 5107 744 5156 ;
769 5090 954 5163 quales
980 5106 1078 5145 nes
1101 5107 1204 5146 non
1228 5093 1342 5149 vult
1365 5109 1483 5153 esse
1509 5099 1736 5168 Aposto-

183 5180 266 5251 ius,
294 5188 371 5251 ubi
400 5186 528 5243 dicit
552 5204 564 5241 :
601 5182 776 5240 Nolite
801 5186 946 5257 pueri
973 5203 1079 5242 esse
1104 5188 1348 5245 utentibus
1378 5189 1431 5261 (Ι
1461 5190 1579 5251 Cur.
1613 5211 1720 5262 nv,

231 5342 242 5374 ¹
273 5343 339 5394 sic
359 5351 464 5393 Mss.
492 5340 700 5393 Αι-ινλιιι..
726 5348 847 5392 Nam
867 5340 1132 5400 deserente,
1156 5340 1286 5393 unde
1304 5342 1568 5397 ualeremus
1585 5345 1612 5398 .’

228 5405 245 5437 ³
273 5411 315 5455 lu
336 5410 472 5461 (ierit.
490 5412 571 5459 aut.
590 5411 643 5455 et
659 5406 706 5455 in
721 5405 1052 5469 vetustissimo
1067 5404 1189 5455 libro
1208 5408 1387 5469 tteutlg.
1409 5408 1597 5460 titulum
1608 5412 1736 5467 hunc

192 5470 285 5537 gerit
301 5468 639 5537 t’saltuttsiste:
672 5463 838 5537 Incipit
865 5465 1068 5537 dorsal.
1094 5474 1253 5537 ,ςιιῶ
1307 5463 1511 5537 νήοῃτιδ
1533 5463 1735 5537 septeni;

192 5482 285 5518 'ct'tt
301 5482 505 5519 rsauuus
519 5482 639 5519 tste:
672 5482 838 5531 tuetptt
865 5482 924 5516 ae
946 5482 1068 5518 t'sat.
1094 5482 1253 5525 sur,
1307 5482 1344 5514 ν
1363 5483 1511 5521 nouus
1533 5484 1735 5537 seplem-

180 5482 272 5586 ini".
295 5543 397 5595 qua
414 5537 462 5579 ta
485 5527 627 5591 ferio,
643 5541 798 5595 sermo
821 5526 1006 5577 hatitus
1017 5526 1068 5577 iu
1093 5526 1290 5579 bttsilicu
1310 5532 1554 5584 Restituto.
1579 5543 1623 5584 Ι.ι
1651 5539 1735 5587 hu-

170 5598 236 5657 jus
262 5591 877 5658 twlimseeeetarioaeta
903 5598 1229 5658 tumultuatur
1259 5595 1476 5658 (setting.
1514 5601 1733 5657 qua‘daut

171 5650 361 5711 concilia,
386 5655 512 5703 inter
534 5650 625 5701 alia
648 5654 864 5715 tatrthug.
906 5650 1143 5715 generale
1177 5667 1257 5704 aa.
1284 5654 1395 5714 «illi,
1428 5650 1513 5708 die
1534 5650 1614 5710 ’13
1650 5678 1732 5714 se-

171 5722 326 5767 tta-sub.
346 5714 660 5786 celebratum.
822 5714 837 5715 ί
912 5714 919 5715 “
963 5782 1017 5786 __
1116 5776 1126 5786 η

222 5782 239 5814 ι
272 5778 536 5848 3233.151136.
563 5784 615 5826 et
640 5785 789 5842 tteg.:
827 5782 1017 5841 Oportet
1047 5778 1175 5829 enim
1196 5792 1329 5833 nosse
1364 5795 1396 5831 α
1438 5782 1606 5848 quibus
1643 5786 1733 5839 hoc

152 5849 365 5904 «suum
518 5847 656 5890 (ore.

216 5897 283 5970 (tt)
302 5897 592 5968 Ad'plebem
607 5899 1056 5965 Cartltaginensem.

1907 880 2012 938 tus,
2035 877 2127 933 tibi
2156 892 2426 940 revocata
2457 895 2638 945 mente
2660 894 2869 960 puerili,
2895 910 3050 959 vocat
3074 877 3259 961 rursus
3282 909 3351 965 ad
3374 912 3493 970 imi-

1904 969 2158 1070 tationem
2186 975 2445 1041 puerilem
2492 996 2508 1036 :
2554 979 2762 1049 Nolite,
2798 986 2994 1061 inquit,
3017 997 3162 1064 pueri
3191 1000 3318 1070 elici
3344 969 3491 1061 men-

1901 1056 2053 1124 tibus,
2078 1063 2168 1117 sed
2207 1066 2402 1122 malitia
2443 1074 2647 1141 parvuli
2684 1088 2841 1134 estote
2856 1056 2884 1145 ,v
2901 1092 2955 1137 ιιι
2982 1056 3243 1145 utentibus.
3277 1096 3490 1166 perfecti

1896 1152 2006 1207 ita.
2034 1153 2086 1257 (ι
2113 1155 2231 1257 car.
2257 1174 2367 1227 ειν,
2394 1161 2513 1257 se).
2550 1165 2720 1235 Quem
2746 1170 2977 1230 delectat
3005 1177 3201 1236 imitari
3234 1152 3482 1257 puerum,

1895 1259 2004 1300 non
2042 1246 2275 1305 delectet
2318 1253 2584 1324 imperitia
2607 1297 2622 1322 ,
2666 1261 2761 1315 sed
2795 1262 3120 1323 innocentia.
3154 1246 3246 1326 llli-
3263 1290 3390 1330 vero
3416 1246 3487 1334 es

1896 1335 2158 1405 imperitia
2189 1342 2519 1402 insulubant
2542 1360 2732 1406 sancto
2766 1354 2858 1409 Dei
2884 1357 3069 1423 calvo,
3092 1371 3149 1419 et
3173 1364 3487 1426 clamabant

1892 1439 2016 1497 post
2039 1444 2161 1485 eum
2188 1451 2200 1485 :
2225 1431 2407 1501 Calve,
2430 1438 2590 1495 calve.
2638 1442 2856 1501 Factum
2880 1459 3044 1506 estut
3074 1467 3105 1507 a
3134 1454 3320 1513 bestiis
3344 1475 3482 1517 con-

1890 1531 2233 1578 sumerentur
2256 1542 2271 1578 2
2294 1535 2349 1582 ct
2369 1528 2732 1598 llgtnaverunt
2751 1535 2994 1596 homines
3013 1541 3066 1597 in
3088 1544 3275 1601 eadem
3299 1532 3482 1609 mente

1887 1614 2080 1683 puerili
2120 1618 2283 1674 stulte
2324 1621 2617 1680 irridentes
2659 1629 2942 1698 quemdam
2984 1634 3228 1704 calvum;
3260 1641 3384 1710 quia
3423 1641 3481 1698 in

1892 1708 2152 1765 Calvarim
2184 1713 2302 1768 loco
2328 1717 2616 1773 crucitixus
2639 1730 2744 1777 est.
2773 1722 3010 1781 Possessi
3036 1739 3161 1784 sunt
3184 1708 3313 1802 ergo
3345 1735 3479 1794 tales

1884 1799 2032 1856 velut
2050 1818 2079 1856 a
2102 1802 2305 1872 bestiis,
2332 1805 2436 1863 hoc
2464 1819 2547 1865 est
2574 1825 2606 1866 tt
2634 1811 2989 1885 drcmouibus,
3013 1833 3043 1873 ιι
3063 1799 3280 1879 diabolo
3298 1833 3354 1880 et
3372 1839 3478 1882 an-

1882 1895 2020 1965 gelis
2059 1894 2212 1966 ejus,
2241 1899 2333 1969 qui
2381 1912 2638 1971 operatur
2683 1906 2735 1961 in
2781 1907 2907 1963 tiliis
2948 1909 3282 1969 difﬁdentiae.
3314 1916 3476 1976 Tales

1881 1988 2032 2057 pueri
2063 2000 2216 2045 erant
2238 2032 2253 2057 ,
2284 1993 2373 2063 qui
2402 2004 2525 2050 ante
2550 2006 2819 2055 sacratum
2852 2001 3051 2073 lignum
3081 2014 3289 2064 stantes
3312 2019 3475 2080 caput

1877 2077 2168 2151 agitabant,
2198 2093 2250 2138 ct
2278 2084 2532 2142 dicebant
2557 2107 2572 2145 :
2601 2089 2663 2146 Si
2684 2091 2826 2160 [ilius
2860 2093 2954 2150 Dei
2977 2108 3073 2166 est,
3105 2077 3394 2159 descendat
3407 2105 3476 2163 de

1876 2184 2026 2225 cruce
2048 2171 2262 2246 (Matth.
2291 2190 2448 2232 xxvu
2468 2219 2483 2244 ,
2514 2179 2615 2249 33,
2642 2181 2746 2250 39,
2776 2184 2891 2256 40).
2928 2186 3097 2257 llujus
3125 2204 3224 2248 nos
3253 2192 3343 2248 lilii
3373 2207 3470 2251 su-

1877 2283 2018 2336 mus,
2045 2271 2167 2341 quia
2198 2273 2291 2329 lilii
2333 2275 2516 2345 sponsi
2560 2291 2788 2338 sumus:
2813 2289 2867 2337 et
2895 2283 3358 2359 nobisinseriptus
3380 2300 3471 2350 est

1873 2360 2112 2431 psalmus
2140 2361 2258 2429 iste,
2281 2366 2435 2433 cujus
2464 2367 2650 2424 titulos
2672 2369 2888 2440 dicitur,
2913 2370 3068 2431 Filii:
3092 2374 3240 2444 Core,
3271 2397 3364 2451 pro
3387 2382 3469 2439 his

1874 2468 1989 2525 qua
2017 2454 2033 2487 ι
2062 2457 2524 2525 committebantur.

1944 2549 2000 2605 2.
2031 2548 2166 2619 Quid
2195 2568 2296 2621 ego
2322 2568 2587 2624 exponam
2613 2555 2740 2627 quid
2770 2559 2859 2624 sit,
2882 2575 2977 2631 pro
2998 2561 3078 2617 his
3102 2579 3215 2635 qua
3236 2581 3467 2624 commu-

1872 2640 2150 2696 tabuutur?
2177 2641 2315 2710 Quid
2344 2659 2443 2714 ego
2463 2644 2675 2700 dicant?
2700 2647 2812 2705 ΙΙοε
2837 2653 3012 2707 omnis
3043 2666 3274 2713 mutatus
3301 2675 3466 2731 agno-

1869 2732 1990 2786 scit.
2021 2731 2121 2799 Qui
2152 2734 2300 2788 audit
2328 2734 2465 2801 hanc,
2501 2735 2606 2790 Pro
2636 2737 2715 2792 his
2741 2755 2858 2810 qua:
2882 2746 3343 2816 committebantur,
3377 2750 3462 2807 vi-

1868 2820 1991 2877 deat
2019 2822 2146 2892 quid
2175 2834 2324 2887 erat,
2353 2834 2409 2880 et
2452 2827 2581 2896 quid
2628 2843 2769 2885 nunc
2814 2832 2906 2886 sit.
2950 2833 3014 2889 Et
3066 2836 3239 2905 primo
3279 2839 3460 2909 ipsum

1867 2915 2123 2970 mundum
2142 2916 2311 2973 videat
2329 2928 2712 2975 cotnntulatttm
2732 2939 2745 2985 ;
2767 2937 2939 2994 nuper
2954 2926 3264 2985 adorantem
3287 2932 3453 3005 idola,

1866 3005 2029 3059 modo
2071 3007 2385 3063 adorantem
2430 3010 2632 3074 Deum;
2676 3028 2846 3083 nuper
2877 3018 3207 3077 servieittem
3238 3023 3304 3078 iis
3331 3040 3455 3096 qua:

1862 3095 1989 3153 fecit
2010 3140 2026 3163 ,
2059 3099 2220 3153 tundo
2250 3100 2298 3155 ci
2325 3115 2357 3155 a
2381 3116 2489 3172 quo
2510 3101 2686 3160 factus
2712 3115 2816 3161 est.
2854 3105 2958 3163 Pro
2989 3109 3068 3165 his
3091 3127 3207 3184 qua!
3229 3095 3459 3173 continu-

1864 3189 2125 3254 tabnntnr,
2151 3190 2327 3246 videte
2350 3193 2564 3261 quando
2587 3194 2787 3250 dictum
2814 3198 2903 3252 sit.
2926 3200 3085 3255 Modo
3109 3202 3218 3273 jam
3246 3208 3449 3265 residui

1860 3277 2057 3351 Pngaui
2087 3290 2290 3337 mutata
2317 3294 2679 3353 expavescunt
2705 3305 2717 3341 :
2742 3296 2797 3342 et
2843 3291 2934 3360 qui
2985 3293 3175 3349 nolunt
3217 3301 3452 3368 mutari,

1858 3373 2045 3429 vident
2074 3374 2295 3429 refertas
2321 3378 2579 3433 ecclesias
2600 3419 2616 3447 ,
2651 3382 2845 3452 templa
2885 3382 3131 3451 deserta;
3165 3389 3264 3446 hac
3302 3393 3454 3451 cele-

1858 3464 2137 3531 britatem.
2169 3467 2241 3523 ibi
2286 3469 2651 3527 Solitudinem.
2698 3473 2959 3531 Mirantur
2998 3490 3199 3536 mutata
3227 3523 3241 3547 ,
3274 3484 3454 3556 legant

1858 3559 2110 3630 praedicta
2139 3579 2153 3615 :
2179 3577 2364 3617 aurem
2398 3565 2814 3622 accommodent
2845 3572 3159 3638 protttissori
3184 3616 3197 3637 ,
3230 3579 3453 3636 credant

1855 3650 2164 3708 cshihitori.
2209 3654 2315 3711 Sed
2346 3667 2399 3712 ct
2429 3660 2794 3731 ututsquisque
2822 3672 3064 3721 nostrum
3087 3708 3102 3730 ,
3130 3667 3352 3737 fratres,
3376 3689 3451 3731 ex

1852 3752 2040 3800 vetere
2082 3744 2299 3802 homine
2330 3749 2380 3801 in
2410 3764 2608 3804 novum
2637 3761 2906 3813 mutatur:
2941 3771 3004 3812 es
3042 3757 3240 3815 inﬁdeli
3279 3762 3449 3819 lidolis

1854 3834 1932 3902 lit,
1964 3852 2028 3891 ex
2058 3846 2275 3906 raptore
2298 3838 2540 3910 largitor,
2571 3852 2753 3897 castus
2780 3860 2845 3900 ex
2877 3846 3145 3917 adultero,
3177 3851 3447 3912 beneﬁcus

1850 3938 1917 3980 ex
1946 3926 2210 3981 malelico.
2251 3929 2389 3999 Ergo
2415 3941 2663 3986 cantetur
2692 3934 2847 3988 nobis
2871 3978 2885 3998 ,
2917 3936 3019 3993 Pro
3052 3939 3130 3993 his
3160 3957 3276 4010 qua:
3302 3960 3444 4000 com-

1850 4017 2177 4072 mutabnutnr
2198 4034 2218 4073 :
2242 4030 2299 4075 et
2322 4021 2400 4075 sit:
2430 4022 2650 4093 incipiat
2681 4023 2913 4081 describi
2935 4068 2951 4094 ,
2988 4042 3084 4098 per
3110 4045 3268 4100 quem
3294 4048 3444 4091 com-

1848 4118 2048 4165 mutata
2078 4119 2222 4165 sunt.

1920 4203 1976 4259 5.
2002 4202 2256 4273 Sequitur
2282 4204 2425 4259 enim
2449 4221 2464 4259 :
2499 4203 2603 4260 Pro
2631 4207 2711 4262 his
2739 4224 2852 4278 quo:
2874 4216 3338 4285 commutabuntur,
3368 4222 3437 4289 fi.-

1847 4292 1930 4348 lt't's
1955 4291 2113 4356 Core,
2146 4294 2201 4348 iu
2247 4294 2589 4365 intellectum,
2616 4297 2884 4355 Canticum
2930 4321 3022 4373 pro
3066 4308 3272 4363 dilecto.
3305 4311 3440 4373 Nam

1836 4385 2072 4442 dilectus
2103 4387 2189 4442 ille
2216 4384 2363 4443 visus
2387 4399 2472 4444 est
2501 4405 2530 4443 a
2565 4396 2998 4460 persecutoribus
3024 4402 3135 4454 suis
3157 4442 3171 4467 ,
3203 4404 3298 4458 sed
3330 4421 3438 4462 non

1845 4477 1900 4533 in
1928 4477 2273 4533 iutellectmn.
2303 4477 2358 4533 Si
2382 4479 2531 4535 enim
2562 4484 2980 4553 cognovissent,
3022 4504 3295 4560 nunquam
3328 4495 3438 4551 Do-

1844 4570 2048 4626 miu'um
2075 4572 2258 4642 gloria:
2288 4571 2687 4631 crneilixisscnt
2729 4576 2785 4648 (ι
2807 4576 2926 4635 Cor.
2957 4595 3029 4647 tt,
3052 4584 3127 4654 8).
3170 4584 3248 4639 Ad
3293 4586 3440 4646 hunc

1846 4667 2175 4723 intellectum
2213 4669 2398 4723 oculos
2426 4669 2567 4727 alios
2590 4672 2864 4742 quaerebat
2891 4675 3024 4745 ipse,
3051 4691 3174 4732 cum
3195 4679 3436 4739 diceret:

1842 4758 1948 4825 Qui
1969 4775 2047 4814 me
2066 4759 2215 4826 ridet,
2238 4759 2375 4814 videt
2397 4771 2443 4815 et
2469 4759 2678 4817 Putrem
2697 4762 2876 4835 (Joau.
2900 4781 3007 4835 xlv,
3033 4768 3111 4841 9).
3128 4769 3296 4827 Sonet
3311 4790 3437 4830 eum

1837 4851 1950 4923 jam
1976 4852 2224 4908 Psalntus
2246 4869 2261 4908 :
2282 4852 2610 4924 gaudeamus
2653 4855 2707 4910 in
2750 4857 2948 4926 nuptiis
2967 4899 2983 4926 ,
3012 4869 3066 4915 et
3103 4877 3202 4919 nos
3231 4867 3437 4924 erimus

1842 4958 1963 5000 cum
1994 4944 2061 4999 iis
2087 4944 2176 5015 qui
2207 4942 2341 4999 llunt
2369 4948 2566 5011 nuptia:
2586 4947 2720 5017 'qui
2748 4947 3043 5007 invitantur
3074 4953 3143 5009 ad
3183 4958 3432 5027 nuptias;

1840 5045 1896 5094 et
1937 5036 2036 5107 ipsi
2085 5036 2290 5091 invitati
2334 5049 2532 5106 sponsa
2579 5046 2682 5093 est.
2716 5039 2928 5096 Etenim
2959 5058 3157 5114 sponsa
3185 5046 3430 5107 Ecclesia

1838 5136 1954 5192 est,
1982 5141 2211 5196 sponsus
2252 5128 2517 5182 Christus.
2549 5128 2735 5186 Solent
2779 5131 2884 5188 dici
2930 5134 2999 5191 ab
3044 5137 3381 5198 scholasticis
3410 5144 3433 5175 ⁸

1839 5220 2075 5277 eartniua
2114 5217 2358 5290 quardam
2400 5235 2597 5277 uxores
2637 5221 2955 5282 ducentibus
2980 5236 3040 5283 et
3066 5229 3389 5290 nubentibus
3413 5276 3430 5301 ,

1839 5329 1961 5384 qua:
1987 5322 2255 5366 vocantur
2281 5309 2652 5382 epithalamio;
2681 5316 2934 5389 quidquid
2966 5318 3041 5374 ibi
3068 5330 3330 5392 cantatur,
3361 5326 3431 5383 ad

1904 5479 1920 5512 ι
1958 5476 2090 5535 ωδ..
2112 5488 2203 5539 pro
2221 5474 2283 5528 iis
2310 5474 2396 5545 qui
2416 5477 2866 5545 committebantur:
2906 5488 2959 5532 et
2993 5481 3240 5545 aliquanto
3264 5486 3385 5539 intra
3412 5502 3428 5541 :

1838 5553 1925 5605 per
1949 5552 2087 5602 quem
2108 5541 2382 5605 commutati
2404 5548 2529 5589 sunt.
2557 5548 2611 5590 Al.
2634 5543 2849 5605 potiores
2873 5550 2976 5592 Ms».
3012 5541 3197 5595 habent
3220 5561 3430 5599 conmm-

1838 5599 1937 5652 tnta
1958 5599 2066 5650 sum
2084 5614 2100 5649 :
2122 5609 2190 5660 et,
2215 5614 2303 5663 pro
2325 5599 2400 5652 his
2421 5615 2530 5679 qua:
2552 5599 2980 5679 ςοηξζιιιιιςιριςηιμζ.
3008 5607 3140 5679 Apud
3154 5613 3282 5670 Lxx,
3298 5620 3429 5664 om.

1837 5678 1897 5715 ce
1914 5668 2004 5735 aut}
2027 5676 2142 5724 igne
2161 5677 2364 5735 genere
2376 5664 2474 5735 est,
2486 5665 2712 5735 openly
2732 5664 3197 5735 olloiathésaniettén.

1902 5729 1921 5758 ³
1958 5735 1968 5773 t
1992 5725 2123 5790 lin-es
2140 5731 2245 5790 Mss.
2271 5724 2623 5790 υιιιίιιιιιιιέιμιί
2637 5724 2757 5789 lium
2777 5725 2973 5790 numina.

1904 5790 1923 5819 ε
1957 5788 2087 5859 [ιιιι.2
2109 5785 2424 5859 εεὲιοιηειξιοὶξ.
2460 5795 2515 5857 at
2553 5785 2678 5859 ipss},
2709 5785 2971 5859 θεοιίςέςιίεἱδ
3000 5804 3017 5841 ;
3051 5805 3137 5859 pro
3165 5807 3262 5859 quo
3302 5797 3428 5852 forte

1837 5850 2189 5920 reponendum,
2216 5846 2500 5930 spoliandas!
2512 5860 2531 5905 ;
2922 5846 3140 5930 agam,
3302 5846 3428 5913 (3ἑᾶ

1841 5872 1910 5913 ru;
1929 5872 2189 5903 uacuum",
2216 5872 2497 5899 aemulatus"
2512 5872 2529 5905 ί
2543 5872 2689 5920 tutuo
2710 5872 2904 5903 uol-Imm
2922 5872 2952 5902 ει
2973 5872 3140 5926 scorto,
3192 5872 3286 5911 ιιοα
3302 5882 3303 5897 ι

1841 5917 1909 5963 eis
1934 5919 2010 5962 est
2031 5910 2284 5962 convivale
2306 5922 2520 5972 carmen,
2542 5919 2672 5962 inter
2693 5913 2866 5976 pocula
2886 5919 3073 5971 ooncmi
3095 5872 3303 5975 solitum.
