3960 6412
610 381 719 440 ‘95

615 497 874 551 honorem
912 499 1156 548 cantatur
1193 485 1378 558 sponsi
1419 494 1474 541 et
1514 497 1765 555 sponsae:
1791 497 1859 537 an
1891 481 2030 539 forte
2056 492 2111 537 et
2143 484 2197 536 in

615 588 816 662 nuptiis
842 585 956 641 istis
974 626 990 652 ,
1021 597 1128 655 quo
1152 579 1357 636 invitati
1408 592 1594 633 sumus
1612 618 1629 644 ,
1657 575 1924 632 thalamus
1948 590 2059 630 non
2081 573 2203 630 est?

619 681 685 738 Et
713 679 853 736 unde
872 676 1002 733 dicit
1028 675 1163 731 alius
1188 674 1467 744 psalmus:
1497 668 1563 724 In
1584 670 1691 725 sole
1710 669 1879 741 posuit
1905 666 2201 722 tabernacu-
2229 676 2241 705 ἰ

613 776 723 830 lum
749 788 897 829 suum
915 811 931 836 ,
964 778 1011 823 et
1034 769 1142 837 ipse
1172 776 1421 837 tanquam
1444 779 1660 834 sponsus
1699 761 1971 833 procedens
1993 761 2058 814 de
2083 761 2201 814 tha-

614 868 751 920 lamo
779 879 871 919 suo
897 859 1072 931 (Psal.
1096 874 1250 926 xvm,
1279 856 1377 927 6)?
1406 854 1727 926 Conjunctio
1754 853 2002 924 nuptialis
2020 893 2035 918 ,
2065 851 2202 908 Ver-

611 958 742 1013 bum
770 964 826 1011 et
850 968 976 1010 caro
1001 969 1016 1006 :
1048 950 1206 1022 hujus
1235 948 1633 1018 coniunctionis
1664 946 1951 1007 thalamus,
1983 943 2202 1015 virginis

614 1057 820 1105 uterus.
850 1044 1064 1101 Etenim
1091 1058 1220 1098 caro
1248 1042 1360 1111 ipsa
1390 1039 1563 1094 Verbo
1586 1048 1667 1093 est
1696 1036 1979 1107 conjuncta
2015 1054 2028 1089 :
2062 1034 2204 1091 unde

586 1130 587 1133 “
612 1141 778 1197 etiam
804 1137 1021 1203 dicitur,
1047 1134 1174 1189 lam
1201 1149 1302 1188 non
1325 1132 1450 1196 duo,
1476 1130 1566 1186 sed
1590 1146 1692 1184 una
1712 1145 1831 1182 caro
1862 1126 2200 1200 (Matt/usis,

614 1232 670 1299 6,
702 1238 749 1284 et
780 1227 972 1299 Ephes.
997 1241 1050 1289 v,
1074 1222 1185 1296 52).
1217 1223 1504 1291 Assumpta
1530 1229 1613 1276 est
1642 1218 1880 1274 Ecclesia
1910 1233 1976 1273 ex
2007 1231 2204 1288 genere

615 1323 886 1384 humano,
920 1325 980 1372 ut
1021 1324 1181 1385 caput
1227 1322 1370 1368 esset
1418 1310 1673 1367 Ecclesia:
1721 1309 1834 1380 ipsa
1874 1322 2000 1363 caro
2031 1305 2205 1361 Verbo

614 1412 923 1482 conjuncta.
950 1416 1006 1463 et
1031 1407 1211 1462 cretcri
1239 1404 1520 1459 credentes
1559 1400 1798 1456 membra
1842 1408 2023 1455 essent
2062 1398 2205 1453 illius

614 1503 826 1573 capitis.
876 1499 1008 1555 Nam
1037 1499 1119 1553 vis
1148 1496 1329 1552 videre
1357 1496 1478 1566 quis
1506 1494 1711 1548 venerit
1740 1492 1807 1547 ad
1839 1490 2092 1563 nuptias?
2136 1488 2206 1545 In

616 1591 868 1665 principio
912 1597 1018 1643 erat
1048 1585 1296 1651 Verbum,
1341 1593 1387 1639 et
1416 1582 1632 1638 Verbum
1674 1591 1781 1635 erat
1823 1581 1962 1651 apud
2004 1579 2199 1645 Deum,

616 1693 665 1740 st
703 1680 844 1737 Deus
887 1688 994 1734 erat
1042 1676 1260 1731 Verbum
1306 1672 1487 1745 (Joan.
1515 1690 1568 1740 ι,
1619 1674 1698 1743 1).
1729 1671 1968 1728 Gaudeat
2010 1684 2204 1741 sponsa

615 1781 796 1830 amata
842 1785 873 1825 a
921 1769 1050 1824 Deo.
1102 1766 1325 1837 Quando
1371 1767 1579 1819 amata?
1630 1764 1764 1818 Dum
1810 1762 1988 1817 adhuc
2040 1760 2202 1817 foeda.

620 1862 808 1919 Omnes
828 1862 960 1916 enim
982 1866 1334 1930 peccaverunt,
1356 1856 1432 1911 ait
1460 1854 1772 1925 Apostolus,
1802 1861 1850 1908 et
1873 1862 2018 1924 egent
2042 1852 2208 1922 gloria

616 1957 713 2012 Dei
744 1956 919 2029 (Rom.
944 1969 1035 2018 ιιι,
1062 1951 1194 2019 25).
1228 1949 1295 2004 Ει
1323 1949 1519 2004 iterum
1550 1965 1564 2002 :
1596 1947 1800 2001 Etenim
1842 1944 2073 1999 Christus
2114 1960 2207 2015 pro

616 2051 787 2122 impiis
814 2057 1046 2103 mortuus
1075 2054 1145 2101 est
1173 2042 1284 2118 (Id.
1309 2058 1362 2108 v,
1392 2040 1471 2114 6).
1504 2043 1695 2095 Amata
1724 2050 1808 2095 est
1833 2037 1992 2104 fceda,
2021 2052 2090 2093 ne
2117 2051 2206 2093 re-

616 2148 858 2200 maneret
890 2136 1052 2193 fwda.
1083 2135 1201 2191 Non
1232 2133 1376 2190 enim
1405 2145 1532 2187 vere
1562 2130 1702 2185 lteda
1732 2141 1905 2184 amata
1936 2139 2050 2195 est,
2083 2128 2207 2199 quia

616 2249 724 2289 non
758 2229 971 2287 fmditas
991 2235 1167 2283 amata
1194 2233 1277 2280 est
1301 2242 1314 2278 :
1339 2238 1461 2278 nam
1490 2222 1534 2276 si
1567 2221 1669 2276 hoc
1694 2231 1894 2275 amaret
1922 2261 1935 2284 ,
1965 2220 2066 2273 hoc
2092 2233 2208 2274 ser-

615 2333 806 2380 varet:
837 2321 1030 2377 evertit
1072 2317 1364 2374 foeditatem
1386 2356 1403 2382 ,
1433 2313 1685 2368 formavit
1732 2310 2203 2383 pulchritudinem.

616 2414 700 2471 Ad
728 2412 940 2484 qualem
967 2410 1134 2474 venit,
1161 2417 1215 2463 et
1234 2406 1445 2477 qualem
1473 2404 1630 2459 fecit?
1656 2403 1844 2458 Veniat
1865 2402 1976 2472 jam
2008 2402 2120 2473 ipse
2149 2401 2205 2457 in

614 2503 795 2560 verbis
820 2499 1179 2572 propheticis;
1199 2510 1325 2551 ecce
1348 2496 1464 2565 ipse
1485 2508 1714 2564 sponsus
1741 2493 1993 2563 procedat
2015 2492 2203 2550 nobis:

613 2609 859 2651 amemus
884 2593 1065 2658 illum;
1088 2598 1179 2645 aut
1203 2589 1248 2644 si
1277 2587 1640 2643 invenerimus
1668 2587 1719 2641 in
1747 2601 1811 2640 eo
1832 2585 2028 2654 aliquid
2055 2585 2200 2652 ﬁndi,

612 2706 724 2747 non
757 2703 1021 2745 amemus.
1049 2686 1191 2742 Ecce
1223 2684 1336 2755 ipse
1363 2683 1565 2738 invenit
1592 2681 1756 2738 multa
1784 2681 1945 2749 foeda,
1971 2692 2026 2738 et
2054 2697 2203 2737 ama-

610 2784 691 2838 vit
713 2797 813 2838 nos
838 2799 850 2834 :
881 2781 927 2837 si
956 2776 1157 2848 aliquid
1180 2776 1307 2834 findi
1339 2774 1701 2832 invenerimus
1726 2775 1778 2830 in
1807 2791 1893 2841 eo,
1924 2789 2031 2830 non
2056 2789 2203 2831 ame-

608 2892 752 2932 mus.
782 2873 916 2942 Quia
945 2881 1001 2928 et
1030 2870 1133 2926 hoc
1160 2870 1333 2940 ipsum
1358 2867 1499 2938 quod
1525 2882 1741 2924 carnem
1771 2866 1984 2921 indutus
2010 2876 2111 2931 est,
2146 2873 2203 2921 ut

609 2970 679 3026 de
705 2969 796 3025 illo
823 2968 985 3022 etiam
1017 2965 1308 3030 diceretur,
1345 2960 1575 3015 Vidimus
1600 2978 1717 3015 eum
1739 3002 1755 3027 ,
1785 2972 1830 3014 et
1862 2976 1960 3015 non
1987 2960 2201 3015 habebat

606 3061 828 3133 speciem
867 3073 1025 3128 neque
1065 3056 1298 3110 decorem
1342 3051 1495 3125 (Isai.
1519 3067 1644 3118 Llll,
1672 3052 1774 3122 2);
1803 3052 1848 3107 si
1892 3052 2200 3107 consideres

608 3148 1034 3208 misericordiam
1066 3162 1171 3217 qua
1196 3144 1369 3200 factus
1389 3153 1488 3209 est,
1522 3152 1576 3198 et
1606 3143 1676 3197 ibi
1710 3142 1933 3212 pulcher
1960 3150 2060 3197 est.
2092 3142 2200 3197 Sed

607 3244 919 3301 Judceorum
953 3255 1231 3311 personam
1262 3237 1484 3308 gerebat
1510 3236 1789 3307 prOpheta,
1814 3252 1935 3291 cum
1962 3237 2195 3292 diceret:

621 3338 850 3392 Vidimus
871 3350 984 3390 eum
1004 3375 1019 3401 ,
1047 3343 1094 3387 et
1137 3348 1236 3386 non
1278 3329 1489 3385 habebat
1514 3330 1729 3401 speciem
1761 3346 1918 3399 neque
1945 3328 2194 3384 decorem.

606 3428 821 3497 Quare?
847 3425 979 3493 Quia
993 3440 1096 3480 non
1122 3424 1174 3478 in
1189 3423 1539 3478 intellectum.
1555 3421 1972 3492 lntelligentibus
1992 3430 2193 3490 autem,

606 3530 657 3579 et
678 3519 895 3575 Verbum
916 3533 1034 3572 caro
1053 3520 1246 3587 factum
1265 3524 1339 3569 est
1359 3512 1536 3585 (Joan.
1552 3529 1589 3579 ι,
1616 3513 1725 3583 Η),
1751 3527 1939 3583 magna
1967 3513 2199 3583 pulchri-

607 3612 738 3671 tudo
765 3622 866 3668 est.
899 3610 1029 3664 Mihi
1058 3618 1226 3663 autent
1251 3606 1380 3661 absit
1407 3606 1641 3679 gloriari,
1670 3605 1805 3661 dixit
1833 3622 1969 3662 unus
1996 3607 2199 3662 amico-

606 3720 730 3762 rum
768 3703 987 3773 sponsi,
1018 3701 1114 3754 nisi
1155 3701 1211 3754 in
1249 3714 1396 3754 cruce
1420 3696 1630 3752 Domini
1657 3698 1820 3753 nostri
1853 3696 1979 3754 Jesu
2006 3698 2195 3754 Christi

606 3793 753 3869 (Gal.
780 3809 858 3860 vt,
883 3791 1005 3863 14).
1029 3791 1222 3846 Parum
1246 3798 1330 3845 est
1359 3798 1416 3843 ut
1446 3804 1551 3843 non
1585 3788 1708 3844 inde
1734 3790 2021 3845 erubescas
2039 3832 2051 3854 ,
2092 3791 2193 3847 nisi

604 3888 766 3944 etiam
808 3895 864 3941 et
905 3882 1171 3956 glorieris.
1198 3881 1375 3951 Quare
1403 3897 1530 3952 ergo
1578 3896 1684 3937 non
1732 3882 1917 3937 habuit
1956 3884 2191 3953 speciem

605 3994 779 4052 neque
820 3975 1108 4035 decorem?
1151 3974 1287 4043 Quia
1333 3974 1579 4030 Christus
1622 3975 1947 4042 cruciﬁxus,
1990 3976 2192 4035 Judwis

604 4071 819 4144 quidem
861 4068 1169 4125 scandalum
1190 4107 1206 4131 ,
1237 4065 1497 4123 Gentibus
1527 4067 1770 4121 stultitia.
1807 4067 1984 4136 Quare
2013 4080 2188 4125 autem

603 4170 661 4219 et
698 4161 752 4217 in
792 4174 950 4216 cruce
997 4157 1181 4213 habuit
1209 4156 1494 4213 decorem?
1523 4155 1657 4224 Quia
1690 4157 1834 4226 quod
1865 4159 2083 4213 stulttun
2109 4167 2192 4215 est

602 4254 723 4320 Dei,
752 4253 1044 4323 sapientius
1065 4259 1148 4306 est
1175 4265 1332 4321 quam
1366 4249 1641 4315 homines;
1672 4250 1887 4319 etquod
1918 4252 2188 4309 inﬁrmum

604 4353 690 4402 est
714 4344 829 4413 Dei,
858 4342 1048 4399 fortius
1077 4352 1162 4398 est
1186 4357 1344 4413 quam
1375 4340 1622 4395 homines
1649 4340 1702 4411 (1
1726 4339 1843 4395 Cor.
1869 4359 1885 4396 ι
1907 4385 1921 4409 ,
1952 4344 2040 4409 25,
2068 4346 2185 4416 25).

598 4436 767 4495 Nobis
791 4448 920 4507 ergo
946 4435 1057 4505 jnnt
1086 4431 1446 4496 credentibus,
1481 4429 1680 4501 ubique
1708 4446 1935 4501 Sponsus
1969 4435 2191 4505 pulcher

597 4539 864 4589 occurrat.
890 4528 1119 4585 Pulcher
1142 4528 1302 4595 Deus,
1323 4527 1554 4583 Verbum
1578 4527 1717 4597 apud
1750 4528 1913 4583 Deum
1932 4548 1945 4581 :
1967 4530 2189 4600 pulcher

599 4622 656 4678 in
687 4631 839 4677 utero
865 4619 1102 4690 virginis,
1139 4618 1228 4674 ubi
1257 4632 1360 4673 non
1388 4618 1570 4673 amisit
1589 4618 1942 4688 divinitatem,
1967 4630 2022 4677 ct
2042 4638 2186 4678 sum-
2248 4648 2251 4649 ν

599 4713 710 4786 psit
750 4712 1135 4769 humanitatem
1172 4728 1187 4765 :
1227 4709 1449 4781 pulcher
1497 4720 1655 4767 natus
1700 4710 1874 4767 infans
1914 4713 2182 4783 Verbum;

596 4804 723 4877 quia
752 4812 808 4859 et
833 4818 953 4862 cum
979 4810 1121 4858 esset
1152 4800 1348 4867 infans,
1380 4816 1501 4857 cum
1527 4810 1760 4872 sugeret,
1786 4817 1908 4857 cum
1940 4806 2185 4862 manibus

594 4904 923 4969 portaretur,
950 4895 1072 4952 coeli
1103 4894 1267 4950 locuti
1299 4903 1453 4959 sunt,
1480 4895 1668 4967 Angeli
1699 4895 1885 4952 laudes
1911 4897 2180 4968 dixerunt,

595 4988 781 5060 Magos
800 4987 950 5043 stella
973 4987 1190 5053 direxit,
1219 4985 1472 5042 adoratus
1501 4995 1585 5043 est
1616 4986 1668 5040 in
1696 4989 1923 5059 praesepi
1946 5031 1959 5054 ,
1983 4991 2183 5048 cibaria

593 5090 996 5139 mansuetorum
1024 5078 1175 5151 (Luc.
1201 5095 1259 5145 ιι,
1286 5079 1435 5141 8-14,
1463 5088 1508 5134 et
1540 5076 1727 5134 Matth.
1753 5096 1789 5135 ll
1811 5122 1827 5147 ,
1852 5082 1929 5153 l).
1955 5082 2184 5140 Pulcher

591 5189 724 5248 ergo
753 5175 804 5230 in
831 5173 1003 5238 coelo.
1047 5171 1270 5242 pulcher
1314 5174 1365 5227 in
1415 5182 1586 5236 terra;
1621 5172 1843 5243 pulcher
1890 5174 1943 5230 in
1993 5185 2178 5243 utero,

593 5267 821 5340 pulcher
851 5268 902 5321 in
934 5265 1181 5321 manibus
1209 5274 1525 5335 parentum;
1557 5265 1780 5335 pulcher
1804 5266 1856 5322 in
1887 5267 2177 5336 miraculis,

591 5361 819 5433 pulcher
854 5359 906 5414 in
943 5357 1195 5429 ﬂagellis;
1230 5356 1450 5426 pulcher
1476 5357 1706 5411 inritans
1734 5357 1800 5412 ad
1828 5358 1988 5413 vitam
2011 5401 2024 5422 ,
2059 5359 2175 5430 pul-

592 5453 723 5509 cher
749 5467 854 5507 non
878 5465 1071 5507 curans
1094 5455 1322 5504 mortem
1344 5464 1359 5513 ;
1378 5446 1605 5517 pulcher
1624 5447 1897 5517 deponens
1921 5449 2175 5519 animam,

596 5543 817 5614 pulcher
854 5539 1151 5612 recipiens;
1182 5536 1405 5610 pulcher
1448 5539 1500 5592 iu
1541 5538 1683 5607 ligno
1706 5580 1720 5602 ,
1754 5537 1974 5608 pulcher
2003 5542 2054 5596 in
2084 5556 2176 5598 se-

589 5636 814 5707 pulcro,
865 5634 1090 5706 pulcher
1132 5632 1187 5688 in
1231 5632 1387 5687 caalo.
1456 5630 1513 5685 ln
1561 5630 1890 5690 intellectum
1941 5635 1959 5666 ί
1997 5636 2176 5694 audite

652 5813 669 5843 ι
703 5813 777 5861 sic
812 5818 917 5861 Mss.
960 5817 1016 5861 Αι
1046 5808 1181 5871 add"
1205 5806 1406 5872 pulcher
1436 5805 1489 5860 in
1520 5807 1780 5862 intellectu.
1822 5810 1989 5867 .mdite
2009 5815 2171 5868 cauti.

585 5883 714 5933 ενοι.
738 5882 834 5925 etc.

1812 360 1874 427 ε.
1915 356 2283 426 ᾹυϐιλδτιΝι
2323 368 2626 427 EPISCOPI

3787 389 3869 449 ιιι

2307 482 2608 548 Canticum,
2641 499 2816 557 neque
2849 487 3036 545 oculos
3059 497 3285 547 vestros
3306 504 3341 546 a
3366 490 3656 563 splendore
3675 498 3864 569 pulchri.

2309 573 2507 630 tudinis
2530 576 2673 633 illius
2695 587 2900 635 avertat
2925 581 3105 637 carnis
3130 582 3869 656 inﬁrmitas.Summaetven

2308 668 2647 738 pulchritudo
2687 670 2893 739 justitia
2917 670 3151 731 est:ibi
3182 676 3352 733 illum
3401 693 3514 735 non
3558 681 3746 742 videbis
3781 692 3869 761 pol.

2307 762 2521 830 chrum,
2555 763 2644 819 ubi
2674 764 3036 835 deprehendis
3066 768 3343 839 iujustum
3374 773 3463 829 :si
3487 774 3680 845 ubique
3701 778 3863 851 justus,

2308 854 2503 925 ubique
2534 855 2781 913 decorus.
2808 857 2999 914 Veniat
3031 877 3161 932 ergo
3197 862 3372 919 nobis
3405 863 3757 934 inspiciendus
3780 888 3868 933 acu.

2307 942 2374 999 lis
2401 945 2597 1001 mentis
2616 988 2631 1010 ,
2662 947 2970 1017 descriptus
2998 966 3030 1006 a
3069 951 3319 1022 quodam
3356 953 3640 1015 laudatore
3661 975 3749 1016 suo
3776 978 3865 1035 pro.

2307 1035 2464 1106 pheta
2493 1056 2508 1091 :
2532 1053 2659 1095 cccc
2688 1037 2891 1111 incipit.

2377 1128 2432 1182 ι.
2466 1126 2617 1202 [rers.
2642 1130 2723 1205 2.]
2750 1129 3010 1189 Eructavit
3028 1152 3118 1191 eor
3135 1153 3321 1194 meum
3342 1138 3555 1195 verbum
3573 1142 3759 1199 bonum.
3776 1147 3867 1215 Quit

2307 1218 2455 1283 dicit,
2480 1220 2660 1289 Pater,
2687 1238 2755 1279 an
2783 1224 3089 1295 Propheta?
3109 1226 3520 1289 lntcllexcrunt
3544 1235 3681 1291 enim
3704 1239 3865 1308 quidam

2312 1313 2488 1370 Patris
2516 1332 2799 1386 personam
2832 1319 3077 1388 dicentis,
3107 1322 3392 1380 Eructavit
3420 1344 3514 1383 cor
3540 1345 3696 1385 meum
3715 1334 3861 1389 verbra

2309 1405 2527 1471 bonum,
2570 1411 2997 1469 commendantis
3037 1415 3193 1471 nobis
3236 1419 3595 1477 nativitatem
3644 1426 3862 1495 quamdam

2311 1496 2654 1587 inctlabilem.
2704 1502 2781 1559 Ne
2825 1502 2962 1561 forte
3012 1516 3235 1576 putares
3287 1509 3507 1582 aliquid
3555 1528 3859 1587 assumptum,

2310 1586 2452 1644 unde
2493 1588 2686 1646 Filium
2729 1607 3013 1664 generaret
3055 1598 3232 1665 Deus;
3268 1586 3859 1671 quemadmodunrbomo
3898 1634 3899 1645 ι

2309 1677 2412 1733 sibi
2453 1681 2681 1737 assumit
2722 1683 2923 1756 aliquid
2964 1688 3104 1745 unde
3147 1700 3390 1762 generet
3419 1692 3854 1771 ﬁlios,conjugina

2309 1771 2532 1840 scilicet,
2556 1774 2673 1831 sine
2697 1792 2804 1848 quo
2831 1779 3032 1849 prolem
3057 1797 3357 1851 procreare
3387 1783 3558 1842 homo
3585 1803 3683 1844 non
3708 1799 3854 1859 potest:

2310 1883 2381 1924 ne
2421 1869 2580 1940 igitur
2619 1881 2838 1943 putares
2879 1876 3060 1947 aliquo
3094 1879 3360 1951 eonjugin
3395 1880 3687 1954 indiguisse
3711 1884 3851 1953 Deum,

2311 1961 2452 2016 unde
2480 1962 2668 2018 Filium
2697 1977 3012 2037 generaret,
3054 1968 3331 2026 Eructavit
3352 2015 3369 2040 ,
3401 1974 3612 2046 inquit,
3643 1993 3723 2031 cor
3743 1995 3851 2032 man

2310 2054 2512 2110 verbum
2531 2057 2736 2113 bonum.
2762 2060 2931 2116 llodie
2955 2077 3050 2118 cor
3074 2072 3247 2132 tuum,
3270 2080 3308 2119 ο
3331 2067 3527 2133 homo,
3552 2081 3754 2140 generat
3768 2086 3850 2124 con-

2310 2146 2510 2214 silium,
2538 2165 2639 2205 nec
2667 2153 2858 2221 quatrit
2886 2170 3106 2211 uxorem
3133 2175 3146 2212 :
3188 2173 3292 2228 per
3318 2160 3614 2217 consilium
3644 2172 3789 2218 natum
3809 2180 3850 2219 et

2309 2241 2471 2296 corde
2501 2252 2591 2298 tuo
2619 2244 2851 2301 aediﬁcas
2880 2248 3109 2319 aliquid;
3143 2259 3200 2306 et
3229 2251 3327 2306 illa
3361 2251 3567 2310 fabrica
3589 2296 3605 2323 ,
3630 2265 3847 2328 antequam

2310 2340 2419 2390 Stet
2446 2335 2498 2389 in
2528 2351 2716 2407 opere,
2733 2348 2837 2395 stat
2862 2340 2914 2395 in
2933 2343 3157 2398 consilio
3181 2346 3233 2412 ¹;
3270 2354 3330 2401 et
3361 2347 3505 2403 incSI
3530 2346 3639 2420 jam
3662 2350 3775 2420 quod
3797 2350 3846 2404 f2-

2309 2435 2495 2484 cturus
2538 2446 2630 2498 es,
2675 2432 2728 2489 in
2772 2448 2839 2489 eo
2888 2450 2983 2504 per
3024 2437 3167 2507 quod
3213 2437 3468 2496 facturus
3510 2456 3571 2497 es
3597 2460 3610 2497 :
3637 2451 3685 2497 et
3720 2441 3845 2498 laudas

2310 2517 2564 2575 fabricam
2594 2524 2830 2579 nondum
2857 2527 3201 2595 existentem,
3229 2532 3483 2587 nondum
3512 2533 3563 2588 in
3590 2534 3746 2605 specie
3764 2533 3845 2589 sdi-

2310 2613 2435 2682 ﬁcii,
2464 2615 2559 2672 sed
2591 2617 2642 2672 in
2673 2618 2967 2689 prolatione
2991 2622 3237 2690 consilii;
3273 2640 3380 2681 nec
3409 2625 3594 2682 laudat
3618 2628 3735 2683 alius
3754 2643 3838 2682 con-

2308 2706 2483 2761 silium
2532 2717 2715 2776 tuum,
2748 2711 2848 2766 nisi
2894 2722 2986 2768 aut
3027 2713 3399 2786 iudicaveris,
3441 2727 3535 2773 aut
3560 2718 3839 2789 videritun

2307 2796 2499 2854 fecisti.
2524 2800 2662 2872 Ergo
2682 2802 2724 2857 si
2747 2818 2845 2874 per
2864 2803 3092 2861 Verbum
3114 2809 3326 2875 onmia,
3348 2821 3404 2866 et
3429 2810 3654 2868 Verbum
3669 2812 3725 2869 de
3741 2811 3833 2877 Deo;

2306 2890 2509 2960 inspice
2533 2893 2786 2949 fabricam
2817 2895 3008 2951 factam
3042 2914 3139 2969 per
3163 2899 3410 2979 Verqu
3433 2945 3448 2971 ,
3480 2915 3535 2960 et
3560 2919 3624 2960 ex
3648 2905 3735 2960 isto
3752 2902 3835 2958 adi-

2306 2982 2427 3039 ﬁcio
2469 2988 2664 3042 mirare
2709 2989 3009 3044 consilium.
3061 2991 3230 3059 Quale
3257 2994 3501 3051 Verbum
3529 3006 3611 3052 est
3638 3012 3719 3067 per
3739 2993 3832 3066 quod

2305 3077 2498 3134 factum
2546 3090 2629 3135 est
2669 3080 2863 3137 caelum
2905 3092 2959 3139 et
2989 3093 3129 3141 terra
3151 3128 3167 3153 ,
3200 3096 3260 3142 et
3285 3089 3472 3146 omnis
3501 3100 3705 3145 ornatus
3725 3087 3831 3149 celi.

2304 3172 2476 3225 omnis
2496 3170 2791 3228 fecunditas
2813 3183 2992 3247 terrm,
3014 3176 3227 3233 diffusio
3252 3182 3446 3245 maris,
3466 3180 3704 3238 distentio
3718 3179 3827 3241 aeria

2302 3262 2475 3332 fnlgor
2501 3263 2759 3328 siderum,
2789 3266 3006 3324 claritas
3029 3269 3158 3326 solis
3183 3282 3241 3327 et
3270 3273 3453 3329 lunae?
3479 3274 3714 3331 Videntur
3732 3273 3829 3327 hac:

2304 3355 2622 3410 transeundo
2653 3365 2707 3412 et
2734 3356 2876 3423 haec;
2908 3359 3081 3430 cogita
3108 3362 3375 3435 Angelos,
3410 3366 3739 3436 Principatus,
3762 3363 3825 3417 Sc-

2300 3445 2419 3513 dcs,
2455 3447 2875 3518 Dominationcs,
2909 3451 3207 3511 Pntestates
3239 3475 3255 3511 :
3287 3459 3473 3514 omnia
3503 3475 3596 3530 per
3618 3460 3759 3530 ipsum
3780 3455 3822 3511 h-

2300 3549 2384 3593 cta
2414 3549 2556 3594 sunt.
2593 3540 2743 3597 Unde
2772 3557 2899 3612 ergo
2941 3542 3042 3599 ista
3079 3543 3216 3601 bona
3251 3547 3395 3604 facta
3424 3550 3583 3605 sunt?
3607 3549 3719 3618 Quia
3741 3562 3819 3600 era.

2298 3640 2497 3687 ctatum
2542 3643 2625 3688 est
2670 3649 2765 3703 per
2809 3635 2949 3707 quod
2999 3638 3221 3705 tierent,
3268 3641 3492 3698 Verbum
3517 3643 3702 3698 bonum.
3733 3638 3819 3708 Ergo

2300 3723 2532 3780 Verbum
2575 3724 2770 3781 bonum
2802 3744 2815 3782 :
2844 3739 2898 3783 et
2929 3729 3029 3801 ipsi
3054 3731 3231 3789 Verbo
3263 3736 3470 3792 dicttnn
3501 3746 3613 3804 cst,
3645 3734 3818 3805 Magis“

2297 3814 2442 3870 bone.
2470 3816 2531 3870 Et
2561 3818 2732 3887 ipsum
2763 3817 2988 3875 Verbum
3016 3824 3319 3894 respondit,
3350 3828 3489 3895 Quid
3516 3845 3592 3883 me
3609 3828 3816 3892 interrogst

2297 3907 2361 3962 de
2380 3908 2507 3963 bona
2526 3910 2551 3962 2’
2580 3907 2746 3964 Nemo
2771 3910 2952 3976 bonus,
2982 3914 3081 3969 nisi
3100 3932 3232 3971 unus
3265 3918 3408 3973 Deus
3438 3919 3458 3990 (
3465 3918 3639 3974 Matth.
3659 3913 3812 3975 sm”.

2295 4010 2341 4055 et
2374 4000 2536 4055 Mure.
2568 4019 2601 4058 χ
2626 4044 2642 4069 ,
2673 4002 2783 4073 18).
2815 4004 3019 4060 Dictum
3069 4016 3172 4074 est,
3198 4007 3452 4083 Magister
3475 4013 3624 4074 bene;
3652 4016 3694 4064 et
3713 4003 3812 4065 dicit.

2301 4094 2439 4161 Quid
2468 4113 2545 4151 me
2570 4099 2849 4169 interrogas
2874 4100 2937 4154 de
2960 4100 3129 4155 bona?
3153 4102 3377 4160 Addidit
3403 4105 3581 4167 etiam.
3605 4096 3812 4157 Nemo“-

2294 4203 2407 4253 nus,
2434 4188 2531 4242 nisi
2554 4205 2684 4243 unus
2715 4189 2867 4244 Deus.
2893 4190 3173 4259 Quomodo
3194 4210 3326 4267 ergo
3347 4208 3403 4254 et
3432 4197 3542 4269 ipse
3567 4195 3727 4252 bonus.
3745 4184 3811 4243 υἱεῖ

2293 4278 2415 4349 quia
2457 4279 2631 4334 Deus?
2658 4279 2772 4335 Non
2801 4281 2971 4336 solum
2999 4291 3176 4339 autem
3208 4287 3351 4344 Deus
3372 4330 3388 4354 ,
3423 4288 3515 4345 sed
3555 4301 3662 4343 cum
3700 4282 3809 4338 Patre

2293 4385 2431 4425 unus
2463 4371 2621 4427 Deus.
2654 4372 2767 4427 Non
2795 4375 2937 4431 enim
2960 4374 3206 4444 dicendo,
3233 4378 3405 4435 Nemo
3430 4381 3603 4445 bonus,
3620 4377 3701 4431 nisi
3719 4383 3805 4427 ut!”

2292 4462 2430 4518 Deus
2451 4504 2466 4530 ,
2510 4463 2761 4521 discrevit
2803 4483 2896 4535 se,
2935 4470 3028 4525 sed
3060 4474 3243 4526 univit.
3277 4475 3542 4529 Eructavit
3578 4488 3657 4527 cor
3687 4478 3803 4521 Imm

2290 4554 2493 4611 verbum
2522 4556 2724 4612 bonum.
2776 4558 2978 4616 Dixerit
3008 4562 3109 4619 hoc
3138 4564 3278 4621 Deus
3304 4566 3463 4623 Pater
3485 4565 3551 4622 de
3573 4561 3720 4620 Verbo
3737 4567 3800 4610 ευο

2290 4645 2433 4702 bono
2473 4654 2632 4715 atque
2677 4647 2916 4705 beneﬁce
2953 4651 3093 4707 bono
3124 4665 3310 4712 nostro
3335 4698 3349 4723 ,
3383 4672 3480 4729 per
3506 4651 3637 4727 quod
3676 4647 3797 4705 solum

2289 4738 2485 4795 bonum
2517 4750 2801 4813 utcumque
2831 4744 2954 4800 boni
2982 4760 3103 4802 esse
3134 4764 3437 4818 possumus.

2358 4832 2413 4888 5.
2446 4833 2715 4905 Sequitur,
2742 4834 2870 4891 Dico
2896 4855 2989 4908 ego
3019 4856 3174 4911 opera
3202 4859 3313 4898 utea
3341 4844 3466 4915 regi.
3496 4840 3663 4899 Adhuc
3687 4833 3796 4891 Pam

2286 4925 2554 4996 loquitur?
2583 4926 2637 4982 Si
2668 4927 2843 4984 adhuc
2871 4929 3028 4986 Pater
3065 4933 3319 5005 loquitur,
3357 4946 3637 5008 qumratnus
3659 4936 3703 4984 et
3724 4923 3791 4978 hoc

2287 5018 2557 5087 quomodo
2580 5020 2874 5074 secundum
2902 5021 3061 5077 ﬁdem
3088 5040 3268 5081 veram
3293 5037 3345 5083 et
3366 5024 3658 5084 catholicam
3680 5009 3790 5112 inici:

2286 5109 2532 5180 ligamtts,
2563 5108 2688 5165 Dico
2718 5128 2809 5184 ego
2834 5130 2991 5183 opera
3022 5133 3130 5171 mea
3159 5119 3282 5191 regi.
3314 5119 3369 5175 Si
3390 5118 3525 5175 enim
3554 5114 3685 5169 Pater
3699 5104 3786 5203 died

2286 5215 2449 5272 opera
2478 5216 2573 5256 sua
2602 5202 2739 5259 Filio
2767 5220 2865 5262 suo
2891 5208 3003 5278 regi
3035 5219 3249 5274 nostra;
3272 5229 3390 5286 qua:
3413 5224 3564 5282 opera
3589 5206 3715 5262 Pater
3730 5195 3783 5247 di-

2283 5301 2468 5348 cturus
2496 5302 2578 5348 est
2602 5293 2738 5350 Filio
2758 5336 2772 5360 ,
2802 5312 2922 5351 cum
2952 5299 3134 5357 omnia
3160 5316 3320 5373 opera
3349 5302 3511 5359 Patris
3533 5311 3619 5370 per
3637 5289 3776 5350 Filium

2286 5383 2426 5440 facta
2456 5386 2596 5441 sint?
2622 5389 2703 5443 An
2731 5387 2895 5456 forte,
2928 5389 3059 5447 Dico
3086 5410 3176 5465 ego
3200 5412 3353 5466 opera
3376 5411 3482 5451 mea
3506 5391 3630 5463 regi.
3656 5386 3777 5452 ἰ1⁵³¹¹¹¹¹

2283 5474 2414 5530 Dico
2438 5518 2453 5543 ,
2495 5481 2896 5550 generationem
2940 5483 3061 5539 Filii
3104 5486 3397 5558 significat?
3434 5469 3773 5541 Vereorncb“

2282 5567 2568 5638 aliquando
2600 5585 2630 5623 a
2672 5570 2996 5630 tardioribus
3026 5590 3131 5632 non
3161 5580 3328 5648 possit
3353 5572 3590 5646 intelligi:
3614 5574 3773 5623 verant-

2282 5666 2455 5715 tameu
2485 5658 2691 5728 dicant;
2725 5675 2978 5734 sequatur
3011 5668 3098 5737 qui
3128 5678 3320 5738 potest,
3350 5684 3411 5724 ne
3436 5680 3531 5723 non
3556 5660 3675 5718 dicto
3694 5659 3767 5707 non

2279 5879 2311 5930 ﬁ
2342 5819 2357 5849 ί
2394 5825 2569 5869 (tumes
2595 5824 2720 5882 Mss,
2756 5825 2803 5871 et
2824 5818 2909 5871 illa
2936 5821 3121 5883 fabrica
3149 5831 3397 5887 antequam
3427 5826 3521 5883 stet,
3550 5818 3631 5871 δια
3655 5812 3765 5861 W

2315 5892 2410 5929 um.

2315 5892 2410 5929 ωη.
