3960 6434
115 362 301 445 ιΩἺ

126 483 447 552 ,αιηειιιιιδ
462 484 515 531 et
530 473 626 547 qui
647 479 839 546 potest.
860 472 1109 545 Legimus
1129 469 1182 526 in
1203 469 1309 525 alio
1328 469 1536 542 psalmo
1555 468 1779 523 dictum:

129 567 366 639 Semel
393 567 591 624 locutus
618 575 693 622 est
725 564 861 620 Deus
887 562 1059 638 (Psal.
1090 578 1197 630 ut,
1229 561 1339 635 12).
1361 561 1547 618 Toties
1575 560 1785 616 locutus

130 669 287 731 est
316 658 747 731 perPropbetas,
774 656 933 711 toties
958 670 1056 726 per
1073 655 1380 724 Apostolus,
1413 653 1673 723 hodieque
1704 652 1786 706 lo-

142 751 375 833 quitur
418 765 517 821 per
558 756 774 804 sanctos
817 761 966 812 suos,
1018 753 1073 802 et
1121 744 1233 800 ait:
1264 744 1430 800 Semel
1472 742 1667 799 locutus
1712 751 1786 798 est

146 851 355 911 Deus.
384 842 540 900 Unde
568 841 735 898 semel
765 842 974 897 locutus
1001 848 1104 907 est,
1145 841 1247 896 nisi
1276 841 1523 910 propterll
1553 839 1785 895 Verbum

153 935 562 1001 unuIIiYSicut
582 944 760 990 autem
782 931 1044 988 Eructavil
1065 949 1327 989 carrucam
1353 932 1550 987 verbum
1576 930 1782 998 bonum,

157 1028 555 1092 intelleximus
595 1026 666 1081 ibi
696 1026 1097 1097 generationem
1146 1024 1296 1089 Filii;
1331 1024 1491 1080 veluti
1539 1024 1786 1095 repetitio

168 1120 330 1182 mihi
363 1116 573 1174 Videtur
613 1118 748 1173 facta
779 1119 829 1172 in
858 1116 1208 1189 consequenti
1252 1116 1536 1179 sententia,
1572 1126 1629 1170 ut
1656 1114 1786 1171 illud

175 1211 340 1289 quod
366 1213 561 1267 dictum
590 1220 726 1278 erat,
760 1209 1021 1265 Eructavit
1047 1228 1133 1265 cor
1160 1227 1322 1265 meum
1350 1209 1550 1264 verbum
1572 1209 1779 1276 bonum,

186 1311 528 1373 repeteretur
549 1297 600 1352 in
622 1313 687 1352 eo
706 1297 846 1369 quod
867 1297 962 1365 ait,
985 1297 1130 1351 Dico.
1155 1296 1292 1366 Quid
1315 1304 1399 1352 est
1421 1297 1587 1360 enim,
1607 1294 1776 1350 Dico?

189 1393 430 1450 Verbum
457 1388 690 1462 profero.
722 1388 792 1444 Et
820 1388 963 1445 unde
991 1388 1190 1460 profert
1218 1388 1358 1443 Deus
1384 1386 1605 1442 verbum
1625 1428 1640 1451 ,
1671 1386 1776 1441 nisi

194 1500 265 1541 ex
291 1479 453 1538 corde
481 1493 601 1545 suo,
630 1494 694 1535 ex
725 1479 912 1535 intimo
937 1479 1069 1535 suo?
1099 1478 1179 1534 Tu
1206 1494 1312 1533 non
1339 1477 1473 1532 dicis
1504 1477 1603 1532 nisi
1631 1475 1772 1547 quod

192 1590 263 1631 ex
299 1571 460 1630 corde
495 1581 588 1627 tuo
631 1570 872 1644 profers;
903 1571 1125 1628 verbum
1154 1579 1301 1626 tuum
1341 1570 1483 1641 quod
1520 1578 1676 1625 sonat
1721 1576 1777 1624 et

194 1666 405 1735 transit,
425 1664 644 1722 aliunde
666 1681 771 1721 non
798 1665 1071 1738 profertur
1094 1682 1109 1720 :
1132 1671 1189 1720 et
1212 1663 1423 1718 miraris
1447 1662 1569 1733 quia
1602 1660 1673 1716 ita
1700 1660 1776 1717 di-

193 1760 266 1816 cit
286 1757 461 1816 Deus?
476 1756 584 1816 Sed
602 1757 782 1815 dicere
808 1759 901 1814 Dci
922 1769 1178 1814 :utcrnum
1195 1764 1296 1814 est.
1317 1754 1398 1811 Tu
1418 1755 1552 1811 dicis
1572 1754 1775 1827 aliquid

194 1847 391 1915 modo,
414 1848 533 1920 quia
564 1848 778 1905 iacebas
806 1848 965 1919 paulo
991 1855 1117 1903 ante
1147 1864 1161 1901 :
1196 1846 1280 1902 vel
1307 1860 1432 1902 ecce
1460 1861 1603 1901 nunc
1629 1861 1770 1902 non—

192 1939 317 1996 dum
347 1937 565 1995 verbum
613 1939 855 2011 profers;
880 1954 1002 1994 cum
1029 1948 1206 1995 autem
1237 1937 1477 2010 proferre
1504 1940 1734 2009 coeperis
1753 1980 1771 2007 ,

193 2034 396 2106 rumpis
435 2034 707 2091 silentium
754 2033 1182 2107 quodammodo,
1214 2042 1271 2088 et
1299 2047 1526 2103 generos
1549 2031 1771 2088 verbum

190 2126 332 2197 quod
359 2134 509 2181 antea
536 2140 641 2180 nou
671 2133 807 2180 erat.
852 2121 971 2179 Non
1000 2123 1077 2179 sic
1116 2124 1257 2180 Deus
1279 2125 1465 2195 genuit
1495 2122 1729 2181 Verbum
1754 2142 1771 2181 :

191 2219 370 2275 dicere
394 2218 485 2274 Dei
512 2217 628 2274 sine
649 2218 800 2274 initio
819 2225 922 2284 est,
943 2228 1000 2274 et
1022 2217 1138 2274 sine
1164 2217 1302 2284 fine;
1330 2226 1384 2273 et
1406 2226 1581 2274 tamen
1607 2233 1771 2273 llltllm

196 2307 427 2366 Verbum
446 2308 598 2366 dicit.
623 2309 773 2365 Dicat
800 2310 1048 2378 alterum,
1077 2308 1123 2365 si
1149 2309 1291 2381 quod
1318 2308 1452 2366 dixit
1478 2309 1769 2366 transierit.

190 2398 322 2457 Cum
353 2416 478 2457 vero
518 2410 574 2457 et
615 2416 646 2457 a
688 2416 793 2473 quo
830 2401 1028 2457 dicitur
1068 2409 1283 2469 manet,
1313 2411 1367 2458 et
1404 2401 1547 2474 quod
1578 2402 1772 2458 dicitur

191 2501 402 2563 manet;
425 2501 476 2548 et
502 2492 670 2548 semel
691 2491 884 2549 dicitur
898 2502 954 2549 et
975 2508 1079 2548 non
1103 2493 1313 2560 finitur;
1335 2503 1390 2549 et
1412 2498 1582 2565 ipsum
1604 2494 1771 2551 semel

193 2584 311 2642 sine
351 2586 499 2641 initio
534 2585 747 2652 dicitur,
779 2602 880 2643 nec
922 2587 1005 2644 bis
1047 2586 1264 2654 dicitur,
1292 2588 1413 2659 quia
1439 2604 1546 2643 non
1581 2590 1772 2646 transit

190 2674 332 2746 quod
358 2675 521 2732 semel
548 2675 761 2732 dicitur.
788 2676 901 2733 lloc
923 2686 1006 2734 est
1028 2692 1180 2748 ergo,
1203 2675 1469 2733 Eructavit
1494 2696 1584 2734 cor
1606 2696 1771 2734 meum

191 2765 390 2821 uerbum
424 2766 607 2823 bonum
627 2809 643 2836 ,
672 2767 814 2839 quod
863 2778 979 2835 est,
1018 2766 1149 2824 Dico
1177 2785 1272 2840 ego
1300 2785 1454 2840 apem
1492 2787 1604 2825 mea
1639 2771 1766 2842 regi.

193 2856 363 2926 Quare
378 2874 525 2931 ergo,
542 2858 710 2931 Opera
730 2876 841 2915 mea
861 2858 974 2915 dico
987 2859 1014 2915 ?
1033 2860 1164 2928 Quia
1188 2860 1240 2915 in
1264 2861 1378 2931 ipso
1397 2860 1571 2917 Verbo
1590 2861 1767 2917 omnia

190 2963 351 3021 Opera
398 2951 511 3007 Dei.
559 2950 829 3023 Quidquid
880 2953 1024 3009 enim
1072 2951 1307 3009 facturus
1352 2966 1468 3009 erat
1518 2954 1661 3009 Deus
1712 2955 1769 3011 in

192 3050 452 3108 creatura,
479 3041 592 3113 jam
622 3043 673 3097 in
699 3041 874 3098 Verbo
900 3052 1049 3109 erat;
1081 3059 1182 3101 nec
1209 3053 1353 3101 esset
1378 3045 1432 3100 in
1457 3044 1636 3110 rebus,
1664 3046 1767 3102 nisi

197 3145 335 3191 esset
361 3136 411 3190 in
431 3134 611 3192 Verbo
642 3152 657 3190 :
688 3134 956 3207 quomodo
984 3145 1039 3192 et
1070 3135 1123 3192 in
1167 3145 1218 3191 te
1247 3153 1353 3192 non
1380 3147 1522 3194 esset
1551 3137 1606 3191 in
1633 3138 1654 3170 ⁸
1684 3135 1766 3193 fa-

198 3223 337 3283 brica
355 3268 371 3295 ,
400 3225 501 3283 nisi
527 3234 672 3284 esset
702 3225 757 3281 in
785 3226 1033 3283 consilio.
1058 3223 1209 3282 Sicut
1232 3227 1285 3281 in
1314 3228 1601 3298 Evangelio
1624 3227 1763 3283 dici-

201 3327 282 3375 tur
307 3337 322 3375 :
352 3320 500 3387 Quod
524 3318 717 3392 factum
744 3329 817 3375 est
842 3320 896 3374 iu
924 3320 1036 3392 ipso
1063 3321 1164 3374 vita
1191 3330 1299 3375 erat
1329 3320 1506 3393 (Joau.
1535 3337 1569 3388 ι,
1599 3322 1653 3386 5,
1681 3320 1762 3392 4).

202 3408 325 3465 Erat
365 3425 491 3482 ergo
535 3410 679 3483 quod
716 3409 917 3467 factum
953 3419 1058 3480 est,
1087 3410 1183 3466 sed
1226 3411 1278 3466 in
1318 3410 1498 3467 Verbo
1537 3421 1768 3468 eratzet

208 3503 371 3559 omnia
399 3516 560 3575 opera
589 3503 684 3560 Dei
708 3503 778 3560 ibi
801 3512 955 3560 erant
977 3545 993 3571 ,
1021 3514 1076 3560 et
1112 3518 1275 3575 Opera
1312 3503 1547 3559 nondum
1573 3513 1765 3561 erant:

212 3594 538 3654 sedVerbum
567 3605 700 3660 erat,
730 3604 785 3653 et
804 3594 1039 3652 Verbum
1073 3596 1175 3651 hoc
1202 3595 1343 3653 Deus
1373 3605 1522 3664 erat,
1545 3606 1599 3651 et
1625 3597 1766 3667 apud

219 3685 366 3743 Deum
406 3695 542 3756 erat,
568 3697 623 3743 et
665 3686 833 3744 Filius
880 3686 977 3742 Dei
1022 3696 1157 3752 erat,
1187 3696 1384 3743 etcum
1428 3686 1587 3743 Patre
1632 3704 1769 3745 unus

221 3772 347 3834 Deus
370 3787 501 3835 erat.
531 3777 664 3833 Dico
692 3794 783 3850 ego
808 3793 961 3849 opera
982 3794 1092 3833 mea
1114 3778 1241 3850 regi.
1264 3776 1459 3833 Audiat
1478 3777 1767 3848 dicentem,

225 3872 300 3940 qui
319 3866 533 3929 Verbum
561 3873 842 3946 intelligit;
870 3880 924 3928 et
949 3871 1126 3927 videat
1150 3886 1273 3927 cum
1300 3871 1459 3928 Patre
1483 3873 1770 3942 sempiter-

227 3976 334 4018 num
357 3962 598 4030 Verbum,
632 3965 683 4020 in
710 3980 818 4037 quo
838 3972 963 4019 sunt
989 3963 1149 4019 etiam
1176 3978 1295 4033 qua:
1319 3962 1492 4018 futura
1523 3973 1673 4030 sunt,
1716 3965 1768 4019 in

230 4066 316 4121 quo
343 4070 438 4110 non
465 4055 708 4111 abierunt
733 4065 788 4112 et
812 4072 932 4127 qua:
958 4054 1305 4110 transierunt.
1338 4052 1463 4110 llrce
1486 4069 1647 4125 opera
1678 4054 1770 4110 Dei

230 4141 273 4196 in
294 4143 469 4211 Verbo,
496 4156 747 4216 tanquam
773 4149 825 4203 in
847 4147 1025 4204 Verbo
1043 4188 1059 4214 ,
1095 4155 1346 4218 tanquam
1373 4148 1426 4203 in
1453 4147 1764 4220 Unigenito,

230 4241 443 4307 tanquam
470 4238 523 4293 in
554 4236 647 4293 Dei
673 4235 872 4294 Verbo.

285 4324 330 4379 6.
354 4327 483 4395 Quid
522 4343 653 4401 ergo
684 4328 960 4399 sequitur?
995 4327 1194 4402 Lingua
1235 4343 1350 4382 mea
1391 4328 1616 4384 calamus
1645 4331 1773 4384 srri-

230 4415 310 4483 lur,
336 4420 557 4474 velociter
584 4419 862 4475 scribentis.
888 4418 1025 4488 Quid
1051 4421 1245 4488 simile,
1276 4420 1470 4475 fratres
1490 4421 1617 4487 moi,
1645 4421 1772 4491 quid

230 4505 365 4564 habet
403 4509 576 4566 simile
620 4509 797 4581 lingua
842 4510 935 4566 Dei
974 4524 1097 4565 cum
1134 4510 1341 4566 calamo
1370 4510 1599 4565 scribae?
1635 4511 1770 4580 Quid

229 4595 361 4655 habet
383 4601 553 4657 simile
583 4611 729 4672 petra
759 4615 880 4656 cum
907 4600 1118 4657 Christo
1157 4599 1214 4673 (1
1240 4599 1358 4656 Cor.
1401 4617 1469 4668 κ,
1509 4600 1604 4673 4)ἳ
1642 4604 1771 4673 quid

231 4686 361 4747 habet
385 4692 556 4749 simile
580 4707 748 4764 agnus
775 4707 896 4747 cum
925 4691 1202 4747 Salvatorc
1227 4690 1403 4762 (Joan.
1432 4707 1470 4757 ι,
1494 4692 1626 4763 29)?
1646 4694 1771 4763 quid

230 4779 359 4841 habet
383 4785 467 4841 leo
486 4800 605 4841 cum
632 4783 902 4856 Unigeniti
927 4781 1238 4837 fortitudine
1268 4781 1449 4853 (Apoc.
1472 4798 1528 4847 v,
1550 4783 1650 4855 5)?
1678 4784 1771 4837 Di-

230 4882 295 4929 ets
328 4886 440 4931 sunt
471 4879 586 4932 lucc
613 4884 791 4931 tamen
818 4894 832 4929 :
856 4885 911 4930 et
951 4872 1054 4928 nisi
1097 4871 1420 4937 dicerentur,
1458 4887 1565 4928 non
1590 4874 1771 4944 aliquo

228 4964 362 5019 modo
384 4981 478 5037 per
504 4964 619 5021 haec
642 4964 871 5021 visibilia
897 4961 963 5018 ad
990 4961 1308 5017 invisibilem
1337 4962 1766 5019 informaremur.

222 5055 298 5111 Sic
329 5071 451 5128 ergo
487 5056 745 5113 humilem
775 5053 1177 5110 similitudinem
1204 5053 1392 5108 calami
1425 5053 1581 5124 hujus
1603 5094 1619 5119 ,
1664 5069 1765 5110 nec

221 5162 567 5219 carnparemus
592 5148 667 5202 illi
695 5146 1025 5202 excellentiae
1047 5185 1061 5209 ,
1086 5158 1186 5199 nec
1213 5153 1390 5199 tamen
1430 5159 1768 5215 respiramus.

212 5244 393 5309 Quaero
417 5241 559 5295 enim
586 5254 751 5310 quare
779 5239 1009 5309 linguam
1035 5252 1186 5293 suam
1209 5236 1474 5291 calamum
1499 5238 1633 5293 dixit
1652 5253 1773 5295 esse

211 5334 387 5391 scriba:
420 5331 676 5389 velociter
714 5329 1033 5386 scribentis?
1060 5330 1128 5386 At
1154 5341 1284 5382 vero
1307 5329 1651 5398 quantumvis
1677 5344 1773 5384 ve-

210 5424 392 5484 lociter
417 5422 617 5478 scribat
645 5421 844 5487 scriba,
875 5434 980 5474 non
1005 5422 1347 5490 comparatur
1367 5419 1441 5474 illi
1465 5420 1768 5489 velocitati,

208 5517 278 5573 de
299 5528 398 5586 qua
439 5512 569 5569 dicit
595 5511 733 5567 alius
755 5510 992 5582 psalmus
1014 5525 1028 5563 :
1054 5506 1223 5581 Usque
1246 5510 1301 5564 in
1324 5509 1631 5565 velocitatem
1653 5528 1772 5566 cur-

211 5610 278 5667 rit
317 5606 515 5663 verbum
541 5605 652 5678 ejus
688 5601 860 5676 (Psal.
884 5616 1077 5669 cnvu,
1106 5600 1220 5673 15).
1250 5601 1357 5659 Sed
1385 5601 1515 5657 mihi
1542 5602 1773 5668 videtur,

273 5766 289 5796 '
318 5763 391 5814 Sic
413 5767 521 5811 Its.
544 5766 602 5810 At
626 5757 763 5810 add.
787 5755 883 5808 nisi
900 5769 986 5821 per
1009 5754 1212 5821 rferburn
1231 5768 1386 5807 suum.

268 5831 291 5858 α
319 5823 485 5875 l‘lnres
507 5831 630 5873 tm.
657 5833 746 5869 neu
769 5815 1086 5877 eswt'ﬁrlwim
1109 5830 1127 5866 :
1145 5818 1331 5882 absque
1354 5817 1599 5881 partimin.
1622 5818 1688 5870 in.

1286 358 1679 420 EN.\RR.\TIU
1717 357 1781 415 lN
1819 358 2145 420 PSALMUM
2182 365 2367 427 XLIV.

3356 369 3467 433 ⁸90

1884 485 2140 542 quantum
2188 477 2350 535 audet
2391 479 2621 535 humana
2665 480 3032 552 intelligentia,
3059 490 3116 540 et
3157 482 3262 541 hoc
3303 499 3468 557 posse

1878 566 2045 633 accipi
2078 582 2142 621 ex
2177 583 2405 637 persona
2432 570 2605 626 Patris
2633 571 2855 641 dictum,
2875 573 3075 644 Lingua
3100 592 3212 631 mea
3236 577 3465 635 calamus

1877 654 2073 709 scribto.
2106 658 2243 722 Quia
2283 660 2426 729 quod
2474 661 2649 732 lingua
2699 665 2910 731 dicitur,
2940 676 3095 721 sonat
3132 674 3187 722 et
3232 669 3461 735 transit;

1878 746 2018 814 quod
2049 749 2315 814 scribitur,
2342 762 2520 806 manet
2543 769 2556 806 :
2581 769 2701 808 cum
2724 770 2852 826 ergo
2873 755 3015 811 dicat
3042 758 3181 813 Deus
3201 757 3462 830 Verbum,

1878 845 1934 892 et
1957 838 2185 894 Verbum
2215 843 2356 910 quod
2386 843 2579 897 dicitur
2601 861 2706 900 non
2739 856 2895 902 sonet
2925 857 2979 902 et
3008 859 3262 915 transeat,
3286 851 3379 906 sed
3409 860 3466 909 et

1879 930 2088 987 dicatur
2117 943 2439 1000 etmaneat;
2474 936 2688 1007 scriptis
2726 938 2828 993 hoc
2866 941 3053 996 maluit
3086 943 3228 998 Deus
3246 958 3466 1015 compa-

1880 1037 2020 1084 rare,
2053 1039 2210 1094 quam
2237 1026 2403 1080 sonis.
2435 1026 2587 1096 Quod
2612 1039 2787 1084 autem
2820 1030 3047 1099 addidit,
3075 1035 3309 1090 velociter
3335 1036 3465 1091 scri-

1879 1111 2057 1177 bentis,
2082 1116 2288 1185 impulit
2316 1128 2544 1173 mentem
2572 1118 2640 1173 ad
2666 1120 3065 1192 intelligentiam
3090 1143 3101 1178 :
3126 1126 3222 1181 sed
3253 1142 3355 1182 non
3385 1127 3465 1197 pi-

1879 1220 1970 1273 gra
2019 1217 2326 1274 remaneat,
2376 1210 2708 1282 respiciendo
2752 1213 3084 1283 antiquarios
3109 1257 3124 1279 ,
3164 1226 3256 1271 aut
3295 1219 3463 1288 respi-

1879 1296 2068 1351 cicndo
2111 1299 2428 1368 qualeslibet
2476 1302 2688 1359 veloces
2734 1306 3006 1371 notarios;
3051 1307 3096 1361 si
3140 1317 3317 1364 autem
3362 1311 3463 1366 hoc

1878 1387 2199 1458 attenderit,
2250 1393 2547 1448 remanebit
2592 1394 2683 1450 ibi.
2736 1394 2913 1466 ipsum
2958 1398 3208 1464 velociter,
3254 1403 3451 1472 cogitet

1878 1480 2163 1549 velociter;
2193 1492 2247 1540 ct
2276 1484 2451 1541 videat
2479 1502 2643 1558 quare
2670 1488 2871 1544 dictum
2904 1490 2992 1555 sit,
3023 1490 3272 1546 velociter.
3304 1493 3461 1549 Velo-

1878 1570 2013 1628 citer
2045 1573 2135 1628 Dei
2169 1575 2272 1630 tale
2301 1585 2383 1631 est
2402 1616 2418 1641 ,
2441 1586 2498 1632 ut
2521 1578 2760 1633 velocius
2788 1578 2917 1633 nihil
2943 1580 3032 1634 sit.
3081 1580 3136 1637 ln
3164 1582 3453 1654 Scripturis

1878 1664 2021 1718 enim
2048 1665 2297 1722 scribitur
2322 1667 2496 1724 littera
2525 1677 2645 1739 post
2674 1670 2908 1726 litteram
2930 1714 2945 1740 ,
2975 1672 3181 1744 syllaba
3209 1684 3329 1744 post
3352 1676 3463 1747 syl-

1877 1755 2075 1823 labam,
2097 1760 2318 1814 verbum
2342 1769 2461 1830 post
2479 1762 2729 1826 verbum;
2755 1778 2853 1818 nee
2872 1763 2938 1817 ad
2965 1764 3258 1820 secundum
3288 1775 3459 1822 trans-

1878 1849 2006 1919 itur,
2037 1852 2137 1907 nisi
2164 1853 2338 1924 primo
2365 1854 2684 1927 perscripto.
2726 1855 2799 1910 lbi
2828 1864 3008 1912 autem
3037 1858 3168 1912 nihil
3195 1859 3457 1928 velocius,

1877 1941 1968 1996 ubi
1996 1958 2102 1998 non
2131 1944 2295 1999 multa
2324 1954 2447 2000 sunt
2473 1948 2656 2012 verba,
2689 1962 2785 2001 nec
2813 1958 2987 2004 tamen
3015 1949 3213 2019 aliquid
3238 1960 3459 2022 praeter-

1875 2035 2097 2091 missum
2125 2046 2229 2103 est,
2260 2053 2382 2093 cum
2414 2040 2466 2093 in
2491 2055 2600 2095 uno
2629 2041 2737 2096 sint
2765 2042 2965 2098 omnia.

1948 2127 2001 2182 7.
2030 2125 2178 2200 [vers.
2210 2128 2286 2203 5.]
2316 2131 2451 2187 Ecce
2487 2131 2597 2201 jam
2624 2131 2855 2187 Verbum
2886 2132 3012 2189 illud
3041 2135 3120 2190 sic
3142 2136 3404 2206 prolatum
3436 2180 3455 2206 ,

1874 2226 2172 2287 aeternum,
2216 2221 2285 2276 ab
2345 2231 2545 2277 :eterno
2585 2235 2948 2292 coaeternum,
2996 2226 3171 2281 veniet
3206 2243 3453 2297 sponsus.

1876 2308 2149 2382 Speciosus
2174 2316 2339 2384 [arma
2378 2329 2487 2382 pra:
2507 2314 2627 2384 ﬁliis
2662 2315 2936 2368 hominum.
2977 2314 3093 2371 Pro:
3121 2317 3239 2384 [iliis
3285 2319 3454 2374 homi-

1874 2421 1999 2461 num
2024 2422 2044 2461 :
2068 2422 2231 2477 quare
2265 2422 2371 2463 non
2394 2415 2447 2463 et
2477 2424 2585 2477 pra:
2609 2408 2860 2478 Angelis?
2888 2408 3023 2477 Quid
3052 2409 3214 2465 voluit
3250 2411 3451 2477 dicere,

1875 2496 1998 2553 Prw
2024 2498 2147 2567 [iliis
2189 2499 2477 2565 hominum,
2510 2498 2609 2552 nisi
2664 2498 2784 2567 quia
2834 2498 3035 2551 homo?
3069 2499 3146 2553 Ne
3186 2499 3457 2556 hominem

1873 2588 2141 2647 Christum
2169 2589 2457 2658 quemlibet
2500 2589 2766 2643 hominem
2792 2599 3006 2658 putares
3026 2631 3039 2653 ,
3070 2590 3161 2654 ait,
3190 2588 3314 2645 Prw
3336 2592 3458 2659 ﬁliis

1874 2680 2133 2735 hominum
2165 2679 2419 2747 speciosus
2456 2680 2638 2749 forma.
2682 2679 2851 2732 Etiam
2882 2677 3044 2734 homo
3072 2695 3179 2749 prae
3206 2679 3325 2734 filiis
3354 2679 3456 2735 ho-

1872 2771 2096 2838 minum;
2125 2772 2283 2828 etiam
2310 2771 2447 2827 inter
2477 2772 2615 2827 filios
2643 2771 2915 2826 hominum
2936 2812 2950 2837 ,
2980 2786 3091 2843 pra:
3129 2770 3250 2826 ﬁliis
3278 2771 3454 2827 homi-

1871 2875 2034 2927 num;
2065 2863 2227 2918 etiam
2253 2877 2320 2919 ex
2367 2854 2489 2917 ﬁliis
2517 2862 2788 2916 hominum
2810 2903 2825 2927 ,
2855 2876 2964 2931 prae
3007 2860 3129 2914 filiis
3160 2860 3453 2916 hominum.

1870 2950 2077 3021 Di/I'usa
2104 2961 2175 3007 est
2203 2953 2367 3026 gratia
2402 2954 2456 3007 in
2486 2952 2632 3008 labiis
2668 2953 2784 3007 luis.
2810 2953 2916 3007 Lex
2957 2966 3053 3022 per
3081 2950 3294 3023 Moysen
3331 2950 3455 3008 data

1870 3060 1972 3112 esr;
2004 3047 2181 3103 Gratia
2222 3054 2278 3102 ct
2310 3047 2506 3101 veritas
2539 3060 2635 3116 per
2670 3044 2851 3100 Jesum
2892 3043 3158 3099 Christum
3199 3040 3335 3098 facta
3373 3053 3459 3099 est

1871 3136 2052 3209 (Joan.
2082 3153 2119 3203 ι,
2153 3136 2261 3208 17).
2292 3134 2499 3203 ΒὶΙῙιιδα
2528 3144 2600 3190 est
2638 3135 2801 3207 gratia
2835 3134 2889 3188 in
2929 3132 3075 3188 labiis
3120 3134 3238 3187 tuis.
3269 3132 3457 3188 Merito

1870 3229 2002 3285 mihi
2028 3230 2346 3285 subventum
2373 3236 2484 3295 est,
2511 3227 2634 3298 quia
2659 3225 3115 3296 condeleetorlegi
3140 3223 3235 3279 Dei
3260 3238 3455 3280 secun-

1870 3318 1997 3375 dum
2039 3319 2345 3376 interiorem
2371 3318 2662 3374 hominem.
2710 3316 2814 3373 Sed
2854 3316 2953 3370 alia
2991 3316 3077 3371 lex
3121 3316 3172 3370 in
3201 3315 3456 3372 membris

1870 3412 2005 3466 meis
2028 3419 2285 3482 repugnat
2312 3411 2415 3481 legi
2447 3410 2640 3465 mentis
2665 3424 2798 3464 meae
2816 3448 2832 3474 ,
2860 3417 2914 3462 et
2955 3406 3218 3477 captivum
3246 3420 3330 3461 me
3359 3405 3457 3461 du-

1871 3504 1945 3560 cit
1977 3504 2027 3560 in
2067 3504 2184 3574 lege
2213 3503 2444 3573 peccati,
2483 3513 2603 3573 qua:
2630 3508 2714 3557 est
2765 3501 2817 3555 in
2862 3498 3116 3554 membris
3158 3497 3313 3552 meis.
3356 3496 3458 3552 Mi-

1872 3609 1961 3651 ser
1985 3610 2083 3664 ego
2112 3594 2275 3648 homo
2296 3632 2312 3660 ,
2344 3594 2465 3663 quis
2506 3608 2592 3647 me
2627 3590 2871 3647 liberabit
2910 3588 2979 3644 de
3020 3603 3244 3658 corpore
3268 3587 3457 3645 mortis

1873 3684 2073 3755 hujus?
2123 3683 2303 3741 Gratia
2358 3684 2451 3737 Dei
2495 3698 2589 3751 per
2630 3682 2808 3736 Jesnm
2860 3679 3129 3734 Christum
3176 3678 3455 3733 Dominum

1873 3784 2116 3831 nostrum
2155 3773 2329 3848 (Rom.
2375 3788 2476 3839 vn,
2514 3771 2729 3841 22-25).
2762 3768 2969 3837 Di/Tusu
3017 3779 3087 3823 est
3128 3782 3255 3837 ergo
3291 3769 3457 3838 gratia

1872 3867 1927 3922 in
1974 3866 2118 3921 labiis
2146 3867 2262 3919 tuis.
2302 3863 2463 3919 Venit
2506 3863 2661 3918 nobis
2700 3877 2821 3916 cum
2856 3859 3019 3915 verbo
3047 3859 3065 3891 ⁸
3088 3859 3303 3928 gratiae,
3331 3872 3454 3913 cum

1874 3959 2056 4014 osculo
2083 3958 2287 4028 gratim.
2318 3955 2454 4023 Quid
2484 3954 2581 4008 ista
2610 3954 2774 4022 gratia
2807 3951 3055 4007 dulcius?
3081 3951 3197 4017 Quo
3229 3952 3457 4019 pertinet

1873 4049 2040 4121 gratia
2072 4047 2198 4103 ista?
2228 4046 2375 4102 Beati
2423 4058 2649 4115 quorum
2696 4044 2934 4098 remissm
2972 4052 3095 4097 sunt
3120 4041 3453 4110 iniquitates,

1874 4150 1930 4197 et
1972 4154 2196 4211 quorum
2239 4145 2373 4193 tecta
2402 4144 2526 4191 sunt
2568 4143 2784 4206 peccata
2813 4132 2985 4204 (Psal.
3009 4134 3260 4203 xxxrri).
3282 4131 3336 4188 Si
3365 4146 3454 4187 se-

1875 4247 2034 4288 verus
2055 4230 2217 4301 judex
2243 4230 2481 4296 veniret,
2505 4243 2604 4284 nec
2628 4227 2841 4283 ail'erret
2869 4226 3023 4282 istam
3044 4225 3267 4296 gratiam
3296 4223 3457 4281 ditiu-

1876 4337 1991 4378 sam
2038 4322 2090 4377 iu
2122 4322 2280 4377 labiis
2307 4320 2454 4385 suis,
2480 4320 2598 4391 quis
2644 4319 2713 4374 de
2740 4318 2908 4373 salute
2950 4316 3147 4387 aliquid
3172 4316 3458 4387 speraret?

1876 4414 2007 4483 Quis
2036 4427 2141 4468 non
2171 4412 2269 4467 sibi
2312 4412 2412 4467 hoc
2439 4412 2648 4465 timeret
2677 4408 2819 4480 quod
2847 4408 3108 4478 peecatori
3140 4406 3459 4462 debebatur?

1878 4507 1973 4562 ille
2001 4506 2220 4561 veniens
2245 4519 2366 4560 cum
2393 4503 2559 4574 gratia
2585 4544 2600 4568 ,
2632 4518 2735 4555 non
2762 4500 2938 4571 exegit
2979 4498 3120 4569 quod
3145 4498 3459 4564 debebatur,

1879 4597 2037 4653 Solvit
2083 4595 2225 4667 quod
2269 4609 2376 4650 non
2419 4593 2664 4649 debebat.
2691 4590 2826 4647 Num
2874 4591 3017 4646 enim
3066 4605 3169 4644 non
3213 4598 3461 4658 peccator

1878 4686 2103 4744 debebat
2133 4685 2395 4741 mortem?
2419 4685 2526 4739 Aut
2556 4699 2685 4739 vero
2708 4682 2805 4737 tibi
2836 4680 3100 4752 peccatori
3126 4679 3453 4746 debebatur,

1880 4776 1980 4832 nisi
2006 4775 2365 4846 supplicium?
2395 4774 2577 4831 Debita
2614 4783 2703 4829 tua
2734 4773 2961 4837 dimisit,
3006 4780 3060 4827 et
3088 4771 3320 4827 indebita
3364 4786 3462 4827 sua

1879 4870 2122 4925 exsolvit.
2172 4867 2583 4939 hlagnagratia.
2638 4865 2812 4935 Quare
2855 4865 3059 4935 gratia?
3099 4867 3232 4933 Quia
3274 4866 3459 4936 gratis.

1880 4960 2168 5030 Propterea
2200 4961 2290 5015 tibi
2329 4959 2525 5030 gratias
2567 4973 2723 5028 agere
2752 4958 2905 5021 licet,
2935 4958 3135 5013 referre
3159 4973 3266 5012 non
3298 4957 3460 5022 licet;

1879 5069 1987 5109 non
2037 5053 2178 5108 enim
2221 5060 2391 5123 potes.
2418 5050 2701 5118 Quaerebat
2738 5048 2825 5103 ille
2869 5048 2997 5120 quid
3037 5050 3384 5113 retribueret,
3410 5056 3463 5103 et

1879 5146 2053 5202 dixit:
2089 5144 2224 5211 Quid
2260 5144 2533 5200 retribuam
2572 5141 2795 5197 Domino
2836 5160 2927 5213 pro
2967 5144 3196 5197 omnibus
3236 5156 3353 5213 qua!
3379 5157 3463 5195 re-

1882 5238 2053 5292 tribuit
2081 5237 2244 5291 nti/ti?
2266 5237 2329 5291 Et
2352 5235 2551 5291 invenit
2577 5235 2729 5304 quasi
2756 5234 2954 5304 aliquid
2987 5251 3000 5286 :
3031 5231 3247 5290 Calicem
3269 5232 3461 5286 saluta-

1880 5329 1953 5383 ris
1991 5328 2236 5398 accipiam
2260 5368 2274 5389 ,
2303 5335 2351 5382 et
2380 5342 2575 5393 nomen
2603 5322 2811 5379 Domini
2856 5324 3095 5379 invocabo
3124 5321 3291 5393 (Psal.
3322 5335 3460 5388 cxv,

1883 5418 1972 5483 12,
2008 5420 2119 5489 15).
2154 5417 2267 5474 lloc
2287 5418 2364 5473 illi
2389 5416 2639 5487 rependis
2659 5458 2676 5485 ,
2700 5416 2820 5487 quia
2846 5415 3065 5471 calicem
3093 5412 3339 5467 salutaris
3367 5426 3463 5466 ac-

1881 5511 2036 5580 cipis,
2070 5519 2125 5565 et
2150 5524 2343 5565 nomen
2366 5508 2572 5563 Domini
2595 5507 2835 5562 invocas?
2854 5505 2983 5572 Quis
3003 5504 3093 5559 tibi
3115 5501 3261 5560 dedit
3289 5503 3462 5572 ipsum

1881 5601 2100 5657 calicem
2143 5601 2453 5657 salutarem?
2481 5598 2755 5655 Remansit
2796 5596 2852 5652 in
2892 5594 3100 5650 actione
3127 5593 3415 5664 gratiarum
3445 5633 3461 5655 ,

1883 5710 2007 5752 nam
2037 5696 2090 5750 in
2113 5694 2367 5750 relatione
2411 5693 2621 5751 defecit.
2650 5688 2828 5747 lnveni
2858 5685 2984 5758 quid
3013 5686 3125 5743 Deo
3150 5684 3277 5753 des,
3319 5681 3461 5754 quod

1950 5826 1967 5856 ⁸
2000 5825 2137 5876 Corb.
2159 5831 2241 5874 bis.
2286 5823 2495 5875 verbum.
