3960 6422
539 433 610 490 ab
633 432 726 490 illo
749 447 860 490 non
894 430 1200 503 acceperis;
1229 436 1284 484 et
1307 425 1552 483 retuleris
1577 431 1826 496 gratiam.
1859 422 1963 479 Sed
1987 438 2119 480 cave

538 542 610 583 ne
629 525 756 583 dum
785 525 980 596 quaeris
1005 522 1129 594 quid
1170 519 1250 576 illi
1294 519 1558 575 rctribuas
1577 560 1598 584 ,
1628 514 1772 586 quod
1801 515 1868 570 ab
1897 515 1985 568 illo
2019 530 2122 570 non

539 617 812 687 acceperis
835 657 852 683 ,
881 613 1116 669 invenias
1138 654 1154 678 ,
1181 609 1276 666 sed
1305 619 1578 681 peccatum
1623 617 1791 661 tuum.
1834 605 1943 659 lloc
1973 606 2127 676 plane

537 712 606 765 ab
637 710 724 764 illo
751 723 858 762 non
882 704 1132 775 accepisti
1153 747 1168 766 .
1197 703 1288 760 sed
1314 719 1412 758 nec
1438 703 1486 757 ei
1515 701 1644 756 dare
1673 699 1860 757 debes.
1896 698 2006 754 lloc
2026 698 2126 754 de-

538 802 735 856 derunt
776 798 980 863 Judazi,
1016 796 1380 851 retribucruut
1422 794 1558 848 mala
1605 807 1699 862 pro
1740 791 1931 855 bouis;
1964 805 2124 846 acce-

535 901 727 962 perunt
761 891 826 945 ab
853 905 917 944 eo
949 889 1212 959 pluviam,
1242 895 1296 942 et
1326 886 1551 940 [rut-tum
1579 900 1682 938 non
1705 882 1966 938 dederunt
1989 924 2002 945 ,
2033 881 2125 936 sed

535 985 718 1053 spinas
749 983 1014 1038 dolorum.
1060 981 1200 1050 Ergo
1231 979 1426 1034 bonum
1456 975 1708 1046 quidquid
1736 975 1968 1030 volueris
1995 976 2044 1028 iu
2077 984 2126 1028 te

535 1075 664 1130 dare
698 1076 804 1130 Deo
828 1117 844 1142 ,
873 1091 976 1128 non
1019 1081 1070 1128 te
1115 1072 1323 1126 iuvenis
1349 1071 1618 1138 accepisse
1658 1068 1756 1122 nisi
1788 1085 1816 1120 a
1853 1068 1980 1122 Deo.
2013 1067 2124 1135 ipsa

534 1176 615 1221 est
658 1167 826 1237 gratia
875 1165 967 1220 Dei
994 1165 1180 1218 dill'usa
1219 1165 1270 1217 in
1312 1162 1485 1216 labiis.
1509 1160 1657 1216 Fecit
1680 1169 1751 1224 te,
1780 1160 1944 1229 gratis
1969 1168 2019 1212 te
2050 1156 2126 1211 le-

531 1260 625 1312 cit.
672 1257 790 1313 Non
837 1257 978 1312 enim
1015 1265 1130 1310 erat
1163 1255 1244 1309 cui
1293 1262 1567 1324 pra-staret
1593 1263 1875 1320 antequam
1905 1250 2121 1304 iaceret.

533 1351 809 1415 Perieras,
833 1349 1076 1420 qmesivit
1107 1358 1176 1412 te;
1206 1356 1259 1402 et
1287 1346 1556 1399 inventum
1584 1343 1845 1398 revocavit
1877 1352 1944 1396 te.
1977 1342 2122 1395 Prm-

533 1446 690 1498 terita
732 1459 837 1496 non
887 1441 1205 1513 imputavit,
1243 1438 1420 1494 futura
1451 1438 1715 1508 promisit.
1742 1435 1878 1490 Vere
1931 1432 2124 1501 cli/fusa

532 1545 608 1591 est
634 1536 798 1607 gratia
837 1536 889 1588 in
915 1535 1060 1588 labiis
1090 1534 1209 1586 tuis.

604 1629 659 1684 8.
695 1627 967 1697 PrOpterea
993 1667 1007 1692 ,
1034 1625 1230 1694 ittqttit,
1253 1623 1504 1679 benedixit
1541 1631 1588 1674 te
1613 1618 1753 1674 Deus
1777 1619 1828 1673 in
1855 1627 2119 1672 a’ternum.

531 1720 861 1781 laboratur,
890 1728 944 1771 ut
977 1717 1077 1770 hoc
1110 1717 1276 1785 possit
1303 1713 1519 1783 intelligi
1554 1710 1728 1766 adhuc
1768 1724 1796 1764 τι
1829 1710 1937 1764 Deo
1967 1709 2123 1764 l’atre

532 1811 636 1867 dici
662 1852 677 1874 ,
707 1809 982 1878 Propterea
1023 1805 1272 1860 benedixit
1299 1817 1346 1857 te
1361 1802 1499 1857 Deus
1520 1805 1569 1856 in
1601 1811 1862 1855 a'ternum.
1890 1801 2120 1855 Aecum-

530 1905 798 1962 ntodatius
834 1903 1045 1956 videtur
1088 1899 1190 1954 hoc
1216 1899 1380 1968 atcipi
1431 1913 1495 1952 ex
1533 1910 1763 1966 persona
1817 1894 2118 1962 Propheta).

530 2001 600 2057 Et
631 1999 953 2054 mutationes
982 2009 1326 2065 personarum
1371 1990 1660 2060 repentina:
1681 2029 1697 2054 ,
1729 1999 1781 2042 et
1806 1987 2024 2040 omnino
2053 2001 2117 2039 ex

529 2092 840 2164 improviso,
865 2089 1204 2143 inveniuntur
1226 2087 1276 2138 itt
1306 2084 1504 2139 sanctis
1520 2082 1913 2150 Scripturarmn
1948 2079 2116 2164 libris;

525 2195 583 2242 et
608 2161 672 2239 isi
715 2184 835 2254 quis
861 2181 1121 2244 advertat,
1154 2179 1323 2248 plena:
1359 2184 1481 2229 sunt
1513 2173 1714 2242 pagina:
1763 2171 1975 2226 diviuze.
2003 2161 2118 2224 Do-

528 2277 663 2331 mine
683 2317 698 2341 ,
729 2273 885 2328 libera
919 2273 1140 2325 animum
1180 2285 1341 2322 meam
1371 2284 1401 2320 a
1430 2266 1575 2320 labiis
1607 2265 1790 2334 iniquis
1817 2273 1862 2316 ct
1889 2281 1920 2314 ιι
1946 2263 2120 2332 lingua

529 2367 728 2431 dolosa;
771 2374 824 2419 et
851 2365 1063 2429 statim,
1099 2359 1233 2426 Quid
1263 2360 1408 2412 detur
1437 2357 1562 2422 tibi,
1585 2366 1670 2408 aut
1703 2354 1824 2425 quid
1845 2355 2122 2423 adjiciatur

528 2457 618 2512 tibi
661 2458 901 2510 adversus
941 2456 1167 2524 linguam
1219 2449 1521 2505 subdolam?
1571 2449 1688 2502 Alia
1734 2448 1840 2501 illic
1894 2462 2118 2516 persona

530 2559 667 2616 erat,
696 2550 796 2604 alia
827 2549 910 2604 hic
936 2566 949 2602 :
984 2547 1054 2602 ibi
1087 2544 1313 2616 petentis
1333 2585 1346 2608 ,
1380 2543 1464 2598 hic
1493 2541 1877 2597 subvenientis.
1908 2539 2120 2611 Sagitta:

530 2642 746 2714 potentis
787 2649 984 2705 actate,
1009 2654 1122 2692 cum
1155 2635 1454 2690 carbonibus
1495 2633 1801 2688 vastatoriis.
1844 2633 1959 2686 Alia
1995 2649 2120 2702 per-

527 2751 659 2792 sona
685 2745 788 2802 est,
823 2733 958 2799 Quid
985 2732 1130 2785 detur
1155 2729 1263 2794 tibi,
1288 2737 1375 2782 aut
1399 2727 1520 2798 quid
1545 2727 1817 2797 adjiciatur
1839 2725 1963 2788 tibi;
1984 2735 2037 2779 et
2064 2725 2118 2778 in

528 2828 976 2898 consequentibus
1017 2825 1072 2878 lit
1101 2823 1204 2877 alia
1229 2865 1242 2888 ,
1272 2821 1385 2875 lleu
1410 2837 1488 2876 me
1508 2821 1529 2876 .’
1555 2820 1674 2890 quia
1703 2817 1954 2874 incolatus
1979 2834 2118 2872 meus

529 2926 834 2997 longinquus
867 2922 1033 2992 factus
1055 2929 1128 2974 est
1157 2916 1329 2989 (Psal.
1357 2931 1480 2971 crux
1500 2955 1517 2981 ,
1538 2913 1679 2985 2-5).
1708 2911 1767 2968 In
1795 2912 1973 2982 paucis
2001 2926 2120 2965 ver-

528 3019 677 3074 sibus
697 3026 803 3070 tam
831 3014 1017 3069 crebra
1046 3010 1269 3066 mutatio
1299 3022 1645 3079 personarum
1670 3006 1992 3060 intellectum
2019 3003 2110 3057 ad-

527 3118 713 3168 monet
743 3127 757 3163 :
789 3123 895 3163 non
926 3105 1178 3177 exprimit
1207 3104 1380 3158 locum
1428 3101 1516 3154 ubi
1549 3109 1801 3162 mutatur;
1845 3115 1950 3152 non
1982 3097 2116 3152 dici-

529 3215 637 3269 tur,
663 3203 773 3258 lloc
793 3201 923 3256 dixit
945 3199 1127 3260 homo,
1157 3200 1256 3251 hoc
1284 3196 1415 3250 dixit
1441 3195 1601 3255 Deus;
1635 3191 1728 3248 sed
1749 3207 1816 3247 ex
1841 3192 1969 3261 ipsis
1995 3207 2117 3246 vera

528 3300 614 3356 bis
639 3300 696 3354 lit
723 3298 876 3352 “trhis
916 3292 1214 3362 intelligere
1251 3289 1377 3360 quid
1416 3288 1480 3342 ad
1515 3286 1783 3340 inmunem
1813 3285 2076 3354 pertineat
2099 3325 2117 3348 ,

529 3392 656 3463 quid
701 3389 765 3445 ad
807 3389 991 3444 Deum.
1023 3385 1194 3440 Homo
1241 3391 1416 3435 autem
1455 3378 1698 3443 dicebat,
1730 3376 1994 3432 Erue-tavit
2031 3393 2120 3430 cor

529 3491 694 3538 meum
729 3481 930 3536 verbum
972 3478 1151 3532 bonum
1171 3517 1184 3540 ,
1215 3474 1327 3528 dico
1356 3489 1445 3544 ego
1473 3487 1627 3541 opera
1657 3487 1768 3524 mea
1791 3470 1920 3540 regi.
1949 3469 2122 3523 Homo

530 3574 762 3639 dicebat,
796 3573 884 3626 ille
903 3570 1111 3625 dicebat
1135 3568 1222 3636 qui
1249 3565 1463 3634 scripsit
1489 3561 1893 3624 Psalmummed
1911 3577 1977 3616 ex
1995 3577 2122 3630 per-

527 3680 659 3721 sona
683 3665 774 3719 Dei
797 3663 1006 3718 dicebat
1039 3679 1050 3713 :
1077 3658 1265 3728 incipit
1305 3655 1485 3711 dicere
1509 3665 1559 3710 et
1588 3667 1652 3709 ett
1678 3665 1772 3708 sua
1796 3693 1813 3720 ,
1843 3651 2120 3721 Propterea

529 3758 778 3814 benedixit
805 3766 850 3809 te
873 3754 1012 3808 Deus
1029 3755 1084 3806 in
1109 3761 1370 3806 aeternum.
1404 3749 1620 3804 Dixerat
1647 3748 1788 3802 enim
1814 3748 1970 3815 Dens,
1995 3746 2118 3818 Dif-

529 3857 647 3925 fusa
675 3859 743 3904 est
771 3848 936 3920 gratia
985 3843 1041 3900 in
1084 3844 1230 3899 labiis
1260 3843 1358 3896 tuis
1379 3883 1394 3908 ,
1423 3841 1469 3895 ei
1491 3856 1648 3911 qttem
1677 3840 1878 3896 iecerat
1906 3840 2118 3909 Specio-

529 3957 649 4000 sunt
671 3950 778 4014 pra:
796 3940 917 3995 [iliis
937 3939 1234 4002 hominum,
1253 3935 1411 3991 etiam
1434 3933 1703 3988 hominem
1727 3949 1887 4002 quem
1911 3931 2074 3988 Deum
2099 3932 2116 3966 ³

528 4045 651 4091 ante
671 4033 848 4090 annois
875 4031 1169 4102 protulerat
1186 4071 1199 4093 ,
1235 4036 1468 4081 aeternus
1491 4035 1838 4082 eoa'ternum.
1867 4026 2120 4094 Impletus

528 4137 610 4184 est
636 4133 760 4198 ergo
783 4125 1047 4194 PrOpheta
1075 4120 1270 4193 gmtdio
1302 4118 1532 4190 quodam
1563 4115 1810 4173 inellabili
1833 4159 1847 4182 ,
1873 4128 1923 4172 et
1945 4128 2120 4173 atten-

530 4223 663 4278 dcns
702 4219 826 4291 quid
857 4218 998 4272 Deus
1040 4216 1197 4271 Pater
1227 4213 1297 4268 de
1321 4215 1345 4245 ⁸
1368 4212 1506 4268 Filio
1545 4227 1644 4267 suo
1683 4211 1882 4265 homini
1909 4212 2117 4267 revela-

529 4316 666 4371 vcrit
689 4357 702 4380 ,
745 4312 832 4384 qui
866 4312 1037 4382 potuit
1077 4310 1254 4364 dicere
1285 4307 1383 4361 ista
1410 4315 1463 4361 et
1489 4318 1554 4361 ex
1585 4319 1812 4376 perth
1841 4305 1954 4368 Dei,
1991 4305 2120 4359 Pro-

530 4418 701 4480 pterea
725 4447 739 4472 ,
767 4405 973 4475 inquit,
1005 4400 1259 4456 benedixit
1283 4409 1331 4452 te
1366 4396 1509 4452 Dens
1529 4403 1583 4451 tn
1613 4405 1872 4451 internum.
1903 4395 2120 4462 Quare!

529 4500 756 4569 Propter
796 4495 1041 4568 gratiam.
1091 4492 1181 4547 Illa
1228 4492 1371 4545 enim
1415 4493 1584 4560 gratia
1610 4499 1717 4560 quo
1742 4489 2009 4559 pertinet?
2041 4490 2120 4545 Ad

527 4603 750 4662 regnum
782 4589 1059 4645 (telorum.
1082 4585 1320 4640 Primum
1332 4582 1476 4637 enim
1497 4581 1894 4637 Testamentum
1923 4589 2119 4637 terram

529 4686 893 4758 promiserat:
924 4689 977 4736 et
1026 4677 1170 4733 aliud
1226 4676 1502 4746 puemiqu
1549 4675 1648 4730 fuit
1697 4674 1782 4729 vel
1835 4676 2121 4744 promissio

529 4777 631 4834 sub
661 4773 802 4845 Lege
827 4774 1144 4843 positorum,
1174 4767 1316 4822 aliud
1344 4767 1444 4822 sub
1481 4764 1660 4823 Gratia
1692 4782 1708 4821 :
1741 4775 1878 4821 terra
1907 4764 2120 4821 Chana-

531 4876 774 4926 lmortttu
816 4861 1014 4921 ludatis
1044 4861 1144 4918 sub
1179 4859 1324 4932 Lege
1351 4860 1566 4930 positis,
1599 4873 1820 4928 regnum
1858 4860 2118 4916 etelor‘um

530 4957 850 5016 Christianis
875 4956 974 5011 sub
1003 4954 1180 5010 Gratia
1207 4952 1414 5026 positis.
1439 4952 1619 5022 Itaque
1658 4951 1799 5022 quod
1821 4953 2120 5022 pertinebat

530 5053 598 5108 ad
630 5066 724 5108 eos
751 5051 840 5122 qui
868 5048 966 5104 sub
995 5047 1136 5118 Lege
1177 5045 1333 5116 positi
1362 5047 1518 5100 erant
1538 5085 1552 5110 ,
1584 5059 1827 5114 regnum,
1860 5055 2000 5099 terra
2031 5045 2120 5100 illa

531 5143 745 5200 transiit
774 5159 789 5198 :
821 5155 1044 5211 regnum
1088 5139 1346 5193 calorum
1375 5135 1516 5207 quod
1558 5136 1788 5205 pertinet
1816 5136 1914 5190 sub
1938 5136 2121 5192 Gratia

529 5235 738 5309 positis,
771 5248 874 5288 non
899 5230 1106 5287 transit.
1137 5228 1423 5300 Propterea
1453 5227 1572 5294 hie,
1597 5226 1854 5281 benedixit
1878 5236 1925 5281 te
1953 5225 2115 5296 Dens,

501 5370 504 5374 -
533 5344 640 5387 ιιοιι
667 5329 733 5384 ad
765 5337 993 5398 tempus,
1018 5323 1110 5380 sed
1134 5324 1187 5377 in
1215 5334 1476 5378 arternum.

606 5422 659 5479 9.
688 5419 804 5476 Non
825 5419 1110 5475 defuerunt
1137 5416 1226 5487 qui
1256 5415 1431 5469 omnia
1459 5413 1621 5468 etiam
1653 5411 1930 5481 superiora
1959 5411 2119 5467 verba

533 5529 600 5570 ex
641 5512 924 5585 PrOpheta:
961 5522 1189 5582 persona
1229 5505 1396 5576 accipi
1449 5505 1668 5560 mallent
1699 5519 1712 5560 :
1738 5513 1792 5559 et
1835 5502 1937 5558 hoc
1978 5503 2121 5575 quod

595 5650 614 5682 ι
647 5649 720 5701 sic
760 5654 869 5699 Mss.
927 5653 983 5698 At
1023 5650 1157 5706 ων..
1195 5654 1338 5708 quem
1375 5649 1503 5693 Deus
1560 5647 1670 5691 ante
1700 5652 1860 5691 omnia
1895 5639 2122 5705 prtetule-

531 5717 628 5804 "ut.
649 5774 720 5823 sic
742 5779 848 5824 Mss.
875 5779 931 5824 At
955 5769 1079 5834 apud
1101 5777 1211 5824 ιον.
1235 5768 1315 5822 hic
1333 5766 1479 5819 deest
1509 5765 1571 5819 de
1607 5777 1625 5820 :
1658 5772 1713 5820 et
1733 5763 1876 5833 paulo
1895 5773 2024 5832 post.
2038 5765 2122 5823 σιιὶ

532 5837 782 5889 omittitur.

1785 308 1846 366 s
1889 307 2261 368 AUGUS‘I‘th
2301 307 2608 368 EPISCOPI
3676 325 3756 391 ω,

2246 422 2446 480 dictum
2473 434 2557 481 est
2579 468 2595 493 ,
2623 422 2888 482 Eructarit
2923 442 3015 484 cor
3061 445 3230 486 meum
3286 433 3483 490 urbem
3505 435 3755 507 bonum,“

2239 515 2502 586 Propheta
2531 517 2797 573 voluerint
2842 519 3094 591 intelligi,
3122 522 3280 579 veluti
3307 525 3512 583 dicente
3538 528 3756 602 hymnite).
3799 534 3802 536 ⁷

2242 607 2514 680 (Quisquis
2559 609 2700 664 enim
2745 609 2869 666 dicit
2901 612 3154 683 hymnum
3187 615 3312 682 Deo,
3339 629 3535 674 eructat
3570 636 3648 677 cor
3675 627 3759 696 ejus

2237 704 2458 758 verbum
2487 704 2684 758 bonmn
2718 706 3026 773 :quomodo
3063 708 3150 775 qui
3183 709 3509 778 blaSphemat
3532 713 3577 766 itt
3603 715 3757 788 Deum,

2237 802 2442 848 eructat
2483 808 2577 849 cor
2624 796 2739 862 ejus
2770 797 2986 851 verbum
3039 798 3278 870 malum.)
3311 800 3379 856 Ut
3425 812 3477 858 ct
3517 803 3629 858 illttd
3659 814 3760 876 quod

2235 886 2540 953 adjunctqu
2587 896 2688 951 est,
2719 885 2849 942 Dico
2893 905 2984 958 ego
3026 905 3180 960 opera
3217 908 3327 946 inea
3353 892 3491 962 regi,
3522 895 3762 965 signiﬁcare

2236 976 2458 1032 voluerit
2487 991 2753 1032 summum
2785 979 3014 1034 hominis
3055 997 3190 1051 opus
3221 997 3325 1037 non
3355 998 3493 1049 esse,
3521 984 3611 1040 nisi
3639 987 3763 1046 Deum

2235 1068 2470 1123 laudare.
2503 1066 2646 1122 Illius
2667 1078 2748 1122 est
2789 1072 2966 1141 specie
2992 1086 3085 1126 sua
3122 1073 3332 1141 placere
3357 1073 3450 1127 tibi
3474 1113 3490 1137 ,
3519 1074 3578 1130 ad
3607 1085 3650 1132 te
3674 1093 3763 1148 pcr-

2235 1159 2365 1212 tiuet
2388 1175 2507 1212 ctnn
2536 1159 2586 1212 itt
2623 1164 2916 1228 gratiarum
2949 1164 3162 1218 actione
3195 1163 3430 1220 laudare.
3462 1164 3621 1233 Opera
3645 1180 3713 1223 tua
3733 1172 3765 1226 si

2233 1264 2339 1303 non
2369 1249 2561 1305 fuerint
2591 1250 2707 1304 latts
2738 1252 2827 1306 Dei
2847 1294 2860 1314 ,
2896 1253 3083 1322 incipis
3115 1254 3339 1324 teipsum
3382 1269 3659 1322 amare;et
3680 1275 3767 1330 per-

2231 1340 2427 1396 tinebis
2452 1341 2515 1395 ad
2547 1343 2664 1396 illos
2690 1342 2757 1398 de
2780 1344 2972 1414 quibus
2996 1345 3122 1399 dicit
3139 1347 3430 1414 Apostolus
3455 1365 3468 1401 :
3505 1346 3649 1401 Erant
3671 1353 3768 1404 enim

2229 1432 2457 1488 homines
2483 1436 2676 1504 saipsos
2704 1446 2932 1490 amantes
2961 1435 3024 1504 (ll
3059 1431 3190 1489 Tim.
3221 1451 3296 1497 ιιι,
3327 1436 3412 1504 2).
3458 1438 3664 1507 Displiec
3683 1441 3763 1502 tibi.

2232 1525 2435 1594 placeat
2464 1525 2554 1579 tibi
2586 1527 2674 1595 qtti
2703 1535 2754 1580 te
2784 1526 2938 1589 fecit;
2968 1528 3088 1597 quia
3114 1528 3164 1582 in
3196 1542 3262 1583 eo
3285 1528 3378 1582 tibi
3409 1529 3644 1600 disptiees
3663 1533 3765 1600 quod

2230 1617 2280 1672 in
2311 1627 2363 1672 te
2391 1619 2502 1690 ipse
2522 1619 2550 1671 l.
2569 1619 2708 1675 cisti.
2739 1619 2886 1690 Opus
2909 1637 3037 1691 ergo
3061 1631 3205 1674 tmnn
3227 1622 3296 1678 sit
3328 1621 3444 1677 laus
3471 1623 3580 1689 Dei,
3609 1636 3768 1682 cruciet

2227 1725 2323 1766 eor
2377 1720 2522 1765 tuum
2557 1713 2775 1768 verbum
2810 1716 3025 1768 Imaum.
3051 1713 3149 1768 Dic
3195 1730 3324 1784 ergo
3366 1733 3520 1786 opera
3546 1727 3626 1771 tua
3649 1721 3767 1790 regi:

2227 1802 2350 1872 quia
2383 1814 2431 1855 ιιι
2463 1804 2691 1869 diceres,
2726 1823 2815 1859 rex
2845 1806 3002 1870 fecit,
3029 1819 3082 1862 ct
3105 1808 3216 1877 ipse
3241 1808 3464 1863 donavit
3485 1811 3616 1879 qttod
3640 1813 3765 1866 offer-

2228 1908 2334 1948 res.
2365 1893 2550 1949 Rt-dde
2580 1895 2655 1950 illi
2702 1896 2770 1951 de
2795 1912 2893 1950 suo
2916 1937 2932 1961 ,
2966 1913 3031 1952 ne
3061 1899 3188 1951 velis
3229 1911 3452 1971 accepta
3483 1911 3620 1970 parte
3647 1905 3762 1971 patri-

2227 1987 2391 2040 tttmtii
2433 1988 2505 2042 tui
2540 1988 2616 2042 ire
2661 1988 2868 2058 longius
2911 1999 2965 2044 ct
3011 1989 3225 2060 prodige
3258 1992 3486 2059 perdere
3510 1993 3526 2024 ²
3558 1995 3606 2047 in
3632 2010 3764 2050 uterc-

2229 2078 2408 2142 trices,
2439 2087 2492 2133 et
2523 2095 2712 2148 pot'cos
2742 2097 2980 2149 (nocere.
3025 2080 3134 2136 lloc
3164 2083 3522 2138 recordamini
3548 2101 3605 2140 ex
3630 2086 3762 2140 Evan-

2224 2170 2382 2238 gelio.
2412 2171 2514 2225 Sed
2541 2173 2700 2226 etiam
2738 2173 2805 2228 de
2846 2172 3000 2226 nobis
3025 2172 3223 2228 dictum
3257 2185 3340 2229 est
3372 2193 3386 2230 :
3419 2174 3640 2231 Mortuus
3660 2186 3761 2241 erat,

2225 2270 2270 2312 et
2296 2261 2496 2324 revixit;
2524 2263 2757 2330 perierat,
2779 2272 2825 2316 ct
2853 2263 3082 2319 inventas
3111 2275 3181 2319 est
3218 2263 3372 2334 (Luc.
3408 2282 3499 2332 xv,
3526 2267 3627 2337 δί).

2300 2352 2385 2405 10.
2421 2351 2619 2423 Lingua
2643 2371 2752 2409 mea
2779 2355 3004 2409 calamus
3028 2355 3206 2410 scriba:
3223 2397 3237 2419 ,
3272 2355 3510 2412 celociter
3533 2359 3759 2414 scribentis.

2225 2441 2340 2497 Non
2370 2443 2651 2500 defuerunt
2679 2445 2767 2515 qui
2808 2447 2887 2502 sic
2910 2447 3259 2518 intelligerent
3287 2448 3604 2518 l’ropltetant
3626 2451 3753 2506 cadi-

2225 2536 2367 2589 xisse
2411 2553 2528 2604 qua:
2558 2538 2844 2604 scriberet,
2887 2547 2941 2592 et
2989 2539 3110 2594 ideo
3158 2540 3391 2610 linguam
3435 2557 3581 2596 suam
3603 2543 3761 2596 calamo

2224 2627 2412 2681 scriba:
2433 2643 2789 2698 COII‘tpal‘uSSO.
2824 2627 3070 2685 Velociter
3087 2643 3266 2687 autem
3297 2633 3558 2688 scribentis
3584 2636 3760 2692 voluisse

2225 2716 2425 2786 dicere,
2455 2729 2512 2774 ut
2539 2721 2863 2791 signiﬁcaret
2909 2737 2972 2778 ea
3011 2737 3075 2778 se
3121 2725 3394 2792 scribere,
3420 2742 3536 2796 qtae
3562 2728 3758 2782 velocith

2225 2820 2445 2867 veutma
2471 2823 2645 2875 erant,
2678 2822 2734 2868 ut
2764 2814 3018 2870 velociter
3061 2817 3325 2882 scribere,
3356 2819 3553 2874 velocia
3578 2821 3759 2876 scribae

2224 2902 2569 2975 intelligatur,
2596 2906 2644 2960 id
2674 2918 2754 2963 est
2784 2909 3021 2963 scribere
3049 2923 3154 2963 non
3197 2911 3501 2967 tardatum.
3530 2912 3635 2969 Non
3656 2914 3760 2968 enim

2228 2997 2450 3053 tardavit
2481 3000 2618 3054 Deus
2661 3001 2916 3059 exhibere
2957 3001 3249 3058 Christum.
3297 3003 3470 3073 Quam
3497 3005 3759 3082 ciwcvolu-

2226 3099 2336 3145 tttttt
2379 3093 2640 3160 sontitnr,
2672 3094 2812 3162 qttod
2845 3103 3113 3163 peractum
3153 3099 3485 3168 agnoscitur!
3512 3097 3761 3156 Recordare

2224 3182 2596 3251 generationes
2637 3192 2761 3238 ante
2799 3194 2901 3249 te,
2930 3185 3169 3242 invenies
3216 3188 3394 3244 Adam
3441 3189 3758 3260 ιειιιιιιιιιιιιιιι-

2224 3285 2406 3330 Sterno
2439 3276 2529 3332 die
2579 3277 2792 3333 factum.
2839 3278 2914 3334 lta
2942 3292 3095 3352 gesta
3125 3282 3356 3351 legimus
3403 3287 3577 3341 (anuis
3598 3286 3658 3341 ab
3680 3287 3760 3354 itm

2225 3367 2485 3438 principio
2514 3383 2676 3440 :etgo
2708 3369 2965 3426 velociter
3005 3371 3139 3428 facta
3165 3384 3314 3432 sunt.
3347 3375 3606 3433 Vetociter
3623 3377 3762 3431 critct

2225 3456 2342 3510 dies
2380 3459 2602 3526 judicii;
2654 3461 2889 3530 praeveni
2929 3462 3266 3519 velocitatem
3321 3466 3489 3536 ipsius
3519 3484 3536 3523 :
3563 3466 3762 3522 velociter

2226 3548 2422 3611 veniet,
2453 3551 2684 3604 velocius
2717 3560 2768 3605 ttt
2803 3565 3026 3608 mutare.
3061 3555 3243 3610 Aderit
3289 3557 3456 3613 facies
3477 3558 3670 3630 jttdicis,
3691 3555 3760 3612 sed

2224 3639 2343 3695 vide
2370 3641 2492 3710 quid
2525 3641 2650 3696 dicit
2681 3642 2940 3713 Propheta
2975 3663 2988 3700 :
3022 3644 3402 3703 I’rteeeniamus
3423 3652 3595 3722 [actm
3615 3650 3704 3722 ejus
3724 3649 3768 3720 is.

2223 3737 2536 3804 confessione
2585 3734 2752 3809 (Paul.
2795 3753 2946 3803 χειν.
2973 3739 3052 3809 2).
3105 3739 3315 3807 Di/fusa
3355 3753 3430 3798 est
3473 3742 3760 3814 gratiuinla-

2223 3825 2317 3880 biis
2337 3828 2456 3893 tuis,
2489 3837 2750 3899 propterea
2768 3829 3018 3885 benedixit
3047 3842 3096 3885 te
3124 3831 3260 3888 Deus
3289 3835 3344 3888 in
3370 3847 3622 3890 attentam.

2295 3921 2380 3976 11.
2424 3915 2573 3994 [vers
2598 3921 2678 3996 4.]
2722 3922 2996 3995 Accingere
3023 3926 3254 3996 gladium
3274 3943 3419 3982 mum
3456 3928 3586 3982 circa
3610 3928 3752 3996 feritur,

2224 4015 2583 4083 potentissime.
2609 4014 2848 4070 Gladium
2879 4026 3041 4081 tuum,
3065 4020 3213 4088 qttid,
3243 4021 3346 4076 nisi
3374 4023 3585 4076 verlmm
3616 4017 3756 4074 tuum?

2227 4103 2321 4158 lllo
2344 4105 2521 4172 gladio
2540 4107 2730 4162 stravit
2757 4107 3003 4164 inimicos
3022 4150 3037 4172 .
3065 4111 3157 4166 illo
3183 4113 3364 4180 gladio
3389 4114 3561 4168 divisit
3587 4113 3717 4166 lilituu
3735 4124 3755 4158 a

2225 4207 2396 4264 patre,
2430 4197 2589 4251 liliam
2616 4214 2644 4251 a
2689 4209 2858 4253 matre
2883 4239 2896 4262 ,
2928 4216 3117 4254 nurum
3159 4217 3189 4256 ξι
3211 4217 3392 4258 socru.
3427 4201 3653 4272 Legimus
3673 4202 3757 4253 lta'c

2224 4289 2274 4343 in
2307 4289 2591 4360 Evattgclio
2615 4306 2634 4346 :
2662 4289 2784 4348 Non
2802 4292 2911 4346 veni
2931 4309 3103 4363 pacem
3123 4295 3337 4363 ntittcre,
3357 4298 3445 4351 sed
3467 4298 3689 4368 gladium.
3709 4289 3754 4345 Et

2223 4391 2366 4435 erant
2393 4386 2445 4435 in
2497 4397 2600 4436 una
2640 4383 2790 4436 domo
2831 4385 3050 4455 quinque
3085 4387 3231 4440 divisi
3270 4391 3533 4443 aduersum
3582 4405 3658 4445 se.
3681 4385 3753 4436 duo

2222 4473 2462 4529 adversus
2488 4483 2609 4536 tres.
2637 4485 2684 4532 et
2709 4489 2810 4530 tres
2834 4478 3072 4533 adversus
3099 4480 3224 4533 tinos
3253 4493 3400 4535 erant
3430 4482 3570 4536 divisi
3585 4498 3598 4534 :
3621 4480 3660 4532 id
3676 4488 3751 4539 eSI,

2222 4565 2362 4635 filius
2407 4564 2646 4621 adversus
2685 4579 2907 4637 patrem,
2933 4569 3041 4636 ﬁlia
3080 4571 3320 4626 adversus
3362 4582 3598 4633 matrem,
3632 4580 3751 4621 imus

2222 4657 2463 4712 adversus
2484 4673 2681 4711 socrum
2706 4675 2853 4714 suam
2881 4659 3094 4730 (Matth.
3121 4678 3173 4724 Χ,
3207 4663 3277 4720 54
3299 4703 3318 4730 ,
3347 4664 3438 4730 35,
3468 4673 3513 4717 et
3536 4659 3648 4716 Luc.
3675 4672 3746 4714 sn.

2221 4750 2432 4818 51-55).
2465 4749 2661 4825 Divisio
2691 4750 2806 4806 tunc
2844 4767 2950 4821 quo
2991 4753 3164 4820 gladio
3193 4753 3329 4810 facta
3379 4754 3606 4820 est,nisi
3630 4763 3746 4818 quem

2220 4840 2466 4897 Christus
2512 4843 2689 4897 attulit
2716 4843 2782 4898 ’ἲ
2811 4843 2878 4898 Et
2904 4859 3088 4902 revera
3114 4887 3129 4911 ,
3163 4845 3356 4904 fratres
3375 4889 3392 4914 ,
3427 4850 3578 4902 etiatn
3619 4838 3747 4911 ιιιιιιιιο

2221 4935 2394 4994 dianis
2435 4937 2700 5006 exemplis
2724 4937 2968 4991 videmus
3019 4937 3155 4994 ture.
3190 4938 3366 4995 Placet
3411 4935 3585 5009 juveni
3627 4926 3742 4985 alicui

2223 5026 2335 5081 Deo
2362 5027 2588 5089 servire.
2618 5027 2863 5097 displicet
2888 5029 3059 5098 patri;
3086 5029 3241 5084 divisi
3267 5041 3388 5085 sunt
3416 5029 3648 5083 adversus
3669 5035 3741 5073 se:

2221 5119 2311 5187 ille
2336 5120 2598 5189 promittit
2643 5129 2906 5175 terrenam
2939 5121 3326 5186 lnereditatem,
3354 5122 3443 5177 ille
3467 5127 3595 5173 amat
3619 5111 3737 5168 etule-

2221 5219 2381 5272 stem;
2407 5209 2548 5264 aliud
2578 5211 2678 5265 iste
2714 5210 3014 5280 pollicetur,
3058 5211 3206 5266 aliud
3246 5213 3335 5268 ille
3363 5211 3523 5282 eligit.
3551 5205 3646 5262 Non
3667 5198 3738 5254 sibi

2223 5309 2373 5370 putet
2407 5310 2556 5371 pater
2581 5303 2769 5357 laetam
2809 5303 3093 5371 iniuriam;
3122 5303 3261 5359 Deus
3293 5305 3437 5359 solus
3481 5298 3549 5355 illi
3570 5291 3733 5367 prwicr'

2224 5400 2310 5448 tttr
2337 5410 2350 5444 :
2383 5402 2438 5448 et
2466 5403 2640 5448 tamen
2673 5395 2840 5465 litigat
2881 5411 3003 5449 cum
3052 5396 3163 5451 lilio
3192 5397 3399 5452 volente
3435 5393 3615 5449 servire
3640 5386 3732 5438 ιιω.

2220 5485 2327 5543 Sed
2349 5488 2538 5544 fortior
2558 5499 2642 5544 est
2663 5489 2753 5546 ille
2779 5490 2989 5562 gladius
3014 5490 3304 5562 Spiritualis
3330 5499 3596 5562 seps-mus,
3614 5488 3728 5552 ςυιιιι

2287 5704 2306 5775 ξ
2340 5703 2564 5775 Plerique
2589 5711 2716 5764 3155.,
2743 5703 2819 5756 ire
2837 5705 3039 5775 largius
3056 5713 3101 5757 et
3119 5708 3375 5775 prodigere
3389 5705 3435 5760 in
3455 5695 3694 5775 ιιιιῃςζξὶςεξτ

2287 5719 2304 5736 ³
2341 5719 2564 5770 Plerique
2589 5719 2716 5764 ωδε..
2743 5719 2819 5756 tre
2853 5719 2930 5756 ton
2985 5720 3039 5759 tts
3056 5719 3101 5757 et
3119 5719 3370 5775 proasgere
3389 5720 3435 5760 ιιι
3455 5719 3694 5772 meretricu-

2286 5767 2307 5840 ξ
2339 5774 2661 5840 οιιιιιιζειιδεη
2684 5779 2780 5830 quo
2796 5719 2982 5834 gladi?
2988 5768 3116 5824 facta
3137 5776 3226 5836 est,
3261 5768 3471 5826 Christus
3483 5763 3614 5820 amid
3629 5761 3722 5812 ἔω

2223 5828 2426 5893 habent,
2443 5828 2536 5881 nisi
2558 5828 2714 5894 quem;
