3960 6436
94 332 182 392 εςιι

101 445 386 516 copulatis
416 443 606 490 natura
629 429 876 490 caritatis.
908 426 995 480 Fit
1016 423 1118 477 hoe
1151 419 1299 476 etde
1327 420 1434 472 ﬁlia
1464 415 1722 472 adversus

102 511 380 594 iuzitrc‘t'n,
410 526 580 582 multo
609 524 776 593 magis
818 529 872 574 et
918 518 984 572 ilo
1026 531 1161 570 nuru
1205 511 1464 569 adversus
1485 521 1719 562 socrum.

107 635 232 690 =.\'am
284 620 581 692 :iliipiaiulo
631 620 684 675 in
727 631 829 672 una
873 614 1036 668 domo
1075 623 1242 664 nurus
1270 616 1322 662 ot
1366 617 1555 662 socrus
1580 605 1726 654 iuve-

111 727 355 781 ninutvir
380 713 628 768 hzrretica
649 721 703 765 et
726 708 1011 764 catholica.
1035 705 1100 760 Et
1128 702 1214 758 ubi
1241 699 1448 756 fortiter
1474 695 1728 763 recipitur

117 820 215 871 iste
244 807 514 882 gladius,
541 801 1016 870 reliaptizationem
1066 809 1172 849 non
1231 793 1501 846 timemus.
1549 784 1732 841 Potuit

117 905 296 961 dividi
324 899 430 953 lilia
456 895 710 951 adversus
738 901 964 946 matrem
1001 901 1177 952 suam,
1202 893 1256 939 et
1282 896 1385 938 non
1418 885 1595 952 potest
1623 891 1724 930 iiu-

123 1013 219 1055 rus
243 993 514 1050 adversus
536 1002 751 1044 socrum
781 998 956 1039 suam.

207 1091 299 1145 t9...
343 1085 561 1140 Factum
601 1091 682 1136 est
721 1080 824 1132 hoc
864 1075 1184 1147 generaliter
1225 1069 1386 1126 etiam
1438 1066 1490 1120 in
1533 1076 1734 1134 genere

130 1182 398 1239 humano,
429 1175 637 1229 divisus
669 1181 748 1226 est
780 1170 921 1224 Illius
951 1168 1208 1220 adversus
1245 1169 1468 1230 patrem.
1517 1155 1736 1210 Fuimus

131 1274 287 1329 cnim
307 1265 593 1337 aliquando
613 1263 704 1318 ﬁlii
731 1260 950 1316 diaboli.
981 1258 1167 1312 Adhuc
1199 1252 1503 1309 inﬁdelibus
1527 1248 1734 1302 dictum

139 1375 223 1420 est
259 1379 274 1415 :
310 1359 410 1414 Vos
453 1374 484 1410 ει
516 1365 663 1425 patre
706 1352 906 1406 diabolo
947 1350 1065 1404 estis
1096 1347 1292 1419 (Joan.
1343 1360 1458 1407 viii,
1495 1343 1564 1396 44
1586 1341 1626 1412 ).
1671 1338 1743 1392 Et

142 1454 322 1512 amnis
347 1450 639 1505 inﬁdelitas
679 1455 879 1508 nostra,
906 1443 1065 1505 unde,
1097 1441 1198 1494 nisi
1227 1455 1258 1492 a
1292 1447 1442 1508 patre
1479 1432 1740 1489 diabolo?

146 1547 268 1604 Non
304 1545 393 1600 ille
417 1540 652 1598 creando
680 1549 850 1609 pater,
880 1535 972 1592 sed
999 1549 1096 1589 nos
1122 1535 1266 1588 illum
1291 1530 1547 1584 imitando
1575 1527 1666 1580 lilii
1699 1526 1740 1577 ι.

147 1641 270 1696 Jam
299 1634 458 1692 modo
485 1633 680 1688 videtis
727 1631 890 1685 lilium
938 1628 1196 1682 adversus
1239 1632 1445 1694 patrem
1487 1619 1739 1675 divisum.

151 1733 313 1790 \enit
337 1728 546 1802 gladius
589 1727 706 1791 ille;
754 1722 1021 1778 renuntiat
1048 1718 1262 1774 diabolo
1295 1735 1310 1771 :
1344 1713 1540 1770 invenit
1580 1711 1743 1765 alium

151 1837 380 1901 patrem,
408 1822 611 1878 invenit
635 1820 794 1873 aliam
813 1827 1037 1871 matrem
1091 1813 1183 1868 Ille
1210 1811 1275 1864 ad
1306 1809 1656 1863 imitationem
1683 1819 1745 1862 se

154 1898 419 1992 pra-bons,
462 1911 752 1986 generabat
793 1909 844 1964 in
879 1905 1100 1962 exitium
1132 1913 1421 1973 :parentcs
1473 1900 1579 1953 duo
1609 1898 1748 1965 quos

152 2009 479 2069 inveniams,
511 2005 565 2060 in
604 2004 765 2057 vitam
813 2010 1069 2054 a-ternnm
1100 2002 1395 2067 generant.
1419 1992 1628 2046 Divisus
1667 1997 1751 2044 est

159 2105 310 2160 illius
347 2101 602 2156 adversus
625 2106 851 2166 patrem.
883 2091 1057 2147 Divisa
1083 2099 1166 2143 est
1196 2089 1301 2142 lilia
1331 2086 1591 2140 adversus
1629 2096 1747 2135 ma-

153 2205 300 2253 trem
330 2207 475 2249 suam
508 2208 523 2246 :
554 2189 703 2260 plebs
725 2188 812 2243 illa
837 2200 958 2256 qua-
981 2183 1050 2238 de
1073 2180 1272 2236 .lud:eis
1312 2177 1556 2237 credidit,
1584 2175 1753 2228 divisa

155 2300 243 2347 est
273 2287 530 2343 adversus
557 2280 915 2353 Syuagogam.
950 2275 1133 2330 Divisa
1175 2282 1258 2328 est
1287 2280 1341 2326 et
1369 2283 1536 2324 nurus
1560 2266 1753 2321 adver-

153 2394 252 2436 sus
276 2389 486 2434 socrum
515 2388 706 2430 suam:
740 2371 894 2443 plebs
917 2369 986 2424 de
1025 2366 1289 2423 Gentibus
1316 2364 1554 2423 veniens,
1589 2371 1756 2412 inn-us

154 2472 394 2534 dicitur;
420 2468 543 2540 quin
567 2477 798 2536 sponsus
827 2460 1072 2516 Christus
1097 2459 1241 2511 ﬁliis
1265 2455 1582 2526 Synagogm.
1603 2449 1759 2506 Unde

154 2563 313 2619 enim
339 2569 490 2614 natus
513 2568 599 2612 est
627 2554 794 2611 Pilius
826 2554 918 2608 Dei
945 2549 1246 2606 secundum
1276 2543 1534 2601 carnem?
1567 2543 1640 2598 Es
1669 2541 1759 2596 illa

153 2655 460 2728 Synagaga.
487 2649 586 2704 Ille
601 2646 694 2719 qui
719 2645 920 2702 dimisit
942 2652 1146 2713 putrem
1164 2649 1219 2694 et
1244 2648 1487 2698 matrem,
1512 2633 1760 2690 etadlnn-

154 2724 231 2803 sit
264 2724 414 2800 uxori
442 2755 578 2806 sine,
608 2749 669 2794 ut
693 2744 874 2793 essent
915 2733 1024 2790 duo
1053 2732 1108 2786 in
1158 2745 1322 2785 carne
1349 2744 1452 2783 una
1487 2725 1507 2800 (
1538 2724 1667 2782 Ceu.
1698 2739 1758 2790 ii,

156 2841 262 2909 2A)
300 2855 312 2892 :
343 2851 448 2893 non
471 2833 778 2904 conjectura
799 2837 1005 2890 nostra,
1037 2826 1131 2881 sed
1164 2831 1449 2878 attestaute
1481 2820 1756 2889 Apostolo,

157 2941 218 2989 et
242 2932 458 2988 dicente
483 2947 496 2983 :
530 2926 922 2984 Sacranientum
947 2921 1046 2976 hoc
1066 2933 1307 2990 maguum
1334 2925 1408 2970 est
1429 2958 1442 2979 ,
1476 2931 1566 2985 ego
1593 2922 1760 2967 autem

158 3025 291 3079 diro
309 3023 359 3078 in
385 3021 589 3078 Christo
615 3028 660 3072 et
683 3020 740 3072 lii
779 3013 1012 3070 Ecclesia
1042 3013 1061 3084 (
1091 3011 1280 3083 prcs.
1303 3023 1357 3074 ν,
1387 3008 1457 3065 52
1484 3009 1522 3078 ).
1555 3005 1762 3062 Dimisit

159 3117 315 3171 enim
347 3125 549 3184 patrem
579 3105 974 3180 quodammodo
1003 3123 1015 3158 :
1049 3119 1156 3158 non
1188 3102 1406 3156 omnino
1427 3100 1628 3153 dimisit
1650 3097 1762 3152 vel-

159 3208 249 3262 uti
302 3206 366 3262 ad
397 3204 814 3276 separationem,
845 3198 942 3255 sed
972 3197 1039 3253 ad
1078 3195 1476 3265 susceptionem
1516 3192 1760 3246 humana:

147 3301 370 3357 carnis.
396 3295 678 3366 Quomodo
700 3291 937 3350 dimisit?
981 3291 1115 3359 Quia
1158 3305 1279 3345 cum
1309 3298 1453 3345 esset
1493 3289 1546 3343 in
1593 3286 1762 3341 forma

157 3394 298 3461 TDel,
325 3409 424 3449 non
453 3392 693 3463 rapinam
721 3389 1011 3444 arbitratus
1029 3396 1254 3442 estesse
1277 3384 1497 3454 zi-qualis
1521 3383 1647 3442 Deo,
1666 3380 1762 3436 sed

185 3490 520 3560 semetipsum
550 3484 861 3548 cxiuanirit,
882 3482 1108 3538 formam
1138 3483 1278 3536 servi
1310 3481 1577 3548 accipiens
1604 3478 1764 3550 (Plii-

201 3581 310 3651 lipp.
339 3595 394 3645 ll,
420 3578 497 3651 6).
521 3576 799 3646 Quomodo
820 3575 1020 3629 dimisit
1049 3583 1100 3628 et
1123 3571 1390 3628 matrem?
1415 3572 1638 3626 Gentem
1667 3569 1762 3625 ,1η-

201 3671 436 3735 datorum.
453 3671 786 3748 Synagogam
813 3669 955 3724 illam
979 3666 1270 3721 lia'rentein
1301 3665 1572 3720 veteribus
1591 3678 1770 3718 sacra-

202 3767 398 3821 mcntis.
427 3764 509 3820 Ad
539 3765 708 3835 ipsam
739 3761 964 3834 ﬁguram
990 3759 1220 3826 pertinet
1249 3757 1390 3828 quod
1427 3758 1520 3820 ait,
1554 3755 1680 3821 Qua:
1699 3765 1771 3809 est

203 3856 314 3910 nillil
336 3867 512 3924 mater,
539 3866 626 3910 aut
645 3856 732 3926 qui
759 3859 946 3926 fratres
977 3849 1188 3920 (Matth.
1225 3865 1320 3912 xu,
1348 3847 1476 3921 48)?
1511 3847 1603 3902 Ille
1629 3848 1771 3901 enim

205 3947 334 4005 intus
355 3947 606 4016 ducebat,
635 3946 712 4002 illi
742 3945 873 4002 loris
899 3944 1133 3998 stabant.
1165 3941 1352 3996 Videte
1394 3942 1437 3993 si
1482 3956 1585 3993 non
1617 3938 1776 3994 modo

205 4042 267 4097 ita
293 4052 411 4099 sunt
433 4040 623 4099 Iudici.
664 4040 826 4096 Docet
861 4037 1108 4094 Christus
1156 4033 1208 4089 ln
1254 4033 1512 4097 Ecclesia,
1541 4032 1613 4086 illi
1652 4030 1779 4086 toris

205 4146 351 4194 stant.
401 4137 602 4192 Socrus
650 4148 780 4203 ergo
825 4131 950 4203 quid
978 4128 1100 4185 est?
1141 4128 1307 4183 Mater
1354 4127 1555 4195 sponsi.
1613 4125 1781 4182 Mater

205 4229 370 4300 sponsi
411 4226 619 4284 Domini
665 4224 834 4280 noSIri
887 4222 1011 4278 Jesu
1055 4220 1285 4285 Christi,
1347 4218 1622 4291 Syuagoga
1675 4225 1776 4272 est.

207 4319 421 4378 Proinde
461 4334 630 4376 nurus
667 4317 781 4390 ejus
813 4316 1045 4371 Ecclesia
1075 4355 1090 4379 ,
1137 4330 1256 4385 qua:
1303 4313 1523 4368 veniens
1548 4311 1615 4366 de
1641 4311 1783 4367 Gen-

207 4415 336 4472 tibus
383 4431 491 4471 nnn
535 4410 807 4469 Consensit
860 4409 912 4463 in
961 4406 1419 4462 circumcisionem
1479 4404 1779 4470 carnalem,

206 4506 363 4564 divisa
390 4517 472 4564 est
510 4503 765 4560 adversus
804 4515 1013 4555 socrum
1054 4515 1224 4554 suam.
1255 4497 1528 4568 Accingere
1555 4495 1783 4566 gladium

208 4610 356 4656 tuum.
387 4600 466 4657 De
493 4597 727 4670 potentia
758 4594 914 4666 hujus
945 4591 1102 4666 gladii
1129 4589 1510 4662 loquebamur,
1540 4604 1662 4644 cum
1685 4589 1784 4644 ista

207 4693 513 4752 diceremus.

273 4791 357 4855 I3.
414 4786 687 4858 Accingere
736 4781 962 4856 gladium
1013 4788 1189 4842 tuum,
1237 4791 1539 4832 sermonem
1591 4785 1781 4830 tuum:

210 4881 332 4936 circa
362 4885 545 4954 feritur,
570 4874 928 4950 potentissime,
947 4872 1085 4926 circa
1107 4871 1277 4926 l'eniiir
1305 4868 1506 4923 habens
1530 4866 1784 4938 gladium.

204 4974 333 5045 Quid
359 4985 460 5036 est,
484 4973 617 5032 circa
641 4971 806 5042 femur
822 4969 848 5023 ?
865 4967 989 5039 quid
1018 4965 1280 5036 signiﬁcat
1300 4962 1367 5018 de
1392 4961 1632 5018 femore?
1654 4960 1786 5016 Car-

199 5085 343 5126 nem.
374 5064 524 5122 Unde
563 5062 690 5118 illud
717 5070 801 5118 est
826 5075 841 5114 :
880 5057 998 5114 Non
1032 5058 1228 5126 deﬁciet
1252 5056 1485 5126 princeps
1513 5053 1576 5108 de
1605 5052 1748 5108 Juda
1768 5095 1785 5123 ,

197 5173 244 5220 et
263 5163 373 5217 dua:
401 5159 462 5215 de
487 5155 760 5234 femoribus
802 5155 912 5224 ejus
953 5151 1120 5224 (Gen.
1166 5165 1313 5214 xux,
1338 5150 1406 5205 10
1431 5146 1472 5219 ).
1517 5147 1706 5205 Nonne
1735 5158 1790 5205 et

193 5257 317 5331 ipse
342 5252 634 5313 Abraham,
659 5247 740 5302 cui
772 5245 1090 5317 promissum
1115 5251 1228 5298 erat
1256 5256 1438 5297 semen
1471 5241 1522 5294 in
1561 5256 1668 5312 quo
1699 5241 1792 5296 be-

191 5344 578 5405 nedicereutur
617 5352 805 5396 omnes
838 5347 1052 5407 gentes,
1102 5335 1316 5405 quando
1373 5333 1517 5386 misit
1576 5347 1788 5388 servum

191 5455 356 5501 suum
383 5437 447 5492 ad
470 5431 812 5507 quaircndam
849 5439 904 5485 et
940 5428 1236 5484 ducendam
1270 5442 1493 5483 uxorem
1523 5425 1630 5481 ﬁlio
1657 5441 1754 5480 suo
1773 5467 1789 5494 ,

191 5531 345 5593 unde
367 5530 571 5585 veniret
597 5525 723 5582 illud
750 5538 932 5580 semen
983 5532 1224 5578 sanctum
1267 5521 1320 5575 in
1368 5536 1476 5592 quo
1506 5521 1791 5576 benedice-

190 5636 390 5691 rentur
411 5636 601 5680 omnes
624 5629 846 5694 gentes;
877 5616 983 5675 ﬁde
1008 5624 1195 5674 tenens
1222 5615 1276 5674 in
1301 5616 1390 5673 illa
1421 5614 1583 5672 veluti
1611 5614 1794 5672 humi-

268 5827 287 5860 ⁸
324 5831 376 5874 tn
396 5823 489 5874 hac
507 5825 753 5874 sententia
775 5826 880 5870 Ms.
906 5822 1133 5869 omtttunt
1147 5829 1307 5878 voces,
1335 5821 1472 5882 pater
1495 5822 1548 5866 et
1569 5813 1675 5878 ﬁlii.

1226 297 1623 360 ENARRATIO
1659 294 1725 352 lN

1869 295 2098 356 ιωιυιι
2141 295 2319 351 XLIV.
3313 292 3422 356 501

1833 409 1980 466 litate
2022 412 2244 470 seminis
2274 426 2396 470 esse
2435 409 2850 482 magnitudinem
2896 411 3126 466 nominis
3158 411 3198 480 ί,
3247 411 3295 466 id
3338 423 3420 466 est

1831 501 2022 558 Filium
2076 505 2164 558 Dei
2194 515 2472 558 venturum
2517 521 2582 559 ex
2627 504 2748 558 ﬁliis
2789 505 3061 561 hominum
3112 520 3205 574 per
3235 521 3418 561 semen

1834 594 2087 658 Abralize,
2115 594 2239 650 fecit
2267 596 2442 663 ipsum
2478 613 2690 652 servum
2735 613 2921 660 suum,
2950 614 3108 669 quem
3155 598 3418 665 mittebat,

1834 688 1905 743 ita
1933 688 2034 744 sibi
2059 689 2274 758 jurare?
2300 688 2462 754 Pone,
2489 691 2680 760 inquit,
2713 709 2916 745 manum
2948 701 3084 745 tuam
3112 691 3203 746 sub
3235 695 3426 764 femore

1834 797 1966 844 meo,
1989 791 2036 836 et
2063 782 2134 836 sic
2153 783 2275 851 jura
2296 780 2439 852 (Gen.
2466 798 2558 848 sn,
2587 783 2640 844 3,
2665 793 2709 836 et
2736 799 2879 850 χχιι,
2909 782 2966 848 ‘2,
3000 784 3052 844 '5,
3080 793 3125 838 et
3157 799 3311 846 xxvi.
3343 783 3422 852 4).

1836 875 1996 942 Quasi
2025 875 2246 940 diceret,
2288 874 2433 931 Pone
2470 892 2680 930 manum
2719 886 2859 930 tuam
2903 875 2971 930 ad
3013 876 3216 940 altare,
3242 884 3332 930 aut
3358 875 3425 930 ad

1838 967 2211 1038 Evangeliuui,
2248 976 2341 1022 aut
2370 968 2434 1022 ad
2477 967 2819 1037 Prophetam,
2851 977 2942 1022 aut
2981 967 3044 1021 ad
3073 966 3272 1038 aliquid
3305 983 3429 1022 san-

1839 1072 2005 1115 etum.
2033 1059 2144 1115 Suli
2173 1061 2371 1115 leniore
2401 1076 2541 1121 meo,
2571 1061 2759 1130 inquit.
2779 1077 2917 1131 pone
2939 1075 3149 1115 manum
3178 1077 3192 1114 :
3226 1060 3429 1117 habens

1843 1152 2112 1217 ﬁduciam,
2147 1167 2244 1207 nec
2275 1167 2526 1208 reverens
2555 1153 2934 1222 lurpitudinciii
2959 1195 2972 1213 .
3005 1152 3098 1208 sed
3128 1153 3429 1224 intelligens

1842 1248 2144 1302 veritatem.
2190 1246 2499 1315 Propterea,
2532 1245 2806 1316 Accingere
2849 1247 3076 1317 gladium
3107 1257 3246 1302 tuum
3294 1249 3433 1305 circa

1845 1344 2028 1412 feritur,
2056 1339 2412 1408 potentissime.
2437 1338 2812 1394 Potentissime
2837 1338 2996 1394 etiam
3035 1339 3174 1395 circa
3217 1339 3387 1396 femur
3416 1359 3433 1400 :

1847 1431 1968 1501 quia
1998 1430 2138 1501 quod
2191 1431 2462 1486 inﬁrmum
2503 1440 2588 1486 cst
2630 1431 2746 1498 Dei,
2789 1429 2980 1486 fortius
3021 1439 3104 1486 est
3131 1429 3434 1490 hominibus

1848 1524 1866 1591 ί
1873 1523 1892 1578 1
1917 1523 2032 1578 Cor.
2058 1539 2094 1587 I,
2124 1522 2238 1593 9.5).
2275 1522 2646 1577 Potentissime.

1922 1616 2008 1670 14.
2050 1613 2202 1687 [εει-δ.
2348 1613 2528 1684 Specie
2556 1625 2644 1668 tua
2684 1625 2730 1669 et
2773 1614 3150 1685 pulchritudine
3192 1623 3297 1669 tua.
3341 1613 3436 1672 Ju-

1851 1710 2047 1764 stitiam
2088 1711 2299 1780 accipe,
2349 1725 2452 1780 qua
2493 1725 2706 1780 semper
2731 1725 2790 1765 es
2818 1712 3091 1782 speciosus
3116 1719 3170 1766 et
3196 1709 3438 1783 pulcher.

1855 1801 1919 1856 Et
1947 1802 2167 1866 intende,
2218 1815 2266 1856 et
2311 1819 2547 1872 prospere
2575 1803 2806 1872 procede,
2853 1812 2898 1857 et
2938 1818 3115 1874 regna.
3147 1801 3334 1860 Nonne
3361 1801 3444 1860 vi-

1853 1896 2082 1952 demus?
2110 1895 2268 1950 Certe
2283 1895 2394 1966 jam
2421 1894 2613 1950 factum
2644 1905 2745 1949 est.
2778 1895 3042 1950 Atlendite
3059 1895 3246 1950 orbem
3275 1904 3445 1950 terra—

1855 2005 1969 2044 rain
2005 2006 2020 2054 ;
2051 1988 2296 2048 intendit,
2328 2003 2579 2058 prospero
2606 1989 2884 2058 processit,
2905 1996 3192 2057 etregnat;
3219 1986 3447 2043 subdita:

1858 2091 1980 2136 sunt
2006 2097 2193 2136 omnes
2223 2091 2430 2152 gentes.
2461 2080 2596 2148 Quid
2625 2089 2739 2134 erat
2769 2079 2896 2134 illud
2925 2078 3105 2135 videre
3131 2081 3180 2134 in
3208 2079 3396 2150 spiritu
3421 2079 3447 2138 τ

1857 2173 2009 2242 Quod
2040 2191 2179 2228 nunc
2196 2182 2278 2227 cst
2300 2174 2530 2242 experiri
2550 2174 2601 2227 in
2627 2174 2872 2229 veritate.
2897 2174 3118 2242 Quando
3137 2175 3451 2234 dicebantur

1862 2267 1994 2330 ha-c,
2027 2265 2261 2322 nondum
2291 2267 2360 2322 ita
2390 2267 2645 2337 regnabat
2682 2267 2961 2336 Christus,
2991 2269 3224 2325 nondum
3271 2270 3451 2327 inten-

1861 2361 2032 2423 derat,
2067 2361 2299 2415 nondum
2327 2371 2657 2431 processerat
2688 2377 2702 2414 :
2734 2362 3190 2432 praidicabautur;
3218 2364 3454 2425 exhibita

1863 2465 2006 2520 sunt,
2031 2454 2139 2523 jam
2165 2469 2227 2508 ea
2254 2465 2497 2509 tenemus
2521 2471 2534 2505 :
2566 2454 2618 2509 in
2649 2455 2834 2508 multis
2853 2454 3175 2511 redditorem
3195 2455 3456 2512 habemus

1866 2549 2053 2616 Deum,
2083 2549 2134 2602 lii
2165 2548 2346 2618 paucis
2371 2547 2691 2604 debitorem.
2715 2547 2966 2617 Intende,
2999 2560 3046 2604 et
3069 2565 3310 2623 prospere
3336 2565 3458 2622 pro-

1864 2645 2003 2708 cede,
2027 2657 2074 2701 et
2095 2661 2270 2719 regna.

1939 2741 2024 2796 I5.
2069 2739 2288 2810 Propter
2303 2743 2577 2807 ceritatem,
2595 2751 2644 2797 et
2659 2740 3111 2806 mansuetudinem,
3131 2746 3179 2794 et
3182 2738 3458 2812 justitiam.

1867 2831 2094 2888 Reddita
2115 2844 2197 2888 est
2227 2835 2445 2899 veritas,
2471 2833 2686 2905 quando
2710 2835 2907 2888 veritas
2933 2833 3001 2888 de
3025 2844 3163 2888 terra
3194 2841 3314 2887 orta
3351 2839 3456 2899 est,

1865 2938 1920 2984 et
1942 2927 2145 2999 juStitia
2177 2929 2244 2984 de
2269 2929 2407 2985 caelo
2429 2929 2706 3000 prospexit
2735 2927 2906 2998 (Psal.
2932 2942 3148 2993 Lxxxiv,
3179 2925 3286 2997 I2).
3318 2924 3462 2981 Praxo

1867 3032 2106 3077 sciitatiis
2133 3031 2214 3078 est
2244 3023 2488 3079 Christus
2519 3021 2909 3094 exspectationi
2941 3023 2963 3054 '
2988 3019 3202 3092 generis
3218 3018 3460 3085 humani,

1869 3127 1926 3173 ut
1967 3117 2019 3172 in
2045 3117 2251 3174 semine
2283 3119 2508 3174 Abrahzl‘.
2540 3116 2984 3173 heucdiccrcntur
3023 3128 3212 3169 omnes
3254 3120 3459 3179 gentes.

1869 3209 2221 3267 Przcdicalnm
2263 3217 2348 3266 est
2377 3209 2757 3280 Evangelinm;
2791 3207 2988 3262 veritas
3013 3214 3113 3261 est.
3146 3203 3283 3275 Quid
3309 3218 3464 3259 maii-

1871 3302 2129 3357 Sttclttdo?
2172 3302 2318 3358 l'assi
2350 3311 2474 3356 sunt
2504 3310 2789 3372 martyres,
2816 3307 2873 3354 et
2917 3297 3040 3353 inde
3065 3298 3288 3352 multum
3337 3309 3466 3366 pro-

1872 3397 2052 3458 cessit,
2099 3404 2152 3450 ct
2203 3394 2466 3468 promovit
2513 3408 2606 3462 per
2642 3405 2831 3445 omnes
2856 3399 3041 3460 gentes
3071 3379 3292 3460 regnum
3321 3387 3416 3443 Dei
3449 3403 3464 3443 :

1875 3491 1996 3561 quia
2022 3487 2356 3558 [nitieliautur
2387 3494 2666 3554 martyres,
2713 3496 2811 3537 nec
2837 3480 3175 3544 deﬁciebant,
3205 3493 3304 3534 nec
3330 3478 3467 3534 resi-

1876 3583 2116 3645 stebant;
2148 3579 2392 3635 dicentes
2420 3578 2619 3642 omnia,
2653 3575 2784 3630 nihil
2811 3575 3177 3639 occultantes;
3208 3573 3375 3641 parati
3401 3570 3470 3628 ad

1878 3674 2079 3738 omnia,
2107 3672 2236 3725 nihil
2268 3679 2596 3724 recus:mtes.
2623 3666 2808 3737 Magna
2836 3663 3223 3719 mansuetudol
3261 3661 3471 3733 Corpus

1878 3764 2072 3820 Christi
2106 3763 2206 3817 hoc
2237 3761 2380 3825 fecit,
2411 3761 2462 3814 in
2493 3759 2669 3830 capite
2693 3773 2790 3813 suo
2811 3757 3019 3812 didicit.
3052 3757 3145 3812 Ille
3171 3756 3316 3826 prior
3332 3755 3474 3810 sicut

1879 3856 1995 3911 ovis
2017 3855 2081 3910 ad
2105 3855 2424 3910 occisionem
2454 3852 2477 3885 ³
2506 3852 2696 3906 ductus
2723 3858 2826 3915 est,
2854 3859 2909 3905 et
2930 3850 3063 3904 sicut
3089 3863 3258 3918 agnus
3283 3862 3471 3903 coram

1884 3949 2136 4005 tondente
2161 3964 2220 4003 se
2246 3963 2350 4002 non
2380 3947 2587 4016 aperuit
2615 3961 2678 4001 os
2698 3960 2853 4000 suum
2877 3942 3029 4017 (lsai.
3061 3958 3170 4009 LIII,
3197 3943 3252 4014 7)
3276 3957 3476 4013 :usque

1881 4042 2016 4098 adeo
2042 4051 2368 4106 mansuetus,
2395 4049 2452 4096 ut
2494 4038 2733 4112 pendens
2760 4039 2810 4093 in
2849 4052 3009 4093 cruce
3046 4036 3267 4102 diceret,
3295 4035 3471 4102 Pater,

1884 4137 2085 4210 ignosce
2108 4136 2228 4202 illis,
2251 4136 2369 4210 quia
2399 4135 2622 4188 nesciunt
2651 4131 2774 4202 quid
2790 4131 2986 4203 faciunt
3002 4128 3149 4198 (Luc.
3169 4143 3325 4195 XXIII,
3355 4125 3470 4200 54).

1885 4229 2021 4300 Quid
2069 4240 2285 4302 propter
2315 4225 2615 4300 justitiam?
2645 4225 2835 4280 Veniet
2859 4223 3042 4288 etiam,
3073 4232 3131 4278 ut
3162 4221 3384 4292 judicet,
3421 4230 3478 4278 et

1887 4324 2144 4380 retribuat
2177 4322 2461 4392 unicuique
2487 4318 2779 4376 secundum
2810 4331 2973 4387 Opera
2994 4331 3090 4372 sna
3112 4315 3288 4390 (Rom.
3309 4331 3369 4380 ιι,
3393 4313 3478 4384 ϐ).

1889 4418 2031 4482 Dixit
2059 4416 2357 4484 veritatem,
2401 4413 2619 4486 pertulit
2665 4413 2995 4486 iniquitatem
3024 4410 3082 4480 ⁸,
3114 4411 3368 4466 allaturos
3396 4419 3481 4466 est

1889 4510 2216 4579 (equitatem.
2260 4507 2323 4562 Et
2349 4506 2560 4562 deducet
2602 4515 2651 4560 te
2677 4503 2975 4560 mirabiliter
3003 4503 3210 4558 dextera
3234 4514 3340 4556 tua.
3370 4501 3480 4560 Nos

1889 4603 2108 4661 dextera
2139 4603 2326 4675 ipsius,
2356 4602 2471 4673 ipse
2499 4599 2719 4656 dextera
2743 4613 2859 4658 sua.
2890 4597 2982 4653 Ille
3001 4597 3145 4653 enim
3172 4595 3312 4651 Deus
3337 4637 3352 4661 ,
3380 4610 3481 4652 nos

1892 4697 2158 4754 homines.
2209 4697 2435 4753 Dextera
2466 4709 2562 4750 sua
2590 4694 2849 4750 deductus
2882 4703 2997 4760 est,
3041 4691 3092 4747 id
3131 4699 3214 4748 est
3243 4690 3480 4762 potentia

1891 4808 2007 4848 sua.
2039 4791 2249 4846 Etenim
2289 4788 2580 4860 potentiam
2613 4803 2773 4859 quam
2825 4787 2984 4842 Pater
3025 4785 3208 4854 habet,
3237 4782 3400 4840 habet
3429 4793 3486 4841 et

1893 4884 2027 4956 ipse,
2060 4894 2113 4937 et
2137 4881 2593 4937 immortaliiatem
2628 4878 2800 4938 Patris
2827 4875 2988 4933 habet
3015 4885 3070 4932 et
3111 4880 3260 4947 ipse;
3291 4875 3488 4931 divini-

1895 4985 2057 5034 tatem
2080 4976 2251 5032 l’atris
2274 4975 2452 5040 habet,
2471 4973 2820 5028 :etcrnitateui
2840 4971 3011 5026 Patris
3029 4970 3208 5039 habet,
3233 4971 3484 5026 virtutem

1895 5071 2069 5127 Patris
2095 5069 2274 5126 habet.
2316 5066 2554 5124 Deducct
2580 5082 2700 5127 eum
2729 5065 3043 5121 mirabiliter
3068 5063 3290 5120 dextera
3323 5062 3442 5132 ejus
3467 5103 3486 5128 ,

1896 5162 2098 5220 faciens
2126 5160 2328 5224 divina,
2383 5159 2590 5235 patiens
2628 5157 2881 5223 humana,
2928 5137 3158 5212 malitias
3205 5155 3484 5214 hominum

1895 5265 2142 5313 sti-ruens
2185 5254 2422 5310 bonitate
2453 5266 2570 5310 sua.
2608 5251 2798 5312 Adhuc
2827 5249 3107 5306 deducitur
3135 5254 3189 5306 et
3228 5244 3317 5300 ubl
3346 5260 3486 5298 non-

1897 5351 2024 5407 dum
2047 5358 2150 5419 est,
2179 5359 2234 5405 et
2261 5349 2478 5404 dextera
2506 5348 2621 5418 ejus
2649 5345 2864 5402 deducit
2891 5358 3034 5400 eum.
3067 5341 3177 5396 lloe
3195 5339 3337 5395 enim
3360 5353 3487 5395 eum

1968 5621 1984 5652 ι
2019 5619 2092 5669 sic
2114 5625 2218 5667 Mss.
2247 5622 2300 5667 At
2324 5612 2460 5673 ald,
2483 5608 2709 5662 numinis.

1963 5683 1985 5716 ³
2017 5684 2090 5732 ste
2117 5687 2222 5730 uss.
2251 5686 2304 5741 Αι
2324 5671 2456 5737 sum,
2477 5671 2785 5741 exspectatio.

1968 5745 1990 5777 ⁸
2021 5743 2154 5804 Edd.,
2179 5740 2435 5794 victimam.
2453 5746 2590 5804 _tiss.,
2615 5740 2917 5804 OCCts‘tQIiem.

1972 5809 1993 5840 ⁸
2025 5793 2275 5865 Βιιὸίιεέ.,
2306 5799 2499 5852 orotuli't
2516 5793 2944 5847 mansuetudinem.
