3942 6416
604 416 772 482 ducit,
799 415 939 487 quod
971 415 1082 485 ipse
1102 410 1318 469 donavit
1345 406 1541 464 sanctis
1583 405 1716 462 suis.
1754 403 1979 460 Deducet
2007 412 2055 457 te
2079 419 2175 457 uu-

597 508 820 564 rabiliter
839 508 1040 560 dextera
1060 515 1165 558 tua.

668 601 755 658 l6.
801 600 965 672 [vers.
993 598 1045 653 6.
1074 595 1094 670 ]
1124 595 1335 666 Sagith
1361 602 1462 649 tua:
1501 598 1682 657 oculis,
1728 588 2085 659 potentissimae
2107 587 2123 618 ί
2154 603 2168 641 :

594 692 757 749 verba
785 706 877 746 cor
898 686 1282 758 ‘trausligcntia,
1308 697 1544 739 amorem
1568 679 1874 737 excitantia.
1906 676 2057 734 Unde
2082 675 2167 729 di-

594 786 732 842 citur
758 783 810 838 in
836 781 1067 837 Canticis
1117 778 1482 835 canticorum:
1516 773 1648 841 Quia
1688 770 1947 825 uulnerata
1994 767 2167 822 citari-

588 886 693 932 tate
716 893 806 947 ego
835 891 945 929 sum
974 870 1147 942 (Cant.
1174 885 1233 937 ιι,
1257 869 1310 933 5,
1340 876 1457 932 etv,
1481 864 1560 936 8).
1590 862 1724 919 Dicit
1748 862 1888 918 enim
1916 859 2164 915 vulnera-

588 977 697 1023 tam
727 981 786 1021 se
814 980 931 1021 che
952 962 1228 1023 ebaritate,
1261 956 1311 1012 id
1332 964 1432 1017 est.
1463 967 1643 1009 amare
1671 968 1729 1008 se
1748 951 1910 1018 dicit,
1940 958 2166 1004 mstuare

586 1073 649 1115 se
693 1057 841 1119 dicit,
884 1054 1152 1123 suspirare
1191 1062 1427 1120 sponso,
1477 1045 1618 1101 unde
1662 1042 1866 1112 accepit
1918 1040 2162 1110 sagittam

585 1148 758 1206 verbi.
785 1146 998 1217 Sagitta:
1016 1154 1115 1197 tua:
1138 1151 1317 1206 acuttc,
1349 1135 1703 1210 potentissime
1730 1150 1749 1188 :
1781 1142 1832 1185 et
1854 1130 2165 1200 transﬁgen-

585 1251 687 1311 tes,
720 1250 773 1296 et
802 1238 1092 1294 cilicientes
1120 1251 1132 1286 :
1161 1242 1339 1295 acuta,
1383 1227 1759 1301 potentissima.
1791 1222 1977 1293 Populi
2000 1222 2093 1311 sub
2116 1230 2163 1275 te

582 1332 781 1387 cadent.
807 1328 905 1396 Qui
936 1322 1277 1380 ceciderunt?
1302 1320 1401 1388 Qui
1433 1316 1666 1389 percussi
1697 1322 1841 1378 sunt,
1872 1321 1927 1367 ct
1950 1310 2161 1367 cecide-

581 1431 727 1479 runt.
753 1417 983 1487 Populos
1004 1413 1245 1469 videmus
1263 1409 1502 1467 subditos
1522 1407 1750 1471 Christo,
1777 1403 2028 1459 cadentes
2050 1417 2157 1457 non

582 1515 843 1570 videmus.
873 1506 1103 1576 Exponit
1129 1504 1214 1559 ubi
1237 1501 1435 1557 cadunt
1462 1518 1477 1554 :
1507 1498 1559 1553 iu
1592 1496 1760 1552 corde.
1792 1494 1866 1549 lbi
1897 1509 1956 1550 se
1983 1494 2159 1563 erige-

581 1606 709 1662 bant
759 1603 1014 1658 adversus
1047 1595 1337 1656 Christum,
1367 1590 1437 1645 ibi
1465 1588 1661 1645 cadunt
1702 1595 1829 1646 ante
1854 1583 2152 1662 Christum,

579 1692 989 1766 Blasphemabat
1059 1687 1249 1745 Saulus
1301 1683 1612 1750 Christum,
1687 1691 1896 1739 erectus
1967 1688 2080 1735 erat
2138 1698 2152 1734 :

577 1786 839 1859 supplicat
883 1781 1133 1845 Christo,
1173 1776 1403 1842 cecidit,
1449 1780 1749 1846 prostratus
1795 1782 1877 1827 est
1907 1789 1920 1822 :
1946 1772 2153 1825 occisus

574 1890 658 1936 est
704 1876 948 1932 inimicus
997 1871 1231 1934 Christi,
1285 1877 1342 1923 ut
1391 1867 1537 1921 vivat
1593 1865 1883 1936 discipulus
1932 1861 2149 1916 Christi.

574 1971 652 2027 De
716 1968 854 2025 coelo
924 1964 1118 2020 emissa
1196 1960 1384 2030 sagitta
1413 2000 1429 2026 ,
1497 1955 1659 2012 corde
1733 1967 2015 2024 percussus
2070 1958 2154 2007 est

572 2061 808 2125 Saulus,
865 2056 1101 2112 nondum
1162 2051 1355 2107 Paulus
1385 2090 1400 2113 ,
1449 2045 1621 2102 adhuc
1681 2043 1914 2112 Saulus,
1977 2042 2153 2098 adhuc

571 2161 821 2215 erectus,
891 2146 1125 2202 nondum
1189 2149 1485 2214 prostratus
1535 2156 1550 2191 :
1592 2138 1795 2207 accepit
1860 2135 2147 2207 sagittam,

568 2243 764 2302 cecidit
805 2242 857 2296 in
909 2237 1092 2295 corde.
1130 2234 1247 2291 Non
1295 2233 1436 2288 enim
1466 2229 1609 2301 quod
1657 2238 1955 2299 prostratus
1979 2236 2062 2282 est
2097 2228 2148 2282 in

567 2336 727 2402 facie,
760 2333 832 2388 ibi
877 2329 1068 2386 cecidit
1115 2327 1168 2381 in
1212 2322 1453 2387 corde';
1479 2320 1574 2377 sed
1624 2320 1716 2374 ubi
1762 2320 1877 2374 ait:
1911 2317 2146 2383 Domine,

568 2426 692 2499 quid
709 2440 791 2478 me
810 2421 960 2493 jubes
977 2424 1143 2491 facere
1168 2416 1302 2489 (Act.
1327 2429 1405 2479 Ix,
1438 2411 1531 2481 6)?
1574 2408 1730 2465 Modo
1759 2409 1872 2464 ibas
1899 2408 1965 2463 ad
1990 2407 2147 2463 Chrio

566 2522 770 2577 stianos
789 2512 1083 2586 alligandos
1100 2522 1152 2566 et
1176 2508 1302 2580 perd
1311 2505 1540 2561 ueeudos
1555 2504 1621 2559 ad
1644 2517 1852 2573 pteuam
1876 2519 1892 2569 ;
1913 2510 1968 2557 et
1989 2500 2148 2557 modo

566 2612 702 2670 dicis
717 2608 931 2667 Christo
964 2623 976 2659 :
1013 2603 1150 2670 Quid
1177 2617 1255 2656 me
1266 2600 1414 2672 jubes
1439 2600 1603 2670 facere
1621 2597 1648 2652 ι
1671 2595 1714 2649 Ο
1739 2594 1984 2666 sagittam
2016 2607 2145 2649 acu-

565 2715 695 2771 tam,
726 2698 1172 2774 potentissimum,
1223 2708 1327 2764 qua
1373 2698 1587 2762 accepta
1624 2687 1817 2744 cecidit
1860 2686 2050 2744 Saulus
2087 2694 2145 2741 ut

562 2804 708 2855 esset
731 2792 924 2850 Paulus
948 2792 962 2846 ι
998 2788 1067 2846 Ut
1089 2787 1201 2851 ille,
1230 2787 1301 2840 ita
1322 2792 1376 2839 ct
1395 2782 1571 2856 populi
1603 2799 1615 2834 :
1644 2788 1830 2852 gentes
1860 2778 2138 2843 attendite,

561 2890 735 2947 videte
772 2885 1011 2942 subditas
1049 2880 1281 2938 Christo.
1309 2877 1469 2947 Ergo,
1519 2872 1713 2945 Populi
1739 2871 1831 2928 sub
1864 2880 1912 2927 te
1936 2871 2137 2938 cadent,

556 2986 612 3041 in
663 2981 816 3038 corde
859 2977 1178 3033 inimicorum
1203 2972 1334 3043 regis
1361 2985 1381 3025 :
1406 2969 1507 3025 hoc
1533 2976 1636 3034 est,
1667 2967 1722 3023 in
1765 2964 1928 3022 corde
1957 2965 2138 3023 inimi-

557 3090 742 3133 corum
786 3081 1021 3127 tuorum.
1077 3066 1254 3136 ipsum
1281 3062 1422 3119 enim
1469 3059 1703 3132 appellat
1731 3072 1933 3128 regem,
1960 3056 2135 3128 ipsum

558 3166 707 3222 novit
732 3176 931 3232 regem.
966 3155 1153 3227 Populi
1176 3153 1267 3210 sub
1306 3163 1353 3207 te
1398 3150 1609 3216 cadent,
1642 3150 1697 3203 in
1725 3150 1876 3203 corde
1902 3147 2137 3202 inimico.

556 3272 671 3312 rum
713 3253 862 3324 regis.
905 3248 1109 3305 Inimici
1150 3253 1304 3301 erant
1334 3256 1348 3298 :
1382 3247 1701 3311 acceperunt
1746 3239 1964 3310 sagittas
1989 3245 2132 3307 tuas,

554 3348 865 3406 ceciderunt
890 3353 1013 3398 ante
1039 3350 1111 3397 te.
1152 3339 1232 3395 Ex
1258 3334 1485 3392 inimicis
1512 3333 1667 3389 amici
1697 3331 1819 3389 facti
1846 3340 2006 3388 sunt:
2035 3332 2135 3388 ini-

555 3440 678 3497 mici
700 3436 895 3494 mortui
923 3445 1066 3498 sunt,
1095 3429 1252 3485 amici
1277 3430 1482 3481 vivunt.
1512 3424 1623 3479 lloc
1646 3432 1747 3490 est,
1777 3421 1884 3477 Pro
1915 3423 1994 3478 Itis
2020 3439 2134 3493 qua:

553 3530 1010 3590 coutmutabuntur.
1044 3522 1344 3594 Quaerimus
1386 3514 1683 3587 intelligere
1709 3514 1871 3569 verba
1899 3513 2127 3584 singula,

553 3641 743 3683 versus
769 3621 1005 3692 singulos
1039 3636 1050 3671 :
1082 3617 1153 3671 ita
1181 3624 1354 3668 tamen
1400 3608 1707 3680 qutcrimus,
1730 3616 1790 3661 ut
1821 3604 1890 3662 de
1913 3606 2129 3663 Christo

552 3720 655 3778 dici
698 3731 854 3773 nemo
884 3713 1106 3768 dubitet.
1138 3704 1329 3777 Populi
1352 3703 1444 3759 sub
1466 3711 1513 3757 te
1545 3701 1745 3765 cadent,
1775 3699 1829 3754 in
1851 3699 2003 3757 corde
2023 3700 2126 3755 iui-

550 3813 796 3868 micorum
821 3806 969 3877 regis.

622 3904 707 3959 17.
734 3901 883 3975 [υενε.
918 3894 994 3969 7.]
1018 3894 1174 3952 Sedes
1195 3899 1302 3955 tua,
1334 3886 1484 3952 Deus,
1512 3885 1567 3940 in
1591 3882 1777 3939 swcula
1802 3881 2119 3939 surculorum

548 3995 679 4066 Quia
708 3988 980 4048 benedixit
1009 3998 1061 4042 te
1090 3986 1232 4041 Deus
1259 3982 1311 4038 in
1342 3988 1598 4035 aeternum
1619 4018 1636 4043 ,
1663 3985 1884 4048 propter
1900 3976 2126 4048 gratiam

547 4089 790 4146 diffusam
819 4084 870 4137 in
901 4080 1052 4135 labiis
1074 4077 1199 4133 tuis.
1232 4073 1360 4129 Erat
1385 4081 1560 4127 autem
1590 4069 1745 4125 sedes
1765 4069 1914 4140 regni
1929 4067 2127 4138 judaici

547 4176 876 4249 temporalis,
909 4171 1182 4241 pertinens
1199 4166 1265 4220 ad
1295 4177 1389 4219 cos
1409 4163 1497 4234 qui
1517 4161 1617 4218 sub
1642 4161 1780 4231 Lege
1809 4170 1984 4223 erant,
2016 4173 2125 4214 non

546 4273 612 4330 ad
642 4284 735 4327 eos
773 4267 860 4337 qui
900 4263 999 4318 sub
1036 4259 1215 4317 Gratia
1246 4266 1401 4312 erant
1426 4272 1440 4308 :
1467 4253 1612 4309 venit
1643 4253 1730 4308 ille
1774 4260 1832 4305 ut
1875 4250 2128 4305 liberaret

547 4377 643 4421 eos
676 4360 763 4431 qui
805 4356 905 4412 sub
940 4353 1081 4423 Lege
1116 4356 1290 4412 erant,
1321 4354 1376 4400 et
1403 4343 1505 4400 sub
1533 4342 1712 4399 Gratia
1756 4341 2122 4397 constitueret.

545 4457 708 4514 Sedes
755 4453 866 4524 ejus
910 4448 963 4501 in
1007 4442 1194 4499 scutula
1218 4438 1537 4494 seculorum.
1560 4434 1772 4503 Quare?
1798 4433 1934 4501 Quia
1970 4432 2126 4489 sedes

546 4551 636 4606 illa
657 4523 825 4618 prima
870 4538 1019 4608 regni
1066 4530 1371 4602 temporalis
1398 4528 1515 4583 fuit.
1543 4525 1697 4582 Unde
1724 4539 1866 4618 nunc
1892 4523 2048 4618 sedes
2070 4527 2123 4581 in

544 4616 739 4699 srecula
770 4625 1117 4690 smculorum?
1136 4623 1267 4691 Quia
1300 4621 1413 4676 Dei.
1447 4618 1603 4674 Sedes
1623 4626 1729 4683 tua,
1764 4616 1919 4684 Deus,
1946 4617 1998 4671 in
2027 4634 2125 4672 sa:-

543 4731 661 4789 cula
684 4727 1001 4784 sreculorum.
1034 4719 1079 4774 Ο
1105 4711 1417 4770 mternitatis
1446 4708 1695 4764 divinitas
1730 4708 1773 4763 'l
1813 4707 1929 4763 Non
1978 4708 2120 4764 enim

544 4830 728 4897 posset
772 4818 915 4874 Deus
952 4809 1133 4867 sedem
1172 4804 1369 4859 habere
1401 4799 1769 4872 temporalem.
1794 4797 1974 4897 .Se-tles
2010 4807 2118 4897 tua,

543 4890 705 4978 beas,
743 4913 795 4965 in
838 4903 1023 4963 scccula
1067 4897 1383 4957 swculorunt.
1442 4891 1597 4964 Virga
1631 4890 1938 4956 directionis,
1978 4890 2118 4961 uirga

542 5005 686 5078 regni
713 5002 801 5057 tui.
839 4993 1152 5053 Dirrctionis
1176 4990 1321 5060 virga
1348 4994 1449 5052 est,
1484 5000 1605 5078 qum
1642 4983 1822 5053 dirigit
1852 4982 2114 5078 homines.

542 5073 707 5156 curvi
746 5099 920 5155 erant,
950 5081 1163 5140 distorti
1209 5087 1361 5136 erant
1395 5076 1531 5132 :sibi
1561 5089 1784 5145 regnare
1810 5073 2113 5142 cupiebant,

542 5207 603 5249 se
627 5190 894 5251 amabant,
929 5180 1064 5235 facta
1090 5190 1182 5230 sua
1223 5171 1356 5227 mala
1383 5168 1702 5239 diligebant;
1733 5180 1841 5222 non
1871 5165 2116 5219 volunta-

543 5293 650 5340 tem
673 5293 820 5336 suam
848 5275 958 5330 Deo
986 5265 1302 5329 subdcbant,
1325 5259 1420 5316 sed
1440 5260 1764 5314 voluntatem
1786 5255 1878 5309 Dei
1908 5256 1973 5310 ad
1992 5268 2116 5310 suas

605 5458 622 5490 ί
657 5451 791 5509 ΕΜ..
816 5442 1132 5509 potentissime
1161 5445 1264 5509 {et
1293 5435 1421 5486 favet
1610 5430 2116 5509 itigtttldungatefHAtlta-

539 5492 1165 5569 ωεηῖἶῖῐὶἷώὲξέῖὶόξξριιδβ.
1191 5502 1406 5569 natione,
1423 5492 2114 5569 ommitteim93§igqtge1c:-

576 5552 1008 5637 ig‘e'iiigﬁ'siiliiirh
1031 5552 1170 5615 facile
1187 5575 1247 5611 ex
1269 5552 1739 5622 ipsiiuterpretandi
1762 5552 1948 5604 ratione
1969 5552 2115 5605 intel-

540 5596 673 5700 mg:
697 5596 1008 5637 Auguauuum
1034 5596 1170 5615 ιαμ-ιι,
1187 5596 1247 5611 υ..
1269 5596 1370 5622 ιιιυι-
1394 5596 1449 5605 ...η

603 5703 624 5733 ⁸
787 5695 865 5744 hic
888 5705 979 5740 non
1002 5688 1200 5744 habent,
1220 5681 1271 5734 in
1287 5678 1449 5732 corde.

604 5762 623 5794 ³
653 5766 768 5809 Octo
788 5764 911 5813 \tss.,
930 5749 1135 5804 divitias.

1799 287 1856 343 S.
1896 287 2266 348 AUGUSTINI
2303 291 2607 358 EPISCOPI
3679 326 3748 385 su

2285 411 2743 481 concupiscentias
2769 416 2986 475 ﬂectere
3006 418 3269 481 volebant.
3286 418 3518 485 Irascitur
3530 432 3643 488 enim
3664 452 3750 505 pec-

2280 509 2431 556 cator
2448 511 2503 557 et
2530 504 2741 576 iniquus
2769 510 3078 585 plerumque
3107 514 3215 571 Deo
3233 558 3249 583 ,
3293 520 3410 589 quia
3453 535 3548 578 non
3573 504 3751 595 pluit;ct

2281 603 2387 645 non
2411 593 2521 688 vult
2546 595 2647 652 sibi
2685 598 2851 688 Deum
2880 601 3062 671 irasci,
3089 608 3211 677 quia
3235 606 3368 665 duit.
3396 608 3459 667 Et
3479 612 3542 667 ad
3573 593 3654 672 hoc
3672 636 3753 688 pro-

2275 681 2564 776 pemodum
2613 685 2804 745 sedent
2851 692 3092 763 quotidie
3138 695 3418 767 homines,
3468 710 3522 756 ut
3552 681 3752 776 disputant

2272 779 2458 827 contra
2489 772 2653 832 Deum
2682 795 2697 832 ε
2725 778 2836 837 lloc
2856 781 3031 842 facere
3048 785 3248 853 debuit,
3270 788 3373 845 hoc
3397 805 3496 845 non
3517 772 3638 851 bene
3651 796 3750 856 fecit.

2271 856 2350 914 Tu
2378 860 2622 922 videlicet
2651 868 2798 926 vides
2837 874 2963 941 quid
2995 874 3179 943 facias,
3215 877 3302 935 ille
3327 880 3526 936 nescit?
3564 882 3753 943 Distentis

2270 958 2325 1004 tu
2344 965 2425 1043 es,
2456 954 2546 1010 ille
2589 967 2766 1014 rectus
2810 972 2912 1018 est.
2948 963 3235 1024 Distortum
3272 968 3342 1024 ad
3380 980 3567 1027 rectum
3602 978 3753 1043 quando

2268 1042 2579 1137 conjungis?
2614 1049 2901 1108 Collineari
2928 1069 3035 1110 non
3063 1066 3258 1127 potest.
3289 1058 3547 1132 Tanquam
3568 1064 3606 1119 si
3622 1042 3669 1118 ia
3694 1081 3754 1137 pa-

2270 1130 2507 1190 vimento
2530 1139 2723 1209 mquali
2745 1156 2913 1212 ponas
2942 1145 3139 1218 lignum
3165 1162 3385 1206 curvum
3404 1130 3543 1215 {non
3574 1130 3754 1228 adiungi-

2267 1230 2371 1287 tur,
2414 1239 2524 1281 non
2561 1228 2816 1300 cohaeret,
2848 1249 2954 1292 non
2982 1246 3263 1310 coaptatur
3309 1241 3595 1312 pavimento
3616 1261 3629 1299 :
3651 1248 3754 1315 pavi-

2265 1328 2504 1374 mentum
2530 1321 2725 1393 ubique
2770 1327 2977 1398 aequale
3011 1340 3124 1396 est;
3164 1332 3258 1389 sed
3311 1334 3437 1390 illud
3476 1349 3664 1392 curvum
3685 1347 3753 1405 cst,

2263 1420 2368 1462 nou
2390 1419 2668 1480 coaptatur
2694 1417 2907 1487 arquali.
2933 1418 3074 1492 Ergo
3103 1420 3198 1478 Dei
3226 1422 3469 1481 voluntas
3489 1426 3753 1497 :equalisest,

2262 1503 2349 1579 tua
2386 1512 2547 1554 curva
2594 1512 2677 1559 est
2716 1522 2732 1561 :
2764 1517 3045 1579 propterea
3086 1511 3180 1566 tibi
3220 1527 3383 1569 curva
3412 1512 3432 1546 ⁸
3464 1513 3648 1570 videtur
3680 1518 3754 1586 illa,

2258 1592 2381 1667 quia
2409 1602 2462 1655 tu
2492 1595 2563 1656 illi
2590 1599 2829 1673 coaptati
2851 1615 2960 1662 non
2988 1613 3142 1678 potes
3174 1621 3188 1663 :
3219 1604 3390 1682 dirige
3409 1605 3473 1666 ad
3496 1606 3622 1667 illam
3642 1616 3697 1676 te,
3715 1624 3759 1666 ne

2261 1685 2401 1742 illam
2431 1690 2558 1746 velis
2586 1706 2811 1751 curvare
2845 1697 2914 1752 ad
2955 1706 3007 1753 te
3034 1701 3091 1765 ’ς
3136 1700 3260 1771 quia
3288 1715 3396 1757 non
3436 1713 3596 1772 potes,
3619 1704 3756 1761 intstn

2258 1779 2469 1834 conaris
2502 1798 2517 1834 :
2548 1782 2637 1836 illa
2688 1798 2905 1860 semper
2945 1788 3145 1845 directa
3183 1800 3286 1847 est.
3342 1791 3435 1846 Vis
3482 1792 3551 1848 illi
3585 1791 3757 1850 hereret

2257 1867 2554 1938 Coi-rigere.
2600 1873 2718 1930 Erit
2746 1877 2890 1948 virga
2922 1879 3086 1950 ipsius
3110 1881 3201 1952 qui
3246 1888 3301 1938 te
3325 1882 3492 1952 regit,
3516 1883 3643 1956 virga
3660 1884 3756 1941 dire.

2255 1959 2469 2017 ctionis.
2501 1962 2628 2020 inde
2673 1974 2729 2023 et
2769 1982 2868 2025 rex
2890 1984 2923 2025 a
2960 1972 3197 2043 regendo
3230 1971 3446 2030 dicitur.
3489 1973 3597 2031 Non
3631 1986 3755 2032 autem

2256 2054 2399 2124 regit.
2417 2056 2505 2126 qui
2533 2072 2639 2114 non
2681 2061 2919 2134 corrigit.
2948 2063 3032 2121 Ad
3056 2065 3160 2121 hoc
3185 2074 3270 2123 est
3303 2082 3400 2125 rex
3443 2076 3611 2125 noster
3632 2081 3755 2127 recto-

2254 2162 2370 2202 rum
2403 2165 2513 2205 rex.
2544 2150 2823 2218 Quomodo
2851 2163 2908 2210 et
2948 2155 3204 2213 sacerdos
3225 2172 3256 2212 a
3295 2158 3654 2217 sanetilicando
3675 2177 3754 2229 nos

2254 2240 2325 2296 ita
2358 2251 2412 2297 et
2437 2258 2531 2298 rex
2561 2258 2592 2297 a
2619 2246 2854 2315 regendo
2877 2262 2976 2303 nos
3000 2248 3043 2304 ³.
3087 2249 3192 2306 Sed
3229 2251 3359 2322 quid
3396 2252 3472 2308 ait
3515 2253 3610 2311 alio
3647 2253 3757 2310 Incol

2253 2332 2380 2387 Cum
2403 2345 2577 2390 sancto
2599 2348 2805 2394 sanctus
2827 2339 2948 2408 eris,
2973 2349 3158 2397 etcum
3178 2343 3286 2398 viro
3312 2344 3567 2400 innocente
3583 2346 3757 2401 innocens

2250 2427 2367 2491 eris,
2390 2435 2437 2481 et
2460 2445 2574 2483 cum
2595 2430 2750 2486 electo
2769 2432 2954 2489 electus
2979 2435 3099 2503 eris,
3120 2444 3297 2492 etcum
3318 2452 3544 2508 perverso
3560 2454 3756 2511 pert-erm

2249 2521 2348 2575 eris
2376 2518 2547 2593 (Psal.
2581 2539 2711 2592 xvu,
2739 2524 2829 2593 26,
2861 2525 2956 2601 ετ)
2979 2546 2994 2583 :
3017 2544 3124 2585 non
3165 2530 3289 2602 quia
3338 2545 3608 2601 perversos
3642 2533 3755 2601 Deis,

2247 2612 2345 2670 sed
2372 2616 2494 2685 quia
2522 2619 2759 2687 perversi
2782 2634 3087 2690 perversum
3116 2638 3240 2679 eum
3268 2633 3478 2698 putant.
3520 2626 3673 2683 Placet
3693 2628 3754 2683 tibi

2246 2701 2467 2773 bonum,
2491 2705 2662 2763 bonus
2686 2719 2768 2764 est
2796 2709 2937 2766 Deus
2967 2728 2982 2766 :
3013 2710 3262 2782 displicet
3290 2714 3409 2782 tibi,
3450 2716 3590 2787 quasi
3614 2730 3752 2788 pravus

2246 2803 2330 2851 est
2359 2796 2516 2853 Deus.
2546 2797 2753 2855 Curvus
2778 2809 2860 2856 est
2886 2801 2951 2856 ad
2981 2810 3034 2858 te
3062 2803 3223 2871 Deus,
3264 2815 3354 2861 tua
3380 2817 3644 2864 curvatura
3668 2808 3753 2865 iacit

2244 2883 2349 2943 hoc
2379 2906 2395 2943 :
2422 2903 2544 2943 nam
2572 2889 2713 2947 illius
2731 2892 2994 2949 rectitude
3016 2909 3229 2968 semper
3244 2908 3448 2955 manet.
3475 2899 3601 2956 Audi
3624 2901 3665 2956 in
3682 2902 3754 2956 alio

2242 2977 2451 3048 psalmo
2478 2996 2493 3033 :
2520 2979 2684 3046 Quam
2706 2982 2867 3041 bonus
2900 2982 3036 3041 Deus
3061 2984 3231 3044 Israel
3262 2990 3414 3045 rectis
3454 2992 3595 3048 corde
3617 2990 3750 3062 (Ρωι

2242 3069 2553 3140 ιικη,1)ι

2312 3162 2401 3219 18.
2430 3160 2579 3235 [verm
2602 3163 2681 3238 8.]
2716 3164 2872 3239 Virga
2898 3168 3209 3238 directionis,
3257 3172 3403 3245 virga
3425 3175 3561 3247 regni
3585 3175 3662 3231 tui.
3682 3171 3750 3229 Di-

2240 3253 2407 3308 lexisti
2436 3255 2713 3326 justitiam,
2763 3266 2814 3312 et
2861 3258 3013 3314 odisti
3064 3261 3400 3332 iniquitatem.
3435 3263 3563 3322 Vide
3602 3265 3750 3336 virgam

2236 3343 2568 3412 directionis,
2612 3345 2850 3403 Dilexisti
2883 3350 3138 3421 justitiam
3156 3395 3171 3416 ,
3218 3363 3267 3408 et
3300 3356 3455 3411 odisti
3479 3357 3748 3428 iniquitatem.

2237 3436 2445 3492 Accede
2468 3436 2535 3492 ad
2558 3438 2709 3494 istam
2740 3439 2963 3511 virgam.
2991 3442 3061 3498 sit
3084 3443 3180 3499 tibi
3212 3460 3307 3501 rex
3346 3447 3581 3504 Christus
3607 3465 3621 3505 :
3644 3456 3751 3519 regat

2238 3534 2290 3582 te
2308 3526 2451 3597 virga
2476 3527 2594 3596 ista,
2618 3544 2685 3584 ne
2705 3528 2910 3602 frangat
2934 3540 3006 3588 te.
3039 3533 3190 3605 Virga
3218 3537 3366 3594 enim
3395 3538 3558 3596 ferrea
3580 3549 3649 3598 est
3665 3540 3744 3605 illa,

2236 3616 2555 3674 inﬂexibilis.
2587 3619 2652 3677 Et
2686 3621 2811 3692 quid
2850 3622 3048 3680 dictum
3085 3626 3211 3681 est?
3256 3626 3425 3701 Reges
3459 3647 3539 3687 eos
3568 3632 3616 3686 in
3646 3632 3747 3703 virga

2235 3713 2397 3783 ferrea
2414 3754 2430 3779 ,
2461 3722 2509 3767 et
2559 3723 2795 3782 tauquam
2822 3732 2910 3771 vas
2933 3718 3081 3788 ﬁguli
3105 3727 3333 3777 conteres
3369 3739 3458 3779 eos
3492 3722 3644 3797 (Psal.
3690 3738 3743 3787 tt,

2233 3801 2313 3873 9).
2367 3803 2517 3859 Alios
2562 3806 2734 3876 regit,
2776 3805 2907 3862 alios
2957 3810 3184 3865 conterit
3231 3825 3253 3868 :
3293 3814 3430 3884 regit
3466 3813 3742 3886 spirituales,

2231 3894 2458 3951 conterit
2475 3896 2735 3952 carnales.
2766 3897 2905 3968 Ergo
2932 3899 3126 3957 accede
3149 3900 3216 3957 ad
3243 3902 3402 3960 istam
3424 3906 3626 3977 virgam.
3644 3902 3742 3973 Quid

2230 3986 2286 4042 in
2313 4001 2379 4042 ea
2407 3989 2598 4044 times?
2622 3988 2747 4046 ﬂare
2783 4000 2867 4046 est
2896 4000 3001 4048 tota
3020 3992 3044 4025 ⁸
3060 3994 3202 4066 virga
3229 4013 3245 4051 :
3275 3995 3509 4055 Dilexisti
3529 4000 3741 4068 iustitiam,

2229 4079 2458 4135 etodiin
2493 4081 2822 4149 iniquitatem.
2868 4083 3003 4152 Quid
3045 4086 3240 4143 times?
3274 4086 3385 4147 Sed
3423 4091 3554 4148 forte
3584 4092 3743 4161 iniquus

2229 4185 2349 4227 eras
2374 4188 2388 4227 :
2411 4171 2563 4226 audis
2581 4173 2722 4228 enim
2750 4189 2928 4246 regem
2959 4184 3104 4232 tuum
3123 4217 3138 4241 ,
3163 4180 3286 4249 quia
3311 4180 3425 4237 odit
3447 4182 3738 4253 iniquitatem,

2228 4274 2283 4321 et
2307 4266 2481 4322 times.
2513 4265 2608 4321 Est
2646 4266 2786 4336 quod
2826 4266 3006 4324 facias.
3049 4268 3185 4337 Quid
3232 4271 3385 4329 odit?
3421 4273 3738 4344 lniquitatcm:

2229 4357 2482 4428 numquid
2507 4360 2595 4415 te?
2619 4358 2723 4416 Sed
2745 4360 2797 4415 in
2820 4368 2872 4416 te
2891 4370 2976 4417 est
2996 4363 3278 4434 iniquitas?
3297 4364 3417 4422 Odit
3448 4368 3580 4422 illam
3603 4366 3736 4428 Deus,

2228 4448 2405 4506 oderis
2429 4459 2483 4504 et
2506 4457 2560 4504 tu
2599 4467 2613 4503 :
2648 4458 2704 4504 ut
2728 4466 2883 4506 unam
2912 4467 3024 4506 rem
3059 4453 3219 4509 ambo
3241 4453 3479 4513 oderitis.
3509 4456 3613 4512 Eris
3634 4452 3736 4509 enim

2229 4542 2341 4600 Deo
2362 4543 2584 4609 amicus,
2610 4544 2654 4599 si
2677 4544 2833 4600 odisti
2855 4546 2997 4618 quod
3032 4546 3163 4602 odit.
3204 4547 3281 4604 lta
3324 4558 3380 4606 et
3411 4550 3602 4607 amabis
3632 4546 3736 4618 quod

2226 4645 2388 4692 amat.
2419 4635 2703 4707 Displiecat
2725 4637 2776 4691 in
2799 4638 2966 4708 teipso
2989 4639 3080 4694 tibi
3106 4640 3358 4712 iniquitas
3382 4652 3467 4698 tua
3483 4683 3499 4709 ,
3517 4642 3734 4712 etplaccat

2226 4728 2321 4785 tibi
2347 4737 2588 4784 creatura
2616 4728 2802 4799 ipsius.
2832 4728 3001 4785 llumo
3027 4731 3168 4788 enim
3194 4747 3256 4790 es
3292 4733 3518 4807 iniquus.
3544 4733 3640 4789 Duo
3654 4728 3733 4785 diri

2225 4819 2474 4887 nomina;
2502 4819 2609 4875 duo
2631 4820 2867 4887 nomina,
2883 4819 3044 4877 homo
3070 4830 3125 4878 et
3152 4823 3362 4896 iniquus
3388 4843 3402 4881 :
3434 4825 3485 4880 in
3511 4824 3610 4881 istis
3631 4821 3752 4887 duo-5

2224 4910 2323 4967 bus
2375 4910 2678 4966 nominibus
2707 4926 2868 4966 unum
2912 4922 2988 4967 est
3028 4922 3270 4982 naturae,
3316 4916 3533 4971 alterum
3574 4913 3745 4981 culpat.

2223 5018 2385 5058 unum
2431 5003 2522 5058 tibi
2558 5004 2694 5058 Deus
2728 5000 2853 5058 fecit
2874 5044 2889 5069 ,
2918 5004 3142 5059 alterum
3173 5013 3230 5061 tu
3265 5004 3434 5062 fecisti
3464 5020 3603 5062 :ama
3625 4992 3745 5072 (μηδ’

2224 5092 2364 5148 Deus
2392 5091 2540 5158 iecit,
2570 5090 2751 5148 oderis
2790 5093 2930 5164 quod
2975 5102 3029 5147 tu
3076 5095 3277 5160 fecisti,
3324 5095 3635 5167 quia'ctipsc
3655 5091 3726 5143 hoc

2220 5182 2351 5237 odit.
2378 5182 2510 5237 Vide
2537 5182 2804 5253 quomodo
2839 5183 2950 5253 jam
2999 5183 3071 5239 illi
3122 5185 3338 5254 incipias
3372 5183 3616 5257 conjungi,
3635 5192 3724 5235 cum

2219 5272 2377 5329 odisti
2404 5272 2544 5344 quod
2572 5272 2703 5328 odit.
2736 5272 3016 5330 Peccatum
3046 5274 3322 5346 puniturus
3342 5283 3448 5343 est,
3484 5273 3592 5347 quia
3614 5270 3721 5338 virga

2283 5430 2302 5496 ἶ
2337 5436 2435 5496 El“.-
2460 5425 2758 5496 θῑ1.¹ε⁵¹’ί(1“θ
2777 5432 2905 5496 Ψξῖιο
2928 5438 3094 5496 ρναυαο
3469 5486 3481 5496 .
3506 5488 3513 5496 .

2283 5490 2303 5520 ³
2336 5489 2470 5546 ΕΜ..
2497 5477 2716 5560 [ᾄγὶζιειτρ
2737 5487 2803 5560 ad
2824 5477 2978 5548 illam,
2991 5495 3100 5560 tene
3297 5495 3414 5543 Nam
3436 5486 3481 5542 si
3496 5484 3611 5539 illa!
3636 5477 3719 5533 κει

2218 5562 2421 5618 euri-are
2442 5548 2508 5618 ad
2528 5548 2715 5618 teg'Quo
2739 5548 2840 5600 loco
2863 5552 3113 5618 sequium:-
3136 5559 3293 5618 utsin-
3405 5612 3416 5618 _
3614 5604 3626 5618 ,

2281 5611 2304 5643 ³
2337 5610 2559 5677 Plerique
2580 5601 2707 5677 ne,
2747 5601 2971 5662 saccrdds
3002 5613 3068 5662 ad
3109 5601 3465 5677 sanctiﬁcmdas
3495 5620 3586 5664 nos.
3609 5604 3664 5656 ill
3686 5601 3717 5651 ά

2220 5684 2311 5736 rea;
2331 5671 2396 5720 ad
2419 5671 2651 5736 regendos
2671 5685 2772 5721 nos.

2286 5732 2308 5765 δ
2340 5738 2405 5780 tta
2426 5732 2513 5781 δέχ
2544 5734 2707 5795 prohm
2732 5741 2857 5783 notae
2879 5740 2985 5783 Mss.
3021 5743 3073 5784 At
3096 5735 3357 5798 t-de.,tttta.

3873 1024 3876 1062 1

3872 1114 3876 1155 ι

3872 3674 3876 3723 ι

3872 3764 3876 3804 ι

3873 3856 3875 3897 l

3874 3946 3875 3983 ι
