3942 6436
114 463 435 535 directionis
460 470 543 519 est
570 460 717 531 virga
742 456 891 528 regni
911 455 1092 526 ipsius.
1110 451 1214 509 Sed
1246 467 1351 507 non
1383 450 1563 520 puniat
1595 462 1712 517 pec-

113 557 337 626 catum?
358 555 462 612 Sed
494 570 597 607 non
623 560 812 624 potest.
848 546 1178 604 Pnniendtlnt
1200 554 1282 599 est
1314 552 1586 612 peccatum
1621 557 1633 593 :
1663 538 1710 594 si

120 649 452 733 puniendum
496 664 601 702 non
641 653 803 708 esset,
838 656 936 696 nec
962 646 1234 710 peccatum
1273 642 1434 689 esset.
1470 630 1709 687 l'raeveui

117 724 273 809 illum
305 761 318 797 :
352 758 455 797 non
503 741 582 794 vis
623 745 681 791 ιιι
732 737 845 805 ipse
875 741 1090 804 puniat,
1142 739 1195 784 ιιι
1236 727 1384 799 puni.
1416 725 1540 780 ideo
1566 724 1708 779 enim

120 844 297 898 adhuc
320 837 431 903 ipse
452 831 643 903 parcit,
671 828 867 891 dill'ert,
901 832 1043 878 tenet
1065 835 1300 884 manum,
1324 833 1507 872 arcum
1532 818 1707 870 inten-

120 935 227 991 dit.
256 932 353 981 hoc
378 934 455 979 cst
485 924 655 975 minas
685 920 725 969 '.
752 918 1021 973 Clamaret
1053 922 1255 967 tantum
1290 909 1566 965 feriturum
1609 921 1668 961 se
1690 947 1707 975 ,

122 1024 170 1077 si
203 1019 354 1072 vellet
392 1011 593 1067 ferire?
635 1008 816 1064 Dill'ert
845 1022 972 1077 ergo
998 1019 1210 1059 manum
1242 1017 1269 1053 a
1302 998 1530 1070 peccatis
1558 996 1660 1052 luis
1690 1012 1706 1049 :

125 1125 187 1168 tu
220 1109 319 1166 noli
344 1104 578 1161 differre.
597 1102 862 1157 Converte
894 1107 944 1154 te
972 1097 1036 1151 ad
1066 1093 1328 1166 punienda
1354 1099 1568 1161 peccata
1599 1099 1709 1154 tua,

125 1207 258 1279 quia
296 1199 544 1269 impunita
572 1211 691 1251 esse
719 1200 935 1265 peccata
968 1206 1071 1244 non
1100 1192 1342 1259 possunt.
1376 1181 1711 1279 Pnniendum

128 1272 264 1367 ergo
283 1291 396 1355 erit,
424 1298 516 1342 aut
556 1302 588 1343 a
626 1296 709 1349 te,
744 1293 834 1337 aut
867 1283 934 1336 ab
964 1281 1081 1350 ipso
1120 1296 1132 1331 :
1166 1290 1219 1332 ιιι
1255 1289 1508 1346 agnosce,
1541 1281 1599 1327 ιιι
1624 1272 1713 1327 ille

132 1388 381 1458 ignoscat.
417 1377 644 1434 Attende
671 1373 972 1444 exemplum
1014 1372 1067 1426 in
1098 1369 1188 1423 illo
1215 1368 1418 1439 psalmo
1449 1367 1711 1435 paeniten-

133 1453 267 1534 tia:
295 1473 467 1528 Averte
494 1470 673 1540 [aciem
702 1478 837 1521 luant
867 1483 898 1519 a
920 1463 1134 1535 peccatis
1165 1461 1284 1513 meis
1305 1457 1476 1532 (Psal.
1505 1472 1557 1521 ι,
1591 1453 1704 1526 Η).

130 1565 389 1639 Numquid
433 1565 586 1631 dixit,
614 1563 655 1618 A
700 1563 820 1617 me?
850 1559 969 1615 Alio
997 1557 1138 1613 enim
1170 1556 1289 1611 loco
1315 1562 1497 1623 aperte
1535 1552 1664 1607 dicit
1694 1565 1710 1606 :

134 1658 229 1717 Ne
266 1668 452 1712 avertas
481 1656 661 1728 [aciem
691 1661 828 1706 luant
854 1668 885 1703 a
912 1665 989 1703 me
1019 1648 1189 1717 (Psal.
1236 1661 1379 1709 xxvi,
1403 1645 1484 1715 9).
1514 1644 1655 1713 Ergo
1691 1686 1708 1713 ,

132 1752 310 1805 Averte
330 1748 511 1821 [aciem
537 1754 675 1797 tuam
699 1758 731 1796 ιι
761 1740 977 1812 peccatis
1007 1738 1127 1791 meis
1161 1752 1179 1791 :
1208 1736 1331 1789 nolo
1355 1734 1541 1788 videas
1582 1747 1710 1802 pec-

130 1854 252 1899 cata
282 1856 413 1895 mea.
443 1838 574 1906 Quia
602 1835 785 1889 videre
813 1833 925 1897 Dei,
966 1829 1396 1885 animadvertere
1446 1834 1546 1881 est.
1588 1825 1714 1881 Ideo

128 1946 185 1992 ει
222 1932 379 2003 judex
429 1930 568 2001 quod
602 1928 774 2001 punit,
803 1924 1226 1981 animadvertere
1262 1921 1474 1985 dicitur,
1510 1918 1562 1973 id
1590 1926 1672 1975 est
1694 1959 1711 1983 ,

125 2029 361 2082 animum
389 2026 514 2079 illuc
539 2023 850 2085 advertere;
882 2017 1160 2074 intendere
1187 2017 1368 2085 utique
1394 2012 1462 2067 ad
1492 2010 1715 2083 punien-

125 2118 275 2181 dum,
305 2118 421 2186 quia
447 2113 616 2184 judcx
646 2120 748 2167 est.
780 2111 868 2166 Sic
905 2122 987 2166 est
1024 2117 1079 2163 et
1117 2108 1276 2178 judex
1325 2106 1484 2161 Deus.
1527 2104 1706 2158 Arerte

123 2210 309 2281 facient
345 2217 482 2261 tuam
520 2222 551 2258 a
596 2204 811 2274 peccatis
846 2202 987 2255 meis.
1024 2200 1103 2254 Tu
1131 2198 1198 2253 ab
1228 2198 1354 2267 ipsis
1387 2196 1574 2251 faciem
1604 2193 1714 2248 noli

124 2310 390 2363 avertere,
419 2298 464 2353 si
494 2298 573 2351 vis
597 2306 655 2349 ut
680 2296 821 2351 Deus
849 2293 915 2347 ab
944 2291 1071 2361 ipsis
1098 2297 1303 2345 avertat
1321 2289 1509 2341 faciem
1536 2301 1706 2340 suam.

121 2393 261 2451 Vide
301 2390 566 2464 quomodo
593 2388 694 2443 hoc
722 2387 879 2442 oll'ert
903 2386 1013 2440 Deo
1038 2386 1091 2439 in
1130 2384 1245 2454 ipso
1274 2381 1478 2452 psalmo
1512 2398 1524 2434 :
1562 2378 1715 2433 Faci-

124 2504 222 2542 nus
242 2502 402 2539 meum
427 2500 538 2555 ego,
564 2481 753 2552 inquit,
783 2494 1018 2549 agnosco,
1053 2486 1100 2531 et
1130 2485 1387 2546 peccatum
1412 2490 1577 2527 meum
1598 2480 1715 2526 ante

120 2598 204 2635 me
244 2588 316 2634 est
354 2593 549 2646 semper
591 2570 759 2647 (Psal.
796 2587 845 2635 ι..
878 2571 957 2640 5).
1010 2568 1122 2623 Hoc
1169 2584 1273 2620 non
1304 2566 1414 2619 vult
1442 2579 1561 2620 esse
1590 2572 1715 2618 ante

126 2673 317 2735 Deum,
350 2668 495 2739 quod
524 2668 631 2721 vult
661 2679 780 2721 esse
808 2672 931 2717 ante
951 2677 1029 2716 se.
1062 2658 1218 2730 Virga
1237 2656 1548 2717 directionis,
1572 2658 1716 2725 virga

118 2764 269 2835 regni
292 2763 381 2816 tui.
410 2760 579 2815 Nemo
605 2757 703 2812 sibi
727 2755 949 2810 multum
971 2752 1037 2806 de
1058 2749 1418 2805 misericordia
1444 2746 1537 2801 Dei
1561 2746 1714 2801 blan-

118 2858 331 2921 diatur;
359 2854 507 2924 virga
537 2848 847 2906 directionis
873 2854 973 2900 est.
1004 2840 1267 2911 Numquid
1294 2840 1521 2894 dicimus
1545 2879 1559 2902 ,
1607 2851 1713 2892 non

117 2964 250 3005 esse
300 2940 695 3000 misericordem
733 2939 942 2993 Deum?
981 2933 1118 3003 Quid
1159 2931 1556 2987 misericordias
1601 2945 1665 2984 eo
1693 2971 1709 2995 ,

116 3040 209 3110 qui
265 3038 432 3109 parcit
470 3043 673 3089 tantum
725 3026 1112 3101 peccatoribus,
1145 3039 1211 3079 eo
1251 3022 1339 3092 qui
1381 3023 1432 3076 in
1463 3021 1711 3076 omnibus

116 3129 402 3186 conversis
431 3124 498 3181 ad
524 3140 583 3180 se
611 3137 714 3177 non
745 3128 895 3176 curat
934 3114 1241 3188 praeterita?
1268 3112 1358 3169 Sic
1387 3128 1507 3169 cum
1553 3112 1714 3181 dilige

116 3218 554 3280 misericordem,
586 3222 645 3268 ut
667 3211 798 3266 velis
826 3222 947 3265 esse
972 3221 1215 3262 veracem
1260 3220 1275 3258 :
1310 3220 1413 3258 non
1439 3204 1579 3259 enim
1609 3202 1712 3256 nti-

114 3311 417 3370 scricordia
448 3315 621 3377 potest
648 3303 721 3359 illi
750 3300 963 3356 auferre
984 3299 1264 3369 justitiam,
1312 3310 1484 3366 neque
1508 3295 1713 3364 justitia

114 3400 569 3461 misericordiam.
612 3396 828 3452 Interim
866 3392 1119 3464 quamdiu
1167 3392 1253 3446 ille
1296 3390 1490 3455 dilfert,
1522 3400 1576 3443 tu
1608 3389 1713 3443 noli

114 3496 345 3551 differre
372 3512 384 3548 :
412 3491 660 3564 quoniam
681 3489 826 3558 virga
842 3484 1169 3547 directionis,
1190 3484 1334 3546 virga
1360 3484 1504 3552 regni
1526 3481 1710 3552 ipsius.

188 3587 293 3642 {9.
326 3584 558 3639 Dilexisti
592 3581 877 3651 justitiam,
929 3585 975 3629 et
1015 3573 1165 3628 adisti
1201 3573 1513 3641 iniquitatem
1544 3587 1561 3624 :
1591 3587 1714 3641 pro-

118 3691 305 3750 pterea
335 3678 477 3731 unxit
509 3686 585 3740 te,
620 3671 752 3725 Deus
772 3712 786 3738 ,
820 3668 956 3723 Dens
984 3676 1119 3719 tuus.
1154 3665 1439 3734 [’r0ptcrea
1468 3666 1618 3716 unxit
1640 3672 1710 3727 te,

116 3782 175 3825 ιιι
216 3769 468 3838 diligcrcs
491 3762 748 3835 justitiam
772 3802 785 3823 ,
818 3769 871 3812 et
899 3757 1079 3812 odires
1104 3756 1458 3825 iniquitatem.
1495 3755 1558 3808 lit
1596 3753 1715 3809 vide

115 3861 401 3935 quomodo
425 3860 534 3913 ait:
563 3856 840 3925 Pr0pterea
869 3852 1011 3906 unxit
1043 3860 1109 3915 te,
1147 3849 1299 3914 Dens,
1346 3848 1479 3901 Dens
1507 3857 1640 3900 tuus.
1668 3847 1714 3901 Ο

116 3967 167 4009 ιιι
206 3954 383 4017 Deus,
416 3948 565 4003 unxit
607 3957 657 4002 te
700 3947 836 3999 Deus
881 3953 1019 3995 tuus.
1071 3941 1210 3994 Deus
1259 3939 1470 4009 ungitur
1510 3953 1539 3992 a
1581 3938 1711 3993 Deo.

116 4045 344 4102 Etenim
374 4044 426 4095 in
458 4039 620 4094 latino
656 4045 869 4106 putatur
913 4034 1050 4087 idem
1077 4045 1231 4087 casus
1262 4030 1490 4085 nominis
1515 4030 1715 4101 repeti-

114 4148 218 4195 tus
259 4154 271 4189 :
294 4136 342 4190 in
369 4147 543 4204 διιεεο
559 4139 736 4186 autem
762 4125 1155 4181 evidentissima
1178 4123 1447 4178 distinctio
1467 4131 1569 4187 est,
1592 4124 1714 4192 quia

114 4244 300 4287 unum
326 4240 516 4283 nomen
546 4231 629 4278 est
658 4219 797 4291 quod
825 4218 1197 4287 compellatur,
1227 4225 1280 4270 et
1306 4216 1528 4269 alterum
1555 4215 1622 4269 ab
1649 4228 1716 4269 eo

111 4321 226 4395 qui
272 4316 583 4387 compellat,
630 4310 787 4367 Unxit
826 4320 892 4374 te,
941 4308 1092 4361 Deus.
1121 4306 1166 4361 0
1193 4316 1248 4361 ιιι
1279 4304 1451 4371 Deus,
1499 4305 1642 4359 unxit
1670 4316 1717 4359 te

115 4420 282 4474 Dens
311 4426 422 4468 tuus
452 4428 471 4467 :
499 4408 766 4480 quomodo
794 4405 839 4459 si
868 4404 1093 4467 diceret,
1126 4401 1411 4472 Propterea
1444 4400 1594 4454 unxit
1623 4408 1673 4454 te
1695 4439 1712 4461 .

109 4526 140 4567 ο
177 4521 252 4563 tu
278 4506 433 4570 Deus,
452 4503 591 4557 Deus
616 4512 756 4554 tuus.
771 4496 858 4552 Sic
883 4495 1124 4564 accipite,
1147 4493 1224 4547 sic
1249 4492 1542 4560 intelligite,
1565 4490 1712 4545 sicin

112 4613 307 4672 gnsco
330 4592 785 4650 evidentissimum
817 4598 917 4642 est.
946 4586 1086 4654 Ergo
1112 4585 1230 4654 quis
1255 4594 1336 4637 est
1367 4582 1504 4636 Deus
1523 4591 1715 4637 unctus

113 4712 137 4748 a
182 4689 334 4745 Deo?
363 4688 549 4741 Dicant
578 4684 730 4737 nobis
749 4678 936 4734 Judaei.
958 4676 1242 4745 Scripturae
1264 4675 1377 4728 istae
1400 4687 1713 4729 communes

113 4793 275 4845 sunt.
303 4781 504 4838 Unctus
524 4786 605 4831 est
628 4777 765 4830 Dens
790 4789 821 4826 a
851 4772 959 4825 Deo
987 4787 999 4823 :
1025 4779 1237 4822 unctum
1255 4765 1425 4827 audis,
1446 4765 1711 4819 Christum

115 4878 385 4945 intelligo.
418 4870 626 4928 Etenim
656 4866 900 4922 Christus
928 4878 955 4914 a
983 4860 1269 4914 chrismate
1316 4875 1342 4910 ε·
1378 4856 1478 4910 hoc
1518 4870 1709 4909 nomen

115 4969 274 5045 quod
301 4965 595 5037 appellatur
621 4959 885 5022 Christus,
908 4951 1171 5008 unctionis
1187 4959 1288 5003 est.
1318 4947 1426 5002 Nec
1454 4949 1502 5000 in
1532 4948 1710 5017 aliquo

114 5040 259 5120 alibi
298 5059 630 5128 angebantur
669 5066 821 5121 rcges
874 5057 925 5103 et
979 5043 1324 5103 sacerdotes,
1376 5042 1473 5095 nisi
1521 5042 1569 5094 iu
1622 5040 1711 5094 illo

119 5167 294 5221 rcgno
322 5150 410 5205 ubi
438 5146 681 5201 Christus
727 5138 1138 5211 pt‘ophetahalut‘
1178 5144 1232 5188 et
1283 5132 1613 5201 angebatur,
1658 5138 1712 5185 et

123 5244 269 5301 unde
310 5252 592 5295 venturum
624 5244 736 5288 erat
773 5230 968 5284 Christi
1019 5242 1211 5281 nomen
1262 5243 1274 5277 :
1326 5238 1581 5292 nusquam
1629 5230 1712 5276 est

125 5338 251 5395 alibi
285 5334 525 5395 omnino,
557 5331 607 5382 in
640 5327 779 5381 nulla
811 5334 984 5392 gente,
1016 5321 1066 5374 in
1112 5319 1256 5373 nullo
1296 5331 1477 5386 regno.
1513 5313 1711 5369 Euctus

127 5442 212 5486 est
237 5441 368 5496 ergo
401 5425 538 5477 licus
557 5437 585 5472 a
607 5421 715 5473 Deo
740 5434 752 5469 :
782 5429 886 5485 quo
912 5413 1050 5478 oleo,
1082 5411 1180 5464 nisi
1200 5406 1456 5477 spirituali
1479 5407 1502 5460 ?
1523 5404 1711 5459 Oleum

130 5524 274 5579 enim
304 5515 512 5570 visibilc
542 5512 594 5566 in
624 5510 775 5578 signo
805 5515 903 5565 est,
931 5503 1109 5556 oleum
1146 5497 1407 5553 invisibile
1440 5496 1489 5549 in
1530 5510 1711 5548 saera-

132 5624 316 5674 mento
344 5620 447 5673 est,
477 5609 653 5661 oleum
692 5599 963 5674 Spirituale
1003 5595 1143 5649 intus
1191 5601 1272 5647 est
1322 5592 1360 5643 ¹.
1402 5588 1604 5645 Unctus
1631 5595 1714 5643 est

204 5797 218 5827 ι
255 5800 377 5842 Tres
399 5794 528 5843 Mss,
552 5783 639 5833 hac
662 5789 730 5833 est
753 5778 980 5843 minatur,
1005 5783 1103 5843 non
1127 5770 1372 5843 (laniaret,
1401 5776 1495 5819 etc.

200 5859 221 5888 ι
254 5833 580 5906 ὸίλξῖιᾙδῖίὺι
604 5845 791 5905 signum
829 5847 896 5890 est
928 5836 1019 5887 olei
1041 5833 1284 5885 invisibilis
1308 5844 1325 5883 :
1347 5833 1399 5883 in
1421 5833 1716 5882 sacrm”

1190 332 1590 395 ENARRATIO
1627 332 1695 390 IN
1732 332 2058 393 PSALMUM
2096 332 2281 393 XLIV.

3297 336 3403 395 506

1818 448 1971 504 nobis
2002 449 2177 515 Deus,
2214 460 2268 505 et
2317 449 2512 506 missus
2545 458 2627 506 est
2670 450 2826 506 nobis
2859 458 2951 506 :et
2993 449 3107 521 ipse
3147 449 3319 517 Deus,
3343 461 3407 509 ιιι

1818 553 2105 613 ungeretur
2131 584 2147 608 ,
2200 542 2361 598 homo
2386 556 2502 599 erat
2534 563 2547 599 :
2576 544 2671 600 sed
2712 547 2783 600 ita
2812 545 2971 599 homo
3010 554 3145 611 erat,
3177 556 3234 601 ut
3266 547 3403 603 Deus

1816 647 1991 703 esset;
2018 638 2086 691 ita
2114 638 2254 693 Deus
2280 647 2417 705 erat,
2445 649 2502 693 ut
2529 639 2688 694 homo
2703 654 2825 696 esse
2854 657 2956 695 non
2986 641 3401 713 dedignaretur:

1818 744 1975 785 verus
2005 730 2186 795 homo,
2220 746 2376 786 verus
2406 732 2571 797 Dens;
2627 734 2678 787 in
2728 734 2873 788 nullo
2920 734 3109 796 lallax,
3160 736 3212 791 in
3258 736 3406 791 nullo

1816 819 2010 885 falsus;
2041 824 2162 893 quia
2196 824 2387 895 ubique
2413 841 2572 879 verax
2593 868 2607 889 ,
2632 826 2825 897 ultique
2864 829 3077 882 veritas.
3112 828 3250 882 Doris
3275 844 3405 896 ergo

1818 915 2000 985 homo,
2031 927 2086 973 et
2112 916 2231 972 ideo
2256 928 2449 973 unctus
2476 919 2643 985 Deus,
2675 921 2798 990 quia
2828 919 2990 976 homo
3021 921 3159 976 Deus
3181 962 3195 986 ,
3224 930 3279 977 et
3331 920 3407 975 fa-

1815 1015 1933 1064 ctus
1958 1018 2040 1064 est
2069 1007 2335 1064 Christus.

1886 1120 1979 1177 20.
2007 1121 2121 1177 lloc
2149 1122 2475 1193 ligurabatur
2500 1123 2552 1178 in
2582 1138 2647 1177 co
2677 1123 2817 1193 quod
2844 1123 3009 1180 Jacob
3039 1124 3269 1196 lapidem
3301 1124 3404 1181 sibi

1816 1212 1885 1267 ad
1912 1222 2071 1283 caput
2122 1224 2406 1283 posuerat,
2456 1224 2510 1270 et
2558 1214 2847 1269 dormierat
2876 1214 3027 1287 (Cen.
3058 1232 3242 1282 xxvut,
3286 1218 3401 1288 ll).

1815 1304 1981 1361 Jaeob
2029 1305 2326 1375 patriarcha
2379 1305 2606 1377 lapidem
2658 1306 2755 1361 sibi
2804 1306 2869 1361 ad
2918 1318 3076 1378 caput
3119 1317 3403 1379 posuerat;

1815 1398 2090 1454 dormiens
2133 1408 2311 1454 autem
2357 1399 2449 1454 illo
2488 1400 2663 1470 lapide
2710 1400 2777 1455 ad
2825 1410 2984 1470 caput
3028 1402 3225 1473 posito,
3274 1402 3406 1459 vidit

1815 1492 2016 1562 apertis
2059 1492 2213 1548 cretis
2258 1494 2457 1549 scalam
2487 1508 2514 1544 a
2546 1492 2685 1549 caelo
2727 1491 2779 1547 in
2821 1501 3046 1555 terram,
3077 1503 3133 1549 et
3172 1493 3407 1564 Angelos

1817 1583 2171 1641 ascendentes
2208 1593 2263 1640 et
2303 1584 2737 1641 descendentes:
2780 1584 2882 1642 hoc
2929 1587 3047 1641 viso
3094 1587 3403 1657 evigilavit,

1818 1678 1971 1731 unxit
2017 1676 2278 1748 lapidem,
2307 1686 2361 1733 et
2390 1678 2656 1733 discessit.
2708 1677 2763 1732 In
2812 1676 2905 1732 illo
2936 1676 3112 1748 lapide
3144 1679 3408 1734 intellexit

1816 1768 2128 1833 Christum,
2178 1769 2299 1826 ideo
2342 1771 2511 1825 unxit.
2568 1769 2754 1827 Videte
2796 1785 2863 1826 ex
2914 1787 3021 1842 quo
3084 1772 3407 1842 praedicatur

1818 1858 2079 1915 Christus.
2105 1859 2241 1929 Quid
2269 1861 2369 1916 sibi
2396 1861 2506 1916 volt
2532 1861 2624 1915 illa
2654 1862 2834 1915 unctio
2863 1861 3073 1933 lapidis.
3107 1863 3404 1932 prasertim

1816 1951 1957 2022 apud
1985 1952 2337 2017 Patriarchas,
2356 1954 2442 2023 qui
2467 1967 2632 2007 unum
2665 1952 2828 2007 Deum
2856 1951 3145 2007 colebant?
3179 1952 3406 2011 Factum

1818 2055 1901 2102 est
1927 2054 2105 2101 autem
2136 2046 2189 2103 in
2218 2046 2402 2116 figura,
2430 2054 2484 2102 et
2513 2045 2807 2102 discessum
2835 2055 2935 2102 est.
2955 2045 3071 2101 Non
3092 2046 3233 2102 enim
3257 2046 3408 2103 unxit

1794 2139 2071 2209 .lapidem,
2103 2140 2329 2195 etvenit
2369 2140 2496 2195 illuc
2534 2155 2748 2210 semper
2785 2138 3033 2205 adorare,
3064 2149 3119 2195 et
3144 2138 3406 2195 sacrificia

1818 2230 1891 2286 ibi
1920 2231 2113 2288 facere.
2142 2231 2468 2303 Expressnm
2491 2242 2575 2288 est
2599 2232 2932 2304 mysterium,
2961 2247 3067 2287 non
3100 2231 3408 2288 inchoatum

1817 2325 2172 2395 sacrilegium.
2229 2325 2295 2380 Et
2336 2324 2513 2379 videte
2546 2324 2771 2394 lapidem
2803 2340 2818 2378 :
2848 2322 3091 2394 Lapidem
3133 2340 3277 2393 quem
3321 2339 3407 2378 re-

1818 2418 2153 2489 probaverunt
2180 2418 2511 2485 wdiﬁcantes,
2540 2419 2621 2471 hic
2648 2418 2812 2488 [actus
2839 2429 2912 2472 est
2946 2418 2998 2471 in
3037 2428 3185 2488 caput
3232 2417 3408 2489 anguli

1819 2509 1990 2580 (l’sal.
2021 2525 2186 2575 cxvn,
2217 2508 2335 2579 ‘29.).
2366 2509 2429 2563 Et
2457 2511 2578 2579 quia
2611 2519 2769 2578 caput
2801 2509 2895 2563 viri
2919 2508 3165 2564 Christus
3195 2511 3211 2576 (
3239 2508 3257 2564 1
3284 2508 3402 2563 Cor.

1817 2617 1889 2665 xl,
1917 2600 1994 2673 5),
2033 2611 2312 2670 propterea
2359 2600 2492 2669 lapis
2533 2600 2597 2654 ad
2637 2609 2815 2669 caput.
2844 2598 3117 2655 Attemlite
3157 2614 3408 2670 magnum

1817 2704 2209 2749 sacramentum
2259 2711 2274 2748 ι
2318 2693 2452 2762 lapis
2498 2694 2765 2748 Christus.
2813 2691 3061 2762 Lapidem
3105 2692 3288 2756 vivum,
3331 2692 3408 2748 ait

1818 2786 2028 2849 Petrus,
2064 2786 2127 2838 ab
2158 2785 2442 2838 hominibus
2491 2783 2812 2853 reprobatum
2835 2824 2850 2848 ,
2879 2800 2912 2836 α
2940 2783 3048 2837 Deo
3084 2793 3261 2837 autem
3304 2784 3406 2838 ele-

1817 2887 1949 2932 ctum
1972 2876 2012 2949 (1
2041 2875 2181 2931 Petr.
2208 2893 2265 2941 ιι,
2296 2874 2374 2947 4).
2400 2876 2467 2929 Et
2493 2875 2624 2944 lapis
2659 2874 2724 2929 ad
2752 2885 2910 2945 caput
2930 2916 2944 2941 ,
2974 2876 3095 2947 quia
3121 2884 3280 2945 caput
3305 2876 3406 2932 viri

1816 2970 2057 3025 Christus
2080 2968 2120 3041 (I
2146 2967 2262 3022 Cor.
2287 2984 2361 3031 x1,
2385 2967 2463 3038 3).
2492 2967 2554 3021 Et
2574 2979 2761 3021 unctus
2781 2967 2913 3037 lapis
2930 2968 3049 3038 quia
3065 2982 3094 3021 τι
3117 2967 3406 3026 chrismate

1816 3062 1991 3118 dietus
2014 3072 2095 3117 est
2111 3059 2374 3116 Christus.
2401 3061 2465 3115 Et
2488 3060 2733 3115 videntur
2754 3060 2932 3127 scalae,
2955 3061 3224 3116 revelante
3244 3060 3402 3115 Chri-

1817 3165 1923 3220 sto,
1946 3170 1977 3210 a
2002 3166 2141 3210 terra
2172 3156 2223 3209 in
2249 3155 2465 3215 cmlum,
2490 3154 2570 3209 vel
2597 3168 2626 3207 a
2656 3153 2795 3209 c0310
2822 3154 2872 3207 in
2898 3164 3115 3219 terram,
3137 3163 3192 3210 et
3213 3169 3403 3210 ascen-

1816 3247 2004 3301 dentes
2041 3254 2094 3300 et
2141 3244 2541 3320 descendentes.
2565 3243 2751 3315 Angeli
2796 3242 2948 3317 (Cen.
2988 3259 3186 3310 xxvnt,
3224 3244 3325 3309 12,
3356 3253 3405 3300 et

1815 3338 1974 3394 Joan.
2004 3355 2042 3404 ι,
2075 3339 2185 3407 5|).
2216 3337 2350 3405 Quid
2396 3338 2495 3391 hoc
2535 3337 2638 3403 sit,
2680 3336 2869 3391 melius
2914 3335 3247 3402 videbimus,
3280 3351 3403 3393 cum

1818 3432 2178 3488 testimonimn
2206 3430 2567 3500 evangelicum
2591 3429 2657 3484 ab
2682 3429 2797 3498 ipso
2830 3429 3054 3483 Domino
3074 3444 3404 3486 commemo-

1817 3526 2131 3581 raverimus.
2160 3523 2338 3578 Nostis
2358 3523 2479 3591 quia
2504 3522 2668 3576 Jaeob
2694 3523 2806 3590 ipse
2833 3531 2914 3575 est
2944 3520 3126 3577 lsrael.
3156 3523 3231 3577 Illi
3258 3522 3401 3578 enim

1816 3630 1939 3672 cum
1971 3615 2174 3685 Angelo
2202 3612 2423 3668 luctanti
2458 3621 2512 3666 et
2542 3610 2885 3682 prawalenti,
2927 3622 2981 3666 et
3028 3611 3308 3668 benedicto
3338 3614 3405 3669 ab

1816 3722 1884 3762 eo
1906 3707 1993 3761 cui
2032 3704 2329 3776 prmvaluit,
2358 3718 2553 3760 nomen
2602 3711 2860 3756 mutatum
2886 3713 2988 3765 est,
3013 3712 3071 3755 ut
3101 3703 3402 3773 appellare-

1818 3811 1905 3855 tur
1932 3799 2092 3855 lsrael
2118 3795 2268 3871 (Gen.
2302 3811 2473 3861 xxvii,
2498 3794 2629 3866 98):
2664 3794 2798 3849 sicut
2822 3795 3050 3865 populus
3074 3794 3231 3849 Israel
3257 3811 3396 3863 prie-

1816 3892 1981 3946 valuit
2004 3890 2240 3953 Christo,
2280 3897 2336 3941 ut
2371 3887 2707 3957 cruciﬁgeret
2734 3901 2894 3945 eum:
2921 3895 2974 3940 et
3007 3895 3185 3940 tamen
3227 3885 3279 3939 in
3321 3885 3405 3941 his

1818 3982 1908 4053 qui
1937 3980 2153 4036 Christo
2173 3978 2537 4040 crediderunt,
2567 3977 2633 4032 ab
2673 3977 2790 4045 ipso
2814 3975 2896 4031 cui
2919 3976 3216 4047 praevaluit,
3238 3975 3402 4032 bene-

1818 4075 1992 4130 dictus
2018 4082 2120 4127 est.
2154 4070 2258 4127 Sed
2284 4070 2432 4123 niulti
2463 4085 2566 4124 non
2593 4068 2965 4136 crediderunt,
3000 4068 3122 4123 inde
3140 4067 3404 4124 claudica-

1820 4171 1894 4225 tio
1922 4168 2106 4225 Jacob.
2151 4165 2459 4221 Benedictio
2505 4173 2560 4219 et
2611 4162 2950 4218 claudicatio.
2992 4160 3297 4217 Benedictio
3349 4163 3401 4218 in

1820 4263 1904 4317 his
1948 4260 2039 4331 qui
2072 4257 2414 4314 crediderunt
2457 4272 2473 4310 :
2522 4271 2643 4310 nam
2693 4263 2875 4323 postea
2915 4254 3158 4307 novimus
3209 4269 3273 4308 ex
3313 4255 3403 4309 illo

1818 4353 2016 4424 populo
2062 4351 2257 4404 multos
2287 4347 2601 4402 credidisse.
2644 4344 2972 4400 Claudicatio
3012 4353 3186 4397 autem
3224 4344 3274 4397 in
3320 4344 3403 4399 his

1818 4447 1907 4517 qui
1936 4459 2040 4499 non
2068 4442 2427 4499 crediderunt.
2458 4438 2524 4495 Et
2548 4439 2671 4507 quia
2696 4437 2875 4509 plures
2899 4452 3003 4491 non
3031 4436 3398 4502 crediderunt,

1817 4548 1871 4591 et
1898 4534 2051 4607 pauci
2094 4531 2474 4595 crediderunt;
2510 4529 2629 4583 ideo
2664 4538 2719 4581 ut
2752 4526 2906 4582 ﬁeret
2941 4525 3287 4589 claudicatio,
3321 4537 3401 4581 te-

1817 4631 1935 4702 tigit
1959 4627 2287 4683 latitudinem
2311 4624 2530 4679 femoris
2554 4623 2687 4694 ejus.
2713 4621 2851 4690 Quid
2873 4630 2954 4676 est
2988 4620 3215 4676 latitudo
3237 4621 3402 4676 femo-

1816 4724 1892 4779 ris
1917 4723 2034 4792 ejus
2052 4721 2075 4775 ’ἓ
2108 4717 2384 4774 Multitudo
2414 4716 2643 4787 generis.
2668 4713 2861 4769 Videte
2886 4727 3014 4784 ergo
3035 4712 3209 4767 scalas
3234 4712 3351 4767 illas
3384 4730 3398 4746 -

1818 4817 2073 4871 Dominus
2104 4811 2316 4884 quando
2338 4812 2466 4865 vidit
2492 4807 2873 4863 Nathanaelem
2898 4806 2948 4859 in
2974 4804 3264 4876 Evangelio
3286 4810 3361 4859 ait
3388 4824 3399 4863 :

1820 4906 1951 4960 Ecce
1977 4921 2089 4959 vere
2118 4903 2374 4967 Israelita,
2402 4900 2454 4954 in
2478 4916 2577 4970 quo
2597 4899 2743 4952 dolus
2769 4912 2870 4950 non
2898 4904 2971 4950 est
3001 4895 3183 4965 (Joan.
3213 4911 3252 4961 ι,
3283 4896 3398 4952 47).

1813 4997 1903 5053 Sic
1928 4997 2067 5052 enim
2089 4994 2279 5050 dicitur
2294 4992 2361 5048 de
2387 4992 2501 5062 ipso
2525 4989 2710 5056 Jacob,
2740 4989 2802 5042 Et
2830 4998 2937 5043 erat
2960 4986 3120 5042 Iacob
3144 4989 3253 5042 sine
3283 4990 3401 5042 italo

1816 5090 2047 5143 habitans
2090 5088 2142 5141 in
2191 5086 2339 5138 doma
2388 5082 2541 5151 (Gen.
2571 5097 2696 5147 xxv,
2721 5079 2813 5153 Ἦ)
2842 5098 2856 5134 :
2886 5079 2987 5136 hoc
3016 5079 3260 5135 recolens
3294 5079 3397 5131 lin-

1814 5181 1990 5236 minus
2017 5178 2199 5232 videns
2238 5173 2617 5230 Nathanaelem
2656 5172 2772 5226 sine
2811 5171 2934 5226 dolo
2958 5170 3031 5241 de,
3050 5179 3207 5241 gente
3235 5169 3317 5222 illa
3349 5176 3401 5222 ιιι

1814 5273 1882 5328 de
1911 5270 2105 5342 populo
2131 5268 2241 5330 illo.
2274 5264 2405 5319 licet:
2423 5281 2553 5328 vere,
2603 5264 2790 5333 inquit,
2817 5262 3071 5324 Israelita,
3100 5262 3153 5315 in
3181 5276 3278 5328 quo
3305 5258 3398 5311 do-

1816 5367 1894 5421 lus
1934 5381 2033 5419 non
2068 5371 2161 5416 est.
2212 5358 2507 5430 Appellavit
2543 5354 2832 5412 Israelitam
2854 5398 2867 5419 ,
2898 5356 2948 5409 in
2976 5370 3081 5426 quo
3110 5353 3264 5407 dolus
3293 5368 3396 5406 non

1815 5466 1979 5525 esset,
2022 5463 2239 5527 propter
2279 5452 2462 5508 Jacob.
2516 5451 2581 5506 Et
2629 5449 2718 5506 ille
2766 5447 3080 5514 Nathanael,
3132 5443 3282 5502 Unde
3316 5459 3395 5501 me

1815 5679 1942 5733 enim
1959 5686 2028 5729 est
2047 5692 2063 5739 ;
2085 5675 2242 5726 oleum
2263 5671 2529 5739 spirituale.
2554 5670 2692 5739 int_us_
2702 5674 2789 5720 est.
2810 5666 2923 5739 εδδ,
2946 5678 3074 5739 vero
3084 5671 3212 5728 post,
3232 5663 3396 5739 alearn

1816 5725 2067 5807 magna
2097 5725 2234 5788 an...
2271 5725 2359 5795 ελ,
2392 5725 2573 5807 aequm
2617 5725 3187 5807 ίξιιιεςςλθιξιτςιλθέέαηι
3218 5725 3397 5779 τιέωιο

1815 5792 2030 5857 εἷται-ἕω
2045 5806 2133 5862 est,
2150 5811 2260 5864 qua:
2282 5810 2310 5848 ιι
2332 5792 2509 5848 nostris
2524 5795 2749 5846 omnibus
2767 5799 2874 5843 uss.
2896 5792 3089 5842 absunt.
