3942 6434
542 329 648 396 εστ

541 458 676 518 nosti
692 455 722 512 Ρ
740 454 808 513 Et
833 446 1113 517 Dominus,
1153 443 1284 504 Cum
1309 453 1439 496 esses
1462 433 1558 494 sub
1579 431 1762 489 arbore
1789 429 1876 501 ﬁsi
1899 427 2002 485 ridi
2029 438 2078 484 te
2104 445 2124 486 :

541 553 597 616 id
621 563 725 619 est,
751 563 871 605 enm
897 560 1046 604 esses
1070 545 1123 599 in
1149 540 1241 599 illo
1261 538 1457 612 populo
1482 536 1586 592 sub
1605 535 1746 606 Lege
1764 532 2084 587 constitutus
2109 566 2128 596 ,

540 661 662 723 qua:
692 643 889 703 carnali
917 640 1104 696 umbra
1130 637 1275 692 illum
1317 633 1574 706 populutn
1603 628 1933 703 protegebat,
1963 626 2035 681 ibi
2078 635 2131 682 te

543 720 669 796 vidi.
711 734 845 806 Quid
870 741 971 796 est,
1003 731 1071 786 ibi
1105 737 1158 786 te
1181 727 1330 784 vidi?
1361 727 1434 782 lbi
1474 724 1549 780 tui
1589 725 1843 778 misertus
1865 735 2003 775 sum.
2039 720 2133 776 illo

539 839 717 886 autem
751 827 1059 884 recordatus
1083 822 1222 894 quod
1267 820 1437 875 fuerat
1482 819 1643 873 etiam
1683 817 1784 871 sub
1821 815 2017 870 arbore
2047 813 2132 868 llci

541 927 592 980 io
623 923 866 987 veritate,
898 918 1209 979 admiratus,
1243 914 1364 985 quia
1394 911 1612 982 putabat
1638 923 1704 965 sa
1739 925 1770 964 υ
1811 909 2028 964 nemine
2055 907 2134 962 vi-

542 1035 659 1072 sum
701 1033 822 1072 cum
853 1014 924 1070 ibi
952 1021 1114 1077 eSsct,
1146 1010 1431 1064 confitetur
1459 1016 1514 1063 ct
1549 1005 1678 1061 dicit
1709 1019 1724 1062 :
1771 1002 1849 1060 Tu
1877 1020 1929 1060 es
1967 1002 2134 1057 Filius

544 1109 672 1172 Dei,
697 1119 750 1164 tu
777 1124 831 1164 es
857 1119 948 1162 rex
988 1103 1175 1160 Israel.
1215 1103 1347 1169 Quis
1388 1101 1489 1158 huc
1538 1100 1714 1156 dixit?
1747 1100 1848 1168 Qui
1893 1099 2135 1156 audierat

544 1201 685 1270 quod
717 1214 874 1254 verus
902 1205 1044 1252 esset
1071 1195 1328 1256 Israelita,
1359 1201 1414 1247 et
1451 1191 1605 1248 dolus
1635 1195 1687 1246 in
1719 1191 1810 1247 illo
1836 1206 1941 1246 non
1967 1199 2130 1245 esset.

548 1292 618 1347 Et
653 1291 908 1346 Dominus
939 1305 953 1342 :
989 1287 1123 1354 Quia
1149 1285 1256 1341 dixi
1289 1285 1395 1342 tibi.
1433 1282 1550 1337 Vidi
1577 1293 1623 1337 te
1666 1282 1757 1339 sub
1795 1283 1975 1338 arbore
2003 1283 2131 1350 fici,

549 1381 840 1444 credidisti;
873 1379 1070 1450 Μῄονα
1096 1376 1274 1432 horunc
1295 1375 1498 1430 videbis.
1522 1374 1776 1446 Loquitur
1796 1389 1916 1430 cunt
1947 1373 2136 1441 lsrael,

549 1491 671 1532 cum
700 1475 884 1532 laeui).
915 1490 1035 1528 cum
1077 1472 1166 1526 illo
1199 1472 1286 1539 qui
1330 1470 1432 1524 sibi
1473 1468 1703 1538 lapidem
1750 1467 1816 1523 ad
1844 1477 2004 1537 caput
2038 1481 2137 1536 po-

552 1577 756 1626 suerat.
797 1566 1002 1640 blajora
1026 1567 1206 1620 Irarum
1224 1565 1428 1620 videbis.
1460 1563 1590 1631 Qum
1617 1563 1852 1634 majora?
1874 1562 2007 1630 Quia
2028 1563 2140 1632 jam

555 1664 694 1736 lapis
731 1663 822 1719 ille
850 1663 915 1717 ad
941 1667 1097 1732 eaput
1127 1670 1228 1716 est.
1266 1661 1426 1714 Amen
1455 1660 1570 1714 dico
1594 1659 1732 1714 vobis
1756 1699 1770 1719 .
1793 1658 2021 1714 videbitis
2043 1675 2143 1716 cte-

556 1758 664 1815 lttm
692 1767 943 1828 apertum,
974 1765 1021 1809 et
1053 1754 1270 1823 Angelos
1295 1751 1394 1807 Dei
1420 1752 1740 1808 ascendentes
1763 1761 1809 1806 et
1838 1751 2144 1808 descenden-

558 1860 630 1907 tes
653 1866 803 1921 super
829 1847 1019 1903 Filium
1058 1846 1274 1901 hominis
1295 1845 1475 1918 (Joau.
1505 1860 1544 1910 ι,
1571 1844 1788 1915 48-51).
1829 1844 2014 1915 Angeli
2053 1843 2145 1901 Dei

558 1941 850 2001 ascendant
869 1951 921 1996 ct
941 1940 1262 1996 descendant
1278 1953 1371 2008 per
1385 1939 1558 1993 scalas
1575 1938 1712 1998 illas,
1732 1936 1822 1991 ﬂat
1850 1935 2018 1994 hocin
2042 1937 2144 1994 Eoo

560 2039 745 2096 clesia.
761 2036 944 2107 Angcli
967 2036 1056 2089 llci
1082 2034 1482 2089 annuntiatores
1502 2041 1628 2089 sunt
1649 2031 1892 2087 veritatis
1915 2049 1931 2088 :
1957 2046 2143 2087 ascen.

560 2130 690 2188 dant
709 2139 763 2186 et
783 2127 1015 2191 videant,
1048 2124 1116 2180 In
1147 2126 1395 2195 principio
1421 2133 1529 2179 erat
1564 2122 1784 2179 Verbum
1803 2167 1816 2188 ,
1845 2134 1889 2179 et
1929 2123 2149 2180 Verbum

562 2235 670 2281 erat
691 2223 830 2295 apud
849 2219 1035 2283 Deum,
1058 2226 1102 2272 et
1134 2215 1270 2270 Deus
1290 2224 1396 2270 erat
1437 2214 1669 2269 Verbum.
1715 2214 2070 2280 Descendaut,
2095 2225 2153 2272 et

562 2315 798 2374 videant.
831 2312 952 2382 quia
991 2309 1204 2366 Verbum
1233 2323 1354 2363 caro
1385 2311 1574 2376 [uetant
1615 2316 1710 2371 est,
1739 2316 1786 2362 et
1823 2307 2061 2362 habitavit
2092 2309 2152 2364 its

564 2409 711 2464 nobis
765 2403 876 2477 (Id.
909 2418 963 2467 ι,
1012 2402 1121 2472 ιι).
1159 2400 1498 2462 Ascendant.
1545 2407 1604 2452 ut
1642 2398 1848 2469 erigant
1888 2414 2149 2468 magnos:

565 2500 914 2559 descendant.
967 2506 1023 2553 ut
1078 2497 1314 2552 nutriant
1353 2511 1562 2565 parvos.
1595 2492 1730 2552 \tidc
1766 2494 2151 2552 ascendentem

565 2593 787 2651 Paulum
818 2609 834 2647 :
858 2592 977 2648 Sirs
999 2599 1160 2644 mente
1183 2589 1499 2654 excessimus,
1514 2586 1643 2644 Deo.
1663 2589 1792 2644 \‘ide
1811 2587 2150 2652 descenden-

565 2693 674 2741 tem
705 2700 720 2741 :
753 2684 874 2740 Sin
901 2693 1232 2754 temperantes
1265 2695 1456 2744 smnus,
1485 2680 1620 2736 vobis
1657 2682 1677 2754 (
1703 2682 1742 2736 ll
1773 2681 1894 2738 Cor.
1942 2700 1997 2747 v.
2034 2680 2147 2759 i5).

568 2775 698 2833 Vide
722 2775 1099 2831 Insecttdetttem
1126 2791 1142 2830 :
1174 2772 1491 2844 Sapientiam
1538 2775 1792 2842 loquimur
1817 2776 1946 2830 inter
1976 2783 2150 2849 perte.

561 2877 686 2925 ms.
722 2867 851 2924 Vide
877 2866 1291 2924 descendentem
1323 2884 1338 2922 ε
1368 2863 1475 2921 Lac
1501 2869 1634 2922 vobis
1663 2878 1835 2939 potum
1861 2868 1980 2923 dedi
1999 2911 2014 2933 ,
2046 2887 2150 2927 non

560 2972 727 3020 escam
751 2960 809 3036 (i
853 2960 973 3016 Cor.
1015 2977 1075 3028 tt,
1111 2961 1164 3026 6,
1211 2971 1258 3015 et
1301 2975 1376 3025 Ill,
1401 2957 1481 3032 2).
1528 2958 1641 3015 line
1680 2959 1738 3015 lit
1773 2960 1825 3016 in
1859 2961 2098 3018 Ecclesia
2128 2978 2150 3019 :

560 3057 856 3116 «condunt
897 3066 952 3111 et
986 3054 1316 3110 descendunt
1355 3052 1543 3123 Angeli
1587 3053 1678 3107 Dei
1731 3067 1897 3124 super
1952 3054 2148 3111 Filium

559 3149 837 3207 hominis:
866 3147 991 3220 quia
1019 3160 1233 3201 sursum
1275 3155 1358 3200 est
1405 3143 1571 3199 Filius
1609 3143 1862 3211 hominis,
1892 3146 1958 3200 ad
1989 3163 2149 3216 quem

560 3239 856 3298 abceoduut
881 3239 1063 3305 corde,
1088 3237 1139 3293 id
1168 3245 1249 3294 est
1268 3245 1430 3309 caput
1453 3236 1606 3306 ejus;
1627 3237 1951 3293 ctdeorsnm
1983 3237 2150 3294 Filius

561 3335 813 3401 hominis,
843 3332 896 3389 id
924 3340 1007 3388 est
1029 3346 1223 3401 corpus
1253 3329 1387 3399 ejus.
1429 3328 1666 3384 Membra
1695 3329 1814 3401 ejus
1852 3329 1940 3384 hic
1975 3339 2100 3386 sunt
2129 3371 2147 3398 ,

559 3435 720 3502 caput
751 3437 965 3481 sursum
993 3432 1077 3478 est
1104 3438 1118 3478 :
1145 3421 1452 3478 ascenditur
1477 3419 1543 3475 ad
1579 3430 1734 3491 caput
1753 3461 1771 3487 ,
1800 3421 2152 3478 descenditur

560 3520 629 3577 ad
671 3517 930 3575 membra.
965 3515 1207 3570 Christus
1248 3512 1317 3568 ibi
1348 3554 1365 3580 ,
1419 3511 1666 3568 Christus
1710 3512 1817 3568 hie.
1846 3513 1976 3568 Nam
2005 3515 2050 3569 si
2075 3514 2150 3569 ibi

561 3623 768 3671 tantum
788 3654 803 3680 ,
830 3620 883 3667 et
916 3609 1001 3666 hic
1026 3625 1167 3675 non;
1197 3606 1339 3663 unde
1383 3621 1489 3661 vos
1526 3607 1614 3661 illa
1644 3623 1658 3662 :
1693 3604 1855 3663 Saule
1876 3648 1893 3672 ,
1939 3608 2101 3664 Stude
2130 3650 2146 3677 ,

560 3705 687 3776 quid
711 3715 792 3760 me
811 3701 1121 3774 persequeris
1146 3698 1279 3774 (Aet.
1308 3713 1383 3765 ts,
1417 3697 1513 3770 ψ
1539 3697 1670 3766 Quis
1688 3697 1829 3752 enim
1847 3699 1917 3753 illi
1937 3699 1989 3754 in
2009 3700 2153 3757 eain

560 3799 816 3856 molestus
845 3794 981 3850 fuit?
1009 3792 1194 3857 Nemo,
1219 3805 1319 3846 nec
1343 3789 1535 3856 inda-i,
1561 3805 1659 3846 nec
1673 3789 1886 3858 Saulus,
1909 3806 2009 3846 nec
2029 3791 2151 3846 dia-

561 3890 716 3948 bolus
754 3896 1017 3952 tentatur;
1068 3898 1227 3941 nemo
1265 3883 1334 3938 ibi
1367 3882 1623 3937 molestus
1648 3881 1722 3936 illi
1763 3882 1905 3938 :sed
1933 3881 2072 3938 sicut
2097 3884 2150 3939 iu

560 3995 818 4054 compage
851 3978 1092 4049 corporis
1113 3975 1328 4032 lmmani
1353 3975 1488 4046 pede
1507 3974 1714 4029 calcato
1732 3973 1907 4045 lingua
1935 3977 2149 4032 clamat.

631 4073 722 4130 2i.
770 4070 1002 4127 Dllea'isti
1035 4068 1289 4140 justitiam
1311 4109 1325 4133 ,
1367 4076 1416 4120 et
1457 4066 1610 4121 odisti
1647 4065 1964 4136 iniquitatem
1995 4085 2010 4122 :
2037 4084 2154 4139 pro-

563 4177 732 4241 pterea
773 4166 918 4220 until
959 4173 1040 4229 te,
1087 4160 1221 4216 Deus
1244 4201 1259 4227 ,
1305 4155 1445 4214 Deus
1480 4169 1617 4213 tuas.
1662 4157 1848 4213 Loculi
1877 4175 2060 4214 sumus
2087 4160 2156 4216 de

564 4271 727 4317 uncto
770 4259 878 4313 Deo
901 4299 915 4321 ,
965 4257 1066 4309 hoc
1104 4261 1187 4308 est
1223 4253 1291 4307 de
1325 4250 1557 4305 Christo.
1589 4249 1702 4303 Non
1727 4253 1897 4319 potuit
1923 4252 2157 4319 apertius

564 4351 671 4407 dici
707 4363 897 4405 nomen
937 4346 1166 4411 Christi,
1203 4358 1361 4416 quam
1405 4352 1462 4397 ut
1489 4341 1756 4396 diceretur
1779 4353 1969 4397 unctus
1997 4343 2155 4399 Deus.

564 4443 845 4516 Quomodo
884 4443 1138 4512 speciosus
1166 4443 1330 4509 forma
1359 4452 1467 4508 pro!
1489 4436 1609 4504 ﬁliis
1640 4435 1930 4500 hominum;
1958 4437 2036 4492 sic
2061 4455 2159 4499 uno

567 4547 687 4594 ctus
711 4581 724 4600 ,
755 4537 867 4590 oleo
888 4533 1233 4588 exsultatiauis
1261 4545 1366 4596 pm!
1389 4527 1716 4600 participibus
1743 4528 1870 4583 suis.
1893 4528 1990 4594 Qui
2016 4530 2158 4586 enim

568 4629 856 4703 participes
885 4622 1042 4695 ejus?
1073 4623 1188 4678 Filii
1221 4621 1495 4677 hominum
1529 4636 1542 4672 :
1572 4619 1821 4690 quoniam
1851 4628 1907 4675 et
1929 4621 2042 4688 ipse
2072 4621 2156 4676 Fi-

571 4720 677 4775 lius
707 4713 938 4773 hominis
971 4717 1236 4785 particeps
1267 4714 1430 4767 factus
1455 4721 1536 4767 est
1565 4712 1902 4768 mortalitatis
1927 4713 2159 4782 iltomm,

570 4825 626 4868 ut
650 4813 843 4867 taceret
871 4824 964 4866 eos
996 4805 1278 4877 participes
1306 4804 1719 4859 immortalitatis
1745 4818 1878 4860 sum.

642 4904 732 4958 22.
776 4902 925 4977 (vers.
979 4901 1012 4954 9
1032 4941 1044 4961 ,
1078 4896 1189 4970 ιθ.]
1235 4895 1452 4968 Myrrha
1478 4905 1524 4950 et
1552 4905 1692 4967 gutta
1716 4906 1762 4949 et
1791 4895 1932 4950 casia
1957 4911 1990 4948 a
2016 4895 2161 4950 vesti-

573 4996 752 5052 mentis
798 4995 913 5048 tuis.
961 4987 1166 5048 Odorcs
1208 4989 1330 5043 boni
1377 5003 1407 5042 a
1449 4987 1780 5042 vestimentis
1821 4989 1947 5041 tuis.
1987 4978 2163 5042 Vesti-

575 5102 752 5147 menta
773 5087 888 5159 ejus
911 5096 1030 5140 sitm
1064 5084 1232 5140 sancti
1262 5083 1378 5151 ejus
1394 5122 1408 5146 ,
1441 5081 1594 5136 electi
1616 5081 1732 5150 ejus
1753 5121 1769 5146 ,
1793 5089 1900 5134 tota
1925 5079 2165 5135 Ecclesia

574 5185 690 5256 ejus
711 5225 727 5250 ,
778 5196 936 5251 quam
960 5179 1061 5233 sibi
1085 5177 1224 5231 sient
1251 5185 1453 5229 vestem
1480 5173 1719 5238 exhibet,
1745 5172 1860 5227 sine
1882 5173 2086 5226 macula
2114 5181 2169 5228 et

577 5290 703 5344 ruga
748 5272 962 5346 (lfplres.
1011 5276 1042 5322 ν
1066 5310 1079 5326 .
1115 5265 1214 5338 9.?)
1255 5285 1268 5322 :
1304 5273 1519 5336 propter
1551 5263 1839 5327 maculam,
1868 5262 2091 5316 alduens
2116 5261 2166 5316 in

576 5366 873 5437 sanguine;
919 5371 1135 5434 propter
1173 5373 1394 5430 rugam,
1433 5356 1726 5412 extendens
1757 5356 1806 5409 in
1837 5369 2014 5409 cruce.
2047 5353 2170 5408 Inde

579 5466 750 5516 borius
775 5457 907 5513 odor
931 5456 1021 5528 qni
1043 5453 1370 5524 signiﬁcatur
1399 5449 1682 5504 nominatis
1711 5447 2024 5517 quibusdam
2051 5459 2173 5500 aro-

577 5553 758 5612 matis.
809 5550 945 5607 Audi
990 5548 1206 5604 l'aulmn
1254 5546 1400 5599 illntn
1451 5543 1761 5606 minimum,
1805 5540 2065 5594 limbriam
2105 5538 2173 5594 dc

578 5645 902 5704 vestimento
941 5639 1086 5713 qunti
1117 5637 1287 5709 tetigit
1316 5636 1505 5691 mulier
1535 5635 1589 5690 in
1619 5634 1762 5690 ﬂuxu
1791 5631 2094 5700 sanguinis,
2121 5641 2176 5688 et

580 5749 766 5799 cauata
811 5745 896 5794 est
934 5731 1154 5810 (Matth.
1202 5745 1290 5795 ιι,
1331 5726 1464 5800 20>ς
1509 5725 1632 5782 andi
1670 5725 1818 5781 illum
1858 5724 2173 5782 dicentem:

583 5830 773 5893 Christi
809 5829 969 5885 bonus
1005 5819 1131 5882 odor
1170 5838 1344 5881 sumus
1383 5821 1439 5877 in
1479 5817 1617 5876 omni
1652 5816 1765 5875 loco
1786 5857 1805 5889 ,
1845 5825 1895 5876 et
1918 5815 1974 5873 iu
2000 5814 2064 5874 iis
2086 5815 2175 5886 qui

1750 310 1838 370 '9.
1875 301 2248 374 Αυουετιιιι
2284 301 2593 364 εριεωυι

2234 420 2362 476 salui
2387 421 2547 490 fiunt,
2573 429 2620 476 et
2643 419 2696 476 iu
2717 419 2783 478 iis
2806 420 2891 493 qui
2916 429 3125 493 ρααιηι
3147 419 3223 492 (ιι
3245 419 3369 479 Cor.
3393 422 3586 497 11.15).
3603 425 3699 492 Non
3719 432 3776 489 di.

2238 513 2337 577 xit,
2371 513 2551 570 Bonus
2579 513 2780 570 odorin
2809 513 2874 568 iis
2898 513 2989 584 qui
3015 514 3144 568 salvi
3174 514 3334 579 liuttt,
3367 523 3422 572 ct
3447 516 3724 578 malusodor
3740 525 3775 582 in

2239 609 2304 666 iis
2331 612 2421 682 qui
2454 619 2707 681 pererrat;
2739 610 2832 666 sed
2857 651 2873 675 ,
2904 609 3057 678 Quod
3085 609 3149 675 ad
3177 624 3282 667 nos
3305 611 3511 675 attinet,
3536 613 3670 670 bonas
3688 619 3780 674 odor

2237 720 2431 768 sumus,
2463 712 2511 757 et
2535 703 2586 756 iu
2608 703 2670 756 iis
2692 702 2780 773 qui
2801 701 2927 758 salvi
2949 702 3100 770 ﬁunt,
3125 711 3174 758 et
3203 702 3261 756 in
3289 702 3352 758 iis
3376 702 3462 772 qui
3485 719 3683 772 pereunt.
3702 710 3781 769 επι-

2239 811 2364 850 vum
2383 796 2494 850 lieri
2518 794 2788 851 hominem
2813 795 2954 850 bono
2969 795 3133 850 odore
3150 811 3261 852 non
3281 806 3363 851 est
3381 797 3699 867 improbabile
3719 821 3784 860 ne-

2238 902 2344 958 que
2371 886 2686 944 incredibile
2717 904 2730 941 :
2763 887 2939 957 perire
2965 896 3147 944 autem
3178 887 3460 943 hominem
3484 889 3612 947 bono
3628 893 3782 966 odore,

2240 995 2360 1049 qum
2385 979 2522 1034 ratio
2538 987 2621 1034 est
2639 979 2662 1032 ‘l
2682 978 2864 1048 Magna
2893 983 2990 1042 vis.
3011 996 3202 1051 nmgna
3218 981 3424 1036 veritas
3447 982 3570 1038 :etsi
3591 987 3690 1056 capi
3711 1004 3784 1047 non

2241 1082 2439 1143 potest,
2467 1072 2538 1128 ita
2566 1082 2669 1128 est.
2698 1073 2829 1128 Nam
2857 1084 2911 1129 ut
2941 1076 3200 1131 nmeritis
3227 1076 3356 1146 quia
3379 1074 3594 1133 difﬁcile
3609 1082 3784 1150 capitur,

2241 1166 2420 1220 sLatim
2446 1165 2672 1235 subjecit
2700 1183 2714 1222 :
2749 1165 2814 1221 Et
2839 1166 2908 1221 ad
2934 1168 3042 1222 lure
3064 1168 3178 1238 quis
3203 1168 3467 1223 idoneus?
3493 1168 3614 1238 Quis
3637 1171 3786 1227 intelli-
3883 1213 3886 1218 .

2241 1269 2332 1329 gat
2362 1257 2608 1312 homines
2635 1258 2771 1313 mori
2802 1259 2944 1314 bono
2967 1259 3168 1316 odore?
3195 1258 3409 1316 Tamen
3432 1259 3622 1330 aliquid
3641 1260 3787 1328 dicam,

2243 1350 2459 1406 fratres.
2504 1350 2643 1407 Ecce
2690 1351 2803 1420 ipso
2848 1350 3046 1406 Paulus
3085 1351 3424 1420 pra-dicabat
3463 1351 3788 1423 Evangelium;

2245 1444 2396 1498 tnulti
2441 1443 2588 1499 illum
2627 1443 2875 1500 amabant
2917 1444 3328 1512 praulicatorcm
3366 1443 3660 1514 Evangelii,
3685 1452 3792 1510 multi

2247 1535 2326 1590 illi
2371 1535 2677 1592 invidebant
2707 1555 2721 1591 :
2747 1535 2837 1606 qui
2875 1536 3020 1592 illutn
3057 1536 3358 1601 amabant,
3388 1536 3529 1591 tuum
3551 1537 3699 1595 odore
3717 1542 3791 1596 sal-

2246 1630 2541 1694 vabantur;
2588 1629 2676 1700 qui
2719 1629 2793 1683 illi
2836 1628 3173 1693 invidebant,
3220 1628 3370 1684 bono
3396 1629 3562 1684 odore
3587 1630 3789 1699 perimat.

2249 1721 2376 1778 ideo
2403 1732 2458 1778 et
2481 1721 2826 1793 pereuntibus
2855 1737 2961 1777 non
2987 1722 3157 1778 malus
3177 1720 3320 1776 odor
3340 1761 3357 1786 ,
3385 1721 3480 1776 sed
3507 1721 3788 1778 iiO-ilStlthf.

2249 1815 2377 1873 ideo
2401 1816 2543 1872 enim
2572 1818 2740 1885 magis
2766 1815 2840 1872 illi
2867 1815 3208 1880 invidebant,
3239 1815 3370 1886 quia
3399 1824 3505 1869 tam
3533 1815 3657 1868 bona
3677 1816 3716 1869 in
3734 1817 3790 1870 illa

2250 1913 2416 1984 gratia
2460 1912 2784 1982 prmvalebat
2815 1928 2829 1965 :
2861 1925 3020 1968 nemo
3059 1911 3203 1966 enim
3244 1909 3455 1964 invidet
3484 1909 3679 1964 misero
3707 1907 3791 1965 Erit

2252 2019 2382 2074 ergo
2420 2005 2686 2074 gloriosus
2729 2005 2781 2058 in
2825 2002 3202 2072 pradicatinne
3244 2000 3400 2056 verbi
3437 2000 3563 2060 Dei.
3590 2011 3637 2054 ct
3663 2001 3792 2056 vivens
3879 2009 3886 2074 ξ

2254 2095 2546 2152 secundum
2576 2095 2812 2164 regulam
2844 2094 2982 2149 illius
3005 2093 3166 2162 virga:
3195 2091 3521 2148 directiouis
3547 2109 3560 2144 ε
3591 2092 3790 2162 αιιιιιὲεθ-

2254 2187 2382 2243 bant
2418 2203 2540 2244 eum
2567 2188 2658 2259 qui
2685 2188 2738 2242 in
2764 2187 2856 2242 illo
2883 2187 3171 2257 diligebant
3197 2186 3483 2242 Christum
3509 2225 3526 2252 ,
3553 2187 3636 2254 qui
3658 2200 3794 2255 sialite-

2255 2279 2449 2336 bantur
2493 2281 2690 2336 iunium
2733 2281 2988 2345 odorem;
3016 2279 3277 2350 diligebat
3303 2280 3540 2334 amicmn
3564 2281 3717 2348 spiam
3737 2279 3792 2332 sui

2256 2372 2369 2444 ipsa
2409 2387 2605 2443 sponsa
2629 2412 2646 2438 ,
2689 2388 2808 2443 qua:
2832 2373 2960 2428 dicit
2989 2371 3041 2425 iu
3069 2372 3314 2428 Canticis
3337 2373 3684 2434 canticorum,
3711 2367 3794 2422 Post

2256 2465 2460 2520 odorem
2490 2476 2852 2535 augendarum
2877 2473 3076 2517 tuorum
3098 2479 3366 2518 cuneatus
3396 2461 3568 2533 (Cant.
3597 2477 3642 2521 ι.
3665 2457 3723 2531 3).
3741 2458 3792 2514 Illi

2256 2566 2433 2612 autem
2457 2568 2658 2627 quanto
2693 2556 2861 2626 magis
2886 2569 3009 2610 cum
3034 2554 3290 2614 videbant
3321 2553 3375 2610 iu
3406 2553 3572 2624 gloria
3599 2551 3792 2621 [πετραῖαι
3883 2555 3886 2618 έ

2257 2651 2418 2705 tinnis
2448 2648 2718 2720 Evangelii
2746 2657 2802 2704 et
2821 2649 2872 2702 iu
2903 2647 3009 2703 vita
3037 2647 3384 2716 incnlpabili,
3417 2655 3562 2700 tanto
3586 2642 3789 2713 magism-

2255 2741 2392 2800 vidia
2416 2741 2802 2812 lcrqnebantur
2820 2779 2834 2801 ,
2865 2747 2922 2795 et
2946 2738 3338 2794 occidebantur
3365 2739 3510 2794 bene
3533 2737 3699 2792 odore.

2323 2839 2414 2896 9.3.
2469 2837 2682 2911 Myrrha
2717 2844 2763 2888 et
2801 2842 2945 2905 gutta
2981 2841 3029 2887 et
3063 2832 3202 2886 casia
3243 2849 3280 2887 a
3317 2831 3616 2887 vestimentis
3642 2827 3790 2890 tuit.t

2255 2933 2485 2988 domibus
2513 2929 2760 2999 eburneis,
2784 2944 2848 2986 ex
2867 2925 3050 3002 quibus
3065 2925 3442 2981 delectaverunt
3463 2936 3510 2979 te
3528 2924 3641 2992 ﬁlia
3652 2935 3788 2990 regns.

2255 3024 2454 3080 Domos
2490 3025 2753 3080 eburneas
2781 3064 2794 3086 ,
2839 3023 3030 3077 domos
3074 3032 3334 3087 tuaguss,
3383 3017 3572 3073 deuios
3613 3011 3789 3081 regales.

2255 3118 2468 3189 quasvis
2513 3117 2653 3187 elige
2673 3157 2688 3181 ,
2721 3115 3120 3170 delectaverunt
3162 3111 3292 3171 inde
3319 3110 3588 3168 Christum
3615 3107 3713 3162 Illi-.e
3732 3119 3791 3158 re-

2254 3224 2400 3281 gum.
2431 3208 2523 3263 Vis
2546 3209 2735 3263 domos
2762 3208 3024 3263 eburneas
3051 3208 3410 3277 spiritualiter
3436 3199 3696 3275 accipere!
3714 3195 3790 3252 la-

2255 3315 2386 3374 gnos
2425 3300 2612 3355 dumos
2632 3341 2648 3366 ,
2690 3311 2743 3355 et
2785 3315 2974 3371 magna
3007 3299 3351 3356 tabernacula
3381 3301 3475 3356 Dei
3497 3341 3514 3366 ,
3541 3297 3681 3353 corda
3705 3309 3792 3348 satt'

2255 3405 2460 3450 ctornm
2479 3435 2496 3459 ,
2521 3395 2768 3466 ipsosque
2789 3408 2941 3465 reges
2962 3405 3206 3466 regentes
3229 3409 3452 3450 carnem
3478 3435 3493 3459 ,
3516 3391 3788 3460 Stthjugaulet

2255 3489 2355 3543 sibi
2383 3489 2564 3542 turbas
2594 3487 2944 3542 hun'taoarttm
2975 3489 3321 3544 ali'ccﬁommr
3343 3530 3358 3554 ,
3386 3485 3688 3555 castigantis
3707 3495 3788 3531 enr-

2240 3594 2376 3652 pus,
2409 3591 2459 3636 et
2484 3580 2722 3635 servituti
2753 3579 3117 3650 snlrjicientes,
3143 3581 3333 3650 accipe
3361 3595 3376 3633 :
3405 3579 3524 3650 quia
3552 3575 3662 3630 inde
3684 3571 3785 3626 dule-

2257 3684 2530 3728 ctaverunt
2555 3689 2677 3727 eum
2705 3672 2825 3726 ιὶιίςῑ⁵
2849 3686 3054 3741 regum.
3085 3671 3297 3726 Etenim
3319 3686 3508 3727 omnes
3525 3668 3788 3731 auinqu
3877 3668 3882 3741 ᾗ

2259 3764 2365 3820 illis
2405 3763 2814 3836 pra-dicantibus
2840 3773 2893 3817 et
2919 3764 3411 3834 evangelizantibus
3441 3769 3572 3817 natm
3595 3765 3700 3812 sunt
3719 3796 3728 3815 .
3750 3754 3786 3802 li-

2258 3858 2343 3914 iia‘.
2369 3875 2550 3930 regum
2581 3867 2705 3912 Sunt
2731 3875 2744 3911 :
2777 3866 2831 3913 et
2863 3856 3110 3912 Ecclesia
3141 3857 3264 3911 lilia:
3295 3854 3686 3927 Apostolorum.
3710 3847 3788 3899 lilii

2258 3967 2444 4022 regum
2473 3961 2616 4004 sunt.
2649 3950 2742 4006 ille
2769 3959 2850 4004 est
2877 3949 3020 4004 enim
3048 3948 3164 4005 Rex
3197 3965 3384 4020 regum
3421 3967 3434 4003 :
3466 3949 3535 4002 illi
3560 3956 3709 3999 autem
3730 3952 3786 3990 re-

2258 4056 2353 4115 gt's
2398 4043 2464 4098 de
2507 4043 2700 4114 quibus
2737 4041 2937 4096 dictum
2981 4050 3095 4106 est,
3136 4041 3391 4097 Sedebitis
3414 4055 3563 4111 super
3586 4031 3788 4089 dubitet-iu

2260 4135 2401 4190 sedes
2420 4179 2432 4195 .
2473 4135 2759 4205 iudicantes
2798 4133 3064 4188 duodecim
3092 4133 3250 4186 tribus
3282 4133 3450 4188 Israel
3476 4128 3666 4203 (.ilottb.
3697 4135 3786 4176 tu.

2260 4226 2375 4300 98).
2419 4227 2848 4282 Pr:.edicavcrunt
2886 4225 3104 4280 verbum
3152 4227 3419 4286 veritatis,
3464 4232 3518 4278 et
3557 4218 3789 4292 gumento!

2263 4319 2566 4383 Ecclesias,
2614 4335 2720 4373 non
2759 4317 2896 4384 sibi,
2941 4317 3036 4372 sed
3076 4317 3171 4371 illi.
3209 4318 3288 4371 Ad
3328 4317 3430 4373 hoc
3463 4315 3784 4368 sacramz‘hlﬂ'

2267 4413 2493 4482 pertinet
2517 4411 2654 4480 quod
2686 4411 2941 4480 scriptum
2969 4417 3053 4465 est
3079 4411 3129 4464 in
3154 4409 3295 4480 Lege
3323 4431 3338 4464 :
3369 4411 3432 4464 Si
3458 4416 3662 4460 mort-tuo
3680 4393 3786 4468 fumi

2266 4506 2426 4576 frater
2443 4545 2459 4569 ,
2503 4503 2717 4574 accipiat
2751 4519 2958 4557 uxorem
2985 4503 3092 4574 ejus
3122 4504 3282 4572 frater
3313 4504 3426 4575 ejus
3445 4543 3460 4567 ,
3486 4511 3531 4553 et
3555 4494 3721 4550 suscita
3737 4501 3788 4539 τε·

2267 4614 2379 4652 mea
2421 4595 2569 4667 fratri
2605 4613 2698 4650 suo
2727 4595 2900 4667 (Deut.
2932 4610 3076 4660 xxv,
3107 4596 3186 4666 5).
3217 4595 3448 4666 Accipiat
3471 4603 3657 4646 uxorem
3677 4587 3786 4653 frﬂ'ﬂ‘

2268 4693 2379 4763 ejus
2401 4732 2418 4758 ,
2450 4701 2498 4744 et
2521 4693 2722 4744 suscitet
2747 4706 2912 4744 semen
2936 4729 2952 4754 ,
2981 4703 3088 4743 non
3116 4688 3216 4742 sibi
3241 4731 3254 4752 ,
3281 4689 3374 4742 sed
3405 4685 3549 4758 fratri
3571 4696 3664 4735 suo.
3689 4671 3786 4763 Dixit

2269 4759 2511 4842 Christus
2531 4827 2544 4849 ,
2575 4781 2669 4836 Dic
2690 4781 2930 4855 fratribus
2959 4779 3080 4833 meis
3109 4778 3323 4850 (Matth.
3351 4791 3510 4834 xsvm
3535 4816 3547 4838 ,
3573 4771 3668 4839 ιο).
3693 4759 3787 4855 “iiii

2270 4880 2325 4936 in
2352 4878 2556 4952 pSalmo
2578 4918 2591 4942 ,
2628 4873 2865 4929 Narrabo
2898 4889 3078 4927 nomen
3107 4883 3247 4925 tuum
3273 4871 3510 4944 fratribus
3535 4864 3640 4919 meis
3663 4852 3784 4926 (Ρειιίι

2271 4946 2391 5034 xxi,
2421 4970 2539 5042 23).
2574 4968 2809 5024 Mortuus
2833 4977 2914 5021 est
2943 4965 3209 5031 Chrisms,
3240 4964 3544 5023 resurrexit,
3573 4946 3786 5008 ascendat.

2273 5064 2571 5120 absentavit
2611 5077 2670 5116 se
2694 5076 2919 5130 corpore
2950 5077 2965 5113 :
2993 5071 3345 5129 susceperunt
3376 5058 3554 5112 fratres
3575 5049 3672 5117 ejus
3693 5051 3783 5091 IISO'

2273 5175 2386 5216 rem
2427 5159 2576 5229 ejus,
2623 5155 2998 5228 przL-dicatione
3039 5152 3308 5223 Evangelii
3349 5141 3624 5223 generatnri
3660 5133 3784 5189 illius,

2276 5269 2380 5307 "‘"l
2426 5267 2520 5319 1³οΓ
2556 5249 2796 5319 sciam.
2837 5246 2930 5303 sed
2978 5262 3073 5316 per
3115 5244 3486 5316 Evangelium,
3516 5242 3698 5319 pmplct:
3720 5235 3786 5274 Μ’

2277 5362 2397 5402 men
2439 5345 2634 5400 fratris.
2683 5341 2745 5398 In
2776 5341 2973 5397 Christo
3001 5341 3135 5396 enim
3163 5338 3318 5404 Iesu,
3347 5335 3534 5406 inquit,
3567 5342 3642 5399 per
3661 5316 3784 5419 titul"

2279 5439 2462 5509 gelium
2489 5478 2503 5501 ,
2535 5453 2624 5510 ego
2647 5451 2730 5489 vos
2754 5435 2904 5507 genui
2929 5433 2969 5501 (I
3001 5430 3118 5488 Cor.
3149 5446 3204 5487 tv
3224 5473 3239 5499 ,
3269 5429 3377 5502 i5)-
3405 5426 3570 5494 ιιειιιυε
3586 5416 3785 5510 S"“'f_'"_’_"

2284 5541 2361 5585 tes
2388 5500 2584 5586 seniori
2604 5527 2750 5582 fratri
2781 5543 2878 5581 suo
2897 5568 2912 5593 ,
2945 5533 3204 5597 quotquot
3233 5500 3548 5594 genuerunt,
3575 5521 3662 5564 nou
3684 5500 3781 5597 Pali:

2282 5625 2452 5680 iiauos
2494 5632 2583 5678 aut
2620 5622 2932 5686 l’ctriaaos,
2963 5617 3055 5675 sed
3082 5617 3410 5674 Christianos
3436 5590 3780 5694 nominaret“?

2285 5715 2474 5774 Videte
2513 5716 2558 5774 si
2606 5731 2712 5771 non
2752 5713 2852 5770 iste
2893 5729 3085 5770 sensus
3125 5711 3310 5794 vigilat
3334 5720 3387 5766 et
3413 5707 3463 5764 in
3487 5700 3562 5794 bii

2285 5808 2850 5881 meuimdicsrat.
2875 5783 3783 5874 «domibuseburaelt.diliid°"p'
