3942 6430
103 336 249 397 ωο

110 452 304 511 tibus,
344 443 569 513 amplis,
606 441 879 516 pulchris,
921 439 1158 506 lenibus,
1201 437 1375 508 qualia
1408 446 1533 492 sunt
1560 434 1725 491 corda

116 550 432 601 mut-torum
478 554 491 590 :
539 538 786 606 subjecit,
816 533 898 589 Ea:
923 534 1101 602 quibus
1130 542 1177 585 te
1204 530 1574 584 delectamrunt
1604 528 1727 595 ﬁlice

122 649 302 698 rrqsnn
322 673 336 695 ,
365 632 413 683 in
440 630 631 683 honore
653 641 756 681 tuo.
796 624 944 679 Filio:
968 624 1181 693 quidem
1209 638 1415 692 regunt,
1436 621 1555 673 lilia:
1580 622 1724 688 Apo-

122 697 385 784 smiurum
416 733 627 773 ttnn-nm
661 736 673 771 :
699 716 793 773 sed
815 758 830 779 ,
854 717 905 770 in
932 717 1122 769 honore
1148 725 1231 768 tuo
1252 752 1267 776 ,
1295 710 1417 783 quia
1445 726 1625 765 semen
1649 710 1725 764 illi

124 816 525 875 suscitavcrtmt
567 810 717 864 l'ratri
743 823 861 864 suo.
896 806 1019 861 Ideo
1049 806 1192 876 iptos
1216 819 1351 874 quos
1380 801 1730 857 suscitavcrat

126 908 283 966 fratri
336 921 434 960 suo
482 904 712 967 Paulus,
764 917 884 956 cum
926 900 1130 955 videret
1170 912 1385 953 currere
1422 894 1489 950 ad
1532 909 1727 949 nomen

127 1016 314 1064 suum,
340 997 660 1053 exclamavit
689 1011 703 1049 :
737 992 1002 1064 Numquid
1035 988 1232 1045 Paulus
1257 989 1528 1057 cruciﬁxus
1547 996 1619 1041 est
1636 1003 1730 1057 pro

125 1091 315 1149 vobis?
358 1090 493 1159 Quid
539 1090 679 1143 enim
723 1088 798 1142 ait
840 1086 1094 1143 Les't'Et
1132 1084 1323 1139 habeat“
1348 1091 1505 1138 natus
1534 1096 1730 1137 nomen

128 1184 368 1244 defuncti
400 1180 499 1255 (η).
534 1182 789 1237 Defuncto
820 1188 1068 1235 nascatur
1089 1220 1103 1241 ,
1133 1177 1365 1232 dehincti
1395 1176 1607 1230 nomine
1631 1188 1729 1243 ap-

132 1280 377 1352 pelletur.
418 1276 612 1330 Servat
649 1273 753 1329 hoc
782 1272 1074 1343 legitimum
1101 1270 1294 1326 Paulus
1322 1286 1339 1324 :
1372 1268 1609 1323 volentes
1636 1280 1732 1336 ap-

134 1368 317 1441 pellari
344 1381 409 1420 ex
440 1366 657 1419 nomine
682 1378 811 1425 suo,
844 1369 1095 1418 revocat:
1122 1357 1296 1431 Numq
1333 1359 1387 1413 id
1416 1357 1611 1412 Paulus
1636 1372 1730 1426 pro

132 1460 271 1515 tabis
297 1456 571 1525 cruciﬁxus
600 1455 713 1510 est?
738 1454 816 1508 Ad
843 1453 1150 1509 defunctum
1174 1451 1395 1520 aspicite
1420 1492 1436 1514 ,
1465 1447 1730 1519 Numquid

134 1550 331 1606 Paulus
360 1565 451 1620 pro
480 1547 617 1601 vobis
638 1546 911 1615 cruciﬁxus
937 1544 1055 1599 est?
1083 1543 1152 1598 Et
1180 1543 1303 1613 quid
1324 1542 1487 1613 ergo?
1507 1540 1730 1610 Quando

132 1644 254 1700 illos
279 1640 546 1712 generasti
570 1680 589 1707 ,
620 1639 745 1711 quid
776 1639 821 1695 si
853 1654 1047 1693 nomen
1077 1646 1222 1691 tuum
1255 1637 1362 1691 illis
1394 1634 1729 1706 imposuisti?

132 1736 270 1792 Non.
316 1733 405 1789 Ait
445 1733 587 1789 enim
636 1750 650 1785 :
697 1734 794 1785 Aut
833 1732 885 1784 in
924 1731 1123 1784 nomine
1155 1727 1311 1782 Pauli
1351 1728 1589 1796 bainizoti
1613 1725 1730 1780 estis

141 1828 191 1901 (1
210 1828 321 1883 Cor.
366 1842 382 1880 ι
408 1866 424 1891 ,
458 1823 592 1898 i3)?
619 1823 997 1879 Delectaverunt
1028 1832 1074 1876 te
1102 1822 1225 1892 ﬁlia:
1248 1837 1421 1890 regum
1452 1820 1505 1875 in
1532 1820 1725 1873 honore

137 1932 239 1974 tuo.
278 1918 477 1973 Tcnete
496 1958 512 1980 ,
557 1926 767 1972 servate
791 1957 808 1982 ,
846 1916 901 1970 in
931 1915 1119 1968 honore
1146 1925 1249 1967 tuo.
1285 1913 1396 1968 lloc
1419 1922 1501 1968 est
1531 1911 1730 1968 habere

136 2022 341 2068 vestem
386 1992 731 2080 nuptialem,
776 2008 919 2063 illius
968 2007 1223 2063 honorem
1257 2047 1275 2071 ,
1320 2006 1463 2060 illius
1507 2004 1729 2073 gloriam

133 2118 393 2173 quaerere.
442 2102 721 2169 lntclligite
745 2101 902 2156 etiam
932 2099 1067 2154 lilias
1095 2113 1275 2169 rrgum
1296 2136 1314 2165 ,
1343 2097 1585 2153 civitates
1612 2110 1731 2166 quas

133 2194 471 2249 crediderunt
514 2193 567 2247 in
592 2190 898 2256 Christum,
923 2200 979 2245 et
1001 2206 1030 2245 a
1061 2190 1275 2260 regibus
1304 2187 1532 2243 condita.-
1560 2196 1685 2241 sunt
1709 2204 1731 2248 :

133 2297 194 2341 et
234 2304 265 2339 o
309 2286 538 2341 domibus
581 2285 843 2349 eburneis,
889 2283 1177 2349 divitibus,
1225 2282 1499 2352 superbis,
1549 2282 1727 2337 elatis.

136 2375 286 2432 Filia
327 2392 503 2447 regum
544 2375 914 2429 delectaverunt
949 2382 997 2431 te
1023 2374 1073 2427 in
1102 2373 1291 2427 honore
1315 2382 1402 2426 tuo
1428 2387 1449 2426 :
1472 2372 1594 2442 quia
1620 2386 1729 2426 non

135 2470 453 2539 quaesierunt
477 2468 732 2523 honorem
762 2476 971 2536 patrum
999 2480 1220 2521 suorum
1243 2507 1259 2531 ,
1288 2465 1382 2520 sed
1403 2464 1729 2536 qtncsierunt

138 2558 388 2614 honorem
437 2569 607 2614 tuum.
658 2557 981 2614 Ostendatur
1026 2555 1154 2611 mihi
1199 2555 1380 2609 Roma:
1424 2555 1477 2608 in
1526 2554 1729 2611 honore

138 2661 278 2705 tanto
309 2652 561 2721 templum
588 2650 835 2713 Romuli,
867 2650 918 2703 in
948 2658 1145 2719 quanto
1175 2647 1243 2701 ibi
1270 2645 1494 2702 ostendo
1525 2660 1729 2702 memo-

139 2744 263 2797 riam
307 2742 466 2798 Petri.
504 2742 558 2797 ln
592 2742 749 2796 Petro
779 2740 896 2810 quis
928 2739 1219 2798 honoratur
1241 2780 1257 2803 ,
1290 2738 1389 2793 nisi
1419 2737 1508 2808 ille
1537 2735 1727 2792 defun-

135 2844 249 2889 ctus
290 2849 387 2906 pro
433 2834 628 2888 nobis?
674 2833 868 2889 Sumus
914 2833 1055 2887 cnim
1105 2828 1425 2894 Christiani,
1473 2843 1576 2884 non
1625 2827 1726 2884 Pe-

139 2926 312 2980 triani.
354 2925 464 2981 Etsi
510 2925 618 2978 nati
661 2940 755 2993 per
784 2923 998 2978 fratrem
1026 2919 1259 2975 defuncti
1285 2962 1300 2981 .
1330 2930 1503 2974 tamen
1532 2934 1729 2989 cogno-

137 3018 318 3073 minati
350 3016 565 3072 nomine
592 3016 850 3070 delnnCti.
879 3014 980 3069 Per
1010 3013 1158 3067 illum
1188 3011 1296 3067 uati
1320 3051 1337 3078 ,
1367 3011 1460 3067 sed
1489 3010 1563 3065 illi
1596 3010 1725 3065 uati.

140 3107 269 3164 Ecce
296 3109 456 3163 ltoma
478 3151 495 3173 ,
521 3122 646 3163 ecce
670 3107 955 3175 Carthago,
983 3119 1110 3159 ecce
1132 3104 1251 3157 alia:
1275 3113 1328 3158 et
1348 3102 1466 3157 alia:
1486 3102 1727 3159 civitates

142 3199 255 3254 lilia:
301 3216 478 3269 regum
522 3209 682 3263 sunt;
727 3206 783 3253 et
823 3196 1223 3252 delectaverunt.
1264 3208 1442 3263 regem
1481 3208 1634 3249 suum
1672 3194 1726 3250 in

142 3288 335 3345 honore
375 3290 574 3359 ipsius;
614 3298 669 3344 ct
693 3306 755 3344 cx
777 3289 1024 3344 omnibus
1047 3287 1104 3342 lit
1125 3301 1229 3341 una
1252 3285 1494 3356 qua-dam
1520 3286 1723 3356 regina.

207 3387 297 3442 24.
338 3387 501 3455 Quale
524 3402 740 3441 carmen
771 3384 1046 3454 nuptiale?
1078 3382 1213 3441 Ecce
1241 3384 1382 3439 inter
1405 3384 1611 3441 cantica
1642 3384 1725 3439 hi-

146 3477 360 3532 laribttis
382 3482 532 3549 plena
555 3520 569 3539 .
602 3477 839 3548 procedit
863 3489 917 3534 ct
945 3477 1055 3547 ipSa
1078 3490 1295 3547 Sponsa.
1323 3475 1564 3546 Sponsus
1582 3476 1725 3533 enim

147 3568 412 3634 veniebat,
446 3570 557 3640 ipse
587 3568 989 3623 describebatur
1012 3610 1027 3634 ,
1058 3570 1109 3622 in
1143 3569 1289 3623 illnttt
1318 3576 1432 3623 erat
1452 3568 1626 3623 omnis
1648 3570 1727 3623 in-

153 3660 309 3714 tentio
338 3671 510 3716 nostra
543 3680 555 3713 :
590 3659 839 3730 procedat
865 3670 915 3714 et
945 3660 1063 3714 ista.
1085 3658 1254 3712 Astitit
1282 3658 1453 3730 regina
1477 3675 1509 3713 α
1538 3658 1729 3715 dextris

154 3753 262 3804 tuis.
287 3751 404 3819 Qua:
424 3770 451 3806 ιι
475 3752 703 3806 sinistris
720 3792 736 3817 ,
767 3767 870 3803 non
894 3751 1096 3821 regina.
1120 3750 1291 3805 Stabit
1312 3750 1454 3805 cnim
1476 3750 1717 3819 quazdam

157 3851 210 3895 et
248 3862 274 3895 a
314 3846 567 3905 sinistris,
612 3844 694 3897 cui
735 3843 983 3899 dicetur:
1025 3840 1163 3895 Vnde
1188 3843 1240 3895 in
1270 3843 1433 3913 ignem
1460 3854 1724 3897 te:ernunt.

160 3937 199 3988 Α
223 3936 403 3991 dextris
427 3950 602 3991 autem
636 3937 827 4002 stabit,
858 3937 940 3991 cui
970 3936 1176 3990 dicetur
1207 3953 1221 3989 :
1261 3932 1457 4001 Venite,
1484 3936 1726 3990 benedicti

168 4023 317 4081 Putris
339 4031 426 4082 mei
446 4072 460 4092 ,
490 4029 727 4098 pereipite
752 4045 962 4099 regnum
987 4027 1120 4098 quod
1146 4027 1280 4082 vobis
1311 4038 1544 4097 paratum
1569 4038 1640 4084 est
1665 4028 1729 4082 ab

164 4119 287 4175 initio
309 4124 471 4177 nonidi
496 4122 709 4195 (Jluuh.
744 4137 873 4187 xxv,
904 4122 992 4182 54,
1017 4122 1134 4191 41).
1163 4122 1331 4176 Astitit
1358 4122 1530 4192 regina
1551 4138 1582 4175 a
1606 4121 1730 4177 dea:-

169 4213 240 4266 tn's
271 4216 390 4278 tuis,
426 4217 477 4269 in
515 4216 689 4269 uestitu
730 4216 1010 4281 deaurato,
1048 4214 1426 4267 circumamictu
1465 4215 1724 4270 varietate.

170 4304 372 4367 Vcstitus
410 4314 607 4384 regina:
652 4311 809 4379 hujus
853 4310 969 4379 quis
996 4308 1115 4363 est?
1146 4308 1210 4363 Et.
1236 4310 1500 4378 pretiosus
1526 4319 1608 4367 est
1627 4352 1644 4376 ,
1674 4320 1731 4367 ct

166 4404 317 4461 Varius
352 4416 432 4461 est
473 4424 486 4459 :
528 4412 859 4459 Sat-ramenta
892 4402 1148 4457 doctrina:
1180 4403 1233 4457 in
1265 4403 1455 4473 linguis
1482 4404 1729 4463 omnibus

160 4498 297 4553 Variis
321 4500 333 4530 '
357 4537 371 4551 .
415 4500 530 4554 Alia
561 4499 737 4568 lingua
765 4498 876 4550 alra
897 4537 914 4558 ,
942 4496 1043 4550 alia
1074 4511 1197 4568 syra
1220 4537 1236 4561 ,
1263 4497 1363 4550 alia
1391 4513 1563 4568 ενα-αι
1586 4540 1600 4564 ,
1626 4500 1729 4555 alia

156 4579 344 4644 hebraai
368 4631 381 4653 ,
409 4590 509 4644 alia
534 4590 619 4642 illa
643 4600 692 4643 ct
717 4588 801 4641 illa
827 4605 839 4641 :
867 4587 1187 4641 facinntistuc
1205 4588 1397 4659 lingua:
1419 4592 1727 4647 varietatem

153 4684 297 4738 \‘cstis
342 4684 538 4753 regina:
579 4681 754 4752 hujus.
791 4680 1068 4750 Quomodo
1097 4689 1273 4735 autem
1299 4684 1474 4738 omnis
1500 4688 1727 4742 varietas

151 4778 297 4831 \‘eStis
339 4780 390 4832 in
434 4778 635 4831 unitate
677 4775 998 4840 concordat,
1042 4775 1121 4828 sic
1146 4786 1200 4829 et
1225 4790 1412 4830 omnes
1443 4777 1631 4849 lingua:
1659 4779 1730 4837 ad

151 4877 291 4923 tinam
335 4871 516 4925 (idem.
562 4870 616 4923 In
662 4878 809 4924 veste
848 4867 1074 4921 varietas
1100 4867 1208 4925 sit.
1237 4867 1466 4922 scissura
1502 4884 1603 4923 non
1635 4870 1725 4927 sit.

152 4951 276 5015 Ecce
312 4962 621 5016 varietatem
668 4960 1027 5014 intelleximus
1067 4957 1135 5012 de
1177 4958 1487 5014 diversitate
1523 4960 1727 5033 lingua-

154 5061 257 5106 rum
278 5063 324 5108 et
352 5063 559 5108 vrstem
584 5050 945 5107 intelleximus
968 5060 1182 5121 propter
1206 5050 1462 5105 unitatem
1496 5069 1507 5105 :
1538 5052 1588 5107 in
1613 5057 1727 5122 ipsa

157 5154 310 5200 autem
330 5147 585 5200 vaiietate
613 5160 798 5198 aurum
827 5143 967 5213 quod
990 5154 1066 5198 est
1091 5144 1113 5197 ?
1137 5143 1248 5214 Ipsa
1275 5145 1551 5215 sapientia.
1572 5147 1729 5215 Quar-

166 5231 349 5292 libctsit
371 5238 600 5291 varietas
625 5237 943 5303 linguarum,
973 5252 1132 5289 umnn
1160 5252 1347 5290 attrum
1373 5237 1721 5306 praalicatur:

167 5340 248 5382 non
270 5330 528 5383 diversum
555 5344 741 5382 aurmn
767 5370 782 5394 ,
816 5328 907 5381 sed
946 5327 1171 5383 varietas
1194 5326 1261 5382 de
1281 5343 1431 5380 auro.
1459 5328 1713 5386 Eaunlcm

166 5420 324 5491 quippe
364 5422 720 5490 Sapientiam,
765 5418 1009 5475 camdem
1054 5420 1347 5473 doctrinam
1396 5432 1447 5473 et
1484 5420 1723 5490 distipli-

169 5524 262 5567 naut
287 5532 464 5568 omnes
495 5515 686 5582 lingth
712 5512 1021 5581 lil‘tcdlcalll.
1053 5511 1290 5567 \‘arietas
1322 5512 1371 5568 itt
1396 5514 1605 5584 linguis,
1628 5530 1723 5573 au-

170 5619 257 5663 rum
281 5610 323 5665 in
351 5607 656 5666 sententiis.

212 5774 227 5808 δ
253 5780 416 5825 Novem
436 5779 564 5833 3155.,
590 5774 796 5824 t'orimts.

210 5834 271 5901 (ιι)
290 5834 387 5890 rtd.
413 5841 447 5888 ιι
462 5829 687 5898 uenatu,
714 5844 819 5898 cap.
841 5829 913 5893 te,
942 5837 995 5883 et
1017 5830 1100 5882 tie.
1123 5839 1212 5894 oo.
1236 5836 1288 5885 tu
1306 5840 1531 5898 nautea,
1546 5840 1603 5900 ιι.
1628 5835 1715 5889 so.

1231 319 1632 380 ENARRA'HO
1668 319 1739 378 IN
1772 320 2101 381 PﬁAUﬂiﬂ
2135 323 2321 383 XLIV.

3313 335 3423 397 βω

1906 437 1995 495 9.5.
2027 435 2175 511 [rem
2207 440 2324 515 1L}
2345 440 2646 515 Alloquitur
2672 444 2939 515 Propheta
2977 449 3216 521 reginam
3263 453 3420 514 istam

1834 525 2086 598 (libenter
2108 531 2249 586 cnim
2268 533 2341 587 illi
2356 537 2580 605 cantat),
2603 547 2658 595 et
2685 554 3117 611 umtmquemque
3138 554 3374 602 nostrum
3400 565 3417 613 ;

1831 620 1874 672 si
1916 630 2090 678 tamen
2132 626 2435 683 noverimus
2484 628 2571 684 ubi
2614 645 2831 698 sumus,
2870 644 2924 687 ct
2961 635 3027 690 ad
3070 636 3197 692 illud
3227 655 3422 710 corpus

1834 714 2100 782 pertinere
2125 732 2401 786 conemur,
2431 729 2486 777 ct
2509 720 2612 778 lide
2641 732 2695 778 et
2724 738 2817 793 Spe
2834 727 3193 798 pertincamus
3212 734 3342 787 uniti
3367 734 3421 789 iu

1833 810 2087 865 membris
2111 810 2330 868 Christi.
2359 812 2466 869 Nos
2490 817 2631 871 enim
2661 817 2947 889 alloquitur
2975 838 2987 874 :
3019 822 3185 888 Audi,
3211 826 3341 893 ﬁlia,
3373 837 3421 882 ct

1834 900 1962 954 ride.
1986 902 2282 973 Alloquitur
2297 918 2412 959 eam
2432 916 2679 977 tanquam
2704 925 2837 964 unus
2854 910 2921 965 de
2940 914 3194 982 patribus,
3217 918 3336 986 quia
3364 919 3421 972 li-

1834 991 1919 1045 lia:
1940 1008 2123 1065 regunt
2144 1004 2267 1051 sunt
2289 1014 2303 1050 ι
2330 999 2428 1053 etsi
2446 999 2744 1070 alloquatur
2768 1005 3042 1073 propheta,
3066 1010 3164 1064 etsi
3183 1011 3418 1082 alloqua-

1834 1092 1919 1139 tor
1937 1088 2231 1155 apostolus,
2255 1100 2500 1162 tanquam
2526 1094 2682 1148 tiliam
2702 1095 2799 1166 (sic
2816 1098 2955 1152 enim
2973 1098 3218 1169 dicimus,
3238 1104 3422 1162 Patres

1836 1180 1999 1231 nostri
2023 1178 2325 1249 Propheta).
2356 1194 2531 1253 patres
2553 1187 2718 1242 nostri
2736 1189 2975 1256 Apostoii
2998 1191 3071 1244 :si
3100 1208 3197 1247 nos
3223 1196 3341 1250 illos
3368 1205 3422 1253 ut

1834 1269 2115 1339 patre-,illi
2140 1287 2236 1327 nos
2265 1272 2523 1345 utﬁlios),
2550 1284 2608 1334 et
2634 1294 2734 1333 vox
2766 1296 2864 1335 una
2895 1292 3107 1351 paterna
3138 1285 3424 1356 alloquitur

1834 1360 2045 1416 unicam
2090 1363 2269 1418 tiliam.
2314 1366 2469 1429 Audi,
2491 1368 2601 1437 ﬁlia
2621 1410 2636 1433 ,
2666 1380 2710 1425 et
2737 1371 2865 1426 ride.
2896 1373 3048 1428 Prius
3074 1376 3219 1442 audi,
3241 1390 3423 1447 postea

1832 1450 1975 1507 vide.
1995 1451 2218 1509 Ventum
2244 1465 2328 1512 est.
2350 1459 2489 1513 enim
2514 1460 2579 1514 ad
2610 1477 2707 1516 nos
2730 1477 2850 1519 cum
2882 1466 3190 1538 Evangelia,
3215 1480 3268 1523 et
3286 1486 3424 1539 prce-

1832 1541 2065 1599 diCatum
2103 1557 2184 1601 est
2204 1548 2355 1605 nobis
2376 1551 2516 1620 quod
2540 1555 2773 1609 nomium
2798 1557 3057 1619 videmus.
3082 1570 3134 1616 ct
3161 1562 3428 1618 audiendo

1832 1638 2190 1707 credidimus,
2245 1643 2510 1699 credendo
2552 1646 2893 1716 videbimus;
2950 1651 3086 1706 sicut
3137 1652 3266 1707 dicit
3315 1658 3426 1724 ipse

1834 1745 2065 1800 sponsus
2090 1734 2227 1802 apud
2256 1734 2571 1803 l’rOphetam
2604 1756 2617 1792 :
2650 1738 2883 1811 Populus
2907 1758 3051 1811 quem
3074 1760 3172 1797 non
3194 1743 3423 1814 cognoui,

1833 1827 2029 1881 seruiuit
2076 1827 2239 1893 mihi;
2283 1828 2337 1883 in
2379 1829 2623 1886 obnndmt
2667 1834 2805 1887 auris
2842 1835 3052 1890 obedieit
3087 1841 3209 1892 mihi
3252 1838 3422 1910 (Paul.

1832 1931 1941 1972 xvtt
1962 1958 1981 1984 ,
2023 1918 2141 1989 ιό).
2180 1919 2315 1987 Quid
2352 1930 2464 1986 est,
2494 1922 2545 1977 in
2574 1926 2812 1981 obauditu
2838 1929 2975 1981 auris
2998 1930 3022 1982 ξ)
3045 1930 3177 1997 Quia
3204 1947 3308 1984 non
3342 1933 3422 1986 vi-

1832 2010 1931 2066 dit.
1962 2011 2221 2067 Viderunt
2256 2013 2424 2069 .luda-i
2450 2054 2469 2081 ,
2507 2026 2558 2071 et
2589 2020 2968 2074 crucilixernnt
2998 2037 3010 2073 :
3047 2038 3149 2076 non
3178 2024 3425 2081 viderunt

1834 2104 2034 2161 Gentes
2055 2146 2073 2168 ,
2101 2116 2154 2161 et
2179 2107 2544 2163 crediderunt.
2580 2109 2767 2165 Veniat
2790 2113 2967 2182 regina
2990 2113 3058 2169 de
3082 2115 3338 2171 Gentibus
3369 2118 3422 2173 in

1832 2198 2028 2255 vestitu
2066 2197 2322 2267 deaurato
2350 2240 2368 2264 ,
2409 2199 2802 2256 circumamicta
2838 2205 3127 2261 varietate:
3154 2208 3325 2261 veniat
3356 2223 3423 2265 ex

1833 2288 2125 2356 Gentibus,
2165 2290 2342 2345 vruiat
2376 2290 2769 2348 circumamicta
2814 2296 3062 2351 omnibus
3095 2296 3318 2369 linguis.
3368 2300 3422 2354 in

1831 2383 2034 2438 unitate
2076 2383 2350 2452 sapientia:
2380 2398 2396 2449 ;
2437 2384 2644 2440 dicatur
2684 2387 2731 2441 ci
2752 2427 2767 2449 ,
2806 2386 2938 2442 Audi
2964 2389 3108 2457 lilia,
3136 2399 3180 2442 ct
3208 2391 3337 2446 vide.
3364 2390 3421 2448 Si

1832 2488 1940 2529 non
1982 2474 2246 2538 audieris,
2279 2490 2383 2530 non
2411 2473 2636 2531 videbis.
2669 2477 2803 2532 Audi
2832 2489 2887 2533 ut
2917 2479 3141 2535 numdes
3164 2496 3257 2535 cur
3281 2480 3421 2549 ﬁde,

1832 2567 1971 2622 sicut
2014 2567 2301 2638 Apostolus
2342 2568 2418 2621 ait
2459 2569 2510 2622 in
2552 2569 2769 2625 Actibus
2813 2571 3187 2641 Apostolorum
3232 2589 3247 2629 :
3295 2571 3424 2629 Fide

1833 2658 2085 2713 inundans
2111 2659 2265 2712 corda
2291 2676 2464 2714 eorum
2489 2658 2625 2733 (Act.
2649 2677 2748 2728 xv,
2769 2662 2847 2734 9).
2873 2663 2953 2719 Ad
2974 2663 3074 2720 hoc
3100 2665 3242 2720 enim
3264 2666 3421 2723 audio

1832 2766 1953 2806 tuus
1989 2751 2131 2822 quod
2173 2753 2453 2807 credamus
2477 2794 2493 2817 ,
2536 2764 2820 2825 antequam
2856 2757 3129 2813 videamus
3151 2800 3169 2826 ,
3212 2769 3269 2816 ut
3305 2775 3422 2818 cre-

1830 2843 2007 2898 dendo
2049 2860 2143 2899 cor
2181 2844 2519 2913 mundemus,
2554 2847 2695 2902 ttndc
2728 2848 2909 2905 videre
2948 2851 3232 2919 possimus.
3257 2852 3419 2921 Audi,

1831 2944 1892 2991 ιιι
1929 2938 2149 2997 credas.
2188 2938 2387 2994 munda
2419 2954 2513 2994 eor
2542 2940 2661 2994 title.
2693 2940 2759 2999 Et
2786 2957 2907 2997 cum
2931 2958 3025 2998 eor
3053 2945 3379 3001 nmndavcro
3400 2985 3419 3015 ,

1829 3029 1954 3101 quid
1981 3029 2208 3084 videbo?
2239 3032 2384 3087 Beati
2414 3031 2611 3087 mundo
2639 3033 2800 3088 corde
2824 3075 2841 3099 ,
2868 3035 2989 3104 quia
3022 3036 3121 3103 ipsi
3146 3038 3308 3092 Deum
3343 3038 3420 3091 vi-

1828 3119 2030 3177 debunt
2068 3119 2279 3194 (Matth.
2327 3138 2394 3186 ν.
2430 3122 2509 3194 8).
2545 3123 2713 3191 Audi,
2736 3126 2880 3193 lilio,
2906 3135 2950 3179 et
2976 3126 3086 3181 vide
3108 3144 3126 3191 ;
3151 3137 3198 3181 et
3232 3129 3421 3183 inclina

1830 3229 2003 3267 aurem
2030 3225 2186 3269 tuum.
2221 3215 2411 3275 [‘arum
2442 3227 2523 3272 cst
2547 3216 2693 3281 audi,
2728 3215 2997 3273 humiliter
3023 3219 3143 3274 audi
3174 3237 3190 3275 :
3217 3219 3421 3276 lin-lina

1828 3321 2006 3361 aurem
2040 3315 2203 3360 tuum.
2252 3304 2319 3361 Et
2361 3307 2649 3364 obliviscere
2689 3312 2931 3380 papulum
2964 3319 3107 3365 tuum
3146 3319 3192 3366 et
3217 3313 3421 3367 domum

1830 3400 1994 3469 patris
2037 3400 2133 3454 tui.
2187 3399 2315 3455 Erat
2362 3401 2587 3470 populus
2631 3401 2888 3471 quidam,
2932 3410 2989 3458 ct
3026 3402 3218 3458 domus
3258 3406 3422 3473 patris

1830 3491 2106 3562 quadam,
2130 3492 2182 3549 in
2206 3507 2308 3562 qua
2334 3501 2459 3548 nata
2486 3507 2546 3548 es
2569 3534 2584 3560 ,
2612 3494 2837 3563 populus
2861 3493 3185 3567 litim-lotum,
3219 3495 3422 3553 habens

1830 3600 2010 3655 regem
2050 3586 2339 3641 diabolum.
2384 3584 2766 3657 Undecumque
2810 3596 3069 3643 venerunt
3106 3586 3344 3652 Genitos,
3389 3604 3420 3644 a

1832 3687 1982 3748 patre
2022 3676 2236 3732 diabolo
2279 3690 2537 3733 venerunt
2569 3695 2583 3732 :
2614 3678 2708 3733 sed
2740 3678 2874 3747 patri
2905 3679 3115 3733 diabolo
3144 3679 3420 3735 renuntia-

1830 3778 2042 3823 verunt.
2075 3767 2376 3824 Obliviscere
2405 3769 2648 3838 populum
2672 3779 2812 3823 tuum
2837 3780 2883 3824 et
2912 3770 3115 3824 domum
3144 3772 3302 3840 patris
3324 3772 3415 3826 tui.

1832 3860 2051 3916 Fadum
2096 3870 2147 3915 te
2188 3859 2277 3915 ille
2321 3861 2537 3930 genuit,
2574 3874 2697 3916 cum
2727 3861 3072 3931 peccatricem
3105 3862 3225 3918 fecit
3259 3878 3273 3916 :
3301 3861 3420 3931 pul-

1832 3951 2016 4008 chram
2056 3962 2108 4009 te
2135 3953 2235 4010 iste
2268 3964 2547 4024 regenerat
2574 3955 2663 4025 qui
2685 3954 2938 4026 justiticat
2967 3956 3201 4028 impiam.
3230 3954 3420 4011 Oblivi-

1832 4062 1970 4102 scere
1997 4048 2241 4117 populum
2268 4058 2408 4102 tuum
2431 4089 2450 4114 ,
2471 4060 2519 4103 et
2543 4048 2746 4103 domum
2778 4050 2937 4120 patris
2964 4052 3059 4105 tui.

1902 4139 1992 4194 26.
2024 4139 2174 4213 [vers.
2197 4142 2285 4207 ιε,
2315 4140 2431 4215 15.]
2462 4143 2715 4209 Quoniam
2740 4144 3024 4215 concupivit
3062 4159 3154 4199 rex
3192 4144 3409 4215 speciem

1832 4239 1989 4284 tuum.
2022 4232 2190 4298 Quam
2219 4233 2452 4301 speciem
2477 4274 2492 4297 ,
2526 4234 2624 4288 nisi
2655 4250 2812 4304 quam
2843 4235 2955 4305 ipse
2983 4234 3139 4290 fecit?
3160 4235 3414 4308 Concupi-

1832 4322 1899 4377 vi:
1925 4324 2158 4393 speciem.
2189 4323 2355 4391 Cujus
2382 4325 2654 4394 Speciem?
2678 4325 2995 4381 Peccatricis
3014 4367 3028 4389 ,
3063 4326 3279 4397 iuiqum,
3311 4329 3411 4383 im~

1834 4417 1971 4487 piae,
1997 4418 2170 4487 qualis
2212 4428 2328 4473 erat
2364 4418 2505 4487 apud
2549 4429 2752 4488 patrem
2804 4419 3120 4485 diabolum,
3168 4430 3222 4475 ct
3276 4423 3416 4491 apud

1833 4511 2086 4580 populum
2121 4511 2317 4564 sumn?
2357 4509 2495 4571 Non.
2528 4511 2621 4566 sed
2661 4512 2728 4566 de
2769 4528 2870 4582 qua
2915 4512 3110 4566 dicitur
3141 4529 3157 4565 :
3183 4512 3312 4579 Quir
3345 4525 3418 4568 est

1832 4603 1929 4656 ista
1955 4618 2068 4673 qua:
2081 4604 2308 4657 ascendit
2347 4603 2581 4658 dealbala
2604 4603 2776 4672 (Cant.
2803 4618 2891 4657 vui
2916 4643 2933 4669 ,
2964 4603 3061 4671 5)?
3091 4605 3257 4661 Antea
3288 4620 3418 4674 ergo

1832 4708 1939 4747 non
1979 4704 2094 4748 erat
2120 4695 2235 4747 alba
2258 4732 2276 4758 ,
2306 4703 2488 4763 postea
2531 4694 2797 4748 dealbata.
2841 4694 2974 4761 Quia
3001 4693 3044 4748 si
3071 4695 3262 4749 fuerint
3295 4711 3390 4765 pec

1831 4798 1947 4843 cata
1989 4796 2165 4842 vestra
2202 4787 2338 4843 sicut
2374 4787 2699 4855 phomieium
2721 4828 2738 4853 ,
2764 4796 3012 4857 tanquam
3060 4788 3235 4844 nivem
3264 4786 3417 4843 deal-

1832 4878 1971 4934 babo
2002 4876 2156 4949 (Isoi.
2182 4895 2220 4942 ι,
2250 4878 2366 4947 18).
2388 4878 2685 4949 Concupivit
2716 4894 2807 4933 rex
2838 4878 3054 4948 speciem
3097 4888 3255 4934 tuam.
3283 4877 3415 4947 Quis

1830 4974 1959 5028 rex?
1989 4972 2119 5039 Quia
2147 4972 2256 5042 ipse
2279 4981 2350 5026 est
2397 4970 2678 5025 Dominus‘
2711 4969 2847 5025 Deus
2896 4981 3031 5026 tuus.
3054 4970 3171 5027 Jam
3210 4970 3332 5027 vide
3369 4971 3414 5025 si

1830 5077 1937 5120 non
1964 5064 2130 5119 debes
2153 5064 2423 5118 dimittere
2458 5072 2663 5130 patrem
2699 5071 2845 5117 tuum
2874 5062 3018 5116 illum
3038 5103 3055 5127 ,
3078 5075 3131 5117 et
3157 5063 3410 5133 populum

1831 5170 1981 5215 luunt
2008 5160 2175 5222 illum,
2205 5166 2259 5212 ct
2289 5158 2475 5215 venire
2501 5157 2567 5211 ad
2594 5171 2774 5227 regem
2805 5158 3001 5223 istum,
3033 5156 3197 5211 Deum
3224 5163 3369 5209 tuum
3395 5173 3408 5208 :

1832 5252 1976 5307 Deus
2011 5262 2133 5305 tuus
2155 5258 2272 5312 est,
2304 5264 2397 5304 rex
2441 5258 2562 5304 tuus
2586 5258 2686 5303 est.
2734 5249 2848 5304 Rex
2890 5258 3045 5305 tuas.
3078 5256 3132 5301 et
3171 5248 3283 5316 ipse
3329 5257 3409 5299 est

1830 5359 2063 5413 Sponsus
2093 5353 2230 5396 tuus.
2266 5342 2398 5411 Regi
2429 5342 2583 5395 nubis
2617 5342 2745 5406 Deo,
2778 5343 2845 5395 ab
2870 5342 2961 5395 illo
2990 5340 3168 5393 dotata
3190 5380 3203 5397 .
3231 5339 3297 5390 ab
3322 5340 3373 5391 ill
3403 5364 3410 5375 ι

1829 5435 2078 5489 decurata
2099 5475 2114 5499 ,
2143 5433 2208 5486 ab
2238 5434 2327 5489 illo
2360 5432 2628 5501 redempta
2655 5473 2669 5497 ,
2694 5431 2760 5483 ab
2789 5432 2879 5484 illo
2906 5440 3107 5483 sanata.
3140 5430 3368 5497 Quidqui
3394 5430 3404 5481 l

1829 5528 1998 5583 habes
2027 5527 2164 5581 unde
2198 5528 2267 5581 illi
2297 5527 2528 5597 placeas,
2559 5526 2627 5579 ab
2659 5527 2747 5579 illo
2778 5525 2962 5579 habes.

1898 5614 1987 5675 27.
2014 5618 2373 5675 Etudorabunt
2396 5635 2507 5675 eum
2536 5620 2659 5689 lilia:
2680 5616 2804 5689 Tyri
2822 5618 2874 5671 in
2896 5616 3202 5671 muneribus.
3234 5617 3407 5687 ipsum

1889 5776 1908 5810 ⁸
1942 5775 2152 5849 uelim-is
2181 5784 2315 5830 nota
2338 5782 2473 5837 κίε..
2506 5770 2749 5837 Qum
2770 5776 2843 5832 αι
2864 5779 2998 5831 Deus
3033 5778 3146 5833 tuus
3183 5785 3205 5835 ,'
3233 5775 3411 5833 eadem

1825 5852 1968 5903 voce,
1987 5847 2231 5891 nolumus.
