3942 6402
604 324 709 389 511

604 457 786 514 regem
818 450 966 498 tuum
995 441 1164 498 Deum
1193 447 1340 497 tuum
1366 438 1649 495 adorabunt
1677 437 1801 510 ﬁlim
1828 436 1954 510 Tyri
1996 437 2048 491 in
2076 452 2192 491 mu-

603 536 830 590 neribus.
860 533 1016 589 Filia:
1036 531 1182 604 Tyri,
1214 532 1334 588 lilia:
1358 531 1609 589 Gentium
1641 546 1704 586 :a
1732 540 1882 602 parte
1901 529 1966 584 ad
1995 538 2188 586 totum.

605 628 780 700 Tyrus
806 626 975 681 vicina
1002 624 1125 681 huic
1150 634 1310 680 terrae
1338 623 1426 678 ubi
1456 623 1733 694 prephetia
1757 630 1892 689 erat,
1919 619 2192 692 signiﬁca-

602 721 695 775 bat
724 718 923 775 Gentes
961 716 1260 774 credituras
1297 715 1531 772 Christo.
1563 713 1690 771 lude
1717 724 1836 771 erat
1867 713 1956 770 illa
1983 712 2192 768 Chana-

604 829 738 877 naea,
769 828 890 884 quae
921 811 1095 881 primo
1119 810 1268 866 cauis
1296 817 1381 865 est
1404 810 1689 881 appellata.
1719 806 1853 863 Nam
1883 817 1940 862 ut
1977 804 2194 861 noveri-

603 907 671 962 tis
694 907 814 976 quia
843 903 966 961 inde
994 913 1131 969 erat,
1161 901 1506 972 Evangelium
1552 901 1630 956 sic
1671 899 1943 970 loquitur:
1972 896 2191 953 Secessit

602 1000 654 1055 in
672 1009 843 1070 partes
867 996 993 1070 Tyri
1029 1005 1076 1052 et
1106 995 1351 1061 Sidonis,
1371 1004 1418 1051 et
1443 1010 1555 1051 ecce
1593 994 1775 1049 mulier
1810 990 2101 1048 Cbanamca
2125 989 2195 1046 de

600 1094 789 1165 finibus
812 1093 915 1148 illis
944 1108 1145 1162 egressa
1183 1090 1461 1154 clamabat,
1486 1097 1542 1146 et
1582 1097 1773 1145 caetera
1814 1100 1933 1159 qum
1965 1085 2035 1139 ibi
2067 1098 2193 1139 nar-

604 1195 813 1241 rantur.
844 1184 975 1253 Qua:
1003 1183 1175 1253 primo
1199 1182 1349 1238 canis
1369 1189 1485 1237 erat
1521 1179 1662 1251 apud
1699 1185 1902 1249 patrem
1933 1190 2109 1232 suum
2134 1181 2191 1230 et

601 1275 657 1332 in
679 1275 876 1348 populo
898 1289 1018 1339 suo,
1036 1273 1317 1329 clamando
1331 1280 1385 1327 et
1409 1270 1669 1327 veniendo
1689 1268 1754 1325 ad
1779 1271 1937 1324 istum
1964 1281 2145 1336 regem
2170 1305 2187 1332 ,

604 1368 805 1427 decora
846 1365 985 1422 facta
1029 1363 1301 1422 credendo
1351 1365 1404 1419 in
1432 1363 1581 1419 illum
1606 1363 1647 1423 ¹,
1688 1360 1815 1431 quid
1846 1358 2043 1415 meruit
2085 1372 2190 1411 au-

601 1456 759 1515 dire?
782 1457 827 1513 0
853 1456 1052 1521 mulier,
1077 1472 1260 1529 magna
1280 1464 1352 1510 est
1376 1454 1503 1525 fides
1517 1462 1603 1507 tua
1623 1450 1836 1523 (Matth.
1856 1465 1946 1517 xv,
1965 1446 2187 1519 21-28).

603 1550 900 1622 Concupivit
931 1565 1023 1604 rex
1055 1548 1269 1619 speciem
1309 1555 1466 1600 tuam.
1500 1541 1568 1598 Et
1606 1541 1890 1597 adorabunt
1914 1555 2029 1595 eum
2064 1539 2191 1610 filia:

607 1643 733 1717 Tyri
757 1644 810 1699 in
839 1643 1147 1698 muneribus.
1175 1639 1377 1710 Quibus
1405 1635 1761 1694 muneribus?
1783 1634 1874 1692 Sic
1897 1632 1964 1689 ad
1990 1647 2049 1689 se
2077 1628 2191 1688 vult

603 1733 778 1792 veniri
817 1749 908 1790 res
954 1732 1054 1788 iste
1078 1772 1093 1797 ,
1118 1739 1174 1787 et
1200 1729 1481 1785 thesauros
1520 1741 1647 1783 suos
1690 1723 1900 1799 impleri
1945 1723 2059 1779 vult
2088 1740 2102 1777 :
2134 1731 2191 1779 et

603 1827 721 1897 ipse
743 1824 962 1879 donavit
982 1822 1123 1879 unde
1145 1821 1485 1892 impleantur,
1501 1827 1557 1875 et
1581 1832 1610 1872 a
1628 1817 1779 1873 vobis
1801 1813 2186 1885 impleantur'.

601 1914 853 1979 Veniant.
879 1913 1070 1984 inquit.
1092 1911 1314 1968 adorent
1334 1924 1458 1965 eum
1480 1908 1533 1963 in
1554 1907 1887 1963 muneribus.
1919 1904 2055 1975 Quid
2080 1912 2184 1969 est.

597 2007 655 2064 in
682 1994 1037 2062 muneribus?
1068 2001 1240 2059 Nolite
1262 2000 1402 2056 vobis
1425 1999 1640 2055 condere
1657 1999 1919 2053 thesauros
1947 1997 2000 2051 in
2025 2005 2186 2064 terra,

596 2099 683 2156 ubi
710 2098 843 2152 tinea
867 2104 914 2151 et
934 2096 1111 2167 rubigo
1150 2094 1484 2158 exterminat,
1511 2100 1559 2147 et
1582 2089 1665 2145 ubi
1694 2090 1831 2161 fures
1869 2088 2117 2158 effodiunt
2140 2096 2189 2144 et

597 2192 839 2262 furantur
859 2205 879 2243 :
908 2189 996 2244 sed
1022 2185 1358 2241 thesaurisate
1384 2183 1521 2238 vobis
1548 2182 1808 2237 thesauros
1830 2182 1883 2236 in
1911 2181 2036 2238 caelo
2054 2223 2070 2249 ,
2103 2179 2188 2236 ubi

595 2297 756 2353 neque
782 2282 870 2353 fur
911 2294 1069 2349 neque
1091 2277 1226 2331 tinea
1260 2273 1555 2345 corrumpit.
1603 2272 1699 2328 Ubi
1719 2273 1855 2327 enim
1888 2273 2039 2341 fuerit
2079 2273 2190 2327 the-

594 2389 778 2431 saurus
803 2383 918 2427 tuus
939 2411 956 2437 ,
983 2370 1091 2425 illic
1118 2369 1211 2424 erit
1244 2377 1292 2422 et
1312 2384 1400 2422 cor
1422 2376 1565 2421 tuum
1594 2364 1708 2436 (Id.
1736 2381 1809 2430 vt,
1838 2363 2049 2439 19-21).
2080 2363 2186 2423 Ve-

595 2468 708 2524 nite
744 2481 869 2522 cum
911 2462 1223 2520 muneribus
1268 2479 1282 2516 :
1328 2458 1457 2515 Date
1500 2460 1879 2530 eleemosyttas,
1929 2468 1977 2514 et
2015 2460 2186 2514 omnia

595 2559 787 2615 munda
813 2566 930 2612 sunt
957 2556 1095 2611 vobis
1124 2553 1275 2625 (Luc.
1303 2569 1355 2607 ιιι
1383 2594 1397 2616 ,
1429 2550 1545 2623 41).
1568 2549 1759 2607 Venite
1792 2565 1925 2606 cum
1946 2550 2187 2607 muneri-

595 2651 696 2708 bus
722 2650 791 2707 ad
816 2664 938 2706 eum
965 2647 1055 2718 qui
1076 2645 1204 2703 dicit
1226 2663 1242 2705 :
1273 2643 1679 2699 Misericordiam
1704 2642 1818 2697 uolo
1838 2642 2002 2714 magis
2028 2659 2182 2713 quam

591 2743 900 2815 sacrificium
943 2738 1097 2814 (Osee
1160 2753 1245 2805 vt,
1274 2736 1310 2793 6
1331 2777 1348 2804 ,
1376 2745 1423 2790 et
1452 2733 1636 2789 Matth.
1660 2750 1710 2789 ts
1731 2775 1748 2801 ,
1775 2732 1889 2805 15).
1936 2734 2016 2789 Ad
2056 2734 2183 2790 illud

593 2836 853 2909 templum
900 2832 1043 2906 quod
1073 2838 1192 2889 erat
1232 2839 1359 2885 ante
1396 2827 1584 2884 umbra
1632 2827 1797 2882 futuri
1822 2867 1838 2893 ,
1871 2826 2184 2883 veniebatur

590 2945 713 2987 cum
766 2928 931 2985 tauris
961 2933 1015 2982 et
1053 2922 1348 2986 arietibus,
1376 2934 1501 2976 cum
1543 2918 1706 2974 hircis
1729 2958 1745 2985 ,
1778 2933 1901 2974 cum
1950 2918 2180 2975 diversis

590 3021 888 3094 quibusque
914 3013 1237 3072 animalibus
1262 3011 1401 3082 aptis
1429 3008 1495 3066 ad
1521 3010 1843 3066 sacriﬁcium
1869 3050 1886 3076 ,
1912 3018 1969 3064 ut
1993 3007 2047 3065 in
2079 3009 2177 3066 illo

525 3165 528 3168 .
589 3112 847 3182 sanguine
867 3107 1012 3163 aliud
1040 3107 1221 3170 ﬁeret,
1247 3101 1389 3159 aliud
1417 3101 1829 3175 signiﬁcaretur.
1872 3099 2030 3157 Modo
2064 3099 2178 3172 jam

590 3205 707 3276 ipse
731 3200 945 3272 sanguis
966 3238 982 3261 ,
1008 3211 1166 3269 quem
1193 3193 1489 3267 ﬁgurabant
1517 3191 1605 3248 illa
1631 3193 1834 3261 omnia,
1861 3192 2054 3249 venit:
2079 3207 2176 3248 ve-

591 3300 671 3354 nit
715 3296 828 3352 ilex
876 3294 989 3364 ipse
1013 3333 1028 3358 ,
1074 3299 1127 3347 et
1167 3291 1280 3360 ipse
1316 3302 1543 3343 munera
1581 3286 1717 3341 vult.
1744 3284 1875 3355 Qua:
1918 3283 2180 3341 munera?

589 3389 995 3460 Eleemosynas.
1024 3383 1141 3455 lpse
1166 3390 1248 3438 est
1268 3382 1411 3437 enim
1441 3378 1771 3450 iudicaturus
1788 3420 1805 3445 ,
1832 3387 1886 3435 ct
1916 3378 2030 3449 ipse
2057 3393 2179 3434 mu-

588 3499 721 3542 nera
746 3477 1026 3551 imputabit
1062 3472 1379 3548 quibusdam
1405 3470 1450 3527 ⁸.
1484 3469 1685 3536 Venite,
1711 3468 1912 3541 inquit,
1934 3468 2179 3525 benedicti

589 3578 766 3636 Patris
787 3574 902 3641 mei,
929 3571 1177 3645 percipitc
1194 3584 1403 3641 regnum
1430 3565 1568 3638 quod
1595 3562 1732 3621 vobis
1757 3573 1996 3636 paratum
2015 3572 2089 3619 est
2111 3563 2176 3619 ab

587 3672 732 3729 initio
761 3668 957 3725 mundi.
988 3664 1206 3736 Quare?
1237 3659 1459 3723 Esurivi,
1483 3668 1531 3714 et
1558 3657 1768 3713 dedistis
1803 3656 1929 3712 mihi
1958 3657 2178 3713 mandu-

586 3781 739 3831 care;
759 3761 893 3818 sitivi
909 3801 927 3828 ,
948 3768 995 3815 et
1018 3755 1228 3813 dedistis
1253 3752 1378 3807 mihi
1406 3752 1604 3818 bibere;
1633 3749 1801 3805 nudus
1827 3749 1927 3822 fui,
1958 3758 2005 3804 et
2024 3751 2177 3806 uesti-

587 3858 679 3915 uis
697 3872 811 3922 me;
850 3854 1031 3921 hospes
1053 3891 1069 3915 ,
1091 3858 1138 3904 et
1165 3844 1452 3900 adduxistis
1481 3858 1559 3898 me
1575 3860 1594 3909 ;
1619 3841 1854 3912 inﬁrmus
1899 3852 1947 3897 et
1979 3842 2032 3897 in
2061 3859 2175 3897 car-

588 3965 723 4017 cere,
780 3956 826 4002 et
865 3940 1106 4002 risitastis
1145 3954 1244 3993 me.
1292 3936 1420 3992 ﬂare
1467 3943 1594 3991 sunt
1629 3947 1846 3988 munera
1886 3932 1940 3988 in
1978 3932 2175 4004 quibus

587 4045 814 4102 adorant
840 4039 959 4095 lilia:
983 4033 1111 4107 Tyri
1136 4046 1316 4105 regem
1340 4046 1354 4084 :
1380 4029 1505 4100 quia
1526 4042 1647 4083 cum
1668 4026 1931 4093 dicerent,
1955 4024 2173 4095 Quando

589 4150 637 4194 te
655 4135 872 4192 vidimus
890 4131 917 4186 i
946 4129 1036 4185 ille
1065 4126 1154 4199 qui
1181 4132 1239 4181 et
1277 4136 1488 4178 sursum
1524 4130 1607 4176 est
1644 4126 1700 4175 et
1723 4118 1975 4175 deorsum
1997 4161 2011 4183 ,
2043 4133 2171 4190 pro-

588 4237 707 4301 pter
728 4220 1080 4279 ascendentes
1099 4227 1152 4273 et
1177 4213 1581 4277 descendentes,
1605 4208 1728 4264 Cum
1753 4210 1863 4277 uni,
1881 4210 2052 4281 inquit
2074 4252 2090 4276 ,
2109 4226 2175 4266 ea:

587 4299 810 4376 minimis
831 4312 953 4368 meis
979 4309 1186 4383 fecistis,
1216 4305 1341 4359 mihi
1359 4303 1547 4371 fecistis
1573 4299 1781 4370 (Matth.
1808 4316 1932 4364 xxv,
1960 4300 2169 4368 3-1-40).

658 4410 748 4466 28.
782 4406 1075 4463 Adorabunt
1101 4416 1215 4457 eum
1244 4398 1365 4468 filim
1387 4393 1513 4467 Tyri
1538 4393 1591 4447 in
1619 4392 1926 4446 nmneribus.
1956 4391 2026 4447 Et
2052 4407 2173 4462 quas

586 4511 713 4560 sunt
754 4499 874 4554 illim
902 4495 1031 4567 Tyri
1056 4535 1070 4559 ,
1096 4499 1153 4547 et
1174 4486 1443 4561 quomodo
1481 4484 1775 4540 adorabunt
1817 4498 1939 4539 eum
1971 4483 2022 4538 in
2049 4498 2169 4539 mu-

587 4594 807 4651 neribus
829 4631 846 4658 ,
880 4586 1087 4658 planius
1121 4581 1251 4637 illud
1296 4580 1462 4633 voluit
1499 4576 1681 4632 dicere
1712 4593 1727 4631 :
1780 4573 1988 4630 Vultum
2027 4584 2171 4630 tuum

588 4684 990 4757 deprecabuntur
1017 4677 1194 4731 diuites
1228 4671 1405 4745 plebis.
1450 4669 1543 4725 lia:
1573 4666 1694 4724 lilia:
1716 4666 1841 4741 Tyri
1888 4667 2175 4724 adorantes

587 4781 643 4837 in
674 4772 1004 4836 muneribus,
1030 4767 1221 4824 divites
1241 4772 1366 4819 sunt
1395 4761 1586 4834 plebis,
1613 4773 1751 4832 quos
1777 4759 1866 4816 ille
1886 4758 2176 4831 alloquitur

586 4873 791 4931 amicus
819 4865 1002 4937 sponsi
1033 4880 1048 4921 :
1091 4859 1323 4930 Prteripe
1360 4855 1597 4911 divitibus
1634 4854 1788 4926 hujus
1829 4854 2040 4921 mundi,
2070 4869 2172 4910 non

544 5014 550 5021 .
587 4962 799 5038 superbe
821 4971 1018 5029 sapere,
1041 4968 1202 5023 neque
1225 4964 1431 5019 sperare
1452 4947 1505 5002 in
1520 4947 1711 5003 incerto
1732 4945 2025 5001 divitiarum
2038 4962 2058 5009 ;
2082 4944 2173 5001 sed

586 5036 659 5115 ini
679 5055 783 5110 Deo
816 5052 959 5113 uiuo,
989 5046 1077 5120 qui
1114 5053 1318 5113 praestat
1353 5039 1494 5096 nobis
1531 5039 1703 5094 omnia
1740 5037 2061 5094 abundanter
2101 5036 2172 5092 ad

586 5151 859 5228 fruendum
883 5161 904 5202 :
926 5144 1101 5199 divites
1117 5140 1217 5194 sint
1235 5138 1288 5192 in
1304 5135 1535 5207 operibus
1554 5132 1718 5202 bouis,
1750 5132 1901 5221 facile
1929 5130 2171 5198 tribuant,

584 5222 974 5303 communicent.
1016 5232 1256 5290 Adorent
1294 5230 1349 5285 in
1390 5227 1740 5292 muneribus;
1768 5222 1865 5281 sed
1906 5237 2012 5279 non
2043 5236 2173 5293 per-

650 5402 666 5433 ¹
702 5404 809 5449 Mss.
835 5390 970 5445 nullo
992 5387 1100 5440 fere
1126 5390 1360 5449 excepto,
1391 5381 1520 5449 Quid
1543 5377 1873 5449 prinw‘eaais
1899 5381 2005 5427 erat
2039 5375 2175 5449 apud

585 5436 1063 5528 ραινῖηῖέηῑξδίίςεῑά
1747 5439 1893 5493 eum

585 5505 1742 5645 ‘°5“ﬁbiﬁmsiézil&“&;iellllfai§;
1757 5567 1805 5615 et
1822 5560 1956 5615 nobis
1976 5559 2179 5627 ίιηριεη.

586 5653 685 5744 ms'
708 5713 836 5765 uss.
862 5706 919 5756 ει
942 5699 1051 5765 ipsa
1081 5707 1285 5765 mpera
1304 5686 1887 5765 “!P““P.“.9"§l’"‘.‘.‘9"3:
1901 5686 2178 5765 3.0!}??-

585 5749 836 5823 αοωῑῐςῖῖ
849 5749 983 5818 add?
1001 5749 1261 5830 imputant
1279 5749 1454 5820 quibus
1473 5749 1612 5814 dicit,
1637 5749 1818 5815 Venite,
1836 5749 2013 5815 inquit.
2034 5750 2180 5802 bene.

586 5830 724 5895 dicti,
748 5837 843 5881 etc.

1843 320 1901 381 S.
1930 315 2303 379 AUGUSTINI
2328 316 2631 376 EPISCOPI
2690 400 2693 403 _
3708 341 3784 403 δι’

2302 433 2437 489 dunt
2466 454 2479 490 :
2509 437 2682 491 securi
2714 447 2913 507 ponant
2938 439 3026 497 ubi
3064 455 3276 515 semper
3316 446 3584 506 inveniant.
3618 452 3784 516 Theseu.

2298 525 2458 622 rizent
2480 526 2577 581 sibi
2600 529 2989 599 fundamentum
3015 534 3200 591 bonum
3232 536 3285 592 in
3321 539 3537 610 futurum
3554 586 3567 611 ,
3590 556 3636 600 ut
3654 565 3787 622 opm.

2300 616 2524 674 hendant
2563 636 2733 676 rerum
2771 625 2923 679 vitam
2950 626 2992 699 (l
3025 626 3174 683 Tim.~
3206 645 3255 685 vt
3282 673 3297 698 ,
3322 606 3532 705 17-19).
3556 606 3790 703 ⁷ΔιΙιιιιιιάο

2298 709 2353 765 in
2384 712 2712 778 muneribus,
2736 716 2928 771 vultum
2957 728 3096 774 tuum
3125 721 3537 789 deprecabuntur.
3576 730 3641 785 Ad
3660 731 3788 793 Beck.

2296 802 2431 892 siam
2471 806 2613 861 enim
2662 820 3032 877 concurrunt,
3059 822 3113 869 et
3137 814 3207 871 ibi
3249 816 3602 892 eleemosynas
3634 823 3791 886 faciunt.

2295 891 2375 950 Ne
2402 904 2550 950 extra
2578 896 2726 965 liaut,
2752 899 2801 953 id
2832 911 2933 967 est,
2958 918 3026 958 ne
3050 915 3202 960 extra
3233 908 3390 978 positi
3419 891 3540 968 ιω
3558 955 3571 977 .
3603 915 3645 971 in
3663 916 3791 978 Eccle-

2295 984 2373 1039 sia
2417 985 2643 1079 _l‘.ieiant.
2696 990 2886 1049 V’ultus
2925 994 3068 1051 enim
3120 1012 3335 1068 sponsa:
3384 1000 3535 1073 hujus
3572 1017 3623 1061 et
3656 1013 3793 1079 regiam

2297 1077 2535 1148 proderit
2564 1080 2899 1141 facientibus.
2939 1086 3228 1159 Propterea
3260 1091 3335 1146 illi
3362 1095 3450 1164 qui
3484 1111 3564 1151 res
3583 1114 3685 1156 suas
3705 1077 3792 1158 ven-

2294 1167 2513 1238 debent,
2541 1172 2744 1230 vultum
2776 1177 2975 1250 regina:
3004 1178 3165 1249 hujus
3187 1182 3534 1255 deprecantes
3557 1188 3603 1244 in
3629 1197 3793 1250 attineri.

2293 1259 2395 1317 bus
2416 1264 2736 1333 veniebant;
2769 1280 2823 1325 et
2850 1284 2913 1325 ea
2948 1287 3069 1343 qua:
3095 1276 3408 1346 portabant,
3435 1278 3499 1332 ad
3539 1281 3676 1349 pedes
3701 1284 3794 1354 Αρο.

2293 1354 2553 1411 stolorum
2583 1358 2855 1429 ponebant
2874 1359 3009 1435 (Act.
3034 1378 3108 1429 tv,
3134 1363 3248 1437 54).
3279 1364 3541 1424 Fervebat
3574 1372 3744 1426 dilectin
3762 1375 3793 1428 in

2294 1443 2536 1504 Ecclesia
2558 1491 2573 1515 ,
2597 1452 2776 1507 vultus
2816 1463 2935 1510 erat
2973 1456 3172 1527 regina:
3224 1457 3463 1514 Ecclesia
3488 1501 3503 1525 ,
3547 1461 3697 1516 vultus
3724 1475 3793 1521 erat

2292 1539 2493 1609 reginrc
2548 1542 2865 1616 obsequium
2913 1544 3142 1604 ﬁliarum
3205 1548 3355 1621 Tyri,
3408 1550 3460 1606 id
3514 1562 3608 1616 est,
3637 1553 3793 1610 divitum

2292 1629 2630 1690 adorantium
2652 1637 2704 1690 itt
2732 1637 3064 1695 muneribus.
3100 1637 3313 1696 Vultum
3358 1653 3498 1698 tuum
3524 1643 3788 1717 deprecabun-

2292 1731 2378 1777 tur
2414 1724 2589 1779 divites
2635 1727 2813 1797 plebis.
2863 1728 2931 1785 Et
2970 1730 3061 1802 qui
3097 1728 3527 1804 deprecabuntur
3561 1737 3791 1803 vnltttm.et

2291 1815 2445 1884 cujus
2505 1818 2706 1876 vultum
2773 1819 3245 1893 deprecabuntur,
3302 1840 3492 1881 omnes
3530 1842 3622 1882 una
3643 1842 3789 1899 Sponsa,

2290 1922 2481 1966 omnes
2528 1926 2632 1967 una
2690 1912 2893 1982 regina,
2955 1924 3129 1970 mater
3160 1924 3215 1971 et
3243 1914 3341 1971 lilii
3392 1917 3547 1973 simul
3584 1927 3721 1975 totum
3752 1925 3789 1974 at

2289 1999 2562 2058 Christum
2597 2005 2886 2075 pertinens,
2909 2005 2975 2061 ad
3003 2017 3162 2080 caput
3183 2008 3483 2079 pertinens.

2358 2091 2451 2149 29.
2477 2092 2583 2151 Sed
2613 2096 2734 2167 quia
2754 2097 2886 2156 lium
2913 2099 3011 2154 ista
3041 2114 3205 2170 opera
3221 2110 3278 2158 et
3305 2101 3421 2159 ista:
3439 2101 3789 2178 eleemosynaad

2283 2181 2595 2255 iactantiam
2626 2186 2925 2258 hominum,
2941 2191 3066 2248 inde
3090 2190 3220 2247 dicit
3246 2193 3362 2265 ipse
3384 2195 3656 2253 Dominus:
3675 2197 3790 2254 Caute

2289 2278 2459 2349 facere
2476 2280 2722 2348 iustitiam
2750 2294 2963 2340 vestram
2983 2302 3155 2344 coram
3187 2289 3479 2346 hominibus
3507 2301 3560 2346 ut
3597 2292 3789 2348 videamini

2286 2373 2352 2427 ab
2374 2373 2443 2429 eis
2464 2373 2679 2445 (Matth.
2701 2393 2774 2444 vt,
2803 2377 2881 2448 1).
2910 2377 3194 2447 Quomodo
3226 2389 3414 2439 autem
3452 2390 3505 2440 et
3545 2383 3715 2454 publice
3732 2382 3790 2440 de-

2286 2465 2419 2523 bent
2444 2467 2558 2523 lieri
2580 2478 2800 2540 propter
2826 2470 3031 2527 vultum
3057 2484 3297 2544 sponsae,
3326 2474 3403 2529 ait
3431 2491 3447 2530 :
3475 2472 3671 2531 Laecam
3689 2491 3787 2546 opm

2285 2570 2450 2614 uestra
2464 2577 2636 2616 coram
2660 2561 2964 2631 hominibus,
2986 2573 3042 2619 ut
3080 2565 3286 2622 uideant
3325 2567 3458 2622 bona
3496 2570 3622 2641 facta
3655 2576 3785 2630 vestra,

2286 2657 2334 2704 et
2347 2649 2630 2721 gloriﬁcent
2674 2650 2880 2709 Patrem
2917 2665 3134 2709 vestrum
3165 2656 3257 2728 qui
3274 2657 3330 2712 in
3377 2656 3515 2713 culis
3549 2667 3616 2712 est
3652 2655 3734 2729 (Id.
3752 2672 3785 2722 ι,

2286 2740 2379 2812 16)
2410 2761 2423 2798 :
2457 2757 2562 2799 non
2601 2753 2659 2801 ut
2704 2745 2927 2817 gloriam
2973 2756 3203 2804 vestram
3232 2749 3489 2820 quazratis
3538 2749 3587 2807 in
3613 2749 3786 2820 operibus

2283 2833 2442 2889 bonis
2492 2850 2612 2906 quae
2660 2838 2870 2908 publice
2914 2838 3108 2904 facitis,
3153 2839 3247 2896 sed
3299 2850 3355 2895 ut
3383 2840 3596 2913 gloriam
3643 2839 3728 2895 Dei.
3749 2839 3785 2892 Et

2282 2926 2405 2997 quis
2449 2927 2629 2992 novit,
2667 2928 2878 3001 inquit,
2921 2941 3098 2986 utrum
3135 2931 3364 3004 gloriam
3411 2933 3502 2989 Dei
3540 2946 3716 3005 quare,
3745 2945 3784 2984 an

2281 3016 2504 3086 gloriam
2527 3019 2736 3074 meam?
2760 3018 2892 3087 Quia
2915 3021 2985 3077 do
3013 3023 3230 3092 pauperi
3257 3065 3274 3087 ,
3309 3021 3529 3078 videor:
3557 3038 3646 3093 quo
3665 3023 3784 3076 animo

2282 3107 2439 3176 dem,
2468 3112 2587 3181 quis
2635 3110 2814 3167 videt?
2851 3112 3094 3170 Sufliciat
3130 3114 3224 3171 tibi
3261 3117 3354 3188 qui
3388 3115 3562 3182 videt;
3590 3115 3665 3171 ille
3693 3113 3785 3167 \‘itlrt

2281 3201 2372 3271 qui
2420 3200 2700 3258 retribuet.
2744 3202 2895 3258 lntus
2932 3214 3076 3260 amat
3119 3204 3212 3277 qui
3267 3206 3414 3262 intus
3466 3206 3599 3260 videt
3636 3222 3649 3258 :
3694 3207 3784 3257 intus

2280 3304 2462 3361 amat,
2494 3296 2637 3353 intus
2684 3306 2896 3353 ametur
2935 3299 3025 3371 qui
3058 3300 3374 3357 interiorem
3424 3300 3543 3356 facit
3584 3307 3630 3354 et
3671 3297 3783 3367 ipsam

2282 3389 2751 3461 pulchritudinem.
2793 3388 2914 3447 Noli
2958 3392 3108 3464 quasi
3150 3393 3327 3450 oculis
3380 3391 3695 3449 exterioribus
3726 3389 3781 3443 de

2280 3483 2486 3549 lectari,
2503 3485 2625 3557 quia
2638 3484 2853 3549 videris.
2884 3493 2939 3542 et
2952 3486 3073 3559 quia
3102 3486 3377 3555 laudaris;
3398 3485 3600 3544 attende
3619 3482 3715 3555 quid
3730 3479 3782 3535 hic

2281 3588 2534 3650 sequatur
2571 3597 2585 3633 :
2635 3579 2813 3635 Omnis
2856 3579 3020 3652 gloria
3046 3583 3160 3649 eius
3199 3581 3330 3651 ﬁliae
3372 3584 3503 3655 regis
3539 3579 3777 3635 intrinsecus

2281 3670 2630 3728 Extrinsecus
2661 3688 2765 3727 ttou
2791 3673 2963 3727 solum
2988 3674 3156 3728 vestis
3172 3684 3254 3730 est
3282 3690 3443 3730 aurea
3474 3683 3524 3730 et
3548 3664 3700 3734 varia',
3723 3663 3777 3719 sed

2278 3761 2423 3819 intus
2453 3764 2729 3835 pulchram
2758 3764 2926 3832 novit,
2948 3765 3039 3835 qui
3067 3766 3303 3834 speciem
3334 3767 3448 3837 ejus
3472 3763 3664 3821 amavit.
3697 3760 3776 3824 Οῑπε

2278 3864 2406 3910 sunt
2432 3856 2684 3911 interiora
2727 3854 3175 3926 pulchritudinis?
3199 3856 3568 3914 Conscientiae.
3604 3852 3665 3908 lbi
3687 3849 3775 3904 videt

2277 3946 2541 4013 Christus,
2570 3946 2641 4002 ibi
2670 3956 2814 4003 amat
2836 3947 3082 4003 Christus
3101 3989 3116 4013 ,
3155 3948 3227 4004 ibi
3272 3946 3551 4019 alloquitur
3571 3944 3773 3999 Christus.

2285 4040 2357 4096 ibi
2416 4041 2571 4111 punit
2622 4035 2887 4102 Christus,
2938 4039 3008 4094 ibi
3035 4050 3259 4096 coronat
3303 4038 3557 4097 Christus.
3599 4036 3664 4091 Sit
3694 4040 3774 4086 ero

2276 4132 2615 4204 eleemosyna
2670 4140 2757 4185 tua
2801 4131 2852 4185 in
2894 4123 3130 4196 Occulto;
3175 4133 3298 4202 quia
3344 4131 3500 4187 omnis
3540 4127 3675 4199 gloria
3706 4120 3773 4190 ejus

2277 4223 2402 4293 filiae
2426 4224 2557 4294 regis
2582 4221 2897 4276 intrinsecus.
2934 4218 2997 4275 In
3037 4222 3250 4292 fimbriis
3273 4223 3458 4285 aureis,
3488 4212 3773 4273 circummittit

2276 4315 2533 4370 uarietate.
2563 4311 2905 4369 Pulchritudn
2951 4313 3267 4370 intrinsecus
3299 4335 3312 4371 :
3347 4318 3396 4371 in
3430 4310 3630 4368 ﬁmbriis
3648 4312 3768 4358 aut?!“

2276 4406 2456 4462 aureis
2514 4406 2744 4463 varietas
2807 4405 3105 4476 linguarum
3132 4449 3145 4470 ,
3192 4407 3446 4463 doctrinm
3495 4404 3652 4458 decus.
3705 4390 3768 4446 Βυ

2278 4500 2402 4570 quid
2447 4508 2701 4571 prosunt,
2728 4499 2773 4556 si
2800 4514 2904 4555 non
2935 4501 3005 4556 sit
3024 4499 3362 4571 pulchritudo
3390 4499 3473 4556 illa
3501 4479 3768 4552 intrinsecus?

2348 4593 2437 4651 30.
2461 4593 2748 4661 Alferentur
2787 4595 2893 4665 regi
2930 4593 3145 4665 virgines
3171 4604 3284 4663 post
3324 4609 3450 4649 eam.
3479 4587 3602 4644 Vere
3632 4580 3764 4636 l3ch

2277 4696 2382 4745 est.
2412 4684 2652 4743 Credidit
2698 4683 2937 4742 Ecclesia
2963 4726 2979 4753 ,
3009 4683 3146 4739 facta
3180 4693 3263 4740 est
3294 4680 3517 4740 Ecclesia
3540 4690 3622 4746 per
3638 4671 3763 4724 om”

2276 4788 2491 4852 gentes.
2511 4777 2669 4833 Modo
2707 4774 3158 4848 quemadmodum
3201 4774 3562 4845 concupiscunt
3596 4757 3759 4852 virgine:

2276 4846 2489 4943 placere
2524 4868 2599 4924 illi
2638 4846 2792 4939 regi?
2832 4865 2982 4923 Unde
3027 4866 3356 4922 incitantur?
3399 4860 3521 4930 Quia
3566 4846 3759 4946 Prmfs’if

2277 4941 2537 5020 Ecclesia.
2584 4958 2875 5027 A/I'erentur
2897 4957 3004 5029 regi
3037 4958 3251 5028 virgines
3289 4964 3397 5026 post
3419 4948 3556 5007 eant:

2277 5055 2389 5127 ejus
2418 5025 2694 5119 afferentur
2741 5049 2851 5104 tibi.
2882 5025 2998 5105 Nova
3027 5025 3169 5104 enim
3195 5025 3315 5120 quae
3338 5025 3757 5127 al'l'eruntur‘slienf

2277 5123 2423 5211 sunt,
2451 5145 2543 5200 sed
2568 5144 2819 5213 prasinum
2845 5142 2963 5213 ejus
2981 5183 2997 5207 ,
3018 5141 3084 5196 ad
3115 5156 3232 5196 eam
3261 5138 3581 5212 pertinentes.
3607 5123 3752 5219 Ειιιωξ

2277 5240 2449 5305 dixit,
2478 5238 2621 5309 regi;
2648 5235 2713 5291 ad
2759 5250 2882 5291 cum
2924 5247 3215 5290 conversus
3255 5231 3421 5297 dixit,
3448 5213 3755 5288 tibiarum

2276 5333 2391 5405 ejus
2418 5329 2694 5399 afferentur
2718 5328 2830 5383 tibi.

2352 5383 2414 5484 ξι
2427 5383 2609 5500 .ἷυεη.
2643 5419 2755 5496 16.]
2775 5420 3063 5489 Απετεηειιι·
3076 5420 3128 5474 in
3144 5418 3320 5475 la'titia
3334 5423 3376 5472 et
3395 5383 3753 5500 extllM‘loﬂ’tj‘d’

2282 5478 2529 5577 άκξέιᾷιῖᾆιὲ
2624 5478 2862 5588 templum
2888 5512 3040 5585 regis.
3070 5510 3345 5582 Templum
3373 5502 3497 5576 regis
3520 5497 3608 5566 ipsa

2283 5613 2385 5677 sia,
2412 5613 2571 5666 intrat
2593 5609 2646 5663 in
2674 5574 2927 5675 teintilum
2943 5574 3061 5675 ipsa
3087 5574 3339 5660 Ecclesia.
3366 5574 3501 5654 Uade
3516 5574 3749 5677 θοηῗωῖῖξῗ

3353 5656 3744 5782 templum:

2286 5746 3011 5867 ἓῖἷῗὶίζέἕῖυἱῖξιῖέὲἑ’ἐξιέιᾶ
3021 5746 3133 5846 Βέέ
3142 5746 3179 5843 ’ἑ
3203 5746 3505 5843 illam
3516 5767 3560 5825 a
3578 5746 3743 5826 ιακνιιη·

3370 5983 3872 6389 ,J
