3942 6450
158 409 298 482 διδ

165 536 350 608 regis.
373 530 512 589 Sunt
530 529 673 587 enim
698 524 933 598 virgines
957 529 1109 579 extra
1136 516 1393 587 templum
1414 512 1575 584 regis,
1603 510 1779 608 bare-

171 598 311 690 sica:
341 620 777 681 sanctimoniales
806 636 821 669 :
854 624 981 669 sunt
1004 612 1219 685 quidem
1247 608 1503 679 virgines,
1531 602 1625 660 sed
1655 598 1782 671 quid

170 717 434 795 proderit
456 720 538 770 eis
568 710 669 767 nisi
696 708 1026 764 adducantur
1057 704 1110 758 iu
1138 700 1392 772 templum
1424 697 1563 768 regis
1582 696 1606 750 ἲ
1625 693 1786 751 Tem-

177 792 340 889 plum
392 807 533 879 regis
577 806 631 859 in
672 803 875 858 unitate
919 807 1003 856 est
1032 817 1046 853 :
1076 795 1333 866 templum
1380 792 1521 863 regis
1541 805 1672 889 -non
1704 794 1789 842 est

180 881 507 963 ruinosam,
558 912 664 951 non
708 894 1030 955 (ii:CiSS|llll,
1074 904 1179 943 non
1222 884 1473 941 divisum.
1533 881 1786 937 Junctura

185 995 436 1067 lapidqu
478 989 770 1044 viventium
802 984 1036 1042 Charitas
1065 988 1165 1036 est.
1204 978 1530 1033 Adducentur
1576 974 1630 1026 in
1659 981 1787 1025 tem-

183 1091 341 1163 plum
367 1085 519 1156 regis.

260 1180 362 1234 δι’..
412 1152 563 1250 [νινε.
599 1168 713 1242 l7.)
742 1168 841 1224 Pro
872 1164 1099 1239 patribus
1139 1161 1239 1218 tuis
1284 1159 1391 1214 nati
1419 1152 1787 1250 sunttibi/ilii.

184 1270 345 1329 Nihil
370 1248 691 1324 evidentius.
736 1258 1008 1315 Attendite
1027 1259 1135 1327 jam
1178 1255 1351 1324 ipsum
1400 1248 1654 1321 templum
1703 1261 1793 1301 rc-

183 1367 297 1436 gis,
326 1360 452 1433 quia
484 1356 607 1411 inde
637 1353 866 1424 loquitur
896 1358 1111 1421 prapter
1132 1347 1387 1402 unitatem
1411 1341 1654 1397 dill‘nsam
1681 1347 1795 1393 toto

186 1432 359 1510 orbe,
384 1461 642 1505 terrarum
675 1464 689 1500 :
721 1446 842 1516 quia
888 1444 992 1498 illa:
1038 1456 1157 1511 qua:
1198 1439 1431 1508 virgines
1467 1448 1587 1490 esse
1612 1432 1797 1486 voluc-

186 1554 359 1609 runt,
392 1541 490 1597 nisi
517 1540 846 1595 adducantur
872 1536 924 1591 in
964 1532 1219 1603 templum
1257 1530 1419 1601 regis,
1449 1542 1647 1597 sponso
1680 1526 1795 1593 pla-

186 1658 337 1699 ατο
369 1655 472 1696 non
496 1644 737 1709 possunt.
768 1631 874 1687 Pro
908 1629 1137 1700 patribus
1163 1627 1262 1680 tuis
1288 1624 1396 1679 nati
1424 1631 1543 1677 sum
1568 1620 1657 1674 tibi
1677 1619 1795 1689 ﬁlii.

188 1736 523 1793 Gemuerunt
556 1738 607 1785 te
646 1724 888 1797 Apostoli
923 1740 937 1778 :
967 1722 1064 1792 ipsi
1109 1719 1253 1775 missi
1286 1726 1441 1780 sunt,
1474 1714 1573 1786 ipsi
1607 1712 1801 1784 prmdi-

188 1832 490 1888 caverunt,
522 1820 621 1891 ipsi
648 1827 844 1889 patres.
875 1815 979 1871 Sed
1006 1811 1261 1883 ntunquid
1288 1808 1565 1864 nobiscum
1597 1818 1800 1874 corpo-

192 1920 404 1978 raliter
444 1927 653 1981 semper
693 1923 813 1965 esse
858 1904 1181 1978 potuerunt?
1216 1902 1328 1958 Etsi
1382 1914 1518 1955 unus
1562 1899 1801 1968 ipsorum

195 2013 391 2069 dixit:
419 2006 577 2077 Cupio
601 2002 807 2059 dissolvi
830 2039 847 2064 ,
872 2011 917 2055 et
944 2015 1051 2054 esse
1074 2013 1190 2051 cum
1227 1992 1427 2050 Christo
1458 1993 1616 2047 nntlto
1641 1990 1804 2059 magis

199 2105 469 2175 Optimum
494 2107 566 2153 est
590 2113 608 2159 ;
632 2110 831 2149 manere
856 2092 907 2145 in
933 2106 1087 2144 carne
1124 2085 1457 2142 necessarium
1484 2092 1689 2154 propter
1717 2096 1805 2135 vos

204 2172 485 2266 (Philipp.
514 2207 552 2252 ι.
574 2188 667 2254 25,
696 2186 813 2255 24).
849 2183 987 2237 Dixit
1019 2180 1119 2235 hoc
1141 2177 1355 2249 quidem
1379 2218 1395 2243 ,
1426 2175 1523 2231 sed
1552 2172 1805 2246 quamdiu

209 2290 312 2345 hic
345 2299 557 2342 manere
583 2279 794 2352 potuit?
824 2272 1088 2346 Numquid
1118 2286 1285 2343 usque
1324 2269 1389 2324 ad
1426 2268 1529 2324 hoc
1556 2266 1806 2338 tempus?

210 2376 483 2448 numquid
513 2387 680 2443 usque
718 2370 768 2425 in
799 2366 1114 2439 posterum?
1142 2364 1282 2435 Ergo
1310 2362 1521 2417 illorum
1553 2357 1809 2415 abscessu

213 2475 439 2529 deserta
467 2476 546 2523 est
567 2462 841 2522 Ecclesia?
868 2460 1039 2516 Absit.
1071 2456 1177 2511 Pro
1199 2454 1422 2526 patribus
1442 2452 1539 2506 tuis
1562 2450 1668 2505 nati
1691 2457 1811 2504 sunt

221 2566 314 2620 tibi
337 2563 453 2633 ﬁlii.
482 2559 618 2629 Quid
645 2566 747 2621 est,
782 2552 888 2608 Pro
915 2550 1138 2624 patribus
1162 2548 1259 2603 tuis
1283 2547 1389 2600 nati
1408 2554 1524 2599 sunt
1553 2543 1641 2597 tibi
1666 2534 1814 2633 filii?

224 2630 422 2716 Patres
464 2653 611 2709 missi
639 2660 764 2706 sunt
796 2643 1034 2718 Apostoli
1063 2683 1077 2707 ,
1107 2657 1204 2712 pro
1253 2636 1526 2709 Apostolis
1568 2633 1662 2690 ﬁlii
1702 2630 1814 2687 nati

228 2758 360 2806 sunt
388 2747 513 2813 tibi,
536 2739 809 2801 constituti
848 2745 973 2793 sunt
1010 2730 1270 2805 episcopi.
1301 2728 1468 2785 llodie
1511 2726 1658 2782 enim
1700 2721 1819 2794 cpi-

236 2857 408 2911 scopt,
433 2839 519 2909 qui
546 2845 673 2891 sunt
707 2848 801 2902 per
824 2840 991 2885 tomm
1020 2823 1275 2882 mundum
1303 2862 1317 2885 ,
1347 2820 1488 2874 unde
1514 2816 1624 2872 nati
1651 2814 1816 2869 sunt?

237 2908 354 3005 Ipsa
384 2908 616 2988 Ecclesia
660 2937 839 2999 patres
865 2923 981 2978 illos
1007 2917 1276 2988 appellat,
1304 2915 1414 2983 ipsa
1446 2912 1564 2966 illos
1587 2908 1814 2981 genuit,

236 3002 293 3084 et
321 3028 431 3095 ipsa
450 3025 568 3079 illus
587 3016 859 3076 constituit
887 3015 938 3070 in
967 3011 1181 3067 sedibus
1210 3014 1437 3077 patrum.
1467 3002 1583 3059 Non
1608 3016 1736 3072 ergo
1764 3007 1820 3055 te

241 3129 396 3190 putes
429 3115 693 3171 desertam
714 3152 730 3175 ,
758 3108 879 3181 quia
929 3120 1034 3161 nou
1064 3102 1213 3156 vides
1258 3099 1473 3154 Petrum
1494 3136 1509 3158 ,
1537 3095 1658 3167 quia
1711 3109 1819 3149 non

240 3210 392 3265 vides
417 3208 654 3264 Paulum.
682 3200 801 3271 quia
831 3214 937 3254 non
965 3195 1112 3251 vides
1142 3192 1262 3248 illos
1287 3206 1380 3260 per
1407 3203 1541 3259 quos
1569 3196 1689 3242 nata
1717 3200 1777 3241 es
1802 3202 1818 3241 :

244 3302 312 3358 de
341 3300 488 3371 prole
529 3308 614 3351 tua
646 3293 738 3347 tibi
773 3290 943 3347 crevit
973 3285 1282 3359 “uenulas.
1322 3281 1428 3336 Pro
1470 3279 1697 3351 patribus
1722 3277 1821 3332 tuis

248 3393 350 3448 nati
374 3400 488 3446 sunt
512 3388 598 3443 tibi
624 3385 720 3455 lilii
742 3399 761 3438 :
781 3382 1047 3438 constitues
1076 3394 1159 3433 eos
1180 3376 1430 3447 principes
1450 3389 1603 3444 super
1623 3386 1821 3426 omnem

255 3495 449 3538 terram.
479 3478 610 3535 Vide
635 3476 889 3545 templum
920 3472 1060 3543 regis
1086 3485 1242 3542 quam
1283 3467 1387 3522 late
1414 3465 1664 3522 dill'usum
1690 3471 1774 3518 est
1803 3478 1818 3513 :

256 3584 308 3628 ut
334 3574 573 3629 noverint
602 3568 832 3638 virgines
855 3580 971 3635 quze
998 3578 1103 3617 non
1130 3558 1465 3616 adducuntur
1492 3558 1542 3611 in
1567 3556 1822 3626 templum

260 3668 409 3737 regis,
440 3680 544 3720 non
572 3679 630 3718 se
649 3661 714 3715 ad
744 3660 872 3713 istas
903 3656 1111 3726 nuptias
1147 3652 1431 3724 pertinere.
1464 3649 1567 3704 Pro
1595 3647 1823 3719 putribus

264 3762 351 3813 tuis
376 3759 476 3813 nati
514 3763 629 3809 sunt
672 3752 757 3807 tibi
800 3750 936 3820 ﬁlii:
967 3746 1237 3802 constitues
1271 3760 1355 3799 eos
1396 3742 1645 3813 principes
1670 3756 1826 3811 super

266 3867 444 3906 omnem
472 3859 675 3903 terram.
718 3843 843 3898 lla-c
878 3849 959 3897 est
986 3836 1245 3894 catholica
1274 3834 1511 3890 Ecclesia
1545 3850 1559 3888 :
1591 3832 1682 3886 lilii
1708 3832 1826 3898 ejus

268 3942 520 4001 cetastituti
560 3948 685 3996 sunt
724 3934 989 4006 principes
1012 3947 1173 4001 super
1214 3943 1427 3985 omnem
1472 3934 1668 3981 terram
1692 3966 1705 3986 ,
1733 3923 1825 3980 lilii

270 4038 369 4110 ejus
391 4033 655 4093 constituti
685 4039 806 4086 sunt
837 4041 933 4100 pro
960 4023 1216 4097 patribus.
1246 4023 1549 4092 Agnoscaut
1572 4018 1660 4090 qui
1684 4033 1826 4086 pra:-

272 4133 355 4188 cisi
397 4139 516 4185 sunt
541 4169 556 4193 ,
588 4121 801 4182 veniant
838 4120 904 4175 ad
934 4118 1189 4174 unitatem
1216 4156 1232 4183 ,
1255 4113 1588 4169 adducantur
1614 4112 1663 4165 in
1693 4119 1827 4165 tem-

274 4226 398 4296 plum
428 4220 584 4291 regis.
612 4215 888 4285 Templum
917 4226 1070 4265 suum
1103 4209 1241 4263 licus
1270 4204 1465 4276 ubique
1495 4201 1776 4259 collocavit
1800 4242 1815 4267 ,

277 4293 589 4372 lundamenta
630 4306 1012 4377 Prophetarum
1038 4311 1092 4357 et
1116 4298 1490 4371 Apostolorum
1518 4295 1712 4366 ubique
1741 4293 1829 4347 lir-

278 4409 435 4464 utavit.
500 4404 662 4461 Filios
721 4398 903 4472 genuit
951 4394 1222 4458 Ecclesia,
1272 4388 1545 4446 constituit
1596 4401 1688 4443 cos
1733 4400 1829 4458 pro

280 4498 495 4571 patribus
516 4495 628 4553 suis
655 4491 918 4562 principes
946 4474 1105 4557 super
1131 4499 1341 4537 cunnum
1374 4492 1589 4537 terram.

339 4591 418 4648 53.
458 4589 609 4663 [uera
656 4581 767 4655 18.]
812 4580 1056 4635 Mentorea
1099 4586 1242 4629 erunt
1272 4573 1488 4628 nominis
1513 4572 1585 4625 tui
1613 4571 1664 4625 in
1695 4568 1831 4625 omni

286 4661 575 4754 generatione
595 4685 639 4731 et
658 4671 993 4746 generatione.
1023 4665 1292 4733 Propterea
1316 4663 1489 4734 populi
1517 4661 1833 4731 conﬁtebun-

283 4753 349 4827 tur
371 4772 472 4827 tibi.
504 4766 638 4838 Quid
664 4781 790 4834 ergo
821 4759 1031 4832 prodest
1052 4756 1312 4822 conﬁteri,
1336 4764 1552 4810 etextm
1578 4753 1831 4823 templum

282 4862 531 4922 conliteri?
560 4858 695 4929 Quid
719 4855 935 4928 prodest
962 4851 1188 4923 precari,
1214 4860 1267 4905 et
1296 4850 1348 4903 in
1372 4858 1550 4904 monte
1578 4865 1679 4903 non
1710 4864 1831 4917 pre-

279 4957 407 5014 cari?
443 4953 572 5009 Voce
590 4967 721 5017 mea,
748 4948 934 5021 inquit,
965 4945 1034 5000 ad
1058 4944 1329 4999 Dominum
1350 4942 1581 5005 clamavi,
1604 4950 1649 4995 et
1674 4957 1834 4995 exan-

275 5049 385 5106 dirit
430 5062 507 5101 me
545 5046 609 5099 de
651 5054 818 5097 ntonte
854 5051 1028 5095 sancto
1060 5054 1153 5093 suo
1183 5034 1351 5110 (Psal.
1384 5050 1461 5095 Ill,
1490 5035 1569 5106 5).
1619 5035 1694 5089 De.
1730 5049 1835 5104 quo

275 5140 473 5201 monte?
502 5140 575 5194 De
597 5152 703 5209 quo
721 5135 916 5191 dictqu
937 5142 1015 5187 est
1039 5149 1052 5187 :
1080 5130 1196 5186 Non
1219 5139 1376 5201 potest
1398 5129 1572 5182 cititas
1597 5127 1836 5181 abscondi

270 5250 418 5303 supra
440 5240 657 5286 montem
673 5226 938 5283 constituta
957 5224 1166 5295 (Matth.
1190 5239 1242 5287 v,
1272 5222 1379 5293 li).
1404 5222 1478 5276 De
1496 5236 1602 5292 quo
1624 5220 1837 5275 monte?

272 5328 429 5396 Quem
458 5320 590 5376 vidit
628 5317 809 5375 Daniel
855 5332 918 5371 ex
961 5329 1123 5385 pario
1147 5312 1321 5383 lapide
1346 5312 1600 5378 crevisse,
1642 5321 1695 5365 ct
1724 5309 1835 5367 fre-

272 5417 405 5490 gisse
439 5412 616 5469 outuia
658 5423 816 5479 regna
861 5416 1141 5470 terrarum,
1190 5412 1245 5460 et
1281 5403 1580 5473 implevisse
1623 5417 1833 5457 omnem

276 5507 448 5566 faciem
481 5514 635 5561 terra:
675 5499 834 5573 (Dan.
864 5514 919 5562 ιι,
959 5495 1074 5565 55).
1126 5495 1198 5551 Ibi
1227 5493 1413 5549 adoret
1440 5494 1529 5565 qui
1562 5494 1668 5548 vult
1694 5494 1834 5549 acci-

275 5614 412 5677 pere,
450 5597 520 5653 ibi
548 5603 692 5666 petat
715 5594 804 5664 qui
842 5590 953 5646 vult
979 5587 1240 5653 exaudiri,
1278 5588 1348 5642 ibi
1387 5588 1704 5644 conﬁteatur
1744 5587 1837 5657 qui

278 5691 381 5749 vult
400 5688 499 5747 sibi
524 5686 743 5760 ignosci.
776 5682 1050 5753 Propterea
1076 5680 1252 5751 populi
1283 5679 1653 5750 conﬁtebuntur
1674 5680 1763 5734 tibi
1781 5680 1836 5735 in

278 5792 527 5847 uernum,
573 5787 621 5835 et
674 5778 727 5832 in
772 5772 1015 5832 secutum
1050 5771 1245 5828 seculi.
1290 5772 1423 5840 Quia
1452 5779 1507 5827 et
1541 5771 1593 5827 in
1620 5771 1703 5827 illa
1729 5772 1835 5829 vita

278 5882 460 5933 sterno
478 5886 586 5929 non
600 5872 704 5927 erit
721 5868 832 5940 jam
853 5865 1065 5938 quidem
1093 5863 1321 5937 gemitus
1346 5870 1708 5935 peccatorum,
1735 5864 1831 5922 sed

1282 395 1680 459 ENARRATIO
1716 391 1785 449 IN
1820 383 2151 448 PSALMUM
2188 389 2351 447 XLV.

3368 392 3475 455 5N

1890 514 2066 561 tanien
2098 506 2149 559 in
2175 504 2367 560 divinis
2393 504 2636 560 laudibus
2663 514 2912 574 supernae
2948 504 3090 562 illius
3119 520 3182 562 ac
3205 521 3476 580 perpetrm

1889 594 2120 651 civitatis
2150 612 2254 651 non
2283 596 2455 650 deerit
2482 597 2805 667 sempiterna
2834 597 3102 652 confessio
3127 608 3287 655 tantm
3311 600 3478 658 felici-

1892 689 2033 743 tatis.
2076 687 2178 756 lpsi
2213 690 2355 743 enim
2409 688 2644 753 civitati,
2691 690 2775 744 cui
2817 690 2953 744 alius
3003 691 3235 759 psalmus
3271 702 3476 759 cantat,

1893 777 2127 835 Gloriosa
2147 778 2279 833 dicta
2304 788 2418 834 sunt
2446 779 2508 833 de
2532 789 2598 847 te,
2625 780 2799 835 civitas
2821 780 2915 834 Dei
2935 779 3105 847 (Psal.
3137 799 3357 849 Lxxxvt,
3382 786 3441 853 5)
3463 802 3478 849 ς

1896 871 1996 942 ipsi
2017 886 2225 941 Sponsae
2241 871 2577 944 Citt'isli,ipsi
2605 873 2803 944 regina:
2852 873 2972 929 tiliae
3002 876 3165 946 regis,
3198 877 3481 949 etconjugi

1895 963 2065 1033 regis;
2090 964 2209 1034 quia
2235 963 2499 1033 principes
2524 965 2639 1035 ejus
2665 974 2790 1019 sunt
2821 981 3086 1022 memores
3115 969 3345 1025 nominis
3365 970 3484 1038 ejus

1896 1054 1950 1110 in
1977 1056 2121 1109 oumi
2153 1056 2497 1124 generatione
2523 1066 2578 1111 et
2616 1057 2979 1125 generatione,
3015 1058 3066 1113 id
3094 1067 3197 1123 est,
3228 1060 3484 1130 quamdiu

1897 1155 2134 1203 transeat
2177 1146 2279 1202 hoc
2316 1148 2594 1213 smenlnm,
2648 1148 2789 1217 quod
2837 1149 3017 1204 multis
3052 1152 3484 1221 generationibus

1897 1239 2089 1311 agitur,
2120 1249 2366 1310 gerentes
2394 1255 2491 1309 pro
2517 1241 2606 1295 illa
2640 1239 2917 1297 charitatis
2944 1256 3147 1309 curam,
3192 1253 3248 1297 ut
3277 1243 3346 1299 de
3375 1243 3487 1298 isto

1899 1332 2096 1387 sacculo
2124 1330 2343 1386 liberata
2389 1332 2442 1386 in
2472 1341 2732 1387 internum
2764 1332 2872 1387 Deo
2905 1343 3225 1405 conregnet;
3269 1344 3487 1405 prOpter

1902 1426 2003 1481 hoc
2049 1425 2221 1481 eidem
2272 1425 2369 1495 ipsi
2420 1426 2814 1482 conﬁtebuntur
2861 1427 3038 1496 populi
3096 1429 3147 1481 in
3203 1436 3485 1495 a‘tcruum,

1900 1518 2201 1599 conspicuis
2223 1527 2274 1572 et
2293 1517 2585 1574 manifestis
2601 1517 2706 1572 illic
2722 1518 2971 1573 cordibus
2994 1518 3230 1573 omnium
3259 1518 3489 1588 perlecta

1903 1610 2159 1666 charitatc
2180 1610 2474 1675 luminosis,
2504 1618 2562 1665 ut
2579 1626 2638 1666 se
2665 1612 2966 1667 universam
2994 1610 3298 1681 plenissime
3323 1625 3490 1667 nove-

1903 1702 1993 1763 rit,
2021 1717 2139 1773 qua:
2178 1702 2263 1758 hic
2292 1701 2344 1757 in
2374 1702 2555 1756 multis
2594 1702 2704 1757 suis
2738 1702 2976 1772 partibus
3011 1701 3217 1757 occulta
3249 1702 3351 1757 sibi
3386 1711 3490 1757 est.

1906 1793 2059 1851 Unde
2100 1792 2447 1849 admonemur
2484 1794 2550 1849 ab
2578 1793 2836 1863 Apostolo
2867 1794 2994 1848 nihil
3024 1803 3147 1849 ante
3169 1803 3376 1863 tempus
3400 1794 3492 1863 ju-

1905 1883 2107 1951 dicare,
2147 1884 2317 1940 donec
2343 1884 2517 1940 veniat
2555 1884 2830 1950 Dominus,
2883 1894 2937 1940 et
2974 1885 3235 1942 illuminet
3262 1885 3493 1941 abscon-

1907 1977 2014 2034 dita
2050 1978 2407 2044 tenebrarum,
2439 1987 2493 2033 et
2520 1977 3188 2048 manifestetcogitationes
3213 1978 3411 2045 cordis,
3440 1986 3497 2035 et

1908 2073 1977 2129 sit
2020 2073 2135 2128 laus
2184 2072 2464 2143 unicuique
2509 2088 2539 2127 a
2586 2071 2697 2127 Deo
2738 2072 2781 2145 (l
2813 2071 2929 2128 Cor.
2962 2089 3033 2138 Iv,
3063 2072 3143 2143 5).
3188 2073 3303 2143 Ipsa
3350 2072 3497 2128 enim

1909 2175 2092 2223 sancta
2151 2165 2337 2221 civitas
2382 2164 2483 2219 sibi
2528 2163 2920 2237 quodammodo
2970 2164 3327 2231 conﬁtebitur,
3372 2179 3496 2219 cum

1909 2258 2089 2329 populi
2116 2256 2234 2327 ejus
2265 2256 2457 2329 quibus
2481 2265 2705 2321 constat,
2754 2255 2853 2324 ipsi
2882 2255 3079 2311 civitati
3105 2254 3499 2312 conﬁtebuntur

1912 2349 1968 2406 in
1990 2360 2287 2415 aeternum;
2322 2357 2378 2405 ut
2413 2363 2478 2405 ex
2504 2348 2646 2403 nulla
2684 2356 2832 2419 parte
2870 2362 2928 2404 se
2954 2348 3133 2415 lateat,
3176 2348 3318 2402 nullo
3353 2348 3403 2402 in
3438 2362 3500 2404 se

1914 2441 2177 2498 existente
2201 2439 2353 2512 cujus
2374 2439 2569 2511 aliquid
2597 2440 2775 2494 lateat.

2327 2640 2407 2700 IN
2449 2637 2835 2701 PSALMUM
2876 2639 3047 2701 XLV

2519 2761 2933 2819 ENARRATIO.

2441 2891 2615 2932 SEBMO
2652 2893 2721 2934 AD
2760 2894 2985 2934 Ριειιιειί.

1996 2992 2048 3047 l.
2089 2989 2256 3065 [νεῖαι
2284 2989 2359 3064 1.]
2399 2990 2515 3047 Jam
2554 2991 2807 3049 Cbaritati
2836 2994 3041 3052 Vestra:
3077 2999 3321 3070 qumdam
3369 3001 3506 3057 sicut

1921 3085 2197 3143 notissima
2218 3085 2502 3156 loquimur,
2521 3087 2571 3141 iu
2589 3088 2781 3158 quibus
2796 3088 3067 3147 immorari
3090 3108 3191 3147 non
3214 3093 3503 3150 debemus:

1921 3181 2045 3253 quia
2089 3195 2150 3236 ea
2188 3194 2308 3251 qua:
2345 3180 2527 3247 scitis,
2570 3180 2802 3237 breviter
2842 3186 3251 3242 commemorari
3289 3186 3505 3243 debent.

1924 3273 2089 3329 Filios
2109 3273 2248 3329 Core
2282 3287 2381 3328 nos
2415 3286 2536 3328 esse
2565 3272 2936 3345 intelligamus.
2964 3275 3336 3333 Commemoro
3364 3278 3507 3335 cnim

1924 3381 2021 3420 vos
2041 3365 2287 3429 scientes,
2318 3364 2457 3421 Core
2492 3366 2825 3436 interpretari
2848 3365 3163 3433 Calvitium;
3196 3370 3508 3425 Dominum-

1927 3471 2030 3529 quc
2076 3465 2342 3521 nostrum,
2398 3456 2649 3527 quoniam
2696 3456 2749 3511 in
2777 3455 3035 3514 Calvarize
3078 3460 3194 3514 loco
3222 3460 3510 3519 cruciﬁxus

1926 3558 2011 3606 est
2033 3552 2073 3615 ¹,
2117 3548 2399 3604 adduxisse
2428 3549 2525 3603 sibi
2556 3549 2769 3615 multos,
2817 3559 3064 3622 tanquam
3095 3552 3222 3607 illud
3258 3570 3506 3625 grantnn,

1928 3641 2068 3711 quod
2099 3640 2199 3695 nisi
2229 3640 2601 3695 mortificamur
2623 3650 2784 3703 esset,
2809 3643 2978 3698 solum
3003 3657 3303 3700 remaneret
3326 3645 3506 3718 (Joan.

1928 3749 2021 3797 xu,
2048 3731 2174 3805 2i);
2230 3741 2286 3789 et
2327 3748 2423 3788 eos
2466 3731 2556 3803 qui
2602 3732 2814 3789 adducti
2854 3743 3011 3799 sunt,
3052 3737 3340 3805 appellatos
3373 3736 3511 3794 ﬁlios

1930 3828 2067 3882 Core
2094 3845 2107 3881 :
2154 3826 2254 3882 hoc
2279 3827 2328 3881 in
2358 3826 2627 3898 mysterio.
2659 3826 2918 3882 Czeterum
2966 3826 3177 3886 fuerunt
3212 3830 3391 3884 nescio
3420 3831 3509 3900 qui

1932 3921 2025 3975 ﬁlii
2045 3920 2179 3975 Core
2196 3920 2284 3974 illo
2306 3929 2561 3989 tempore,
2585 3917 2795 3989 quando
2825 3919 2922 3974 ista
2949 3922 3297 3977 conlabantur
3318 3923 3356 3995 (1
3381 3921 3507 3978 Par.

1933 4029 2085 4078 xxvi,
2118 4014 2170 4084 l)
2198 4028 2212 4066 :
2243 4012 2335 4067 sed
2381 4011 2595 4081 spiritus
2634 4025 2731 4066 nos
2762 4011 3025 4067 vivilicare
3061 4012 3240 4079 debet,
3283 4028 3386 4067 non
3422 4013 3509 4070 lit-

1933 4116 2045 4164 tera
2076 4106 2255 4163 velarc
2281 4102 2358 4177 (a)
2387 4103 2453 4175 (ll
2480 4102 2598 4159 Cor.
2632 4119 2708 4166 Ill,
2738 4102 2814 4173 6).
2844 4102 2949 4157 Nos
2977 4119 3105 4174 ergo
3132 4104 3217 4159 hic
3245 4104 3508 4177 intelliga-

1933 4214 2073 4261 mus,
2100 4207 2153 4253 et
2178 4195 2351 4251 videte
2371 4195 2415 4251 si
2437 4211 2497 4249 ea
2520 4211 2634 4266 qua:
2656 4203 2973 4266 seqmmtur,
3001 4196 3049 4249 id
3076 4205 3177 4260 est,
3206 4213 3323 4267 qum
3352 4197 3513 4256 habet

1934 4291 2119 4363 psalmi
2152 4290 2318 4361 ipsius
2341 4296 2641 4353 contextus,
2673 4297 2970 4359 congruunt
3001 4286 3153 4343 nobis
3185 4305 3200 4342 :
3228 4298 3281 4344 et
3310 4290 3513 4345 inverti-

1934 4398 2053 4440 mus
2080 4382 2163 4438 bic
2202 4396 2321 4445 nus,
2372 4380 2415 4434 si
2456 4390 2631 4436 tamen
2681 4379 3033 4435 inharrcamus
3078 4381 3330 4437 mcmhris
3370 4382 3509 4453 ejus,

1934 4478 2086 4549 cujus
2137 4475 2376 4547 corporis
2416 4484 2576 4545 caput
2619 4474 2669 4528 in
2700 4473 2837 4529 emlo
2880 4484 2982 4537 est,
3029 4490 3090 4527 ex
3137 4475 3223 4529 illa
3266 4476 3513 4544 [idStitlﬂo

1936 4525 2086 4549 πμ-
2140 4525 2372 4547 --η---η
2709 4525 2797 4529 τί

1935 4570 2249 4633 ascendens,
2292 4578 2345 4622 ut
2376 4581 2469 4622 eos
2507 4567 2592 4638 qui
2621 4567 2669 4619 in
2702 4567 2994 4620 humilitate
3025 4566 3290 4635 jacebant,
3331 4525 3545 4638 secum!

1937 4662 1989 4717 in
2017 4661 2253 4716 ubertate
2283 4658 2528 4722 adducat,
2580 4658 2802 4712 fructum
2844 4657 3072 4712 ferentes
3116 4656 3166 4711 in
3212 4629 3528 4722 tolerantia}

1940 4755 2145 4811 Dictum
2175 4762 2258 4807 est
2285 4762 2461 4808 autem
2488 4768 2501 4802 :
2535 4748 2597 4803 In
2624 4751 2775 4818 ﬁnem
2802 4766 2892 4817 pro
2919 4750 3037 4818 ﬁliis
3061 4747 3207 4809 Core.
3232 4768 3323 4820 pro
3348 4719 3527 4806 οιίἰιι-ι

1939 4848 2022 4908 tis,
2055 4844 2309 4899 Psahnus.
2349 4842 2623 4897 Occultnm
2660 4852 2924 4907 estergo;
2956 4821 3047 4895 sed
3084 4842 3171 4897 ille
3201 4843 3313 4911 ipse
3342 4843 3430 4914 qui
3463 4845 3516 4900 in

1938 4940 2196 4997 Calvarue
2218 4938 2336 4993 loco
2359 4934 2643 4991 cruciﬁxus
2672 4944 2772 4999 cst,
2816 4933 2982 4987 nostis
3008 4935 3125 5003 quia
3155 4936 3329 4989 velum
3355 4936 3517 4989 disci-

1939 5035 2037 5097 dit,
2069 5042 2120 5086 ut
2149 5030 2330 5098 templi
2372 5038 2574 5085 secreta
2607 5036 2936 5097 patescerent
2964 5026 3178 5095 (.llanh.
3207 5044 3367 5092 χχι-ιι,
3401 5026 3514 5099 bl).

1940 5124 2172 5183 Proinde
2212 5125 2334 5195 quia
2378 5139 2507 5177 crux
2559 5120 2763 5176 Domini
2807 5121 2970 5174 nostri
3022 5120 3185 5176 clavis
3232 5120 3347 5178 fuit.
3413 5137 3515 5190 qua

1940 5221 2119 5276 clausa
2145 5219 2515 5289 aperirentur;
2558 5212 2835 5268 credamus
2864 5213 3169 5269 adfuturum
3192 5228 3310 5267 eum
3340 5212 3515 5279 nobis,

1942 5322 2001 5368 ut
2027 5312 2123 5366 ista
2151 5309 2357 5364 occulta
2388 5305 2706 5361 ret'elentnr.
2740 5303 2801 5357 In
2832 5305 2983 5373 ﬁnem
3003 5304 3143 5375 quod
3173 5303 3349 5363 habet.
3378 5318 3517 5358 sem-

1944 5420 2039 5476 per
2062 5403 2329 5459 Christum
2379 5398 2670 5467 intclligere
2713 5395 2986 5452 debemus.
3039 5394 3183 5449 Finis
3214 5396 3345 5449 enim
3374 5396 3519 5464 Legi:

1942 5495 2189 5557 Christus,
2222 5491 2289 5544 ad
2302 5489 2549 5560 justitiam
2575 5487 2711 5541 onmi
2730 5486 2949 5539 credenti
2968 5484 3145 5553 (Rom.
3166 5500 3219 5547 x,
3246 5485 3280 5540 4
3309 5484 3349 5555 ).
3376 5483 3520 5539 Finis

1943 5597 2121 5643 autem
2147 5585 2357 5647 dicitur,
2402 5599 2507 5638 nou
2537 5582 2658 5653 quia
2693 5578 2975 5636 consumit.
3022 5576 3115 5633 sed
3143 5578 3263 5648 quia
3292 5577 3515 5648 perlicit.

2005 5726 2023 5759 ι
2058 5729 2123 5786 tta
2142 5728 2248 5786 uss.
2270 5728 2331 5786 nt
2352 5719 2483 5779 add,
2510 5716 3088 5786 [amantmgaenostrum
3108 5710 3404 5777 signiﬁcare,
3435 5711 3521 5777 qui

1941 5786 1993 5839 in
2006 5785 2241 5839 ϐαίνω-ἕω
2262 5781 2366 5834 loco
2385 5775 2649 5844 cruciﬁxus
2669 5775 2879 5828 addunt
2896 5775 3082 5827 multos.

2011 5868 2084 5933 (a)
2107 5876 2265 5929 Forte,
2285 5876 2476 5916 nccare.
