3942 6400
633 343 744 402 519

636 457 770 517 illud
797 454 1165 526 confugerant.
1203 449 1440 519 Denique
1483 444 1755 517 apostolus
1790 443 1988 500 Paulus
2019 442 2228 499 volebat

636 553 835 610 intrare
877 548 927 602 in
971 547 1256 606 theatrum,
1286 552 1341 597 et
1385 557 1414 595 a
1457 539 1732 609 discipulis
1776 546 2057 593 revocatus
2101 545 2221 600 est,

633 644 754 714 quia
809 637 1166 696 necessarium
1211 645 1328 691 erat
1370 634 1545 689 adlmc
1588 640 1644 685 ιιι
1685 631 1736 686 iu
1780 645 1942 686 carne
1984 635 2226 684 maneret

633 746 849 810 propter
876 735 1037 801 ipsos.
1088 729 1194 784 Sed
1241 736 1420 783 tamen
1449 726 1742 782 Souuerunt
1780 733 1826 777 et
1867 724 2080 776 turbata
2107 729 2224 775 sunt

630 846 778 901 aqua:
804 828 914 898 ejus
938 841 957 879 :
985 823 1270 879 conturbati
1308 831 1424 876 sunt
1465 828 1658 874 montes
1687 818 1739 870 iu
1772 815 2068 885 fortitudine
2092 814 2220 884 ejus.

629 922 838 992 Cujus?
880 917 1271 986 Numquidnam
1302 915 1488 981 tuaris,
1520 927 1585 966 an
1634 912 1810 981 potius
1855 908 1968 972 Dei,
2011 907 2077 962 de
2117 921 2224 977 quo

628 1017 828 1073 dictum
859 1023 940 1067 est
970 1031 983 1066 :
1038 1009 1305 1081 Refugium
1333 1018 1378 1062 et
1410 1007 1592 1069 virtus,
1622 1004 1828 1074 adiutor
1847 1002 1900 1056 in
1939 999 2225 1054 tribulatio-

632 1109 776 1164 nibus
803 1122 916 1176 qute
947 1105 1241 1157 invenerunt
1283 1116 1374 1154 nos
1416 1096 1610 1152 nimis?
1651 1093 1869 1150 Turbati
1914 1092 2054 1147 enim
2099 1098 2225 1145 sunt

630 1210 861 1261 montes,
883 1197 932 1250 id
959 1204 1043 1250 est
1069 1201 1362 1262 potestates
1392 1189 1550 1258 hujus
1575 1186 1780 1242 sreuli.
1801 1184 1902 1238 Alii
1930 1189 2056 1237 sunt
2076 1181 2219 1236 enim

629 1300 839 1348 montes
871 1288 984 1353 Dei,
1016 1287 1104 1342 alii
1133 1294 1256 1338 sunt
1281 1290 1493 1336 montes
1524 1278 1702 1334 seculi
1731 1296 1743 1330 ε
1773 1283 1982 1331 montes
2017 1271 2221 1340 surculi,

629 1381 821 1455 quibus
867 1389 1023 1450 caput
1066 1377 1350 1440 diabolus;
1397 1383 1606 1428 montes
1667 1370 1783 1436 Dei,
1824 1369 2016 1438 quibus
2064 1372 2224 1435 caput

628 1475 893 1532 Christus.
919 1471 1022 1528 Sed
1052 1486 1145 1542 per
1170 1470 1300 1524 istos
1328 1475 1538 1522 montes
1568 1463 1762 1518 turbati
1804 1469 1929 1516 sunt
1958 1459 2029 1514 illi
2064 1473 2218 1512 mon-

629 1581 732 1626 tes.
751 1568 900 1624 Tunc
918 1566 1179 1621 dederunt
1206 1562 1394 1616 voces‘
1423 1566 1607 1614 contra
1637 1554 1987 1615 Christianos,
2008 1549 2221 1620 quando

631 1661 826 1717 turbati
854 1665 978 1712 sunt
1005 1664 1211 1710 montes
1252 1650 1566 1706 sonantibus
1598 1645 1883 1702 ﬂuctibus:
1917 1652 1972 1698 et
2011 1649 2220 1696 montes

629 1763 755 1808 sunt
793 1751 1005 1814 turbati,
1038 1758 1093 1804 et
1134 1747 1304 1801 factus
1333 1753 1416 1799 est
1446 1755 1670 1812 magnus
1705 1749 1860 1793 terra:
1893 1745 2069 1813 motus
2096 1749 2217 1788 cum

629 1855 774 1900 tuom
805 1857 976 1912 aquze.
1004 1837 1108 1896 Sed
1137 1837 1221 1892 cui
1250 1837 1402 1890 lucc?
1427 1831 1641 1889 Civitati
1690 1829 1764 1885 illi
1799 1827 2030 1883 fundata:
2059 1839 2221 1894 super

629 1945 854 2008 petram.
903 1935 1108 1988 Sonaut
1154 1944 1342 1997 aqnze,
1392 1926 1672 1980 turbantur
1719 1929 1956 1985 montes,
2006 1931 2217 1972 annun-

627 2027 756 2082 tiato
788 2023 1097 2095 Evangelio.
1126 2020 1262 2088 Quid
1307 2029 1362 2074 tu
1391 2018 1578 2073 civitas
1625 2014 1756 2069 Dei?
1797 2012 1936 2068 Audi
1963 2008 2105 2083 quod
2134 2023 2222 2064 se-

625 2119 822 2189 quitur.

696 2210 748 2266 8.
787 2206 952 2282 {rers.
981 2204 1062 2277 5.]
1102 2202 1358 2258 Fluminis
1400 2201 1617 2272 impetus
1662 2197 1924 2267 lwtiﬁcant
1969 2195 2220 2250 civitatem

624 2301 740 2356 Dei.
770 2300 900 2355 Cum
933 2297 1247 2352 turbantur”
1290 2301 1521 2355 montes,
1549 2306 1671 2346 eum
1719 2287 1872 2343 sazvit
1910 2301 2078 2351 mare,
2112 2299 2218 2339 non

623 2391 825 2449 deserit
863 2392 1006 2446 Deus
1039 2388 1308 2444 civitatem
1348 2398 1498 2440 suam
1550 2397 1645 2452 per
1690 2379 1920 2449 impetus
1963 2374 2216 2431 ﬂuminis.

623 2487 724 2558 Qui
752 2495 877 2542 sunt
903 2482 990 2536 isti
1019 2482 1250 2549 impetus
1275 2474 1544 2532 ﬂuminis?
1575 2471 1852 2528 lnundatio
1879 2470 1966 2526 illa
1985 2468 2216 2539 Spiritus

623 2579 818 2642 sancti,
847 2576 914 2631 de
950 2589 1054 2646 qua
1087 2571 1340 2626 Dominus
1365 2565 1576 2621 dicebat
1609 2582 1622 2619 :
1657 2564 1718 2621 Si
1743 2565 1854 2634 quis
1896 2563 2020 2627 sitit,
2052 2562 2218 2616 veniat

623 2683 670 2728 et
701 2672 833 2726 bibat
858 2686 876 2722 :
905 2669 987 2736 qui
1021 2664 1177 2719 credit
1202 2664 1252 2717 iu
1281 2677 1376 2727 me,
1402 2660 1617 2731 [lumina
1651 2673 1797 2727 aqua:
1821 2656 1942 2711 viva:
1969 2657 2128 2726 ﬂuent
2153 2655 2218 2708 de

623 2776 791 2819 ventre
832 2763 961 2832 ejus.
1008 2759 1150 2827 Ergo
1203 2754 1317 2810 inec
1367 2752 1585 2809 ﬂumina
1633 2749 1870 2805 ﬂuebant
1913 2747 1982 2804 dc
2029 2756 2216 2802 ventre

622 2859 791 2920 Pauli,
825 2855 988 2916 Petri,
1022 2851 1264 2914 Joannis.
1294 2849 1521 2904 aliorum
1550 2843 1951 2913 Apostolorum,
1985 2841 2212 2896 aliorum

623 2950 1078 3022 Evangelistarum
1112 2943 1365 3000 lidelium.
1409 2940 1534 2997 Ilarc
1575 2938 1790 2993 ﬂumina
1833 2952 1954 2991 cum
1987 2935 2216 2990 ﬂuerent

619 3047 688 3101 ab
725 3062 829 3098 uno
868 3041 1109 3103 ﬂumine,
1138 3035 1289 3091 multi
1335 3035 1554 3102 impetus
1594 3027 1819 3101 fluminis
1851 3027 2111 3096 ludiﬁcant
2141 3025 2217 3078 ci-

621 3141 822 3193 vitatem
868 3132 983 3187 Dei.
1014 3130 1147 3185 Nam
1177 3136 1233 3182 ut
1269 3124 1526 3182 noveritis
1565 3122 1666 3176 hoc
1686 3125 1754 3176 de
1782 3119 1981 3188 Spiritu
2025 3125 2212 3173 sancto

621 3231 842 3289 dictum,
867 3227 916 3279 in
950 3223 1136 3280 eodem
1168 3219 1452 3289 Evangelia
1478 3221 1870 3286 consequenter
1887 3211 2016 3267 dicit
2037 3211 2214 3266 Evan-

621 3324 806 3393 gelista
838 3337 849 3369 ε
888 3315 998 3371 Hoc
1023 3323 1191 3368 autem
1219 3309 1410 3365 dicebat
1437 3310 1499 3363 de
1536 3307 1756 3376 Spiritu,
1783 3321 1928 3373 quem
1958 3303 2215 3373 accepturi

621 3422 764 3468 erant
807 3410 858 3464 Ιιί
899 3409 986 3480 qui
1029 3407 1082 3461 in
1120 3421 1234 3460 eum
1277 3410 1419 3458 erant
1463 3399 1724 3453 credituri.
1773 3395 2000 3466 Spiritus
2042 3405 2212 3449 autem

623 3503 848 3560 nomium
873 3509 979 3554 erat
1009 3499 1179 3558 datus,
1205 3495 1325 3566 quia
1349 3492 1500 3548 Jesus
1535 3490 1760 3545 nondum
1803 3496 1909 3542 erat
1953 3485 2212 3559 gloriﬁca-

622 3607 702 3652 tus
732 3594 908 3666 (Joun.
941 3608 1035 3655 vn,
1064 3587 1278 3659 37-59).
1310 3584 1619 3640 Gloriticato
1648 3581 1776 3636 Jesu
1819 3587 1939 3650 post
1968 3593 2210 3634 resurre-

621 3691 876 3754 ctionem,
923 3683 1217 3756 gloriticato
1267 3687 1388 3748 post
1431 3673 1825 3738 ascensionem,
1873 3669 1958 3725 die
2011 3668 2210 3724 Pente-

620 3794 796 3839 eostes
847 3777 995 3834 venit
1040 3773 1271 3845 Spiritus
1316 3775 1564 3827 sanctus,
1618 3762 1858 3834 implevit
1904 3758 2208 3826 credentes,

623 3873 783 3934 locuti
826 3878 952 3926 sunt
998 3864 1190 3936 linguis
1232 3860 1367 3934 (Act.
1409 3875 1466 3923 tt,
1507 3859 1585 3927 4),
1626 3855 1923 3927 pra'dicare
1968 3852 2211 3924 Evange-

621 3971 748 4025 liuut
774 3969 1054 4035 ca‘pcrunt
1077 3955 1359 4012 Gentibus.
1399 3950 1532 4005 llinc
1561 3948 1746 4004 civitas
1779 3946 1876 4002 Dei
1905 3944 2210 4002 lmtiticaba-

621 4072 726 4127 tur,
757 4061 884 4115 dum
925 4067 1072 4112 mare
1115 4049 1419 4106 turbaretur
1454 4044 1633 4100 senitu
1669 4055 1928 4112 aquarum
1965 4054 2205 4105 suarum,

618 4157 745 4213 dttnt
777 4158 985 4206 montes
1011 4141 1461 4202 conturbarentur
1484 4142 1786 4207 quaerentes
1807 4131 1934 4203 quid
1965 4137 2205 4202 agerent,

619 4245 888 4321 quomodo
914 4255 1104 4297 novam
1131 4235 1425 4292 doctrinam
1457 4229 1737 4300 pellerent,
1759 4225 2029 4298 quomodo
2053 4223 2211 4280 Citri-

620 4317 912 4400 stianorum
947 4347 1116 4406 genus
1144 4329 1212 4384 de
1237 4337 1375 4382 terra
1407 4323 1762 4379 eradicarcnt.
1784 4317 1982 4374 Contra
2007 4317 2208 4388 quem?

619 4434 815 4490 Contra
859 4425 1093 4483 ﬂuminis
1142 4423 1371 4491 impetus
1413 4413 1745 4470 laetiﬂcautes
1773 4411 2041 4465 civitatem
2089 4409 2205 4465 Dei.

623 4528 755 4583 llim:
795 4521 955 4574 etiam
999 4511 1234 4569 otendit
1284 4509 1352 4565 de
1393 4521 1500 4580 quo
1547 4504 1764 4561 ﬂumine
1807 4502 2038 4569 diceret,
2083 4503 2206 4574 quia

619 4617 864 4690 spiritum
893 4619 1134 4666 sanctum
1179 4599 1531 4673 signiﬁcabat,
1559 4597 1810 4653 Fluminis
1837 4597 2051 4667 impetus
2077 4596 2208 4650 [teti-

617 4687 776 4782 [icuut
806 4703 1054 4758 civitatem
1104 4694 1216 4750 Dei.
1251 4690 1470 4762 thuid
1524 4688 1804 4758 sequitur?
1857 4687 2207 4756 Suuctiﬁcavit

617 4779 998 4859 tabernaculum
1024 4804 1173 4845 suum
1214 4785 1522 4842 Altissimus.
1555 4780 1610 4838 Si
1651 4797 1778 4852 ergo
1815 4779 2055 4852 sequitur
2083 4796 2205 4836 san-

621 4886 960 4950 etit‘tcationis
1005 4898 1232 4946 nomen,
1279 4876 1617 4932 manifestmn
1668 4883 1751 4929 est
1800 4873 2033 4929 ﬂuminis
2083 4873 2205 4930 illos

619 4989 852 5055 impetus
879 4978 947 5034 de
971 4976 1170 5047 Spiritu
1213 4979 1397 5026 sancto
1440 4966 1830 5038 intelligendos,
1863 4982 1971 5038 quo
2009 4968 2207 5023 sancti-

619 5079 806 5134 ﬂcatur
831 5070 1004 5126 omnis
1035 5069 1117 5138 pia
1162 5065 1338 5121 anima
1376 5060 1601 5118 credens
1628 5060 1680 5117 in
1708 5059 2001 5127 Christum,
2029 5067 2086 5116 ut
2115 5060 2205 5116 tiat

614 5173 748 5229 civis
787 5163 1018 5225 civitatis
1047 5162 1162 5218 Dei.

686 5266 738 5322 9.
783 5261 942 5336 iners.
972 5257 1052 5330 6.|
1097 5255 1231 5310 Deus
1270 5253 1323 5308 in
1365 5251 1528 5306 medio
1571 5251 1701 5321 ejus,
1733 5259 1780 5304 ct
1807 5250 1827 5281 ³
1856 5267 1955 5303 non
1981 5265 2203 5302 commo-

613 5359 824 5417 vebitur.
857 5353 1056 5410 Saeviat
1083 5363 1249 5415 mare,
1278 5345 1669 5403 conturbcutur
1706 5352 1915 5398 montes
1944 5359 1955 5394 :
1987 5341 2123 5397 Deus
2148 5342 2200 5396 in

679 5523 696 5549 ³
722 5522 916 5577 Septem
937 5519 1064 5577 Mss,
1090 5510 1234 5577 leges.

677 5581 698 5612 ⁸
721 5567 794 5628 sic
814 5584 917 5626 Mss.
937 5567 1114 5638 quibus
1133 5567 1195 5638 ἰιι
1238 5572 1398 5638 hocce
1413 5571 1461 5630 Ῡ.
1497 5569 1549 5626 5,
1571 5567 1814 5638 consentit
1843 5573 2001 5636 (ξηραὶ
2046 5568 2200 5638 inter;

613 5627 823 5707 pretatio
846 5627 972 5688 LXX:
1001 5646 1055 5687 At
1086 5635 1218 5698 [rius
1241 5633 1351 5682 illd.
1376 5627 1558 5691 fet'uut,
1596 5627 1808 5694 (tuti/ictu
1833 5627 2069 5679 ciritatem
2093 5629 2197 5682 Dei.

610 5701 979 5757 i‘mtturbautur,
1006 5707 1101 5749 etc.

677 5752 704 5800 δ
723 5764 834 5813 me.
855 5752 1023 5812 carem
1045 5755 1276 5824 particula
1295 5761 1358 5810 et.
1385 5756 1572 5808 [tabent
1593 5762 1700 5806 mss.
1718 5765 1776 5808 ac
1796 5760 1906 5807 Lxx
1929 5754 1978 5806 in
2017 5752 2202 5821 aliquot

611 5827 788 5880 armis
804 5824 1067 5876 codicibus.

1845 330 1905 386 S.
1945 327 2314 386 ACCUSTINI
2356 329 2662 390 EPISCOPI
3762 352 3832 411 at)

2339 447 2504 500 medio
2548 449 2678 520 ejus.
2720 459 2766 503 et
2796 465 2895 504 non
2940 455 3350 510 commovebitur.
3379 454 3512 527 Quid
3539 466 3627 523 est,
3652 461 3696 516 iu
3722 469 3832 523 media

2334 539 2488 607 ejus?
2515 540 2791 612 Tanquam
2822 543 2963 599 Deus
2993 546 3045 600 itt
3076 563 3183 602 ttno
3213 549 3331 604 IOCU
3358 558 3481 614 stet,
3511 562 3558 606 et
3586 555 3832 617 circumdant

2334 646 2456 686 cum
2483 634 2575 704 qtti
2612 636 2837 688 credunt
2878 638 2930 690 itt
2969 651 3115 691 eum.
3157 640 3300 708 Ergo
3330 645 3558 699 ambitur
3592 646 3692 703 loco
3723 651 3849 709 Dens.‘

2333 733 2388 778 et
2424 724 2527 778 lata
2569 732 2692 778 sunt
2716 740 2837 796 quae
2872 725 3228 792 circumdant,
3259 728 3313 782 in
3345 740 3567 801 angusto
3589 744 3659 789 est

2331 815 2654 870 cumdatur?
2701 816 2871 872 Absit.
2917 816 3057 872 Nihil
3118 818 3222 875 tale
3265 820 3514 892 cogitetis
3553 823 3614 880 de
3649 826 3750 891 Deo,
3777 837 3834 902 qui

2334 906 2482 961 nullo
2517 908 2724 979 capitur
2760 907 2896 972 loco,
2927 909 3011 963 cui
3038 910 3196 965 sedes
3219 919 3304 966 est
3338 914 3647 972 conscientia
3668 919 3832 988 piarum:

2331 1007 2387 1054 et
2413 999 2482 1052 ita
2510 999 2667 1054 sedes
2690 999 2781 1055 Dei
2813 1008 2895 1053 est
2916 999 2966 1055 in
2995 999 3246 1056 cordibus
3284 1001 3579 1070 hominum,
3608 1019 3656 1062 ut
3674 1012 3708 1062 si
3731 1011 3833 1070 homo

2331 1089 2586 1146 ceciderit
2611 1107 2643 1147 a
2671 1091 2801 1155 Deo,
2830 1097 2969 1146 tteus
2999 1093 3050 1147 in
3087 1110 3145 1148 se
3183 1103 3421 1158 maneat,
3445 1112 3544 1151 non
3573 1101 3702 1168 quasi
3718 1103 3832 1169 cadat,
3874 1133 3875 1164 ι

2334 1199 2442 1237 non
2474 1181 2798 1238 inveniendo
2826 1184 2913 1239 ubi
2942 1185 3029 1238 sit.
3049 1185 3211 1254 Magis
3241 1188 3389 1241 enim
3420 1196 3471 1244 te
3495 1188 3725 1257 sublevat,
3749 1206 3789 1249 ut
3804 1199 3832 1252 in
3874 1181 3875 1244 ἶ

2332 1275 2426 1330 illo
2469 1276 2563 1337 sis,
2592 1292 2751 1346 quam
2803 1276 2856 1330 in
2907 1286 2958 1333 te
3008 1277 3286 1340 incumbit,
3321 1288 3384 1333 ut
3412 1279 3457 1334 si
3489 1290 3539 1335 te
3582 1253 3830 1355 Subduxrris,

2330 1367 2506 1422 cadat.
2551 1368 2643 1422 Ille
2673 1367 2720 1422 si
2760 1383 2820 1423 se
2853 1367 3188 1434 subduxerit,
3215 1369 3383 1426 cades
3408 1379 3502 1426 tu:
3533 1380 3584 1426 tu
3614 1383 3660 1428 te
3693 1375 3728 1429 si
3756 1378 3832 1432 ευδ-
3874 1391 3875 1434 ξ

2330 1459 2566 1521 duxeris,
2603 1475 2708 1515 non
2735 1459 2890 1515 cadet
2919 1461 3025 1515 ille.
3051 1459 3186 1528 Quid
3215 1476 3349 1531 ergo
3377 1472 3483 1525 est,
3512 1461 3641 1518 Deus
3671 1463 3712 1517 in
3733 1468 3831 1521 mei»
3874 1471 3875 1531 ἢ

2327 1552 2480 1622 ejus?
2528 1551 2642 1606 Hoc
2681 1551 2946 1622 signiﬁcat
2982 1553 3122 1622 quod
3153 1568 3343 1622 aequus
3381 1563 3466 1609 est
3493 1555 3712 1609 omnibus
3735 1557 3828 1621 Dem,
3874 1551 3875 1622 Ξ

2327 1651 2382 1699 et
2424 1659 2679 1713 personas
2711 1659 2819 1699 non
2860 1644 3073 1714 accipit.
3113 1644 3403 1712 Quomodo
3447 1646 3584 1701 enim
3612 1646 3719 1701 illud
3749 1649 3824 1718 qui

2329 1737 2382 1791 in
2414 1736 2591 1792 medio
2625 1745 2725 1805 est,
2755 1737 2901 1809 paria
2947 1737 3107 1792 habet
3129 1740 3300 1809 spatia
3330 1738 3398 1794 ad
3429 1754 3610 1794 omnes
3640 1740 3768 1808 ﬂues;
3792 1743 3826 1798 iu

2329 1828 2474 1886 Deus
2515 1823 2724 1886 medius
2776 1845 2897 1886 esse
2935 1829 3148 1894 dicitur,
3189 1831 3475 1902 mqnaliter
3511 1832 3728 1888 omnibus
3756 1849 3826 1888 cett-

2328 1921 2529 1976 sulens.
2555 1921 2694 1976 Deus
2715 1921 2768 1975 in
2794 1922 2961 1976 medio
2986 1923 3118 1992 ejus,
3141 1932 3185 1976 et
3215 1938 3318 1977 non
3343 1924 3721 1978 commovebitur.
3739 1924 3825 1981 Unde

2326 2031 2433 2070 non
2455 2015 2916 2072 commovebitur?
2945 2015 3076 2084 Quia
3109 2017 3160 2070 in
3201 2016 3386 2072 medio
3413 2017 3529 2087 ejus
3559 2017 3696 2072 Deus.
3725 2017 3825 2086 Adji-

2325 2109 2459 2164 vabit
2486 2124 2599 2163 eam
2641 2108 2780 2162 Deus
2805 2109 2944 2162 vultu
2981 2125 3094 2164 suo.
3135 2108 3227 2164 llle
3255 2117 3362 2174 cst,
3385 2109 3588 2179 adjutor
3609 2109 3656 2163 in
3685 2108 3824 2163 tributa.

2326 2201 2565 2267 tionibus,
2592 2217 2705 2270 qua:
2725 2201 3022 2255 invenerunt
3042 2217 3131 2256 nos
3157 2200 3329 2255 nimis.
3360 2201 3626 2270 Adjuvabit
3645 2199 3824 2256 etmsz

2325 2293 2466 2347 vultu
2508 2309 2622 2348 suo.
2661 2292 2797 2360 Quid
2825 2301 2930 2357 cst,
2959 2293 3098 2347 vultu
3131 2293 3267 2347 suo?
3313 2292 3823 2347 Demonstrationesna.

2324 2385 2604 2453 Quomodo
2633 2401 2693 2442 se
2718 2385 3053 2441 demonstrat
3084 2386 3246 2443 Deus.
3275 2395 3334 2440 ct
3360 2385 3563 2440 vultum
3591 2384 3688 2453 ejus
3714 2384 3824 2440 videa-

2326 2476 2482 2530 mus?
2509 2475 2627 2531 Jam
2656 2489 3041 2543 commemoro,
3070 2475 3336 2530 didicistis
3385 2484 3681 2546 pratscntcm
3705 2473 3819 2537 Deum,

2324 2567 2606 2624 didicimus
2637 2585 2732 2640 per
2758 2584 2942 2639 opera.
2970 2567 3194 2636 Quando
3218 2568 3288 2623 ab
3333 2568 3430 2622 illo
3456 2565 3638 2636 aliquid
3660 2563 3819 2632 atljntoni

2322 2663 2634 2732 accipimus,
2667 2662 2738 2717 ita
2779 2671 2837 2716 ut
2878 2661 3099 2718 omnino
3142 2676 3246 2716 non
3288 2659 3593 2715 dubitemus
3617 2673 3643 2713 a
3672 2656 3817 2712 Domino

2322 2756 2478 2813 nobis
2504 2771 2623 2812 esse
2651 2770 2991 2822 concessum,
3022 2754 3194 2809 vultus
3223 2753 3320 2809 Dei
3353 2753 3624 2809 nobiscum
3653 2760 3730 2805 est.
3757 2749 3817 2802 Ai-

2311 2847 2511 2918 juvabit
2539 2865 2650 2902 eam
2676 2847 2818 2902 licus
2847 2847 2986 2901 vultu
3008 2862 3120 2901 suo.
3864 2847 3868 2893 ῑ

2395 2939 2480 2994 10.
2523 2938 2669 3011 [νει-δ.
2698 2938 2776 3013 7.]
2817 2938 3139 2994 Conturbator
3177 2947 3295 2992 sunt
3333 2946 3522 3010 gentes.
3552 2935 3614 2992 Et
3636 2932 3814 3006 quomodo

2319 3030 2678 3085 conturbataz?
2721 3030 2904 3100 utquid
2948 3029 3318 3085 conturbata?
3360 3029 3427 3086 Ut
3462 3029 3715 3098 dejicerett
3741 3024 3814 3078 citi-

2320 3128 2483 3174 tatem
2514 3119 2629 3186 Dei,
2659 3120 2711 3176 in
2743 3121 2894 3190 cujus
2918 3120 3096 3176 medio
3122 3120 3304 3174 Deus?
3331 3130 3389 3174 ut
3414 3125 3689 3175 everterent
3709 3114 3816 3167 taber-

2319 3213 2566 3269 naculum
2597 3213 3008 3280 sanctiiicatutu,
3030 3213 3169 3284 quod
3197 3213 3419 3282 adjuvat
3445 3212 3578 3266 Deus
3595 3208 3712 3261 vultu
3730 3203 3812 3260 suo?

2316 3304 2455 3361 Non.
2503 3305 2607 3362 Sed
2652 3307 2762 3375 jam
2814 3306 3104 3361 salubriter
3139 3305 3472 3360 contttrbatrc
3512 3309 3692 3374 gentes.
3729 3293 3811 3364 Qui!

2316 3400 2460 3456 enim
2486 3399 2760 3469 sequitur?
2792 3396 2856 3452 Et
2877 3398 3122 3453 inclinata
3148 3407 3268 3452 sunt
3306 3413 3486 3468 regna.
3516 3392 3744 3453 Inclinato,
3763 3387 3808 3439 in-

2314 3494 2451 3564 quit,
2479 3501 2594 3548 sunt
2631 3509 2785 3564 regna
2813 3493 2963 3564 :.jam
3001 3507 3107 3546 non
3143 3500 3346 3556 erecta,
3377 3499 3435 3545 ut
3469 3483 3736 3544 smvircnt‘;
3758 3477 3805 3533 Sed

2315 3584 2585 3650 inclinata,
2616 3593 2675 3640 ιιι
2704 3585 3010 3640 adorarent.
3037 3583 3262 3651 Quando
3281 3582 3527 3640 inclinata
3553 3585 3662 3634 sunt
3681 3569 3804 3642 regna?

2314 3675 2538 3745 Quando
2553 3676 2744 3732 factum
2758 3684 2841 3732 est
2861 3675 3000 3746 quod
3028 3675 3338 3745 przedictnm
3366 3675 3517 3730 estin
3538 3671 3631 3726 alio
3653 3665 3801 3738 psalmo:

2325 3767 2619 3822 Adorabunt
2657 3784 2768 3822 eum
2808 3784 2982 3823 omnes
3011 3784 3151 3838 reges
3190 3777 3358 3832 terrm,
3400 3780 3563 3821 omnes
3593 3769 3800 3833 gentesm-

2315 3861 2446 3916 t'ieut
2474 3862 2520 3915 ei
2553 3859 2724 3932 (Psal.
2761 3876 2907 3926 LXXI,
2939 3857 3049 3931 11).
3081 3860 3209 3928 Quae
3237 3875 3325 3916 res
3351 3858 3478 3915 fecit
3503 3864 3556 3912 ιιι
3580 3850 3800 3909 inclinam-

2317 3963 2401 4009 tur
2426 3954 2627 4026 regna?
2656 3953 2786 4021 Quae
2821 3969 2928 4016 res,
2957 3952 3078 4009 audi
3106 3971 3120 4008 :
3152 3950 3303 4006 Dedit
3338 3967 3502 4008 rorem
3524 3961 3650 4002 suam
3675 3935 3798 3996 Altissi-

2315 4065 2448 4118 mus,
2483 4056 2529 4104 et
2571 4058 2706 4101 mota
2732 4056 2803 4101 est
2829 4057 2982 4100 terra.
3027 4045 3303 4115 Arreplitii
3349 4044 3596 4100 idolorum
3631 4041 3797 4101 tauquam

2314 4155 2457 4196 rana:
2487 4138 2552 4196 de
2588 4138 2868 4210 paludibus
2898 4137 3278 4207 personabant,
3313 4144 3457 4191 tanto
3497 4120 3794 4187 tumultuosius.

2313 4243 2512 4304 quanto
2538 4232 2808 4287 sordidius
2837 4230 2904 4286 de
2931 4230 3045 4284 luto
3086 4237 3142 4284 et
3179 4244 3359 4286 emno.
3397 4226 3458 4282 Et
3481 4220 3596 4294 quid
3625 4210 3794 4282 strel‘ilus

2313 4339 2562 4380 ranarum
2593 4323 2658 4377 ad
2690 4323 2919 4377 tonitrua
2962 4321 3220 4376 nubium?
3247 4321 3376 4378 lude
3400 4318 3534 4374 enim
3561 4311 3674 4366 dedit
3691 4316 3791 4358 rom!

2312 4434 2458 4472 suam
2500 4417 2806 4482 Altissimus,
2836 4425 2881 4468 et
2910 4424 3043 4468 mota
3069 4423 3140 4468 est
3170 4423 3303 4468 terra
3334 4429 3351 4468 :
3379 4408 3536 4467 tonuit
3563 4405 3619 4459 dc
3642 4395 3789 4454 uttbibus

2313 4500 2444 4566 suis.
2473 4508 2602 4579 Qua:
2631 4517 2754 4564 sunt
2776 4507 2943 4562 nubes
2967 4505 3118 4577 ejus?
3143 4504 3383 4576 Apostoli
3413 4502 3539 4571 ejus,
3570 4489 3784 4566 pradican-

2311 4620 2401 4661 res
2444 4605 2581 4673 ejus,
2625 4601 2691 4657 de
2719 4599 2912 4670 quibus
2943 4599 3217 4654 intonabat
3244 4593 3534 4668 prmceptis,
3569 4574 3785 4643 coruscam

2310 4697 2599 4755 miraculis.
2631 4695 2732 4766 Ipsi
2763 4693 2930 4750 nubes
2957 4693 3044 4764 qui
3085 4703 3139 4747 et
3163 4704 3370 4748 montes
3396 4706 3409 4742 :
3439 4692 3620 4742 montes
3645 4676 3784 4744 [ποριεῖ

2309 4790 2641 4847 altitudinem
2660 4765 2727 4843 iet
2759 4787 3086 4849 ﬁrmitatem,
3125 4785 3296 4840 nubes
3337 4787 3540 4856 propter
3566 4765 3782 4856 pluviam

2309 4885 2630 4940 ubertatem.
2662 4879 3019 4950 lrrigaverunt
3044 4877 3186 4932 enim
3218 4887 3410 4933 terram
3449 4868 3595 4925 nubes
3628 4859 3722 4913 istr,
3747 4846 3782 4950 ἀς

2310 4975 2500 5045 quibus
2527 4973 2726 5027 dictum
2771 4979 2872 5033 est,
2915 4968 3068 5024 Dedit
3107 4984 3274 5023 vorem
3315 4978 3454 5022 suam
3490 4947 3726 5045 Altissittttti:
3755 4941 3780 4985 (τ

2310 5073 2448 5120 mota
2477 5072 2547 5118 cst
2577 5071 2727 5115 terra.
2774 5060 2849 5116 De
2881 5060 2961 5114 bis
2992 5059 3133 5113 enim
3162 5058 3387 5113 nubibus
3423 5051 3623 5107 minatur
3639 5027 3774 5092 cuidam

2307 5155 2476 5210 vincte
2505 5152 2691 5214 szerili,
2727 5151 2868 5206 unde
2905 5149 3143 5204 translati
3181 5157 3300 5202 sunt
3331 5152 3524 5200 montes
3555 5134 3596 5187 in
3617 5129 3773 5183 cori"?

2306 5246 2417 5301 ris:
2449 5242 2729 5307 Maudabo,
2776 5241 2968 5312 inquit,
3018 5238 3228 5294 nubibus
3266 5238 3386 5292 meis
3427 5247 3483 5287 ue
3503 5226 3649 5300 pluunt
3679 5217 3774 5312 ιπρεξ

2307 5355 2413 5392 eam
2445 5336 2649 5390 imbrem
2679 5333 2828 5408 (Istu.
2850 5350 2903 5400 γ,
2931 5332 3009 5403 6).
3052 5333 3162 5388 Hoc
3180 5331 3440 5402 impletum
3461 5329 3532 5378 cst
3554 5316 3595 5371 in
3616 5323 3665 5364 co
3683 5291 3767 5408 ιιιείςξ

2303 5427 2862 5494 commemoravimus,
2895 5424 3108 5495 quando
3150 5398 3382 5480 [ratislati
3422 5421 3532 5473 sunt,
3555 5405 3712 5462 montes
3737 5398 3766 5495 "n

2303 5537 2400 5578 cor
2427 5520 2622 5575 maris:
2647 5519 2858 5591 quando
2882 5517 3083 5573 dictum
3123 5525 3226 5583 cst,
3259 5516 3336 5570 Ad
3372 5526 3448 5568 vos
3475 5496 3593 5559 missi
3618 5488 3759 5591 (rantis

2301 5613 2392 5670 sed
2405 5614 2524 5684 quia
2545 5612 2804 5680 respuistis
2829 5609 3031 5666 verbum
3055 5607 3168 5676 Dei,
3191 5610 3318 5665 imus
3337 5606 3400 5661 ad
3411 5609 3558 5675 gentes
3573 5579 3758 5684 (Achilli:

2303 5658 2434 5777 to)?
2460 5658 3169 5775 ....,I.{..;";.1;'ii.;;.;;
3191 5658 3548 5758 ista“...
3573 5658 3621 5734 ie
3644 5658 3755 5738 ριιιω

2371 5821 2388 5853 ι
2414 5818 2487 5870 sic
2505 5825 2607 5869 uss.
2635 5825 2688 5868 At
2707 5816 2840 5878 edd.,
2862 5814 3177 5882 superbirent.

3869 2232 3876 2487 1

3871 2487 3876 2678 Ι

3863 2678 3876 2858 J

3528 5929 3579 5940 La
