3942 6434
117 270 272 337 52!
1251 259 1646 316 EN.~\liRATlO
1678 260 1741 314 IN
1780 260 2099 318 PSALMUM
2138 264 2297 319 XLV.
3355 282 3464 339 ΜΞ

122 402 326 457 ςαρρν
351 400 457 439 eam
484 384 713 438 imbrem.
737 376 1109 448 Deniqueipsa
1137 391 1268 448 gens
1292 377 1473 432 Juthea
1504 376 1663 431 modo
1683 376 1760 431 sic
1874 392 1987 446 gas,
2034 396 2100 434 ne
2150 382 2504 449 conturberis,
2558 385 2670 456 ipse
2714 389 2779 444 ad
2822 398 2872 446 te
2915 393 3080 448 venit.
3137 395 3344 452 Etenim
3391 415 3464 458 ex

127 479 447 541 remansit,
498 486 746 540 tauquam
781 473 947 525 vellus
986 472 1186 524 SlCl'llln
1233 469 1285 522 itt
1337 483 1480 522 area.
1532 466 1664 522 Nam
1709 477 1763 522 ct

133 577 273 629 hoc
303 571 463 625 nostis
491 565 779 634 contigisse
808 565 857 616 in
881 561 1111 633 quodam
1142 562 1422 616 miraculo.
1452 561 1589 616 Area
1619 562 1758 616 sicca

137 670 304 724 emt.
344 660 512 716 vellus
554 661 729 713 solum
774 657 1065 712 madebat:
1100 657 1192 712 sed
1246 657 1416 725 pluvia
1465 657 1516 711 in
1563 656 1762 712 vellere

146 774 276 815 non
319 751 609 824 apparebat
633 749 826 820 (Iudic.
861 766 931 813 γι,
967 750 1056 812 57,
1091 749 1203 820 58).
1233 749 1323 803 Sic
1361 759 1415 804 et
1451 763 1758 804 sacramen-

151 865 280 906 tum
311 848 435 902 Novi
465 845 792 900 Tcstamcnti
827 859 930 899 non
957 843 1250 915 apparebat
1277 843 1329 898 in
1356 851 1513 913 gente
1541 843 1760 899 Iudaeo-

152 959 308 999 rum.
335 938 484 1003 Quod
507 938 616 994 illic
643 937 830 1002 vellus,
857 937 942 991 hic
964 938 1140 992 velum
1168 953 1180 990 :
1209 937 1439 992 velatum
1472 937 1613 993 enim
1644 945 1761 993 erat

154 1041 557 1094 sacramentum
604 1033 657 1087 in
687 1031 904 1088 vellere.
956 1031 1010 1086 ln
1058 1047 1182 1086 area
1213 1046 1362 1096 vero,
1410 1031 1462 1085 in
1510 1031 1760 1086 oumibus

153 1127 426 1187 Gentibus
451 1135 598 1198 patet
626 1125 971 1195 Evangelium
1002 1124 1196 1179 Christi
1225 1143 1238 1179 :
1272 1123 1445 1193 pluvia
1476 1121 1758 1180 manifesta

156 1231 267 1289 est,
302 1220 440 1276 nuda
465 1228 550 1275 est
571 1219 741 1291 gratia
772 1217 969 1272 Christi
991 1217 1006 1248 ¹
1031 1233 1044 1280 ς
1083 1231 1189 1270 non
1210 1214 1352 1272 enim
1386 1215 1583 1286 tegitur
1609 1215 1756 1270 vela-

157 1325 364 1372 mento.
395 1312 466 1370 Ut
507 1322 686 1368 autem
727 1312 899 1368 exiret
930 1310 1051 1366 inde
1095 1310 1289 1378 pluvia,
1322 1324 1633 1381 expressum
1675 1320 1760 1364 est

159 1410 352 1465 vellus.
404 1408 504 1462 l’er
524 1420 830 1476 pressuram
864 1404 1006 1458 enim
1039 1419 1068 1456 a
1118 1418 1178 1458 se
1219 1401 1561 1458 excluserunt
1599 1397 1754 1456 Chri-

159 1514 328 1569 stum,
373 1510 429 1557 et
469 1499 724 1555 Dominus
768 1497 877 1570 jam
929 1496 998 1551 dc
1049 1495 1279 1550 nubibus
1333 1496 1444 1549 suis
1499 1493 1757 1564 compluit

159 1609 364 1659 arcam,
389 1591 558 1646 vellus
577 1589 777 1644 siccum
807 1588 1083 1643 remansit.
1119 1585 1243 1642 Inde
1266 1601 1394 1656 ergo
1421 1586 1560 1640 dedit
1588 1600 1756 1640 vocem

159 1703 308 1741 suam
335 1683 644 1744 Altissimus,
688 1680 755 1734 de
794 1680 911 1735 istis
939 1678 1189 1744 nubibus,
1221 1693 1319 1748 per
1359 1693 1521 1747 quam
1568 1691 1752 1734 vocem

158 1793 323 1848 regna
354 1774 758 1837 inclinarentur,
799 1781 854 1826 et
879 1770 1184 1826 adorarent.

231 1872 322 1926 11.
363 1867 513 1941 [rem
554 1865 633 1938 8.]
674 1865 922 1920 Dominus
971 1864 1211 1918 virtutum
1264 1859 1545 1926 nobiscum,
1584 1876 1754 1916 susce-

161 1971 281 2034 ptor
322 1967 485 2016 noster
525 1957 663 2013 Deus
689 1956 872 2011 Iacob.
905 1954 1022 2010 Non
1067 1954 1389 2024 quicumque
1420 1952 1600 2018 homo,
1643 1969 1751 2008 non

159 2060 398 2124 potestas
429 2049 703 2122 quaelibet,
752 2064 856 2103 non
887 2047 1117 2117 denique
1151 2045 1394 2116 angelus,
1439 2061 1542 2100 non
1573 2045 1750 2116 aliqua

159 2151 426 2210 creatura,
470 2141 585 2196 sive
631 2151 862 2205 terrena,
916 2138 1029 2194 sive
1069 2137 1328 2204 cmlestis,
1377 2135 1472 2191 sed
1505 2134 1752 2192 Dominus

161 2235 399 2290 virtutum
436 2232 714 2296 nobiscum,
760 2239 1020 2301 susceptor
1048 2236 1217 2284 noster
1254 2226 1392 2282 Deus
1423 2225 1606 2282 Iacob.
1647 2226 1749 2296 Qui

162 2327 308 2382 misit
341 2326 592 2397 Angelus,
634 2324 779 2380 venit
807 2332 925 2392 post
949 2322 1202 2393 Angelos,
1227 2322 1375 2377 venit
1416 2329 1474 2376 ut
1502 2321 1550 2375 ei
1583 2320 1752 2376 servi-

160 2429 284 2476 rent
315 2417 522 2488 Angeli,
548 2416 695 2471 venit
727 2423 783 2470 ut
813 2413 1056 2469 homines
1084 2413 1281 2467 laceret
1304 2411 1541 2483 aequales
1570 2412 1747 2483 Ange-

159 2510 251 2566 lis.
278 2509 453 2581 llagua
480 2508 670 2580 gratia.
699 2507 756 2563 Si
781 2506 918 2561 Deus
944 2519 1041 2575 pro
1065 2504 1239 2569 nobis,
1261 2504 1378 2575 quis
1399 2513 1587 2559 contra
1617 2501 1750 2560 nos?

165 2601 410 2656 Dominus
452 2600 693 2653 virtutum
740 2597 1016 2652 nobiscum.
1063 2595 1193 2662 Quis
1230 2593 1482 2650 Dominus
1508 2596 1749 2650 virtutum

165 2693 434 2750 nobiscum.
491 2691 548 2748 Si
582 2693 721 2746 Dcus
767 2705 864 2760 pro
904 2689 1080 2754 nobis,
1125 2689 1360 2760 inquam,
1398 2688 1520 2757 quis
1562 2696 1748 2744 contra

165 2787 299 2842 nos?
322 2786 418 2855 Qui
448 2785 583 2840 Filio
607 2799 706 2839 suo
733 2782 954 2852 proprio
981 2796 1086 2836 non
1115 2781 1378 2850 pepercit,
1405 2779 1501 2836 sed
1537 2795 1634 2850 pro
1659 2795 1747 2834 no-

165 2878 247 2933 bis
273 2877 514 2932 omnibus
540 2875 756 2931 tradidit
785 2875 954 2941 illttnt,
985 2872 1252 2944 quomodo
1281 2886 1386 2926 non
1413 2882 1468 2927 et
1494 2886 1616 2927 cum
1655 2872 1747 2929 illo

168 2973 334 3028 omnia
363 2971 513 3026 nobis
537 2969 754 3025 donavit
781 2968 954 3039 (Rom.
987 2981 1102 3032 vtn,
1127 2966 1217 3032 5|,
1238 2964 1368 3036 52)?
1399 2964 1541 3037 Ergo
1569 2965 1745 3022 securi

167 3063 346 3127 simus,
371 3062 422 3117 in
452 3059 833 3130 tranquillitate
858 3056 1037 3113 cordis
1061 3056 1363 3111 nutriamus
1393 3053 1587 3110 bonam
1617 3070 1746 3111 con-

168 3155 428 3211 scientiam
477 3155 544 3209 de
591 3167 725 3224 pane
779 3149 1008 3206 Domini.
1071 3146 1324 3203 Dominus
1369 3148 1607 3202 virtutum
1647 3164 1744 3203 no-

170 3248 370 3315 biscum,
411 3255 669 3315 susceptor
707 3251 873 3298 noster
917 3239 1058 3296 Deus
1093 3239 1274 3295 Iacob.
1304 3239 1746 3311 Quantacumqnc

169 3340 236 3395 sit
271 3340 546 3396 inﬁrmitas
595 3347 702 3401 tua,
752 3335 872 3390 vide
915 3333 1036 3405 quis
1078 3341 1130 3388 te
1175 3333 1451 3402 suscipiat.
1498 3331 1746 3404 Egrotat

171 3434 340 3490 sessio
364 3433 502 3503 quis,
529 3429 812 3486 adhibetur
838 3426 1078 3483 medicus
1101 3443 1116 3493 ;
1139 3437 1446 3496 susceptum
1477 3440 1633 3480 suum
1660 3426 1743 3481 dt-

170 3526 236 3580 cit
257 3525 488 3582 medicus
513 3533 794 3592 :egrotum.
821 3520 954 3588 Quis
973 3533 1092 3573 eum
1120 3519 1393 3590 suscepit?
1413 3517 1526 3573 llle.
1555 3517 1742 3588 Magna

168 3633 282 3688 spes
302 3617 507 3682 salutis,
536 3629 756 3684 magnus
787 3610 1025 3666 medicus
1044 3625 1165 3665 eum
1193 3610 1446 3681 suscepit.
1474 3609 1605 3679 Quis
1631 3625 1742 3665 me-

168 3709 344 3767 dicus?
371 3707 558 3767 Omnis
578 3703 816 3762 medicus
836 3712 1030 3774 praeter
1056 3703 1204 3758 illum
1235 3703 1396 3759 homo
1421 3712 1501 3759 est
1529 3721 1542 3757 :
1565 3704 1742 3760 omnis

165 3804 392 3860 medicus
428 3802 521 3874 qui
565 3799 710 3855 venit
749 3798 816 3852 ad
862 3797 1153 3862 iulirmum,
1202 3797 1302 3849 alia
1343 3795 1431 3851 die
1481 3796 1741 3852 inﬁrmari

164 3907 347 3971 potest,
390 3904 587 3968 praeter
631 3893 803 3948 illum.
852 3891 1131 3961 Susceptor
1179 3899 1347 3944 noster
1375 3887 1516 3944 Deus
1555 3888 1737 3944 Iacob.

161 3988 258 4046 Fac
285 4000 334 4046 te
366 3987 622 4044 infantem
647 3984 924 4055 parvulum
969 3983 1208 4048 omnino,
1236 3980 1420 4051 quales
1445 3995 1477 4035 a
1505 3983 1740 4051 parenti-

158 4083 250 4138 bus
277 4079 662 4150 suscipiuntur.
705 4075 806 4144 Qui
837 4075 979 4130 enim
1025 4091 1129 4128 non
1158 4073 1538 4144 suscipiuntur,
1571 4089 1739 4144 expo-

159 4186 350 4232 nuntur
380 4193 394 4228 :
424 4173 516 4245 qui
543 4161 932 4241 suscipiuntur,
960 4168 1287 4224 nutriuntur.
1325 4168 1554 4225 Putasne
1581 4169 1660 4225 sic
1687 4179 1742 4226 te

159 4271 386 4342 suscepit
415 4270 578 4333 Deus,
607 4263 876 4337 quomodo
913 4262 1165 4318 infantem
1212 4271 1263 4316 te
1293 4263 1526 4333 suscepit
1568 4271 1741 4320 mater

160 4365 280 4421 tua?
306 4364 421 4420 Non
449 4361 548 4425 sic,
589 4357 685 4414 sed
715 4358 768 4411 in
803 4364 1083 4411 aeternum.
1118 4353 1230 4408 Tua
1271 4355 1414 4410 enim
1446 4368 1548 4410 vos
1577 4356 1740 4411 estin

129 4451 246 4515 'illo
275 4457 483 4530 psalmo
506 4472 520 4508 :
552 4451 804 4520 Quoniam
833 4457 977 4520 pater
1005 4465 1143 4502 meus
1169 4459 1216 4502 et
1235 4458 1395 4502 mater
1420 4465 1530 4504 utea
1555 4447 1739 4504 dereli-

159 4560 364 4624 querunt
391 4565 491 4612 me,
523 4545 772 4601 Dominus
798 4550 963 4596 autem
1000 4542 1272 4612 assumpsit
1300 4558 1379 4597 me
1402 4540 1574 4612 (Psal.
1593 4558 1738 4611 xxvn,

165 4643 268 4712 l0).
300 4642 580 4711 Susceptor
606 4645 774 4691 noster
791 4632 933 4688 Deus
955 4631 1134 4688 Iacob.

233 4735 314 4790 12.
355 4732 508 4808 [υιη.
537 4727 618 4804 9.]
668 4727 858 4789 Venite,
899 4734 949 4780 et
990 4725 1152 4780 uidete
1178 4741 1336 4796 Opera
1371 4725 1598 4781 Domini.
1620 4725 1740 4782 Iam

172 4827 230 4884 de
251 4827 349 4884 hac
374 4823 716 4894 suscepticne
733 4818 861 4892 qttid
887 4817 1011 4875 fecit
1042 4818 1338 4874 Dominus?
1358 4818 1743 4877 Animadverte

174 4918 340 4976 orbem
371 4928 656 4983 terrarum,
694 4913 838 4980 veni,
886 4920 940 4968 et
968 4910 1108 4966 vide.
1153 4909 1208 4967 Si
1255 4911 1400 4966 enim
1431 4927 1536 4966 non
1566 4913 1738 4979 venis,

180 5026 272 5066 non
297 5009 476 5075 vides;
504 5007 551 5062 si
577 5021 684 5062 non
727 5003 900 5071 vides,
928 5017 1037 5058 non
1072 5001 1282 5068 credis;
1325 5001 1370 5057 si
1410 5017 1515 5058 non
1544 5003 1739 5073 credis,

183 5101 317 5174 longe
357 5112 508 5158 stas:
542 5099 585 5154 si
616 5096 815 5164 credis,
855 5095 1038 5159 venis;
1085 5095 1130 5150 si
1170 5093 1365 5160 credis,
1397 5094 1566 5152 vides.
1609 5095 1744 5166 Quo-

186 5195 322 5251 modo
350 5198 491 5252 enim
520 5191 728 5248 venitur
751 5189 820 5245 ad
850 5195 1086 5245 montem
1127 5186 1324 5243 istum?
1354 5185 1618 5258 Numquid
1647 5203 1743 5259 pe-

187 5285 350 5343 dibus?
379 5282 638 5357 numquid
669 5281 926 5338 navibus?
954 5277 1208 5351 numquid
1235 5277 1462 5350 pennis?
1490 5280 1744 5351 numquid

188 5379 352 5449 cquis?
375 5380 643 5446 Quantum
674 5375 864 5431 attinet
899 5372 965 5428 ad
996 5374 1234 5429 locorum
1265 5372 1455 5442 spatia,
1490 5387 1556 5427 ne
1601 5382 1744 5428 sata-

241 5578 256 5643 !
279 5582 339 5630 Its
355 5577 409 5629 in
432 5583 538 5628 Mss.
564 5579 623 5626 At
652 5575 704 5626 in
737 5571 870 5643 edd,
891 5584 950 5642 eo
969 5570 1096 5643 quod
1117 5569 1219 5643 illic
1241 5566 1391 5622 vellus
1422 5575 1546 5631 erat,
1657 5567 1746 5643 hoc

187 5640 494 5707 μείωμα
515 5632 871 5707 “armantem
889 5632 943 5707 is
962 5632 1153 5707 είεέιενε·
1184 5641 1238 5707 ιεε
1265 5645 1543 5707 merere.
1581 5633 1634 5707 id.
1655 5638 1743 5706 est.

187 5693 232 5762 iii
731 5695 814 5768 τίω
848 5701 978 5768 patet.
1015 5694 1318 5768 evangelium
1352 5693 1548 5758 cures,
1583 5693 1747 5759 pluvia

423 5757 512 5823 esi,
537 5760 670 5812 nuda
689 5757 761 5812 est
782 5757 902 5818 area
921 5757 1115 5810 Christi.

441 5847 668 5910 Sutor.
701 5846 985 5908 Aususr.
1033 5839 1139 5900 ιν.

1867 469 2043 540 lapide
2075 489 2238 542 parvo
2269 478 2455 544 crevit,
2486 488 2540 534 et
2562 479 2730 535 lactus
2751 493 2833 538 est
2857 501 3010 540 mons
3038 503 3278 558 magnus,
3305 492 3376 546 ita
3405 500 3464 550 ut

1869 561 2114 632 impleret
2156 568 2460 624 universam
2502 571 2692 628 facient
2739 584 2916 632 terrae.
2960 578 3096 647 Quid
3130 584 3210 637 vis
3234 597 3363 656 ergo
3391 585 3462 642 ad

1865 668 1987 708 eum
2016 670 2109 724 per
2130 664 2302 712 terras
2329 661 2531 726 venire,
2558 664 2646 732 qui
2681 675 2848 721 terras
2877 670 3156 742 implevit?
3185 673 3323 731 Ecce
3346 675 3460 746 jam

1867 748 2051 813 venit;
2098 750 2287 820 evigila
2323 755 2660 810 :crcscendo
2689 768 2742 812 et
2767 759 3100 818 dormientes
3143 768 3384 835 pulsat‘;
3412 772 3461 828 si

1867 846 2042 897 tamen
2075 859 2182 898 non
2210 853 2388 901 tantus
2429 846 2480 901 in
2524 847 2605 904 eis
2633 865 2852 907 somnus
2877 863 2981 920 est,
3012 871 3101 925 qut
3132 857 3294 913 etiam
3326 879 3460 920 con-

1867 941 1946 986 tra
1982 944 2218 990 montem
2259 937 2564 994 venientem
2616 941 2998 1014 obdurescant,
3047 949 3141 1005 sed
3190 953 3458 1009 audiant:

1866 1023 2035 1094 Surge
2058 1026 2145 1096 qui
2173 1026 2386 1095 dormis,
2417 1039 2464 1084 et
2491 1047 2704 1104 exsurge
2745 1051 2777 1087 α
2813 1039 3045 1104 mortuis,
3075 1050 3120 1094 et
3147 1041 3462 1101 illuminabit

1865 1123 1912 1168 te
1937 1114 2163 1170 Christus
2189 1117 2404 1190 (Epltes.
2433 1137 2488 1188 v,
2522 1124 2632 1196 M).
2677 1124 2894 1182 Multum
2928 1129 3071 1184 enim
3111 1144 3226 1188 erat
3251 1135 3457 1194 Iudaeis

1864 1206 2048 1262 videre
2075 1209 2324 1278 lapidem.
2364 1211 2523 1282 [Apis
2555 1215 2697 1269 enim
2727 1217 2816 1272 ille
2845 1218 3021 1276 adhuc
3052 1237 3244 1292 parvus
3295 1237 3449 1285 erat:

1864 1299 2058 1354 merito
2099 1313 2154 1354 et
2193 1317 2412 1370 parvum
2443 1317 2903 1379 contempserunt,
2931 1319 3324 1373 contemnendo
3361 1321 3454 1376 of-

1862 1386 2164 1456 fenderunt,
2196 1403 2252 1448 et
2295 1394 2616 1453 oll‘endcndo
2641 1403 2878 1470 quassati
2915 1413 3074 1469 sunt;
3116 1419 3280 1464 restat
3306 1421 3362 1466 ut
3399 1421 3449 1471 et

1861 1491 2230 1540 conterantur.
2261 1485 2374 1542 lloc
2393 1490 2534 1543 enim
2565 1491 2632 1545 de
2659 1494 2834 1562 lapide
2861 1495 2954 1552 illo
2982 1497 3183 1554 dictum
3208 1509 3324 1557 est:
3351 1503 3454 1572 Qui

1859 1571 2127 1640 o/Tenderit
2162 1576 2214 1630 in
2251 1576 2472 1649 lapidem
2515 1581 2683 1649 illum,
2729 1589 3078 1656 conquassabit
3118 1609 3264 1658 eum;
3301 1611 3454 1667 super

1858 1680 2004 1735 quem
2048 1669 2256 1734 venerit,
2303 1680 2518 1726 conteret
2557 1691 2670 1728 eum
2718 1676 2864 1744 (Luc.
2899 1695 2997 1748 xx,
3031 1681 3142 1754 18).
3176 1686 3332 1742 Aliud
3367 1699 3454 1746 est

1857 1760 2222 1827 conquassari,
2273 1761 2420 1817 aliud
2472 1768 2676 1822 conteri
2708 1786 2721 1822 :
2748 1775 3096 1842 conquassari
3146 1778 3325 1834 minus
3367 1790 3452 1839 est

1856 1863 2017 1917 quam
2059 1853 2299 1907 conteri:
2333 1855 2428 1910 sed
2475 1860 2745 1916 nemiuem
2788 1866 3018 1920 conterit
3067 1870 3312 1926 excelsus
3352 1889 3452 1931 ve-

1856 1941 2052 2009 niens,
2109 1943 2213 1998 nisi
2262 1960 2424 2016 quem
2478 1954 2920 2020 conquassaverit
2972 1955 3191 2015 humilis
3239 1960 3447 2031 iacens.

1855 2031 2015 2089 Modo
2041 2036 2184 2090 enim
2209 2046 2495 2110 antequam
2517 2042 2694 2098 veniat
2714 2043 2970 2102 Dominus
2999 2058 3200 2118 noster,
3236 2053 3451 2114 humili-

1857 2132 1939 2181 ter
1961 2125 2129 2196 jacuit
2172 2127 2392 2198 Iudzeis,
2444 2141 2500 2187 ct
2533 2133 2872 2192 oﬂ'enderunt
2902 2139 2955 2194 in
2993 2142 3166 2214 illum,
3216 2156 3270 2202 et
3312 2163 3448 2206 con-

1854 2223 2090 2290 quassati
2134 2233 2302 2278 sunt:
2335 2226 2516 2281 veniet
2542 2237 2726 2296 postea
2781 2231 2834 2286 in
2869 2231 3075 2302 judicio
3119 2251 3218 2294 suo
3267 2240 3448 2300 clarus

1852 2319 2017 2382 atque
2040 2312 2200 2380 altus,
2233 2330 2456 2387 magnus
2483 2327 2537 2372 et
2569 2328 2790 2386 potens;
2819 2337 2926 2378 non
2957 2324 3199 2384 inﬁrmus
3223 2331 3449 2402 utjudi-

1853 2410 2026 2470 cetnr,
2065 2404 2159 2459 sed
2200 2406 2353 2462 tortis
2380 2418 2438 2462 ut
2463 2408 2688 2479 judicet,
2717 2421 2772 2468 et
2811 2424 3054 2472 conterat
3079 2435 3174 2475 eos
3199 2424 3290 2493 qui
3317 2440 3448 2483 con-

1852 2498 2088 2566 quassati
2132 2509 2257 2554 sunt
2299 2502 2351 2555 iu
2378 2518 2501 2558 eum
2531 2503 2873 2562 oli‘endcndo.
2919 2509 3079 2581 Lapis
3108 2515 3251 2570 enim
3278 2517 3447 2576 oll'en-

1850 2586 2021 2644 sionis
2067 2597 2120 2644 et
2167 2600 2315 2661 petra
2370 2593 2610 2650 scaudali
2661 2612 2765 2652 non
2820 2600 3161 2659 credentibus
3206 2606 3320 2676 ipse
3361 2620 3448 2668 est

1855 2677 1897 2745 (1
1924 2678 2066 2734 Petr.
2100 2696 2157 2747 tt,
2185 2683 2263 2752 8).
2299 2683 2460 2755 Ergo,
2490 2688 2772 2756 carissimi,
2811 2707 2916 2747 non
2948 2703 3030 2749 est
3050 2697 3242 2753 mirutn
3270 2701 3315 2755 si
3341 2701 3443 2759 Iu-

1850 2770 1952 2826 dati
1988 2789 2092 2827 non
2134 2787 2464 2846 agnoverunt
2500 2795 2659 2850 quem
2699 2790 2948 2853 tanquam
2993 2791 3273 2857 parvulum
3303 2793 3443 2866 lapi-

1849 2869 1972 2919 dem
2008 2877 2134 2922 ante
2172 2867 2337 2936 pedes
2378 2886 2504 2927 suos
2538 2873 2808 2943 jacentem
2853 2887 3332 2952 contempserunt:
3365 2889 3446 2946 illi

1850 2956 2078 3010 mirandi
2107 2968 2233 3013 sunt
2258 2961 2347 3030 qui
2373 2961 2548 3018 adhuc
2574 2973 2679 3019 tam
2707 2982 2958 3037 magnum
2987 2983 3225 3030 montem
3255 2979 3447 3036 nolunt.

1849 3062 2162 3118 agnoscere.
2208 3051 2378 3108 Iudaei
2420 3056 2472 3110 in
2521 3057 2747 3126 lapidem
2795 3076 3018 3130 parvum
3063 3081 3169 3121 non
3211 3067 3444 3128 videndo

1849 3138 2209 3209 ollcnderunt,
2235 3144 2469 3201 haeretici
2489 3145 2540 3201 itt
2569 3158 2806 3207 montem
2829 3151 3128 3211 ull'ettdunt.
3155 3156 3272 3214 Iam
3294 3163 3444 3218 enim

1848 3229 2018 3286 crevit
2047 3231 2137 3288 ille
2167 3233 2330 3302 lapis;
2355 3235 2465 3304 jam
2503 3237 2733 3294 dicimus
2770 3242 2896 3311 illis,
2927 3244 3064 3302 Ecce
3101 3248 3316 3320 impleta
3355 3264 3444 3308 est

1848 3323 2128 3393 pmphctia
2167 3323 2422 3391 Danielis,
2463 3325 2621 3398 Lapis
2669 3331 2758 3386 ille
2794 3333 2885 3403 qui
2927 3346 3046 3391 erat
3086 3354 3300 3409 parvus,
3351 3347 3442 3414 fa-

1847 3423 1957 3470 ctus
1997 3427 2069 3470 est
2105 3433 2248 3472 mons
2293 3435 2523 3490 magnus,
2571 3432 2618 3476 et
2661 3423 2885 3493 implevit
2927 3429 3212 3486 universam
3252 3443 3440 3490 terram

1851 3506 2010 3581 (Dan.
2043 3526 2100 3576 ιι,
2129 3511 2242 3583 55).
2279 3514 2456 3580 Quare
2483 3515 2535 3569 in
2565 3516 2712 3572 illntn
2750 3518 3039 3589 offenditis,
3073 3535 3126 3578 et
3153 3541 3257 3581 non
3289 3527 3341 3582 in
3369 3529 3440 3585 il-

1847 3601 1957 3658 lum
1987 3604 2322 3660 ascenditis?
2349 3606 2480 3673 Quis
2513 3618 2619 3664 tam
2662 3626 2838 3666 caicus
2876 3623 2960 3668 est
3000 3631 3054 3670 ut
3104 3618 3340 3675 offendat
3377 3625 3435 3678 in

1802 3761 1816 3770 α
1846 3697 2304 3766 montcm?Quasi
2336 3698 2459 3754 ideo
2480 3700 2544 3754 ad
2579 3711 2630 3757 te
2653 3705 2860 3758 venerit
2891 3715 2944 3759 ut
2976 3705 3176 3764 habeas
3198 3711 3252 3766 in
3275 3729 3435 3782 quem

1846 3789 2103 3858 oll‘endas,
2154 3801 2207 3846 et
2249 3808 2354 3847 non
2403 3794 2598 3848 habeas
2642 3798 2693 3849 in
2739 3814 2896 3867 quem
2921 3801 3199 3857 ascendas.
3241 3802 3435 3874 Venite,

1845 3881 2178 3936 ascendamus
2203 3883 2272 3937 ad
2296 3895 2514 3938 montem
2542 3884 2745 3940 Domini
2775 3887 2927 3958 (leni.
2954 3907 3010 3954 ιι,
3041 3893 3115 3961 ὅ).
3148 3893 3310 3950 Isaias
3338 3897 3440 3954 hoc

1846 3975 2013 4030 dicit:
2051 3974 2247 4044 Venite,
2273 3977 2624 4034 ascendamus.
2657 3980 2796 4048 Quid
2824 3990 2925 4043 est.
2971 3982 3160 4048 Venite,
3189 3991 3440 4044 ascenda-

1848 4069 2009 4125 mus?
2047 4068 2241 4137 Venite,
2283 4081 2366 4127 est
2405 4072 2647 4136 credite;
2689 4075 3040 4143 ascendamus,
3073 4079 3433 4147 proﬁciamus.

1845 4159 1938 4218 lsti
1984 4171 2161 4217 autem
2207 4177 2304 4218 nec
2343 4163 2526 4219 venire
2574 4164 2780 4230 volunt,
2835 4182 2934 4222 nec
2979 4170 3290 4238 ascendere,
3335 4189 3436 4230 nec

1844 4254 2088 4321 credere,
2119 4272 2218 4312 nec
2244 4257 2521 4327 prolicere.
2557 4259 2774 4314 Latrant
2809 4275 2994 4316 contra
3028 4277 3282 4322 montem.
3314 4268 3432 4324 Jatu

1845 4346 1898 4400 in
1939 4346 2090 4402 illum
2135 4350 2292 4404 toties
2334 4349 2658 4405 oﬂ'endendo
2687 4355 2918 4420 quassati
2969 4365 3111 4418 διιεει,
3155 4368 3209 4412 ct
3249 4361 3439 4417 nolunt

1844 4439 2159 4503 ascendere,
2188 4454 2403 4509 semper
2423 4441 2682 4510 eligentes
2713 4444 3002 4498 ull'entlore.
3043 4448 3287 4503 Dicamus
3312 4452 3436 4513 illis.

1859 4530 2048 4598 Venite,
2076 4542 2122 4586 et
2146 4532 2302 4587 videte
2330 4550 2486 4603 Opera
2510 4533 2737 4597 Domini,
2760 4553 2874 4606 qua:
2894 4540 3059 4609 posuit
3089 4543 3323 4614 prodigia
3351 4563 3423 4599 su-

1846 4642 1935 4696 per
1959 4635 2165 4680 terram.
2205 4626 2453 4697 Prodigia
2481 4628 2752 4696 dicuntur,
2786 4633 2926 4700 quod
2978 4635 3173 4704 aliquid
3213 4648 3438 4707 porten-

1846 4720 1996 4801 dant,
2028 4721 2180 4792 signa
2210 4721 2299 4776 illa
2341 4724 2718 4780 miraculorum
2749 4742 2870 4797 qua:
2907 4727 3042 4782 facta
3071 4741 3196 4785 sunt
3224 4737 3438 4803 quando

1846 4795 2078 4866 mundus
2115 4813 2362 4870 credidit.
2407 4814 2478 4869 Et
2503 4815 2630 4886 quid
2674 4795 2799 4872 inde
2849 4817 3042 4875 factum
3085 4832 3187 4887 est,
3229 4795 3437 4896 etquid

1847 4905 2274 4976 portendebant?
2633 4973 2638 4979 ⁴

1919 4998 2006 5054 15.
2031 4997 2181 5073 [uers.
2210 4997 2323 5072 10.]
2351 4998 2597 5073 Auferens
2614 5001 2743 5055 bella
2759 5019 2912 5074 usque
2927 5005 2995 5058 ad
3005 5007 3130 5074 ﬁnes
3145 5018 3307 5064 teme.
3327 5009 3438 5066 l-loc

1847 5089 2084 5146 nondum
2114 5090 2353 5146 videmus
2380 5105 2500 5148 esse
2533 5093 2886 5163 completum:
2915 5111 3036 5152 sunt
3065 5100 3241 5156 adhuc
3277 5102 3432 5169 bella,

1849 5192 1972 5237 sunt
1988 5182 2124 5237 inter
2139 5193 2325 5254 gentes
2346 5200 2440 5252 pro
2457 5199 2658 5255 regno;
2681 5186 2816 5241 inter
2835 5198 3025 5252 sectas,
3049 5190 3188 5244 inter
3201 5192 3432 5259 Jndmos,

1853 5274 2112 5344 Paganos,
2152 5273 2503 5339 Christianos,
2535 5275 2834 5346 haereticos,
2876 5289 3000 5332 sunt
3031 5281 3188 5347 bella,
3216 5283 3436 5338 crebre-

1851 5376 1999 5421 scunt
2018 5367 2150 5422 hella
2171 5383 2186 5432 ;
2203 5367 2322 5422 aliis
2338 5385 2432 5438 pro
2445 5372 2686 5437 veritate,
2703 5372 2820 5428 aliis
2837 5387 2933 5443 pro
2951 5371 3178 5430 falsitate
3189 5378 3439 5432 certanti-

1919 5570 1934 5601 ¹
1961 5565 3015 5646 meammeam.mammam-
3029 5575 3439 5646 Mss-remum

1851 5631 1962 5689 cini,
1988 5635 2034 5681 et
2051 5627 2339 5682 dortiiientes
2364 5627 2567 5694 pulsat:
2589 5627 2739 5694 atque
2769 5632 2915 5682 iidem
2939 5645 3049 5683 cum
3073 5641 3268 5685 ueteris
3290 5647 3432 5690 veta.

1853 5695 1941 5745 stis
1961 5691 2069 5744 cdd.
2093 5690 2220 5751 loco,
2239 5693 2499 5752 credendo,
2527 5694 2725 5753 habent,
2762 5694 3024 5746 crescendo
3051 5707 3070 5746 :
3093 5696 3221 5754 quod
3244 5697 3436 5754 scilicet

1853 5695 1941 5745 stis
1961 5691 2069 5744 cdd.
2093 5690 2220 5751 loco,
2239 5690 2499 5752 credendo,
2527 5690 2725 5753 habent,
2762 5694 3024 5746 crescendo
3051 5707 3070 5746 :
3093 5696 3221 5762 quod
3244 5700 3313 5751 sci

1854 5755 2068 5808 refertur
2091 5754 2149 5804 ad
2173 5757 2420 5819 superiora
2446 5755 2611 5814 verba,
2640 5767 2704 5804 ea;
2725 5754 2888 5818 ιαρίάε
2912 5770 3062 5819 parvo
3076 5757 3242 5811 crevit.

2738 5837 3108 5922 (Βίας-περι.
3116 5844 3145 5916 )
