3942 6426
223 487 338 548 535

225 609 428 672 rietur,
456 600 550 658 sed
575 597 796 675 premet
821 585 1160 659 concordiam
1189 612 1294 655 una
1323 608 1586 655 teneatur.
1621 597 1801 666 Itaque

224 698 287 753 in
315 700 416 754 hoc
441 699 645 768 psalmo
688 714 850 768 quem
875 704 1149 753 cantatum
1175 687 1473 749 audivimus
1497 734 1512 757 ,
1555 691 1640 747 cui
1678 699 1809 748 ean-

225 790 394 846 tando
420 789 813 858 respondimus,
847 804 911 844 ea
940 799 1122 844 sumus
1145 779 1336 841 dicturi
1365 794 1482 854 quae
1509 782 1678 838 nostis
1709 799 1722 836 :
1755 789 1810 837 et

225 887 406 938 tamen
428 882 926 953 lortassisalitham,
941 881 1223 950 adiuvante
1241 884 1295 934 et
1314 877 1542 933 donante
1559 869 1804 943 Domino,

222 974 544 1028 suavitatem
565 971 777 1027 altaturl
807 969 993 1027 sumtis
1019 969 1189 1038 rubis,
1213 968 1423 1041 quando
1448 982 1511 1025 ea
1544 967 1661 1038 qua:
1682 968 1806 1023 alibi

222 1069 287 1121 et
311 1061 437 1120 alibi
475 1062 761 1131 noveratis,
793 1057 962 1121 etiam
1001 1062 1308 1119 Commoniti
1338 1061 1637 1117 ruminatis.
1673 1059 1806 1115 Nam
1839 1094 1856 1102 ν

224 1165 287 1212 et
315 1158 428 1227 ipsa“
452 1156 842 1220 ruminatione,
884 1156 937 1210 in
980 1157 1082 1226 qua
1125 1145 1386 1225 signiﬁcat
1433 1153 1573 1209 Deus
1609 1153 1806 1207 munda

225 1242 498 1316 animalia,
519 1247 624 1304 hoc
643 1237 808 1302 volun
831 1246 1121 1315 insinuare,
1145 1243 1266 1318 quia
1286 1245 1460 1302 omnis
1481 1241 1640 1302 homo
1664 1245 1805 1316 quod

225 1344 378 1399 ιιιιῑίι
399 1344 478 1398 sic
501 1337 659 1398 debet
685 1343 735 1397 in
766 1347 860 1397 c‘or
877 1342 1106 1404 mittere,
1139 1335 1197 1396 ut
1227 1345 1330 1397 non
1359 1340 1505 1411 piger
1527 1341 1598 1394 sit
1623 1347 1805 1410 pOStea

231 1435 354 1492 Inde
398 1435 630 1506 cogam
657 1453 671 1490 :
695 1443 755 1490 ut
789 1431 1002 1506 quando
1038 1433 1204 1497 audit,
1245 1433 1315 1488 sit
1354 1433 1540 1488 similis
1583 1427 1804 1487 mandu-

231 1528 405 1592 Enti;
434 1539 552 1582 cum
594 1525 771 1584 illitc’tn
798 1509 974 1581 audita
1005 1525 1057 1580 in
1093 1523 1404 1580 memoriam
1450 1517 1701 1588 revocat,
1749 1532 1804 1580 et

239 1617 548 1689 dignatione
573 1611 880 1673 dulcissii'na
908 1617 1126 1683 recolit,
1159 1611 1249 1670 ﬂat
1277 1611 1466 1671 Similis
1493 1616 1800 1671 rnminanti.

241 1712 353 1767 Alio
377 1713 503 1782 ergo
523 1711 683 1767 modo
709 1709 893 1766 (tndem
925 1710 1192 1776 dicuntur,
1220 1719 1276 1766 et
1298 1709 1494 1764 faciunt
1519 1717 1616 1763 nos
1636 1709 1801 1764 autat.

249 1809 316 1858 ter
357 1797 585 1873 Cogitant
629 1805 746 1872 Qua:
788 1802 1071 1868 nevit'nu's,
1109 1807 1162 1855 ct
1204 1799 1388 1854 eadem
1433 1794 1546 1871 ipsa
1577 1795 1801 1854 libenter

251 1894 447 1960 audire:
474 1894 593 1964 quia
633 1893 821 1950 ‘modu's
859 1889 1067 1948 dicendi
1097 1889 1333 1948 variatur
1355 1933 1369 1958 ,
1395 1897 1448 1948 et
1472 1895 1560 1949 res
1585 1894 1800 1964 antiqua

253 1985 349 2056 ipso
371 1985 527 2042 modo
550 1985 757 2042 dieendi
789 1985 1099 2062 renovatur.

307 2076 356 2130 θ.
387 2075 533 2150 [ιρι-ε.
567 2071 641 2150 1.]
672 2075 876 2132 Titulus
912 2069 1106 2131 Psalmi
1144 2073 1222 2132 sic
1261 2073 1321 2131 se
1363 2073 1525 2132 habet
1565 2089 1579 2128 :
1621 2072 1689 2130 In
1730 2075 1797 2146 ﬁ-

257 2177 348 2224 nem
381 2181 470 2240 pro
497 2169 617 2240 ﬁliis
657 2170 818 2237 Core,
860 2167 1100 2224 Paulinus
1133 2169 1234 2238 ipsi
1261 2164 1443 2222 David.
1476 2165 1638 2224 Filios
1668 2167 1798 2224 istos

257 2263 366 2318 Core
394 2253 585 2319 habent
611 2263 746 2318 tituli
785 2244 1118 2317 P's'ai'nlorur‘n
1147 2261 1304 2316 etiam
1333 2259 1420 2316 alii
1447 2261 1705 2328 nonnulli,
1745 2269 1800 2318 et

257 2349 460 2410 indicant
484 2355 636 2410 dule'e
667 2352 975 2425 ttiystel'iutn
997 2395 1012 2417 ,
1048 2349 1316 2408 insinuant
1342 2351 1586 2422 magnum
1613 2353 1797 2408 sacra-

255 2446 464 2506 mentum
494 2465 508 2503 :
537 2447 624 2502 ubi
651 2447 704 2502 et
733 2457 828 2501 nos
868 2443 1010 2516 ipsos
1053 2439 1280 2501 libenter
1323 2441 1714 2516 intelligamus,
1745 2451 1799 2499 et

255 2535 570 2613 agnoscamus
595 2537 649 2593 in
675 2527 825 2592 titulo
860 2539 956 2592 nos
983 2531 1071 2606 qui
1097 2529 1342 2591 audimus
1370 2543 1423 2590 et
1450 2535 1673 2606 legimus
1694 2578 1708 2601 ,
1742 2545 1794 2590 et

253 2631 469 2702 tanquam
495 2630 710 2700 speculo
739 2625 1008 2699 proposito
1030 2626 1118 2702 qui
1141 2637 1325 2681 sumus
1358 2621 1645 2681 intuemur.
1676 2625 1795 2681 Filii

251 2699 363 2776 Core
380 2715 463 2790 qui
480 2718 638 2773 sum?
662 2717 781 2774 Fuit
800 2720 956 2771 homo
972 2699 1184 2788 quidam
1201 2711 1343 2771 (fore
1369 2716 1581 2770 nomine
1610 2713 1793 2789 (Num.

252 2815 339 2877 lii,
357 2811 426 2884 l),
447 2813 520 2865 sic
544 2812 682 2867 enim
707 2809 991 2864 vocabatur
1008 2808 1196 2878 aliquis
1214 2804 1374 2862 homo
1397 2817 1794 2864 :rcrumtamcn

251 2905 348 2960 titul
383 2901 622 2976 leguntur
650 2913 765 2975 qua:
795 2903 988 2972 scripta
1017 2914 1166 2969 sunt,
1207 2899 1262 2958 et
1305 2899 1568 2958 invenitur
1616 2913 1792 2958 sermo

251 2997 585 3069 divinuslotlui
614 2997 678 3054 ad
707 2992 985 3068 quaedam,
1011 2995 1098 3067 'qnl
1120 3009 1225 3050 non
1251 2991 1404 3050 tibide
1429 2989 1796 3066 intelliguntur

248 3079 324 3146 lilii
349 3089 462 3148 esse
489 3092 631 3147 illius
661 3091 814 3147 utrius
831 3086 1062 3146 hominis
1088 3088 1180 3161 nni
1199 3081 1487 3145 vacabant:-
1509 3089 1680 3156 Core;
1707 3089 1795 3146 re-

243 3181 387 3239 ιιπιοῑι
410 3185 616 3240 animus
641 3184 704 3238 ad
731 3179 1060 3262 mysteriuill,
1085 3175 1141 3236 ui
1163 3177 1366 3251 uixerat
1382 3175 1511 3251 quid
1533 3178 1794 3251 signiﬁcet

241 3267 379 3332 Gate.
404 3276 532 3346 Quia
559 3278 699 3332 enim
729 3277 947 3330 veniunt
977 3269 1244 3330 beluarum
1269 3273 1370 3336 est,
1389 3265 1584 3328 dicitur
1612 3275 1792 3343 utique

240 3372 287 3422 lit
307 3369 676 3438 interpretatur
697 3365 748 3422 in
774 3365 1000 3439 g‘t-tecaul
1029 3360 1258 3435 tinguant
1286 3363 1339 3419 et
1365 3366 1418 3419 itt
1447 3362 1664 3420 latinam
1693 3365 1795 3421 litt-

235 3467 396 3533 gnum.
427 3463 494 3516 ει
531 3459 727 3515 malum
757 3461 841 3515 est
860 3459 1000 3529 jam;
1030 3458 1193 3512 ιιιυιιιι
1219 3455 1436 3512 Domitia
1467 3455 1675 3514 hebrma
1707 3457 1790 3513 itt-

235 3555 504 3626 terp‘rctata
528 3552 654 3610 tum
695 3551 848 3609 nobis
879 3569 891 3606 :
921 3559 976 3607 et
999 3552 1308 3621 inspicimus
1334 3593 1349 3619 ,
1396 3549 1451 3608 et
1493 3551 1790 3608 invenimus

233 3645 358 3706 ϐώέ
390 3645 726 3718 ttit‘é'ﬁiretari
767 3639 1009 3701 Gatrh‘nt.
1041 3644 1202 3700 illulto
1249 3642 1416 3713 magis
1464 3643 1786 3699 attendistis.

229 3740 512 3797 Dimaler
542 3733 657 3795 dial.
685 3739 802 3793 eum
824 3733 1125 3793 dibﬁ‘i‘lintbt‘
1151 3731 1241 3789 llii'i
1284 3735 1418 3791 Core
1436 3778 1451 3804 ,
1484 3737 1663 3792 nbhtte
1689 3735 1790 3790 ob-

227 3831 423 3890 sctll'lils
443 3835 532 3888 est
551 3833 674 3887 eum
711 3821 960 3884 dicuntur
988 3821 1078 3882 ﬁlii
1101 3823 1281 3882 balbi?
1306 3827 1406 3893 Qui
1432 3823 1554 3883 Sunt
1579 3825 1669 3883 iSIi
1700 3827 1792 3882 ﬁlii

219 3929 497 3984 titlt'ilAtt
543 3925 679 3980 tum
719 3924 811 3978 lilii
852 3917 1077 3992 sponsi?
1121 3917 1255 3988 eius
1296 3923 1526 3990 sponsus
1575 3918 1630 3976 in
1675 3921 1792 3977 loco

215 4013 474 4076 Cumae
511 4016 795 4072 'crtt'rltims
840 4015 940 4068 cet.
986 4013 1222 4068 Ilecolite
1275 4012 1655 4083 Evangeliu'm,
1703 4009 1793 4069 ubi

209 4112 503 4169 Demittunt
532 4103 923 4170 ei‘ueiﬁserunt,
949 4103 1000 4159 et
1022 4101 1438 4182 invenietiseum
1462 4101 1512 4158 ln
1541 4105 1658 4159 loco
1676 4103 1794 4160 Cal-

206 4203 384 4261 let-ue
425 4193 738 4258 cruci-litum
787 4193 999 4268 (Μίνωι.
1047 4195 1218 4261 kxvn,
1267 4179 1376 4266 33;.
1426 4196 1654 4253 Proinde
1700 4198 1790 4268 qui

201 4297 432 4352 crucem
464 4294 580 4362 ejus
609 4288 846 4351 irrident,
876 4299 905 4341 a
933 4283 1262 4343 dziztiionibns
1287 4285 1530 4359 tanquam
1554 4305 1582 4342 a
1609 4283 1794 4346 bestiis

200 4378 562 4444 dctonabit".
605 4381 734 4436 Nam
781 4379 1096 4448 significavit
1136 4388 1189 4433 et
1225 4376 1327 4434 hoc
1365 4381 1604 4451 quaedam
1645 4381 1794 4437 Scri-

141 4491 154 4502 '
193 4491 393 4552 pter-tt.
420 4469 556 4534 Cum
583 4473 894 4530 ascenderet
923 4459 1178 4542 propheta
1205 4472 1294 4528 Dei
1326 4472 1566 4542 Elisatus,
1597 4471 1790 4532 ciama-

195 4574 348 4627 ltant
377 4580 497 4642 post
517 4583 636 4622 cum
661 4565 805 4636 pueri
833 4564 1132 4631 irridentes,
1157 4566 1379 4620 Ascentle
1403 4568 1558 4636 ealre’,
1586 4557 1795 4624 ascende

202 4665 362 4718 calve
387 4681 400 4717 :
431 4661 521 4717 ille
546 4663 722 4714 autem
762 4659 865 4711 non
895 4655 1002 4711 tam
1035 4656 1321 4712 crudeliter
1345 4673 1500 4728 quam
1532 4657 1752 4732 mystice
1776 4702 1790 4728 ,

206 4755 350 4810 fecit
389 4753 512 4809 illos
539 4751 728 4822 pueros
766 4749 832 4804 ab
871 4749 1007 4803 ursis
1043 4745 1357 4803 citauntibus
1400 4747 1646 4805 devorari
1691 4751 1785 4817 (iV

213 4847 359 4920 Reg.
377 4864 435 4911 ιι,
459 4846 551 4910 25,
577 4842 691 4898 ειν.
723 4843 778 4898 Si
809 4855 911 4895 non
940 4840 1322 4896 deverarcntur
1346 4837 1417 4894 illi
1441 4837 1611 4911 pueri,
1642 4841 1796 4897 num-

215 4939 358 5008 quid
385 4939 548 5008 usque
585 4935 755 4989 adhuc
778 4929 1056 4989 vicerunt?
1085 4933 1176 4986 aut
1213 4935 1318 4986 non
1349 4937 1562 5000 possent
1592 4931 1792 4988 morta-

223 5030 309 5086 les
339 5033 442 5088 nati
477 5031 636 5087 ctiam
661 5025 808 5084 febre
849 5024 1087 5096 intci‘ci'pi
1109 5023 1133 5078 'l
1159 5023 1468 5096 MySterium
1515 5027 1566 5080 in
1610 5025 1686 5082 eis
1715 5024 1794 5083 ta-

225 5129 358 5178 men
383 5129 484 5178 non
508 5117 898 5181 attende-retur,
923 5117 1013 5174 ubi
1040 5119 1234 5188 posteri
1261 5113 1602 5174 terrerentur.
1625 5119 1793 5177 Nemo

233 5225 364 5284 ergo
387 5213 597 5270 irrideat
619 5226 832 5268 crucem
865 5210 1072 5266 Domini
1103 5228 1117 5263 :
1149 5207 1315 5286 Judaei
1352 5221 1476 5266 sunt
1507 5211 1735 5282 poeses'si
1762 5231 1793 5270 a

233 5300 562 5359 da'tnotllbus
583 5312 639 5358 et
661 5291 916 5357 deiorati.
948 5299 1079 5356 Nam
1107 5298 1159 5355 in
1186 5297 1441 5356 Calvarizn
1473 5304 1589 5358 loco
1617 5302 1792 5360 cruci-

238 5393 454 5468 ﬁgentes
477 5395 770 5461 Clit-fatum,
801 5401 854 5448 et
878 5394 1108 5448 levantes
1133 5391 1185 5448 in
1210 5389 1387 5460 cruce,
1419 5388 1666 5466 tanquam
1696 5399 1796 5468 ipsi

235 5487 477 5544 dicebant
502 5491 662 5545 sen‘sn
697 5487 878 5557 puerili
900 5528 913 5551 ,
941 5487 1045 5541 non
1074 5481 1432 5558 intelligentes
1457 5485 1578 5557 quid
1607 5492 1792 5560 loque-

235 5589 438 5644 rentur,
468 5579 692 5634 Attc’ende
715 5579 868 5631 ratae.
901 5577 1033 5643 Quid
1065 5575 1145 5633 est
1169 5577 1310 5633 enim
1333 5621 1345 5645 ,
1380 5577 1646 5636 Ascende?
1669 5581 1798 5638 Cru-

231 5675 398 5744 ei/ige,
421 5673 658 5742 crueiﬂge
675 5670 825 5744 (Luc.
849 5683 995 5735 χχιιι,
1023 5668 1134 5742 Et).
1167 5673 1480 5742 Proponitur
1503 5676 1642 5730 enim
1671 5691 1798 5746 pue-

231 5767 350 5825 ritia
375 5764 441 5818 ad
473 5764 781 5819 imitandum
819 5764 1198 5832 humilitatem,
1241 5775 1294 5820 et
1334 5768 1454 5822 item
1485 5771 1794 5840 proponitur

237 5855 457 5932 pueritia
495 5854 559 5909 ad
588 5855 877 5911 cavendum
917 5856 1230 5912 fatuitatem.
1261 5859 1531 5930 Proposita
1569 5866 1790 5932 pueritia

237 5948 302 6010 ad
326 5945 635 6006 imitandum
665 5947 1009 6004 humilitatem
1042 5966 1069 6004 a
1095 5952 1314 6007 Dntttiszo
1345 5966 1438 6018 est,
1468 5958 1672 6021 quando
1703 5974 1793 6012 r0-

1277 484 1668 541 ENABRATIO
1702 478 1770 537 ιιι
1807 480 2128 540 PSALMUM
2165 475 2344 543 XLVl.

3386 501 3492 562 526

1917 595 2056 686 cavit
2093 589 2156 652 iui
2186 615 2243 654 se
2274 614 2496 670 pueros,
2546 613 2599 658 et
2640 618 2758 660 eum
2801 609 3208 676 prohiberentur
3245 617 3310 674 ab
3349 613 3442 676 illo
3465 664 3481 686 ,

1915 685 2047 744 dixit
2076 707 2088 741 :
2122 689 2287 746 Sinite
2306 708 2386 748 eos
2410 696 2576 750 uenire
2600 697 2668 751 ad
2695 715 2790 767 me,
2815 703 2991 756 talium
3022 716 3093 760 est
3121 706 3249 763 enim
3277 721 3485 784 regnum

1912 782 2151 836 calorum
2197 781 2406 854 (Matth.
2451 798 2599 856 XVIII,
2647 788 2703 857 2,
2755 803 2801 846 et
2831 805 2938 858 xix,
2987 791 3098 868 id).
3145 781 3487 872 i’t‘Opositttm

1912 877 2208 970 exetnplnm
2249 879 2487 947 pueritiae
2514 882 2579 936 ad
2607 881 2895 940 cavendam
2927 885 3217 948 fatuitatem
3243 896 3310 950 ab
3338 899 3484 970 Apo-

1913 965 2022 1019 tolo
2051 976 2132 1021 est
2159 985 2171 1020 :
2198 966 2425 1035 Fratres,
2450 971 2603 1027 nolite
2623 975 2766 1044 pueri
2788 993 2891 1031 esse
2917 981 3156 1036 sensibus.
3187 975 3253 1040 Et
3275 965 3486 1048 rursum

1913 1059 2161 1126 proponit
2196 1061 2263 1114 ad
2293 1062 2604 1118 imitandum
2642 1084 2654 1120 :
2688 1065 2794 1120 Sed
2822 1070 3014 1125 malitia
3041 1069 3261 1146 infantes
3291 1091 3444 1138 estote
3465 1125 3482 1148 ,

1913 1158 1966 1242 ut
1994 1150 2238 1204 mentibus
2270 1151 2473 1225 perfecti
2514 1155 2622 1211 sitis
2655 1155 2696 1230 (Ι
2739 1153 2856 1214 Cor.
2897 1171 3018 1231 XIV,
3049 1161 3165 1237 20).
3216 1159 3318 1226 Pro
3364 1162 3486 1242 ﬁliis

1911 1238 2059 1295 Core.
2106 1243 2348 1299 Psalmus
2375 1250 2581 1304 canitur
2611 1269 2623 1304 :
2657 1268 2783 1324 ergo
2818 1272 2914 1325 pro
2943 1255 3258 1318 Christianis
3302 1238 3485 1325 canta-

1910 1339 1993 1388 ttts
2034 1343 2133 1389 est.
2164 1333 2456 1395 Audiamus
2494 1359 2613 1397 eum
2666 1352 2912 1416 tanquam
2947 1346 3051 1426 lilii
3094 1353 3274 1423 δεισιιεί
3302 1357 3440 1416 illius
3464 1404 3482 1430 ,

1911 1438 2067 1510 quem
2099 1427 2245 1496 pueri
2278 1430 2527 1488 inscnsati
2560 1434 2610 1488 in
2641 1435 2894 1494 Calvariae
2940 1435 3059 1497 loco
3086 1427 3483 1510 crncilixerunt.

1906 1497 1984 1569 illi
2013 1517 2153 1572 enim
2186 1532 2495 1578 meruerunt
2532 1541 2560 1580 a
2591 1526 2776 1584 bestiis
2803 1529 3084 1600 devorari,
3128 1541 3223 1596 nos
3266 1529 3333 1598 ab
3375 1541 3486 1600 An-

1903 1607 2036 1701 gelis
2063 1611 2324 1666 coronari.
2357 1617 2706 1685 Agnoscimus
2728 1625 2870 1677 enim
2895 1626 3243 1688 humilitatem
3273 1630 3483 1694 Domini

1904 1700 2091 1788 nostri,
2123 1709 2174 1755 ct
2206 1719 2310 1788 non
2347 1705 2413 1760 de
2438 1707 2524 1761 illa
2554 1709 2934 1770 erubescimus.
2963 1715 3078 1775 Non
3119 1709 3483 1785 crabescimtts

1904 1780 1972 1842 de
2000 1781 2086 1843 illo
2118 1785 2383 1861 appellato
2409 1801 2631 1870 mystice
2662 1803 2833 1873 cal'ro,
2880 1818 3097 1880 propter
3117 1780 3483 1877 Calvarizevlo:

1901 1885 2043 1934 etim.
2093 1882 2206 1951 Ipsa
2253 1888 2393 1942 enim
2438 1905 2594 1947 cruce
2633 1893 2684 1948 in
2734 1899 2834 1966 q'ua
2889 1900 2963 1953 illi
3009 1894 3314 1963 insultatum
3354 1925 3476 1981 est,

1904 1985 2010 2027 non
2040 1978 2278 2065 permisit
2304 1973 2504 2038 calvam
2533 2002 2650 2042 esse
2672 1990 2900 2047 frontem
2928 2005 3185 2067 nostram,
3219 2004 3339 2074 quia
3360 1973 3482 2066 eam

1902 2082 1998 2168 suo
2029 2070 2219 2168 ligno1
2245 2075 2492 2145 signavit.
2525 2081 2760 2152 Denique
2790 2096 2845 2140 ιιι
2869 2091 3140 2160 noveritis,
3168 2063 3289 2168 quia
3321 2077 3473 2160 nobis

1902 2157 2150 2216 dicuntur
2177 2162 2311 2233 haec,
2344 2167 2520 2224 videte
2546 2173 2668 2241 quid
2697 2173 2906 2234 dicitur.

1972 2251 2025 2344 ᾖ.
2065 2249 2213 2326 [vers.
2240 2253 2318 2328 2.]
2337 2255 2519 2315 Omnes
2549 2273 2733 2333 gentes,
2766 2270 2990 2338 plaudite
3028 2280 3275 2336 manibus.
3313 2269 3477 2344 Num-

1904 2331 2027 2436 quid
2049 2346 2272 2414 p0pulus
2289 2349 2314 2403 J
2323 2331 2589 2408 admorunt
2617 2331 2802 2414 omnes
2824 2372 3008 2432 gentes
3031 2331 3474 2434 manlius-ed

1899 2432 2031 2489 citas
2057 2453 2119 2490 ex
2149 2447 2296 2508 parte
2325 2441 2480 2498 lsraei
2505 2443 2640 2501 facta
2669 2457 2750 2504 est
2773 2494 2787 2518 ,
2822 2461 2874 2507 ut
2907 2458 3053 2528 pueri
3091 2461 3343 2521 insensati
3367 2432 3476 2524 cla-

1901 2537 2126 2629 mallent,
2152 2531 2317 2601 Calve,
2337 2536 2504 2603 calve;
2531 2549 2686 2610 atque
2708 2542 2777 2598 ita
2812 2545 3061 2605 Dominus
3083 2557 3478 2629 cruciﬁgeretur

1901 2619 1952 2672 in
1983 2614 2237 2678 Calvariae
2269 2623 2408 2693 loco,
2442 2636 2498 2681 ut
2525 2633 2779 2702 sanguine
2807 2635 2921 2692 fuso
2946 2652 3129 2710 gentes
3156 2614 3473 2718 redimeret,

1900 2717 1954 2812 et
1997 2711 2300 2812 impleretur
2339 2715 2477 2785 quod
2517 2721 2589 2774 ait
2629 2721 2953 2792 Apostolus:
2987 2730 3196 2790 σωρίτας
3235 2756 3297 2793 ex
3337 2711 3476 2812 parte

1897 2798 2065 2903 Israel
2087 2803 2220 2903 facta
2244 2814 2350 2873 est,
2385 2816 2436 2860 ut
2475 2809 2729 2878 plenitudo
2771 2815 3002 2874 Gentium
3040 2825 3247 2882 intraret
3278 2798 3470 2903 (llam.

1896 2906 1967 2956 XI,
1995 2891 2123 2992 :25).
2157 2891 2411 2951 lnsultcnt
2437 2915 2564 2970 ergo
2595 2904 2712 2958 vani
2739 2916 2791 2960 et
2816 2909 3067 2979 hebetes,
3106 2925 3158 2970 et
3198 2891 3472 2992 insensati,

1896 2995 1950 3039 et
1976 2985 2172 3054 dicant,
2196 2987 2364 3056 Calve,
2395 2993 2531 3047 calve
2562 3011 2580 3049 :
2606 3013 2698 3051 vos
2718 3010 2890 3056 autem
2911 3007 3160 3076 sanguine
3190 3011 3328 3069 illius
3354 2985 3476 3071 red;

1895 3079 2092 3178 empti,
2134 3081 2220 3148 qui
2257 3080 2403 3138 fusus
2429 3093 2509 3140 est
2541 3086 2589 3140 in
2613 3089 2864 3147 Caivaria:
2904 3095 3039 3162 loco,
3075 3099 3258 3158 Omnes
3302 3120 3473 3178 gentes

1897 3164 2122 3237 plaudite
2143 3173 2387 3233 manibus,
2407 3180 2710 3245 pervenisse
2731 3183 2794 3236 ad
2816 3201 2908 3239 vos
2929 3191 3149 3257 gratiam
3171 3195 3284 3250 Dei.
3302 3164 3473 3252 'Plan-

1896 3259 1997 3313 dite
2021 3259 2267 3316 manibus.
2296 3265 2430 3330 Quid
2461 3277 2560 3335 est,
2592 3270 2852 3339 plaudite?
2893 3277 3148 3336 Gaudete.
3176 3284 3278 3339 Sed
3307 3303 3472 3357 quare

1897 3350 2160 3410 manibus?
2197 3355 2326 3424 Quia
2368 3355 2520 3414 bonis
2549 3364 2816 3431 operibus.
2845 3367 2920 3422 Ne
2947 3370 3217 3440 gaudeatis
3244 3350 3338 3432 ore
3356 3421 3369 3444 ,
3417 3393 3472 3436 et

1894 3448 2112 3501 cessetis
2140 3448 2399 3505 manibus.
2433 3450 2485 3507 Si
2516 3455 2787 3525 gaudetis,
2819 3461 3042 3528 plaudite
3067 3469 3316 3524 manibus.
3355 3471 3473 3527 illa-

1895 3545 1997 3629 mis
2019 3541 2253 3629 gentium
2283 3541 2454 3598 videat
2477 3586 2492 3612 ,
2529 3546 2616 3616 qui
2654 3547 2838 3617 gaudia
2869 3552 3067 3611 donare
3094 3558 3336 3629 dignatus
3366 3577 3467 3620 est.

1894 3627 2031 3720 Quid
2074 3638 2153 3685 est
2175 3673 2189 3696 ,
2224 3647 2411 3689 manus
2448 3637 2719 3704 gentium?
2757 3637 2914 3697 Facta
2945 3645 3081 3702 bene
3109 3627 3466 3720 operantium.

1900 3719 2083 3778 Omnes
2104 3735 2290 3795 gentes,
2334 3727 2558 3798 plaudite
2591 3731 2820 3787 manibus
2849 3751 2867 3788 :
2887 3737 3104 3807 jubilate
3143 3719 3251 3796 Deo
3277 3745 3328 3798 in
3355 3761 3471 3800 voce

1895 3815 2260 3871 exsultationis.
2291 3813 2359 3872 Et
2389 3834 2537 3885 voce,
2570 3830 2622 3876 ct
2663 3824 2924 3881 manibus.
2965 3828 3020 3885 Si
3061 3842 3260 3887 tantum
3303 3850 3464 3905 voce,
3509 3856 3514 3877 λ

1895 3917 2000 3962 non
2028 3907 2192 3974 bene;
2235 3911 2356 3980 quia
2388 3911 2546 3980 pigrae
2576 3921 2699 3968 sunt
2731 3931 2918 3973 manus
2951 3937 2965 3972 :
2993 3919 3039 3974 si
3066 3931 3264 3977 tantum
3296 3927 3466 3981 mani-
3507 3927 3518 3988 ῗ

1896 3997 2015 4066 bus,
2048 4015 2146 4055 nec
2172 4001 2268 4054 hoc
2292 3999 2453 4069 bene;
2487 4004 2608 4074 quia
2635 4016 2775 4061 muta
2805 4019 2887 4063 est
2912 4011 3084 4081 lingua
3111 4031 3122 4066 :
3146 4018 3467 4074 concordent
3510 3993 3517 4000 .

1895 4097 2083 4146 manus
2107 4101 2159 4145 et
2183 4093 2386 4163 lingua;
2418 4087 2503 4148 illa
2536 4097 2869 4167 conﬁteatur,
2900 4101 3003 4157 illa}
3032 4117 3338 4176 operentur.
3365 4108 3464 4165 Ju-

1895 4180 2042 4238 bilattz
2066 4183 2169 4238 Deo
2190 4186 2240 4237 in
2263 4202 2374 4240 voce
2398 4187 2760 4245 exsultationis.
3510 4182 3516 4192 ’

1969 4275 2021 4330 4.
2055 4271 2203 4347 [vers
2234 4273 2312 4348 5.]
2360 4274 2610 4343 Quoniam
2654 4280 2902 4336 Dominus
2945 4287 3170 4342 excelsus
3215 4291 3466 4348 terribilis.

1897 4363 2153 4421 Exccisus
2199 4366 2306 4431 ille,
2347 4369 2497 4437 quasi
2543 4367 2804 4427 irrisibilis
2846 4373 3233 4446 descendendo,
3284 4398 3470 4440 ascen-

1897 4451 2069 4513 dendo
2095 4457 2145 4512 in
2172 4457 2364 4514 coelum
2395 4459 2560 4515 factus
2589 4472 2669 4516 est
2696 4464 2962 4520 terribilis.
3006 4467 3117 4523 Rex
3141 4488 3350 4544 magnus
3385 4493 3472 4529 su-

1899 4567 1986 4622 per
2014 4568 2207 4606 onmem
2246 4563 2446 4607 terram.
2487 4551 2603 4608 Non
2645 4564 2845 4611 tantum
2877 4575 3036 4629 super
3068 4561 3317 4619 .ludacos:
3347 4582 3469 4622 nam

1899 4650 1953 4696 et
1980 4657 2138 4712 super
2165 4643 2282 4698 illos
2306 4660 2418 4699 rex.
2455 4643 2580 4700 lude
2601 4646 2742 4701 enim
2764 4657 2816 4702 et
2843 4637 3082 4720 Apostoli
3108 4655 3468 4725 crediderunt,

1899 4731 2022 4790 inde
2051 4746 2102 4791 et
2128 4737 2288 4790 multa
2323 4736 2483 4790 millia
2516 4735 2788 4792 hominum
2819 4755 2905 4795 res
2931 4759 3053 4798 suas
3081 4746 3433 4803 vendiderunt
3453 4794 3469 4819 ,

1900 4836 1952 4883 et
1990 4829 2154 4898 pretia
2197 4827 2263 4881 ad
2301 4828 2463 4898 pedes
2491 4829 2861 4900 Apostolorum
2893 4844 3181 4901 posuerunt
3216 4837 3234 4908 (
3255 4838 3365 4893 Act.
3395 4855 3477 4912 tv,

1901 4921 1990 4992 34)
2021 4938 2035 4973 :
2064 4930 2117 4974 ct
2145 4919 2414 4989 impletum
2443 4929 2524 4974 est
2551 4920 2605 4974 in
2631 4921 2759 4987 illis,
2786 4923 2923 4992 quod
2952 4933 3065 4978 erat
3094 4926 3146 4982 in
3179 4929 3329 4984 titulo
3349 4946 3470 4985 cru~

1901 5014 1978 5068 cis
2003 5014 2378 5080 conscriptum,
2409 5013 2518 5066 Rea:
2538 5012 2832 5069 Iudaeorum
2861 5015 3082 5084 (Matt/2.
3115 5037 3303 5091 xxvm,
3335 5023 3468 5096 57).

1899 5099 2014 5160 Rex
2038 5113 2116 5158 est
2137 5105 2274 5158 enim
2300 5113 2353 5158 et
2370 5103 2691 5159 .ludrcorum.
2724 5107 2825 5161 Sed
2844 5122 3030 5180 parum
3048 5111 3469 5168 estludmorum.

1905 5195 2088 5252 Omnes
2102 5207 2267 5268 gentes
2283 5197 2510 5267 plaudite
2526 5199 2751 5253 manibus
2765 5217 2783 5253 :
2795 5203 3030 5270 quoniam
3049 5220 3138 5257 rea:
3149 5206 3308 5258 omnis
3325 5215 3471 5260 teme

1901 5289 2059 5345 Deus.
2090 5291 2203 5344 Non
2233 5290 2372 5343 enim
2401 5291 2470 5343 illi
2499 5290 2690 5346 sufﬁcit
2719 5308 2875 5347 unam
2905 5304 3113 5364 gentem
3151 5296 3347 5352 habere
3373 5300 3468 5354 sub

1901 5395 1960 5438 se
1990 5401 2002 5436 :
2033 5382 2152 5438 ideo
2190 5390 2390 5435 tantum
2424 5383 2648 5451 pretium
2688 5399 2754 5438 ex
2796 5385 2962 5440 latere
2997 5385 3155 5451 dedit,
3188 5399 3243 5441 ut
3271 5403 3472 5444 emeret

1902 5475 2084 5532 orbem
2114 5484 2391 5529 terrarum.
2425 5472 2535 5527 Rea:
2562 5491 2773 5545 magnus
2803 5492 2953 5545 super
2976 5492 3170 5530 onmem
3195 5486 3394 5532 terram.

1973 5568 2024 5622 5.
2053 5566 2201 5640 [vers.
2231 5562 2307 5637 4.]
2335 5565 2557 5635 Subjecit
2587 5565 2751 5635 plebes
2775 5568 2933 5630 nobis,
2954 5578 2998 5619 et
3023 5579 3190 5638 gentes
3218 5570 3307 5624 sub
3333 5574 3474 5640 pedi-

1903 5663 1993 5717 bus
2020 5661 2220 5715 nostris.
2265 5659 2404 5726 Quas
2447 5658 2704 5727 subjecit,
2733 5667 2787 5713 et
2815 5658 3040 5728 quibus?
3079 5660 3179 5727 Qui
3221 5672 3346 5717 sunt
3385 5665 3475 5734 qui

1901 5750 2217 5824 loquuntur?
2252 5749 2410 5805 Forte
2449 5747 2653 5804 Judmi?
2678 5747 2838 5803 Plane
2871 5749 2917 5803 si
2956 5747 3214 5819 Apostoli,
3242 5753 3396 5822 plane
3428 5756 3475 5810 si

1901 5845 2088 5902 sancti.
2131 5845 2222 5898 llis
2258 5843 2400 5898 enim
2438 5841 2574 5896 Deus
2611 5839 2833 5909 subjecit
2873 5837 3054 5911 plebes
3095 5848 3149 5897 et
3181 5851 3389 5914 gentes.
3420 5853 3477 5903 ut

1967 5965 1981 5997 ι
2007 5969 2128 6013 Tres
2143 5963 2270 6019 Mss,
2294 5955 2443 6018 signa.
