3942 6408
570 342 682 417 527

572 477 736 535 hodie
763 474 1089 531 honorentur
1123 464 1175 520 in
1204 460 1451 533 gentibus
1471 495 1486 521 ,
1516 454 1607 524 qui
1633 468 1661 505 a
1690 452 1802 506 suis
1832 448 2037 504 civibus
2067 459 2160 499 oc-

572 568 682 626 cidi
706 568 1011 622 meruerunt
1034 576 1048 612 :
1075 549 1340 625 quomodo
1366 543 1619 601 Dominus
1640 554 1824 596 eorum
1845 537 2054 594 occisus
2078 546 2160 590 est

572 674 608 716 ο
632 657 859 723 civibus,
882 663 933 709 et
962 652 1255 705 honoratur
1279 659 1307 697 a
1339 639 1606 712 gentibus,
1631 634 1919 692 crucifixus
1951 645 1983 685 a
2008 629 2120 685 suis
2143 670 2160 696 ,

574 721 920 807 adoretur—ab
945 740 1153 806 alienis,
1176 735 1271 792 sed
1299 733 1467 804 pretio
1486 732 1502 763 ¹
1532 727 1686 783 factis
1713 726 1845 781 suis.
1872 723 1997 779 Ideo
2021 721 2164 777 enim

575 840 709 898 emit
749 850 883 902 nos,
928 840 988 888 ut
1022 827 1181 885 alieni
1208 825 1276 881 ab
1304 837 1371 879 eo
1398 836 1503 876 non
1531 830 1791 874 essemus.
1838 814 2000 870 Putas
2036 824 2167 881 ergo

572 945 736 989 voces
762 943 883 986 esse
906 922 1308 996 Apostolorum,
1337 914 1565 984 Subjecit
1594 909 1757 981 plebes
1777 907 1942 974 nobis,
1974 914 2018 961 et
2042 920 2166 975 gen-

574 1035 650 1081 tes
676 1023 766 1079 sub
794 1018 1002 1092 pedibus
1024 1012 1248 1070 nostris?
1273 1008 1483 1066 Nescio.
1516 1004 1702 1059 Mirum
1727 1002 1770 1055 si
1793 998 2035 1070 Apostoli
2059 1006 2165 1051 tam

575 1087 813 1187 superbe
849 1111 1192 1181 loquerentur
1212 1144 1227 1169 ,
1254 1111 1314 1157 ut
1341 1097 1635 1170 gauderent
1661 1101 1846 1164 gentes
1877 1103 1997 1146 esse
2027 1087 2170 1158 posi-

574 1176 665 1262 tas
697 1202 796 1259 sub
834 1176 1061 1273 pedibus
1090 1194 1236 1257 suis,
1276 1190 1327 1246 id
1358 1197 1440 1245 cst
1467 1184 1795 1243 Christianos
1823 1180 1924 1238 sub
1949 1176 2170 1250 pedibus

576 1269 978 1367 Apostolorum.
1028 1284 1238 1343 Etenim
1275 1280 1504 1353 gaudent
1549 1292 1645 1332 nos
1687 1288 1869 1331 secum
1909 1286 2028 1328 esse
2069 1269 2171 1324 sub

575 1364 813 1461 pedibus
851 1384 990 1440 illius
1036 1379 1128 1451 qui
1173 1387 1413 1433 mortuus
1453 1380 1535 1428 est
1567 1384 1660 1440 pro
1690 1369 1861 1424 nobis.
1900 1364 2033 1421 Nam
2068 1364 2170 1418 sub

579 1453 748 1555 pedes
775 1475 925 1534 Pauli
951 1473 1258 1533 currebant,
1280 1468 1369 1537 qui
1392 1464 1638 1519 volebant
1662 1476 1780 1516 esse
1806 1457 1955 1514 Pauli
1978 1472 1995 1521 ;
2016 1462 2071 1511 ct
2088 1453 2171 1509 di-

576 1549 739 1631 cebat
777 1570 893 1626 eis:
926 1562 1191 1634 Numquid
1231 1558 1430 1614 Paulus
1476 1572 1567 1625 pro
1606 1554 1742 1608 vobis
1783 1549 2059 1618 cruciﬁxus
2098 1553 2174 1600 est

584 1664 632 1739 (1
660 1661 778 1719 Cor.
808 1676 846 1728 ι,
869 1658 1001 1728 1'5)?
1039 1653 1178 1723 Quid
1203 1667 1329 1722 ergo
1356 1647 1478 1702 hic?
1505 1645 1630 1716 quid
1655 1641 1921 1713 accepturi
1947 1634 2174 1693 sumus?

578 1729 810 1823 Subiecit
832 1750 996 1822 plebes
1016 1746 1177 1811 nobis,
1196 1752 1240 1797 et
1255 1750 1422 1814 gentes
1435 1738 1524 1793 sub
1538 1736 1746 1806 pedibus
1758 1732 1961 1787 nostris.
1975 1729 2176 1784 Omnes

577 1821 908 1921 pertinentes
926 1840 991 1894 ad
1010 1836 1373 1893 lncreditatem
1387 1831 1583 1888 Christi
1599 1830 1650 1883 in
1664 1828 1912 1883 omnibus
1924 1821 2171 1894 gentibus

576 1910 725 2004 sunt,
747 1943 805 1992 et
828 1948 1016 1990 omnes
1044 1944 1149 1984 non
1181 1926 1505 1997 pertinentes
1528 1919 1595 1976 ad
1626 1916 1988 1974 limreditatem
2016 1910 2173 1967 Chri-

577 2030 646 2085 sti
668 2003 721 2081 in
749 2024 994 2080 omnibus
1021 2018 1266 2092 gentibus
1297 2024 1420 2070 sunt
1448 2021 1535 2068 :ct
1558 2009 1746 2066 videtis
1774 2008 1849 2063 sic
1871 2003 2091 2060 exaltari
2121 2003 2174 2056 in

578 2119 797 2178 nomine
824 2115 1021 2172 Christi
1051 2109 1340 2168 Ecclesium
1368 2103 1601 2168 Christi,
1643 2111 1701 2157 ut
1730 2114 1914 2155 omnes
1942 2095 2175 2151 nondum

581 2211 869 2271 credentes
897 2210 949 2262 in
977 2205 1210 2269 Christo,
1239 2201 1339 2255 sub
1368 2197 1588 2268 pedibus
1612 2194 1825 2264 jaceant
1847 2186 2199 2244 Christiano-"

580 2321 727 2361 rum.
756 2299 948 2369 Quanti
963 2297 1105 2353 enim
1128 2293 1287 2348 modo
1307 2297 1527 2346 currunt
1547 2286 1611 2340 ad
1632 2283 1922 2340 Ecclesium
1943 2278 2177 2335 nondum

582 2391 861 2452 christiani
887 2432 901 2453 ,
942 2394 1129 2458 rogant
1165 2382 1420 2438 auxiliqu
1462 2377 1748 2438 Ecclesiae;
1779 2370 2049 2429 subveniri
2076 2369 2178 2427 sibi

585 2483 955 2557 tetnporalitcr
1000 2479 1202 2542 volunt,
1244 2472 1452 2529 etiamsi
1495 2471 1547 2525 in
1595 2478 1854 2525 aeternum
1901 2465 2177 2520 nobiscum

583 2554 814 2647 regnare
858 2572 1032 2628 adhuc
1076 2569 1284 2624 nolunt.
1327 2566 1461 2620 Cum
1510 2576 1697 2616 oinnes
1740 2568 1983 2629 quierunt
2020 2554 2178 2610 auxi-

585 2670 719 2727 lium
751 2664 1024 2727 Ecclesim,
1052 2671 1107 2716 et
1131 2660 1221 2731 qui
1254 2657 1489 2713 nondum
1516 2662 1641 2710 sunt
1675 2653 1727 2707 in
1754 2651 2011 2717 Ecclesia,
2046 2664 2179 2704 non-

586 2776 656 2817 ne
683 2758 891 2829 subjecit
917 2754 1081 2824 plebes
1101 2762 1146 2807 et
1166 2761 1334 2824 gentes
1362 2746 1452 2803 sub
1482 2744 1691 2817 pedibus
1714 2742 1940 2798 nostris?

659 2852 715 2907 6.
741 2849 892 2924 [νει-ε.
923 2844 1002 2919 5.]
1034 2845 1201 2916 Elegit
1230 2842 1371 2898 nobis
1401 2840 1743 2894 hwreditatem
1764 2852 1929 2898 suam,
1961 2833 2178 2904 speciem

584 2944 747 3002 Jacob
775 2958 924 3014 quam
948 2938 1145 2994 dilexit.
1195 2932 1650 2991 Pulchritudinem
1691 2928 1972 3000 quamdam
2011 2925 2179 2982 Jacob

587 3036 752 3107 elegit
796 3034 948 3088 nobis
991 3028 1353 3085 hmreditalem
1402 3040 1551 3079 suam
1601 3021 1788 3077 Jacob.
1837 3020 1950 3074 Duo
1989 3016 2178 3072 fratres

588 3139 746 3186 erant
783 3128 925 3182 Esait
956 3134 1009 3179 et
1040 3120 1233 3188 Jacob;
1263 3120 1317 3175 in
1346 3129 1495 3174 utero
1532 3117 1718 3172 matris
1742 3114 1898 3169 ambo
1922 3111 2178 3183 conﬂige-

589 3222 740 3288 bant,
773 3228 828 3274 et
860 3217 928 3272 de
970 3216 1218 3270 conﬂictu
1249 3213 1451 3267 viscera
1490 3219 1729 3263 materna
1757 3205 2131 3276 quatiebantur
2162 3221 2176 3258 :

588 3328 646 3371 ct
675 3315 744 3369 ibi
774 3329 892 3368 cum
945 3310 1050 3365 dno
1080 3315 1294 3371 essent,
1323 3305 1525 3360 electus
1553 3311 1635 3359 est
1663 3301 1857 3362 minor,
1889 3306 1943 3353 et
1974 3311 2181 3368 pracpo-

591 3409 729 3464 situs
755 3414 838 3460 est
864 3399 1074 3473 majori,
1102 3410 1158 3455 ct
1184 3398 1382 3454 dictum
1425 3404 1509 3453 est
1533 3436 1547 3460 ,
1588 3394 1702 3447 Duo
1748 3390 1926 3462 populi
1973 3398 2087 3442 sunt
2126 3396 2181 3442 tn

592 3514 737 3555 utero
761 3505 869 3565 tuo,
897 3503 944 3550 et
970 3492 1132 3562 major
1149 3490 1326 3544 serviet
1352 3486 1535 3541 minori
1559 3483 1579 3558 (
1602 3483 1729 3539 Gen.
1765 3498 1886 3545 xxv,
1918 3480 2048 3552 9.3).
2079 3480 2182 3535 Per

594 3606 782 3646 omnes
820 3598 1005 3653 gentes
1042 3583 1233 3653 major,
1267 3596 1361 3652 per
1386 3592 1575 3635 omnes
1616 3584 1801 3647 gentes
1845 3574 2057 3628 minor:
2086 3571 2182 3627 scd

594 3682 770 3737 minor
815 3678 866 3733 in
917 3675 1069 3731 bouis
1115 3671 1457 3735 cliristianis,
1494 3668 1711 3731 electis,
1744 3665 1879 3735 piis,
1908 3661 2178 3729 ﬁdelibus;

597 3773 768 3841 major
797 3770 847 3823 in
879 3766 1140 3838 superbis,
1166 3762 1416 3833 indignis,
1436 3758 1827 3830 peccatoribus,
1852 3754 2180 3811 contumaci-

598 3863 718 3927 bus,
742 3875 836 3914 sua
868 3864 1081 3927 peccata
1108 3851 1515 3910 defendentibus
1539 3849 1707 3919 magis
1737 3862 1894 3918 quam
1923 3845 2182 3901 conﬁten-

603 3957 770 4017 tibus;
797 3952 968 4023 qualis
993 3949 1151 4004 ctiam
1176 3947 1289 4018 ipse
1316 3944 1541 4016 populus
1563 3941 1865 4001 Iudaeorum
1896 3939 2008 4003 fuit,
2036 3938 2184 4009 igno-

598 4063 723 4104 rans
756 4044 849 4101 Dei
874 4042 1156 4113 justitiam,
1188 4047 1241 4094 et
1262 4053 1412 4094 suam
1441 4034 1625 4089 volens
1651 4032 1971 4087 constituere
2001 4027 2179 4099 (Rom.

599 4156 653 4204 ι,
688 4139 765 4208 5).
797 4135 901 4192 Sed
932 4134 1054 4204 quia
1082 4131 1279 4186 dictum
1307 4137 1408 4194 est,
1439 4126 1607 4196 Major
1632 4122 1808 4178 serviet
1835 4121 2036 4186 minori,
2066 4134 2181 4174 ma-

601 4232 849 4287 nifestum
879 4225 1104 4296 estquia
1141 4224 1239 4293 piis
1276 4220 1568 4276 subdentur
1604 4216 1782 4285 impii,
1814 4224 1869 4269 et
1898 4213 2185 4268 humilibus

602 4322 897 4380 subdentur
922 4317 1154 4388 superbi.
1197 4315 1347 4370 Prior
1371 4321 1523 4366 natus
1549 4318 1630 4364 est
1655 4308 1816 4369 Esau,
1844 4317 1897 4360 et
1924 4306 2185 4375 posterior

603 4427 759 4473 natus
784 4425 863 4470 cst
889 4410 1052 4468 Jacub
1084 4427 1098 4463 :
1129 4408 1220 4464 sed
1248 4407 1337 4477 qui
1364 4402 1631 4475 posterius
1656 4408 1808 4455 natus
1834 4406 1915 4452 cst
1935 4439 1950 4464 ,
1993 4396 2186 4466 prada-

604 4518 691 4565 tus
710 4518 793 4564 est
819 4507 987 4577 primo
1021 4493 1165 4567 nato,
1194 4499 1283 4571 qui
1321 4513 1416 4569 per
1451 4494 1630 4567 gulam
1663 4490 1891 4562 perdidit
1918 4491 2185 4561 primoge-

605 4602 714 4655 nita
742 4612 853 4653 sua.
886 4596 973 4651 Sic
1004 4594 1166 4647 habes
1192 4590 1451 4658 scriptum
1486 4604 1499 4640 :
1532 4582 1849 4639 Desideravit
1875 4581 2184 4648 lenticulam,

605 4704 654 4749 et
682 4692 753 4746 ait
782 4688 858 4744 illi
884 4687 1041 4757 frater
1070 4684 1199 4755 ejus,
1223 4681 1283 4738 Si
1311 4682 1383 4736 vis
1412 4689 1467 4734 ut
1489 4678 1602 4734 dem
1624 4675 1731 4742 tibi,
1754 4676 1821 4729 da
1849 4676 1972 4729 mihi
1998 4675 2189 4747 printe-

604 4784 775 4860 genita
806 4790 910 4834 tua.
941 4778 1035 4833 Ille
1060 4776 1177 4847 plus
1200 4775 1396 4830 amavit
1422 4771 1565 4844 quod
1591 4769 1875 4827 carnaliter
1901 4768 2187 4839 concupie-

603 4886 710 4946 rat,
730 4890 885 4946 quam
908 4871 1046 4942 quod
1069 4867 1410 4942 spiritualiter
1430 4866 1576 4937 prius
1596 4862 1866 4920 nascendo
1882 4870 2148 4918 meruerat
2171 4879 2186 4917 :

605 4981 660 5026 ct
694 4966 938 5037 deposuit
977 4962 1323 5032 primogenita
1362 4974 1481 5026 sua,
1510 4967 1567 5012 ut
1592 4955 1935 5012 manducaret
1960 4956 2188 5011 lenticu-

606 5063 711 5116 lam
741 5057 894 5129 (Gen.
924 5071 1047 5119 xxv,
1076 5053 1285 5123 30-54).
1332 5050 1659 5106 Lenticulam
1688 5057 1862 5104 autem
1890 5047 2189 5102 invenimus

606 5152 783 5208 cibum
804 5162 922 5204 esse
942 5145 1337 5216 Aigyptiorum;
1365 5159 1482 5195 nam
1510 5141 1578 5195 ibi
1606 5138 1836 5195 abundat
1861 5139 1913 5193 in
1936 5137 2188 5209 Egyplo.

609 5242 763 5300 Unde
814 5239 1181 5309 n‘iagnilicatur
1232 5234 1476 5289 lenticula
1525 5230 1900 5296 alexandrina,
1946 5238 2000 5283 ct
2047 5229 2194 5284 venit

611 5350 779 5406 usque
818 5332 882 5385 ad
922 5341 1089 5385 terras
1122 5337 1348 5391 nostras,
1380 5326 1526 5395 quasi
1557 5325 1642 5378 hic
1671 5336 1775 5377 non
1807 5330 2052 5377 nascatur
2077 5323 2191 5378 len-

614 5426 792 5481 ticula.
838 5423 980 5493 Ergo
1017 5419 1370 5475 desiderando
1399 5418 1573 5473 cibum
1612 5416 1895 5486 argyptium
1918 5456 1933 5480 ,
1968 5414 2194 5482 perdidit

613 5519 919 5587 primatum.
952 5512 1039 5567 Sic
1068 5520 1123 5565 et
1151 5511 1373 5581 populus
1400 5508 1730 5573 Judmoruni,
1761 5506 1828 5560 de
1864 5523 1966 5574 quo
1992 5507 2189 5561 dicttnn

612 5620 713 5673 est,
744 5604 976 5662 Conversi
1014 5612 1128 5656 sunt
1167 5601 1316 5656 corde
1348 5601 1400 5652 in
1432 5598 1718 5668 .Egyplum
1752 5598 1767 5666 (
1797 5599 1906 5650 Act.
1942 5613 2031 5658 vn,
2060 5597 2189 5670 '59),

678 5720 795 5788 {sic
819 5716 935 5766 edit.
959 5721 1033 5784 fa".
1059 5714 1143 5785 cui.
1170 5714 1481 5788 censentium
1526 5709 1693 5788 plures
1723 5716 1836 5779 _.\tss.
1880 5717 1933 5759 At
1949 5716 2085 5780 tum,
2110 5712 2194 5761 sed

614 5778 769 5844 pretio
800 5773 1045 5841 sanguinis
1068 5775 1160 5825 sui.
1196 5782 1295 5823 Duo
1324 5782 1425 5822 \zss.
1448 5807 1461 5832 ,
1495 5773 1578 5821 sed
1610 5771 1759 5834 pulit:
1794 5788 1810 5819 ~:
1845 5785 1906 5833 ny;
1942 5771 2034 5822 l'ilS
2058 5772 2194 5835 ιῖγπίὶς

1789 337 1847 392 S.
1883 326 2248 391 AUGUSTlNl
2288 326 2593 385 EPISCOPI

2272 442 2580 499 lenticulam
2622 439 3016 513 quodammodo
3059 443 3497 518 desideraverunt,
3532 460 3581 509 et
3612 459 3758 528 prim.

2274 543 2383 589 tum
2408 532 2776 604 perdiderunt.
2817 531 2985 606 Elegit
3009 534 3151 590 nobis
3188 536 3512 595 hereditatem
3535 561 3763 626 εκωιιημ,

2272 627 2399 681 ciem
2423 626 2586 682 Iacob
2613 642 2765 699 quam
2784 626 2982 682 dilexit.

2346 720 2402 776 7.
2429 718 2580 794 [rem
2611 718 2690 793 6.]
2719 720 2955 776 Ascendit
2988 717 3127 777 Deus
3162 721 3217 777 in
3240 721 3549 795 jubilatione.
3589 725 3681 799 Ipse
3707 735 3766 794 ille

2273 815 2416 871 Deus
2442 824 2624 871 noster
2654 814 2910 869 Dominus
2937 812 3178 870 Christus
3208 818 3430 872 ascendit
3455 818 3506 873 in
3520 820 3767 890 jubilaliose.

2276 907 2525 963 Dominus
2540 908 2592 963 in
2612 924 2732 962 uoce
2754 904 2906 963 tuba.
2932 905 3170 962 Ascendit
3188 922 3353 980 :iquo,
3376 908 3472 965 nisi
3495 927 3586 982 quo
3603 916 3771 974 Scimus?

2273 998 2393 1066 Quo
2418 1014 2540 1056 cum
2569 997 2738 1055 Judaei
2764 1015 2872 1054 non
2901 1008 3025 1055 sunt
3048 999 3239 1065 secuti,
3268 1014 3370 1056 nec
3393 1001 3568 1057 oculis.
3595 1004 3645 1060 lu
3665 1023 3774 1066 cruce

2275 1093 2418 1149 enim
2464 1091 2756 1148 exaltatum
2806 1091 3119 1160 irriseruut,
3154 1092 3209 1149 in
3248 1092 3444 1149 caelum
3479 1098 3776 1159 ascendentem

2275 1202 2383 1241 non
2407 1186 2672 1243 viderunt.
2704 1184 2942 1241 Ascendit
2969 1185 3111 1242 Deus
3148 1186 3202 1242 in
3233 1187 3552 1258 jubilatione.
3587 1193 3697 1258 Quid
3724 1208 3779 1253 est

2270 1277 2537 1349 jubilatio,
2568 1279 2668 1334 nisi
2690 1277 2972 1335 admiratio
2998 1277 3201 1351 gaudii,
3219 1295 3341 1351 quas
3365 1280 3534 1337 verbis
3554 1296 3644 1339 non
3662 1295 3779 1356 potest

2277 1370 2571 1442 explicari?
2619 1370 2898 1438 Quomodo
2938 1370 3184 1427 admirati
3225 1380 3352 1428 sunt
3381 1372 3648 1444 gaudentes
3670 1377 3778 1434 disci-

2276 1463 2406 1535 puli,
2426 1462 2665 1519 videntes
2689 1463 2765 1519 ire
2781 1462 2834 1518 in
2854 1462 3049 1520 celum
3072 1461 3210 1537 (Act.
3230 1477 3269 1529 ι,
3292 1462 3351 1536 9)
3367 1479 3518 1535 quem
3539 1466 3781 1535 planxerunt

2277 1564 2546 1612 mortuum
2573 1573 2586 1609 :
2614 1570 2795 1611 revera
2826 1553 3018 1626 gaudio
3040 1554 3162 1611 huic
3189 1555 3353 1612 verba
3379 1572 3482 1613 non
3502 1556 3781 1627 sufﬁciebant,

2279 1646 2513 1703 restabat
2535 1645 2765 1716 jubilare
2811 1644 2953 1717 quod
3001 1661 3159 1702 nemo
3205 1657 3419 1718 poterat
3459 1650 3707 1719 explicare.
3736 1651 3781 1709 lbi

2278 1752 2392 1799 erat
2421 1751 2477 1797 et
2502 1755 2608 1795 vos
2648 1739 2820 1805 tubae,
2861 1739 3103 1809 vexilla
3152 1740 3495 1812 Angelorum.
3543 1742 3782 1799 Dictumest

2278 1836 2421 1890 enim
2441 1875 2456 1897 ,
2484 1833 2630 1889 Sicut
2668 1830 2785 1886 tuba
2817 1833 2987 1887 exulta
3013 1847 3182 1888 uocem
3215 1841 3354 1886 tuam
3391 1832 3554 1904 (lsai.
3580 1850 3700 1904 ινιιι,
3722 1835 3779 1909 1).

2279 1924 2711 1981 Pnedicaverunt
2736 1925 2923 1996 Angeli
2950 1926 3317 1981 ascensionem
3346 1926 3553 1983 Domini
3579 1946 3590 1982 :
3612 1929 3782 1986 viderunt

2278 2018 2569 2089 discipulos
2584 2017 2905 2074 ascendente
2927 2017 3154 2074 Domino
3173 2019 3188 2050 ¹
3212 2017 3500 2088 haerentes,
3519 2019 3781 2087 admirantes,

2280 2120 2576 2179 stupentes,
2600 2110 2729 2164 nihil
2751 2108 3012 2176 dicentes,
3036 2109 3132 2166 sed
3159 2110 3323 2168 corde
3337 2112 3618 2182 jubilantes
3636 2131 3651 2169 :
3667 2124 3781 2171 emt

2276 2201 2385 2272 jam
2413 2200 2551 2257 tubae
2579 2201 2631 2256 in
2661 2202 2804 2257 clara
2828 2218 2959 2258 voce
2980 2202 3329 2275 Angelorum,
3376 2203 3483 2259 Viri
3503 2204 3785 2279 Galilei,un

2279 2294 2464 2349 statis?
2497 2293 2596 2348 Hic
2622 2304 2697 2349 est
2733 2293 2908 2351 Iesus.
2946 2297 3109 2364 Quasi
3138 2296 3214 2353 illi
3243 2313 3353 2353 nou
3385 2298 3578 2355 scirent
3595 2301 3694 2371 quia
3715 2301 3786 2373 ipse

2281 2388 2423 2434 esset
2450 2377 2627 2434 Jesus.
2675 2381 2813 2436 Ante
2850 2395 2911 2436 se
2958 2380 3114 2451 paulo
3156 2390 3280 2437 ante
3309 2398 3434 2437 eum
3465 2400 3565 2439 non
3586 2384 3786 2441 viderant?

2280 2484 2461 2525 secum
2492 2471 2794 2542 loquentem
2823 2486 2928 2527 non
2953 2470 3268 2530 audierant?
3311 2473 3512 2546 Nempe
3550 2491 3642 2532 non
3670 2477 3784 2533 solum

2281 2564 2511 2635 speciem
2542 2564 2791 2620 viderunt
2830 2566 3142 2638 praesentis,
3188 2567 3283 2622 scd
3309 2576 3367 2623 et
3397 2567 3621 2624 membra
3642 2577 3786 2625 ωιιικ·

2279 2663 2557 2711 ctaverunt
2581 2654 2745 2729 (Luc.
2777 2672 2920 2723 xxiv,
2948 2656 3019 2715 59
3037 2656 3080 2729 ).
3109 2656 3213 2729 Ipsi
3240 2673 3373 2730 ergo
3402 2659 3683 2717 nesciebant
3697 2661 3785 2731 quod

2280 2748 2369 2805 ille
2408 2757 2550 2805 esset
2588 2747 2779 2804 Iesus?
2820 2747 2927 2806 Sed
2971 2748 3326 2806 admiratione
3369 2749 3485 2821 ipsa
3528 2766 3627 2820 pra:
3659 2749 3786 2822 gaudio

2275 2839 2623 2911 jubilationis,
2651 2849 2899 2912 tanquam
2929 2851 3109 2896 mente
3141 2841 3423 2910 alienatis,
3452 2843 3704 2914 loquuntur
3720 2844 3787 2897 An-

2280 2936 2405 3006 geli,
2437 2935 2559 3007 Ipse
2578 2946 2649 2993 est
2667 2935 2840 2992 Iesus.
2870 2937 3055 3007 Quasi,
3085 2938 3142 2994 Si
3170 2937 3394 2995 creditis
3419 2939 3516 3007 illi,
3542 2940 3626 2996 ille
3646 2947 3788 3008 esth

2280 3031 2535 3086 crucilixo
2551 3038 2871 3087 notaverunt
2891 3030 3040 3087 vobis
3057 3030 3246 3102 pedes,
3266 3048 3379 3104 quo
3396 3032 3569 3089 occiso
3585 3040 3633 3089 et
3647 3030 3789 3100 sepulto

2281 3137 2431 3193 spem
2453 3122 2604 3178 vobis
2632 3121 2929 3193 perdidisse
2955 3121 3238 3193 putabitis;
3282 3138 3414 3180 ecce
3448 3124 3559 3195 ipse
3580 3132 3652 3179 est
3667 3121 3787 3178 Jesus.

2282 3214 2534 3271 Ascendit
2556 3222 2679 3269 ante
2702 3222 2828 3280 vos;
2855 3214 2929 3269 sic
2960 3215 3119 3270 ueniet
3144 3214 3566 3286 quemadmodum
3585 3231 3681 3270 eum
3704 3212 3791 3268 tide-

2283 3312 2346 3366 tis
2372 3321 2571 3366 euntem
2591 3308 2645 3364 in
2671 3308 2851 3364 caelum
2880 3305 3018 3382 (Act.
3049 3325 3089 3376 ι,
3118 3307 3207 3381 Η)
3235 3327 3250 3365 :
3282 3310 3487 3367 tollitur
3508 3308 3694 3380 quidem
3711 3321 3790 3361 cor-

2283 3420 2385 3476 pus
2411 3404 2480 3459 ab
2501 3404 2671 3460 oculis
2699 3404 2892 3461 vestris
2915 3444 2932 3471 ,
2958 3402 3054 3460 sed
3080 3419 3187 3460 non
3210 3414 3494 3476 separatur
3520 3405 3647 3462 Deus
3666 3419 3693 3458 ι
3712 3417 3789 3459 eor-

2284 3496 2442 3552 dibus
2462 3495 2651 3552 vestris
2683 3513 2697 3550 :
2728 3495 2905 3553 videte
2926 3495 3327 3564 ascendentem,
3357 3497 3559 3555 credite
3583 3498 3628 3552 in
3653 3494 3787 3552 absen-

2287 3596 2393 3645 tem
2411 3597 2643 3658 ,sperate
2664 3587 2997 3654 venientem;
3025 3586 3120 3644 sed
3137 3596 3314 3644 tamen
3340 3604 3438 3660 per
3453 3585 3786 3645 misericordiam

2284 3678 2549 3738 occultam
2596 3678 2759 3735 etiam
2802 3678 2997 3736 sentite
3047 3689 3391 3750 prmseutem.
3454 3680 3544 3736 ille
3590 3676 3707 3734 enim
3734 3672 3785 3745 qui

2286 3772 2525 3829 ascendit
2570 3773 2623 3827 in
2661 3772 2877 3837 caelum,
2923 3781 2981 3827 ut
3030 3771 3311 3830 tolleretur
3352 3774 3423 3831 ab
3461 3772 3619 3830 oculis
3640 3767 3785 3832 vestri.

2289 3863 2532 3934 promisit
2556 3862 2704 3919 vobis
2729 3862 2914 3920 dicens
2944 3880 2958 3917 :
2987 3860 3124 3919 Ecce
3154 3881 3246 3936 ego
3284 3866 3536 3922 uobiscum
3563 3880 3662 3919 sum
3686 3873 3787 3928 siqu

2284 3956 2339 4009 in
2365 3954 2843 4010 consummationem
2864 3954 3040 4009 saeculi
3071 3954 3282 4028 (Matth.
3317 3972 3502 4020 xxvnt.
3530 3954 3633 4028 20).
3659 3952 3786 4010 Merito

2286 4057 2342 4103 et
2360 4046 2644 4117 Apostolus
2668 4046 2746 4101 sic
2772 4061 2868 4102 nos
2895 4046 3267 4116 alloquebatur
3292 4065 3308 4103 :
3335 4048 3581 4105 Dominus
3603 4048 3647 4102 in
3666 4043 3786 4117 proa-

2287 4154 2369 4193 mo
2390 4146 2483 4202 est,
2514 4136 2643 4193 nihil
2668 4136 2874 4193 solliciti
2897 4138 3094 4209 fueritis
3122 4136 3384 4211 (Philipp.
3416 4157 3486 4208 tv,
3510 4141 3563 4207 5,
3586 4138 3656 4211 6).
3678 4133 3788 4193 Sedet

2287 4247 2449 4302 super
2471 4232 2636 4288 crelos
2664 4229 2939 4298 Christus,
2970 4238 3025 4287 et
3052 4230 3209 4303 longe
3232 4241 3359 4289 sunt
3384 4234 3526 4301 caeli,
3550 4242 3600 4289 et
3622 4223 3787 4301 ipsequi

2287 4324 2361 4381 ibi
2395 4324 2547 4381 sedet
2576 4339 2741 4396 prope
2776 4332 2879 4380 est.
2911 4322 3156 4380 Dominus
3180 4326 3235 4380 in
3262 4342 3381 4383 uoce
3415 4326 3558 4384 tuba.
3596 4324 3710 4394 Ergo
3726 4334 3785 4375 vos

2288 4416 2383 4472 lilii
2422 4416 2580 4482 Core,
2609 4416 2718 4485 jam
2760 4415 2805 4470 si
2854 4415 3191 4472 intellexistis
3220 4432 3314 4473 vos
3339 4459 3356 4486 ,
3403 4428 3459 4474 et
3500 4409 3786 4489 inspicitishic

2289 4523 2407 4572 vos,
2435 4515 2491 4562 et
2519 4522 2612 4560 vos
2635 4505 2896 4578 gaudetis,
2923 4506 3044 4578 quia
3073 4505 3264 4563 videtis
3286 4507 3378 4564 hic
3402 4525 3513 4565 vos.

2360 4598 2415 4655 8.
2445 4596 2594 4671 [vers.
2628 4595 2704 4670 7.]
2731 4595 2947 4653 Psallite
2973 4596 3081 4654 Deo
3100 4610 3292 4669 nostra,
3313 4600 3527 4673 psallite.
3553 4597 3691 4669 Quem
3706 4601 3781 4647 tan-

2291 4705 2449 4762 quam
2479 4688 2748 4745 hominem
2784 4688 3063 4745 irriserunt
3110 4691 3200 4762 qui
3246 4707 3278 4747 a
3327 4693 3435 4750 Deo
3470 4688 3657 4748 alienati
3686 4690 3778 4746 sum.

2292 4783 2495 4857 psallite
2533 4781 2642 4838 Deo
2686 4793 2877 4839 nostra.
2919 4782 3036 4839 Non
3073 4784 3216 4840 enim
3247 4785 3409 4843 homo
3432 4793 3635 4850 tantum,
3658 4777 3725 4834 sed
3749 4780 3780 4826 cl

2292 4877 2452 4933 Deus.
2489 4874 2658 4930 Homo
2686 4890 2751 4931 ex
2778 4874 2982 4931 semine
3013 4875 3177 4932 David
3208 4876 3384 4951 (Rom.
3411 4895 3460 4947 ι,
3480 4875 3553 4950 3),
3582 4876 3691 4931 Deus
3712 4869 3777 4923 Do'

2293 4968 2472 5024 minus
2501 4965 2684 5033 David,
2703 4980 2769 5022 es
2790 4965 2991 5022 Iudaeis
3016 4982 3231 5023 carnem
3260 4968 3465 5025 habens
3488 4987 3503 5025 :
3525 4978 3700 5038 quorum
3716 4973 3777 5028 ρα-

2295 5071 2415 5129 tres,
2438 5060 2510 5115 ait
2534 5059 2838 5131 Apostolus,
2866 5069 2913 5113 et
2936 5076 2999 5113 ea:
3015 5059 3193 5129 quibus
3216 5059 3441 5117 Christus
3463 5056 3690 5117 secundum
3706 5064 3776 5105 w-

2296 5169 2428 5207 nem.
2457 5151 2534 5206 Ex
2556 5149 2754 5205 iudicis
2777 5165 2905 5220 ergo
2927 5150 3192 5220 Christus,
3211 5152 3303 5207 sed
3325 5151 3594 5208 secundum
3612 5154 3774 5203 carnem.

2296 5242 2427 5310 Quis
2446 5251 2623 5297 autem
2646 5242 2746 5298 iste
2765 5241 3030 5306 Christus,
3052 5242 3141 5313 qui
3162 5255 3245 5299 est
3267 5259 3331 5299 ex
3355 5243 3545 5301 Iudicis
3566 5232 3776 5296 secundum

2296 5334 2546 5392 carnem?
2574 5334 2673 5402 Qui
2692 5344 2763 5389 est
2791 5351 2944 5406 super
2962 5335 3131 5389 omnia
3161 5335 3295 5391 Deus
3313 5336 3580 5392 benedictus
3597 5332 3639 5384 in
3652 5319 3775 5382 seru“

2303 5427 2321 5499 (
2345 5426 2431 5481 Id.
2461 5442 2532 5493 ix,
2556 5426 2652 5497 5).
2694 5425 2834 5482 Deus
2859 5434 2983 5482 ante
3007 5441 3242 5493 carnem,
3273 5425 3411 5484 Deus
3439 5428 3487 5482 in
3517 5435 3664 5483 carne,
3687 5417 3775 5470 Deus

2298 5538 2420 5578 cum
2446 5536 2629 5577 carne.
2670 5519 2781 5577 Nec
2823 5520 2996 5576 solum
3028 5529 3152 5577 ante
3187 5536 3403 5578 carnem
3429 5521 3572 5584 Deus,
3597 5510 3668 5570 sed
3695 5513 3773 5561 ουκ

2302 5626 2492 5670 terram
2525 5614 2659 5667 Deus
2683 5654 2697 5679 ,
2742 5612 2881 5666 unde
2918 5611 3051 5666 facta
3094 5621 3177 5668 est
3214 5626 3370 5679 caro;
3399 5625 3492 5669 nec
3515 5615 3677 5664 tantum
3695 5602 3772 5650 8an

2304 5849 2313 5879 ἓ
2366 5774 2583 5821 iNovem
2623 5777 2726 5819 Mss.
2748 5805 2763 5831 ,
2804 5771 3025 5821 viderunt
3065 5770 3290 5834 discipuli
3327 5765 3626 5823 αεσεηᾱαιιαθι
3658 5758 3769 5808 Μ

2318 5849 2430 5879 “un.

2318 5849 2430 5883 ειυη.
