3942 6460
54 2854 99 3039 Li

228 371 336 453 ‘29

221 520 423 568 terram
451 510 611 574 Deus,
643 509 786 564 unde
813 523 938 566 caro
960 509 1093 564 facta
1120 518 1223 574 est,
1251 510 1343 566 sed
1365 510 1525 566 etiam
1550 519 1673 565 ante
1700 523 1812 566 cm-

214 601 333 658 lum
357 601 527 668 Deus,
556 600 699 673 quod
728 599 871 671 prius
891 599 1083 657 factum
1109 610 1222 668 est;
1245 610 1366 656 ante
1391 601 1531 656 diem
1560 602 1699 659 Deus
1721 602 1811 674 qui

212 693 432 764 primus
468 691 642 748 Iactus
676 701 786 755 est;
833 702 959 748 ante
1002 706 1192 748 omnes
1238 693 1468 765 Angelos
1507 693 1666 759 Deus,
1696 694 1811 763 ipse

208 783 470 840 Christus
509 784 649 840 Deus
679 801 693 836 :
722 784 972 854 quoniam
1016 783 1070 838 in
1112 784 1371 856 principio
1398 794 1513 840 erat
1538 785 1807 858 Verbum,

209 887 268 935 et
298 876 538 933 Verbum
578 884 693 932 erat
727 874 869 944 apud
908 876 1095 941 Deum,
1123 887 1179 932 et
1220 878 1358 933 Deus
1388 888 1504 933 erat
1528 879 1759 936 Verbum
1791 899 1806 935 :

213 973 402 1029 omnia
433 986 528 1042 per
553 971 725 1041 ipsum
765 968 898 1025 facta
928 978 1071 1035 sunt,
1097 978 1151 1026 et
1187 970 1303 1025 sine
1336 971 1451 1041 ipso
1492 970 1685 1027 metum
1725 982 1809 1028 est

209 1063 350 1121 nihil
384 1059 579 1132 (Joan.
610 1077 650 1125 ι,
686 1061 782 1116 1-5
802 1057 845 1134 ).
894 1060 986 1117 Ille
1024 1069 1107 1117 est
1132 1069 1255 1116 ante
1282 1062 1456 1116 omnia
1476 1103 1493 1128 ,
1519 1077 1617 1133 per
1649 1080 1806 1133 quem

209 1156 359 1211 facta
409 1163 533 1211 sunt
573 1151 776 1209 omnia.
820 1149 1038 1208 Psallite
1081 1167 1209 1224 ergo
1263 1152 1372 1208 Deo
1414 1166 1586 1208 nostro
1608 1195 1624 1222 ,
1664 1156 1804 1227 psal-

208 1248 306 1306 lite
324 1244 427 1317 (τι).

282 1338 341 1395 9.
374 1336 523 1411 [vers.
552 1334 631 1410 8.]
662 1336 915 1405 Quoniam
955 1353 1047 1392 rea:
1080 1339 1242 1393 onmis
1282 1348 1430 1395 terra:
1473 1339 1631 1396 Deus.
1666 1341 1803 1410 Quid

201 1430 359 1484 enim
378 1427 405 1481 ?
431 1426 502 1484 Et
527 1436 672 1495 ante,
699 1443 804 1483 non
828 1428 1003 1484 omnis
1022 1436 1182 1485 terra:
1202 1429 1378 1486 Deus?
1404 1429 1592 1488 Nonne
1609 1441 1663 1487 et
1682 1436 1803 1490 coeli

203 1531 264 1577 et
281 1531 445 1577 terra:
460 1519 621 1585 Deus,
645 1534 765 1575 cum
788 1520 970 1591 utique
987 1535 1085 1592 per
1106 1520 1254 1577 illum
1284 1521 1418 1578 facta
1443 1532 1567 1579 sunt
1586 1529 1804 1580 omnia?

202 1615 346 1686 Quis
391 1623 572 1685 posset
604 1613 783 1671 dicere
827 1629 932 1671 non
976 1628 1096 1670 esse
1139 1615 1304 1672 Deum
1348 1619 1536 1673 suum?
1563 1619 1667 1675 Sed
1698 1636 1803 1675 non

204 1724 406 1764 omnes
430 1707 673 1764 homines
694 1718 1023 1779 agnoverunt
1041 1710 1208 1766 Deum
1230 1727 1385 1767 suum
1404 1730 1418 1775 ;
1448 1722 1502 1767 et
1530 1714 1620 1770 ubi
1647 1729 1805 1786 agno-

204 1801 485 1866 scebatur,
511 1800 661 1872 quasi
689 1801 759 1855 ibi
787 1809 989 1856 tantum
1013 1800 1156 1858 Deus
1177 1811 1314 1857 erat.
1341 1802 1511 1860 Notus
1539 1806 1591 1861 in
1618 1806 1799 1863 .ludtea

207 1893 359 1948 Deus
383 1890 557 1963 (Psal.
587 1907 746 1960 Lxxv,
773 1892 834 1964 2)
862 1909 877 1945 :
907 1892 1141 1949 nondum
1173 1895 1296 1950 Iiliis
1322 1894 1461 1952 Core
1488 1896 1798 1967 dicebatur,

211 1982 407 2039 Omnes
440 1992 631 2055 gentes,
671 1984 898 2055 plaudite
915 1985 1162 2041 manibus.
1190 1985 1286 2042 Ille
1308 1986 1452 2043 enim
1477 1988 1615 2045 Deus
1643 1998 1802 2046 notus

208 2073 264 2128 in
294 2072 503 2139 Judaea.
525 2089 619 2130 res
651 2074 826 2131 omnis
853 2083 1010 2132 terra:
1036 2076 1177 2132 Deus
1197 2086 1299 2134 est.
1328 2077 1446 2134 Jam
1472 2078 1542 2135 ab
1555 2082 1801 2137 omnibus

208 2165 540 2235 agnoscitur,
569 2166 692 2237 quia
722 2165 995 2237 impletum
1017 2178 1102 2224 est
1129 2169 1268 2239 quod
1303 2169 1433 2226 dicit
1457 2170 1653 2239 lsaias,
1680 2170 1802 2244 Ipse

211 2254 354 2311 Deus
383 2264 500 2311 tuus
528 2256 618 2327 qui
643 2256 770 2311 eruit
799 2266 873 2323 te,
911 2256 1157 2314 universae
1186 2267 1333 2315 terra
1374 2260 1512 2317 Deus
1544 2262 1800 2319 vocabitur

212 2348 369 2421 (Isai.
393 2365 500 2417 uv,
528 2349 609 2425 5).
644 2351 895 2417 Quoniam
922 2368 1014 2408 rea:
1038 2354 1201 2409 omnis
1224 2364 1369 2410 teme
1398 2355 1534 2411 Deus
1561 2372 1580 2411 :
1601 2357 1801 2428 psallite

213 2445 566 2518 intelligenter.
604 2445 772 2500 Docet
808 2459 907 2500 nos
940 2454 995 2502 et
1022 2446 1271 2502 admonet
1302 2462 1400 2504 nos
1430 2456 1488 2502 ut
1512 2449 1798 2519 psallamus

217 2535 608 2609 intelligenter:
638 2551 743 2592 non
772 2550 1073 2607 qureramus
1095 2552 1284 2592 sonum
1311 2538 1476 2604 auris,
1504 2539 1595 2595 sed
1615 2540 1799 2597 lumen

222 2626 409 2684 cordis.
449 2625 682 2692 Psallite,
707 2627 897 2697 inquit,
925 2627 1271 2699 intelligenter.
1300 2628 1520 2698 Gentes,
1543 2631 1683 2687 unde
1700 2648 1799 2687 vo-

226 2717 322 2774 cati
346 2717 475 2775 cetis
499 2728 556 2774 ut
587 2718 863 2774 christiani
889 2719 1098 2785 essetis,
1128 2720 1422 2775 adorabaut
1465 2721 1594 2777 deos
1637 2739 1799 2779 manu

230 2809 404 2879 Iactes,
433 2820 489 2869 et
528 2810 827 2882 psallebant
871 2810 1013 2878 illis;
1058 2811 1151 2866 sed
1179 2827 1283 2867 non
1317 2813 1694 2884 intelligenter.
1739 2817 1798 2872 Si

232 2901 571 2975 lntelligentcr
587 2910 882 2967 cantarent,
898 2901 1105 2973 lapides
1122 2919 1226 2959 non
1244 2902 1547 2961 adorarent.
1574 2905 1799 2975 Quando

234 2991 377 3052 homo
423 3003 669 3052 sensatus
708 2994 957 3051 cantabat
998 2994 1158 3067 lapidi
1202 2996 1491 3062 inseusato,
1541 3000 1795 3072 numquid

233 3087 569 3160 intelligenter
594 3088 887 3145 cantabat?
912 3087 1070 3146 Modo
1097 3098 1296 3159 autem,
1325 3092 1544 3158 fratres,
1577 3106 1683 3148 non
1710 3092 1795 3149 vi-

126 3198 153 3273 }
237 3179 402 3237 demus
444 3182 612 3238 oculis
648 3196 806 3252 quem
846 3180 1155 3251 adoramus,
1205 3192 1260 3237 et
1305 3193 1479 3238 tamen
1518 3184 1793 3242 correcti‘

120 3316 171 3535 l

32 3568 155 3677 _:

32 3730 85 3765 ε-

32 3830 119 3861 με

54 3998 121 4033 ‘5'!

62 4030 139 4045 ,ἳᾙ

144 3284 157 3346 ί
241 3272 513 3330 adoramus.
558 3273 721 3329 Multo
763 3275 933 3344 magis
971 3274 1125 3330 nobis
1153 3274 1292 3331 Deus
1321 3278 1729 3335 commendatur
1746 3281 1790 3346 ²,

245 3367 345 3437 quia
369 3382 482 3424 eum
513 3368 681 3424 oculis
711 3382 816 3423 non
848 3367 1107 3423 videmus.
1139 3368 1194 3423 Si
1223 3383 1343 3424 eum
1381 3371 1550 3427 oculis
1574 3371 1790 3427 videre-

246 3473 369 3522 mus.
397 3458 530 3515 forte
551 3468 1039 3514 contemneremus.
1082 3457 1211 3513 Nam
1243 3468 1299 3514 et
1325 3458 1594 3517 Christum
1620 3462 1792 3519 Judaei

246 3549 390 3604 visum
410 3558 856 3620 contempserunt,
873 3563 978 3604 non
998 3550 1169 3605 visum
1191 3549 1392 3607 Gentes
1410 3552 1786 3612 adoraveruut.

144 3664 151 3671 -
248 3638 336 3696 Illis
353 3643 486 3698 enim
506 3643 701 3699 dictum
722 3651 825 3709 est,
849 3641 1065 3699 Psallite
1088 3641 1439 3714 intelligenter.
1468 3644 1645 3702 Nolite
1670 3660 1792 3702 esse

245 3732 360 3789 sicut
390 3748 553 3806 equus
587 3744 641 3791 et
679 3733 874 3802 mulus,
906 3733 958 3790 in
995 3733 1188 3806 quibus
1226 3748 1334 3791 non
1374 3744 1456 3792 est
1492 3735 1792 3794 intellectus

249 3819 391 3896 (Psal.
416 3840 562 3893 χιιι,
589 3822 667 3899 9).

301 3916 377 3976 I0.
407 3915 552 3993 [vers.
572 3917 651 3992 9.]
681 3917 928 3992 Regnabit
946 3916 1199 3974 Dominus
1236 3934 1388 3990 super
1410 3935 1581 3976 omnes
1597 3929 1787 3993 gentes.

244 4007 323 4077 Qui
360 4011 605 4082 regnabat
642 4025 803 4083 super
839 4026 995 4066 unam
1029 4019 1273 4082 gentem,
1304 4012 1567 4083 regnabit,
1598 4015 1787 4085 inquit,

242 4116 368 4172 super
405 4118 569 4159 omnes
611 4113 799 4176 gentes.
845 4101 1067 4170 Quando
1112 4101 1425 4159 dicebantur
1461 4104 1594 4171 ista,
1630 4120 1793 4177 super

56 4190 137 4266 -ἷ
241 4207 374 4249 unam
408 4205 616 4266 gentem
655 4192 908 4264 regnabat
934 4192 1076 4250 Deus
1103 4210 1117 4248 :
1147 4194 1422 4265 prophetia
1464 4203 1613 4263 erat,
1653 4211 1790 4252 non-

38 5378 57 5457 ξ

236 4283 342 4339 dum
379 4301 464 4343 res
502 4285 982 4342 demonstrabatur.
1019 4284 1127 4340 Deo
1153 4285 1379 4356 gratias,
1403 4284 1513 4356 jam
1546 4285 1790 4343 videmus

234 4373 416 4445 impleri
440 4377 578 4449 quod
604 4385 725 4432 ante
748 4374 1182 4446 prophetabatur.
1203 4374 1626 4447 Chirographum
1650 4379 1790 4437 Deus

231 4476 338 4522 ante
361 4480 561 4541 tempus
589 4468 803 4540 scripsit
830 4467 1014 4531 nobis,
1042 4467 1260 4537 impleto
1290 4476 1527 4538 tempore
1562 4470 1791 4528 reddidit

232 4562 385 4616 nobis.
415 4561 659 4636 Regnabit
702 4560 834 4616 Deus
875 4576 1028 4632 super
1065 4575 1237 4614 omnes
1273 4569 1476 4632 gentes,
1507 4562 1791 4632 promissio

230 4663 316 4708 est.
352 4654 478 4712 Deus
506 4659 641 4711 sedet
668 4671 818 4726 super
841 4655 1009 4709 sedem
1034 4663 1259 4708 sanctam
1286 4671 1450 4709 suam.
1482 4655 1633 4724 Quod
1664 4666 1791 4714 tunc

228 4742 442 4802 futurum
476 4746 907 4817 promittebatur,
938 4758 1080 4799 nunc
1108 4744 1380 4813 impletum
1407 4748 1711 4816 agnoscitur
1732 4757 1791 4805 et

228 4845 438 4895 tenetur.
467 4838 606 4894 Deus
630 4838 764 4893 sedet
791 4853 941 4908 super
976 4834 1144 4891 sedem
1181 4847 1406 4891 sanctam
1446 4854 1611 4895 suam.
1658 4842 1789 4909 Qua)

225 4930 367 4987 sedes
385 4931 497 5002 ejus
520 4939 699 4985 sancta
714 4929 741 4984 ?
764 4928 1007 4983 Forsitan
1032 4927 1189 4994 coeli;
1218 4936 1273 4983 et
1296 4927 1434 4985 bene
1456 4929 1785 5004 intelligitur.

228 5024 461 5078 Ascendit
487 5023 628 5078 enim
653 5019 927 5088 Christus,
954 5020 1090 5077 sicut
1116 5021 1388 5086 novimus,
1416 5035 1537 5077 cum
1564 5037 1789 5094 corpore

227 5112 274 5166 in
312 5129 412 5183 quo
452 5113 736 5169 cruciﬁxus
780 5122 894 5180 cst,
937 5121 991 5168 et
1029 5111 1181 5167 sedet
1220 5111 1287 5167 ad
1313 5110 1585 5169 dexteram
1617 5116 1787 5173 Patris

225 5205 352 5275 (Act.
378 5220 429 5275 ι,
454 5206 514 5279 2)
543 5222 559 5260 :
589 5205 711 5260 inde
738 5219 858 5260 eum
892 5212 1171 5259 venturum
1207 5217 1578 5276 exspectamus
1606 5208 1671 5264 ad
1694 5209 1786 5281 ju-

221 5298 464 5358 dicandos
489 5302 641 5356 vivos
678 5305 733 5354 et
769 5306 1003 5353 mortuos
1042 5296 1117 5370 (ll
1146 5295 1282 5353 Tim.
1315 5296 1415 5373 tv).
1449 5298 1600 5356 Sedet
1637 5319 1789 5373 super

215 5394 377 5452 sedem
402 5402 625 5450 sanctam
648 5408 811 5447 suam.
835 5388 966 5447 ϐωιί
994 5398 1115 5446 sunt
1139 5388 1295 5445 sedes
1318 5399 1497 5446 sancta
1518 5392 1671 5462 ejus?
1692 5393 1787 5452 Vis

211 5500 269 5551 et
293 5497 346 5545 tu
370 5501 488 5546 esse
516 5486 672 5544 sedes
696 5483 850 5556 ejus?
873 5482 991 5540 Noli
1017 5493 1202 5556 putare
1231 5493 1284 5539 te
1307 5497 1427 5541 esse
1457 5498 1560 5540 non
1591 5499 1783 5557 posse:

280 5626 297 5659 ι
322 5624 464 5674 ratio.
489 5628 593 5680 διε..
612 5618 760 5672 corde
782 5617 922 5670 recti.

276 5689 297 5719 ²
320 5686 399 5736 ttlc
420 5686 471 5736 in
492 5678 603 5732 ΡΜ.
621 5681 827 5741 additur,
847 5678 1080 5745 potentior
1103 5692 1121 5730 :
1142 5681 1194 5745 in
1216 5679 1399 5745 aliquot
1420 5687 1546 5742 Mss,
1579 5693 1736 5745 maror
1765 5693 1784 5732 :

211 5757 436 5805 neutrum
463 5757 580 5795 vero
601 5745 743 5795 estin
766 5741 982 5805 melioris
1002 5750 1127 5792 nota
1150 5741 1300 5805 libris.

214 5802 347 5933 ώα)
366 5807 607 5862 mittitur
624 5807 777 5858 altera
815 5816 925 5868 pars
945 5804 995 5866 y.
1019 5804 1083 5865 7;
1109 5802 1302 5856 Psallite
1331 5802 1441 5869 regi
1457 5810 1635 5869 metro,
1657 5805 1786 5871 psal-

1302 393 1701 451 ENABRATIO
1739 393 1805 451 IN
1844 394 2163 458 PSALMUM
2202 403 2379 464 XLVI.

3404 416 3512 480 550

1924 528 2049 584 para
2072 516 2144 572 illi
2166 519 2336 576 locum
2367 522 2420 577 in
2445 524 2607 582 corde
2627 533 2752 595 tuo;
2780 530 2961 598 venit,
2991 540 3047 586 et
3075 530 3305 590 libenter
3330 534 3506 591 sedet-

1919 603 2037 697 Ipse
2074 616 2220 667 certe
2260 622 2342 667 est
2376 614 2466 670 Dei
2495 615 2672 673 Virtus
2708 629 2761 674 et
2798 621 2889 677 Dei
2919 622 3190 694 Sapientia
3235 623 3283 697 (Ι
3308 622 3427 681 Cor.
3453 641 3504 692 ι,

1915 695 2028 770 24).
2057 699 2124 754 Ει
2148 702 2273 772 quid
2299 703 2428 760 dicit
2451 704 2721 779 Scriptura
2750 710 2818 766 de
2842 711 2954 783 ipsa
2980 695 3287 784 Sapientia?
3313 715 3503 771 Anima

1909 788 2066 859 justi,
2093 792 2248 849 sedes
2283 794 2556 866 sapientiae
2604 794 2756 871 (Sap.
2779 803 2896 872 vn).
2930 803 2985 859 Si
3015 819 3142 875 ergo
3170 806 3345 861 anima
3370 806 3502 877 justi

1914 880 2068 936 sedes
2108 893 2190 939 est
2225 888 2531 958 sapientiae;
2561 889 2631 945 sit
2656 892 2830 947 anima
2860 902 2946 949 tua
2973 895 3147 964 justa,
3177 906 3231 952 et
3268 898 3375 953 eris
3414 914 3501 955 re-

1912 972 2045 1042 galis
2068 975 2197 1030 sella
2223 978 2518 1046 sapientia).
2549 980 2618 1035 Et
2642 997 2849 1050 revera,
2876 983 3087 1051 fratres,
3115 1004 3302 1045 omnes
3326 989 3499 1045 homi-

1914 1077 2007 1117 nes
2030 1067 2117 1135 qui
2149 1067 2284 1123 bcne
2309 1069 2511 1136 vivunt,
2538 1073 2630 1143 qui
2656 1074 2792 1131 bene
2819 1085 3011 1147 agunt,
3044 1079 3333 1135 secundum
3361 1081 3495 1137 cha-

1908 1154 2121 1212 ritatem
2149 1159 2289 1229 piam
2318 1161 2335 1193 ¹
2366 1176 2751 1221 eonversantur
2769 1209 2783 1231 ,
2816 1182 2995 1224 nonne
3023 1170 3163 1226 Deus
3193 1172 3244 1227 in
3274 1173 3376 1229 illis
3403 1188 3491 1228 se-

1908 1245 2030 1314 det,
2063 1258 2117 1305 et
2146 1251 2258 1321 ipse
2290 1252 2482 1323 jubet?
2520 1254 2863 1328 Obtemperat
2891 1261 3066 1316 anima
3100 1262 3304 1318 sedenti
3343 1263 3395 1319 in
3432 1278 3493 1320 se

1910 1339 2019 1396 Deo
2040 1384 2054 1407 ,
2082 1350 2137 1398 et
2180 1345 2292 1414 ipsa
2335 1346 2487 1416 jubet
2530 1350 2803 1407 membris.
2836 1353 3025 1409 Anima
3055 1356 3196 1411 enim
3228 1365 3313 1412 tua
3343 1357 3493 1427 jubet

1908 1434 2150 1490 membro
2182 1444 2301 1506 tuo,
2347 1456 2453 1510 quo
2494 1455 2771 1501 moventur
2808 1462 2929 1517 pes,
2980 1463 3087 1518 quo
3126 1464 3346 1515 manus,
3385 1466 3493 1521 quo

1907 1526 2111 1591 oculus,
2139 1544 2245 1599 quo
2273 1532 2436 1597 auris,
2470 1542 2525 1588 ct
2544 1534 2695 1604 jubet
2720 1536 2832 1606 ipsa
2861 1539 3114 1594 membris
3142 1549 3388 1609 tanquam
3416 1541 3493 1596 la-

1907 1617 2064 1671 mulis
2099 1620 2211 1674 suis
2244 1639 2256 1674 :
2296 1622 2389 1677 sed
2427 1634 2482 1679 et
2511 1625 2622 1695 ipsa
2650 1630 2815 1683 servit
2847 1630 3072 1686 interius
3101 1629 3345 1687 insidenti
3388 1631 3493 1688 sibi

1907 1708 2132 1766 Domino
2163 1725 2282 1766 suo.
2331 1713 2446 1770 Non
2485 1725 2657 1786 potest
2686 1717 2919 1775 inferiori
2952 1735 3010 1775 se
3036 1720 3171 1776 bene
3202 1723 3487 1791 imperare,

1904 1802 2005 1855 nisi
2048 1806 2309 1874 superiori
2355 1822 2414 1862 se
2459 1823 2563 1864 non
2608 1808 2763 1865 fuerit
2795 1811 3073 1884 dedignata
3097 1814 3319 1870 servire.
3350 1814 3490 1871 Deus

1903 1895 2038 1948 sedet
2066 1911 2218 1967 super
2240 1897 2408 1953 sedem
2437 1910 2658 1954 sanctam
2688 1918 2850 1956 suam.

1976 1985 2063 2041 II.
2115 1984 2264 2059 [vers.
2303 1987 2415 2063 10.]
2485 1988 2750 2061 Principes
2801 1993 3102 2064 pepulerum
3154 2006 3490 2052 convenerunt

1901 2092 2018 2130 cum
2046 2076 2151 2132 Deo
2181 2080 2454 2134 Abraham.
2488 2082 2626 2137 Deus
2671 2083 2936 2140 Abraham
2981 2095 3037 2141 et
3078 2086 3220 2142 Deus
3260 2085 3405 2143 Isaae
3432 2096 3490 2144 et

1905 2164 2044 2222 Deus
2062 2166 2226 2224 Jacob
2256 2170 2446 2243 (Exod.
2474 2187 2560 2239 ill,
2588 2173 2665 2244 6).
2694 2173 2890 2230 Verum
2914 2185 3015 2242 est,
3044 2176 3177 2232 dixit
3203 2177 3304 2232 hoc
3324 2179 3485 2248 Deus,

1902 2267 1956 2313 et
1993 2261 2367 2330 superbieruut
2411 2262 2533 2319 inde
2573 2263 2774 2332 Judmi,
2815 2275 2871 2322 et
2913 2267 3166 2324 dixerunt
3199 2288 3212 2324 :
3247 2267 3359 2326 Nos
3390 2272 3488 2342 ﬁlii

1903 2349 2120 2406 Abrahae
2141 2367 2332 2407 sumus.
2361 2354 2737 2424 Superbientes
2763 2356 2830 2412 de
2855 2357 3070 2415 nomine
3104 2368 3327 2429 paterno
3346 2402 3359 2425 ,
3389 2376 3488 2431 εθι-

1902 2451 2083 2498 rentes
2110 2443 2225 2514 ejus
2250 2460 2486 2515 carnem,
2518 2461 2621 2502 non
2655 2456 2895 2505 tenentes
2919 2451 3036 2519 ejus
3061 2451 3253 2518 Iidem;
3279 2453 3484 2508 semine

1902 2532 2257 2602 adhaerentes,
2284 2538 2520 2592 moribus
2545 2538 2945 2610 degenerantes.
2970 2542 3206 2613 Denique
3225 2542 3483 2600 Dominus

1901 2622 2026 2694 quid
2056 2625 2127 2678 ait
2156 2626 2235 2679 eis
2277 2628 2347 2681 ita
2387 2629 2856 2698 superbientibus?
2888 2631 2949 2687 Si
2974 2633 3071 2701 ﬁlii
3106 2634 3321 2690 Abrahae
3345 2638 3483 2706 estis,

1901 2719 2036 2788 facta
2073 2718 2292 2772 Abralue
2335 2719 2486 2789 facile
2530 2720 2707 2790 (Joan.
2730 2739 2822 2778 vm
2845 2765 2860 2788 ,
2887 2724 2990 2792 55,
3020 2725 3133 2796 39).
3184 2727 3310 2783 Item
3358 2730 3487 2800 quid

1901 2805 2035 2861 dixit
2075 2807 2177 2862 illis
2219 2808 2451 2865 Joannes
2494 2811 2827 2869 venientibus
2864 2823 2919 2870 et
2952 2819 3486 2877 contremiscentibus

1900 2901 2214 2972 quibusdam
2244 2903 2498 2974 ipsorum,
2529 2905 2617 2976 qui
2649 2921 2707 2961 se
2737 2908 3041 2977 paenitendo
3076 2910 3346 2982 corrigere
3385 2930 3485 2968 vo-

1900 2992 2148 3048 luerunt?
2167 2993 2439 3065 Progenies
2455 2998 2758 3067 viperarum.
2779 2999 2943 3054 Erant
2961 3002 3103 3057 enim
3123 3003 3307 3073 iniqui,
3329 3016 3485 3062 erant

1898 3084 2124 3154 perditi,
2155 3094 2308 3140 erant
2337 3096 2674 3156 peccatores,
2708 3100 2860 3146 erant
2896 3091 3043 3161 impii
3078 3113 3091 3146 :
3128 3106 3388 3153 venerunt
3413 3097 3485 3155 ad

1897 3176 2216 3247 baptismum
2244 3178 2463 3234 Joannis
2501 3198 2515 3236 :
2557 3189 2609 3237 et
2638 3181 2764 3251 quid
2803 3184 2882 3239 eis
2906 3184 3074 3240 dicit?
3102 3186 3375 3260 Progenies
3402 3192 3484 3246 vi-

1898 3285 2150 3342 perarum.
2182 3270 2261 3325 Illi
2299 3286 2357 3327 se
2392 3271 2641 3328 dicebant
2677 3274 2815 3331 ﬁlios
2841 3277 3099 3346 Abrahae,
3127 3287 3181 3335 ct
3218 3281 3333 3352 ipse
3361 3283 3483 3341 illos

1897 3359 2105 3416 dicebat
2148 3362 2284 3418 ﬁlios
2333 3363 2656 3434 viperarum.
2690 3366 2951 3439 Numquid
2992 3371 3257 3429 Abraham
3301 3376 3483 3447 vipera

1896 3453 2047 3509 erat?
2076 3452 2181 3509 Sed
2210 3455 2331 3526 quia
2364 3458 2502 3512 male
2529 3458 2755 3516 vivendo
2784 3459 3056 3519 daemones
3084 3466 3272 3522 imitati
3303 3479 3477 3540 erant,

1895 3552 1950 3600 et
1973 3559 2156 3601 eorum
2188 3546 2281 3601 lilii
2323 3546 2445 3602 facti
2490 3560 2674 3615 erant,
2704 3566 2839 3620 quos
2878 3553 3135 3610 imitando
3163 3557 3302 3613 male
3328 3560 3481 3617 vive-

1894 3633 2023 3691 bant
2050 3653 2063 3690 :
2090 3634 2389 3708 Progenies,
2417 3639 2604 3709 inquit,
2634 3641 2938 3712 viperarum,
2966 3646 3076 3712 quis
3100 3647 3237 3703 vobis
3264 3651 3482 3706 ostendit

1894 3730 2069 3801 fugere
2091 3730 2153 3785 ab
2176 3732 2255 3787 ira
2281 3741 2489 3787 ventura
2507 3733 2534 3787 ?
2566 3733 2738 3791 Facite
2756 3752 2874 3809 ergo
2901 3738 3120 3807 fructum
3143 3740 3352 3812 dignum
3371 3761 3481 3815 pte-

1893 3821 2117 3877 nitentite
2143 3838 2162 3876 :
2190 3831 2236 3877 et
2256 3823 2410 3878 nolite
2429 3824 2595 3879 dicere
2613 3826 2752 3897 apud
2771 3829 3090 3900 vosmetipsos
3112 3872 3124 3893 ,
3156 3830 3361 3888 Patrem
3385 3835 3482 3889 Im-

1893 3909 2064 3967 bemus
2076 3911 2353 3980 Abraham,
2372 3923 2425 3968 et
2447 3916 2595 3985 quasi
2618 3917 2891 3987 superbire
2910 3918 2978 3975 de
2997 3934 3193 3990 genere
3213 3923 3475 3993 Abrahae;

1893 4011 2070 4073 potens
2107 4012 2180 4059 est
2220 4004 2352 4059 enim
2380 4002 2518 4059 Deus
2556 4005 2620 4059 de
2655 4007 2906 4077 lapidibus
2935 4009 3044 4064 istis
3076 4012 3317 4069 suscitare
3341 4016 3478 4085 [ilics

1892 4092 2111 4150 Abrahae
2138 4094 2347 4166 (Matth.
2379 4113 2434 4150 III
2455 4137 2470 4162 ,
2499 4097 2663 4169 7-9).
2695 4098 2809 4154 Non
2841 4100 2981 4155 enim
3024 4116 3365 4161 remansuros
3394 4119 3478 4164 est

1892 4186 2161 4243 Abraham
2189 4189 2306 4246 sine
2346 4190 2497 4255 Iiliis,
2526 4191 2571 4246 si
2602 4206 2695 4246 vos
2722 4191 3049 4249 damnaverit
3075 4194 3216 4253 Deus
3244 4216 3259 4253 :
3285 4209 3477 4271 potens

1892 4286 1976 4335 est
2002 4279 2144 4334 enim
2183 4288 2237 4334 et
2273 4279 2530 4337 damnare
2556 4296 2691 4352 quos
2716 4282 2854 4349 odit,
2885 4293 2940 4339 et
2975 4285 3047 4340 illi
3087 4286 3310 4345 reddere
3338 4307 3476 4363 quos

1893 4370 2157 4438 promisit.
2186 4370 2257 4426 Et
2286 4372 2426 4426 unde
2455 4372 2530 4428 illi
2556 4373 2862 4430 redditurus
2889 4385 2972 4431 est
2999 4377 3152 4440 Illius,
3183 4379 3227 4433 si
3257 4380 3476 4439 damnat

1893 4460 2148 4519 Hebraeos
2172 4462 2240 4520 de
2262 4477 2422 4519 carne
2451 4464 2567 4535 ejus
2594 4466 2935 4535 progenitos?
2959 4466 3040 4523 De
3065 4470 3316 4541 lapidibus
3342 4474 3474 4532 istis.

1893 4551 2218 4610 Ostendebat
2247 4554 2350 4609 illis
2380 4555 2582 4625 lapides
2612 4556 2664 4612 in
2695 4572 2898 4613 eremo.
2940 4559 3040 4627 Qui
3068 4572 3221 4618 erant
3248 4564 3472 4636 lapides,

1893 4644 1993 4700 nisi
2019 4643 2248 4711 Gentes,
2281 4661 2400 4716 qua:
2435 4646 2637 4716 lapides
2665 4646 2993 4706 adorabant?
3020 4651 3247 4723 Lapides
3271 4660 3476 4728 quare?

1893 4737 2179 4793 Adorando
2206 4737 2435 4808 lapides,
2463 4738 2588 4794 dicti
2627 4748 2780 4795 erant
2819 4741 3019 4812 lapides
3049 4760 3062 4797 :
3090 4745 3214 4815 quia
3240 4747 3474 4817 psalmus

1891 4828 2239 4900 praedixerat,
2265 4827 2472 4885 Similes
2500 4830 2601 4885 illis
2629 4831 2755 4900 ﬁant
2781 4833 2868 4904 qui
2893 4834 3087 4905 faciunt
3110 4852 3202 4904 ea,
3228 4847 3276 4892 et
3303 4856 3473 4897 omnes

1890 4921 1979 4991 qui
2002 4919 2263 4990 conﬁdunt
2286 4920 2338 4974 in
2361 4920 2433 4975 eis
2462 4918 2629 4993 (Psal.
2652 4936 2798 4990 cxrn,
2820 4923 2899 4992 8).
2924 4923 3124 4981 Tamen
3148 4925 3217 4983 de
3240 4927 3369 4999 ipsis
3395 4931 3474 4986 la-

1890 5008 2103 5080 pidibus
2128 5009 2355 5065 reddidit
2382 5010 2518 5066 Iilios
2537 5010 2767 5068 Abrahae
2793 5030 2806 5067 :
2837 5014 2996 5070 modo
3018 5031 3205 5073 omnes
3228 5019 3319 5089 qui
3344 5021 3472 5091 lapi-

1892 5100 1988 5156 des
2012 5100 2397 5166 adorabamus,
2429 5104 2673 5159 conversi
2712 5104 2779 5160 ad
2808 5105 3091 5163 hominum
3122 5107 3213 5164 lilii
3241 5110 3471 5167 Abrahae

1892 5190 2013 5247 facti
2039 5206 2258 5257 sumus;
2288 5207 2394 5247 non
2424 5192 2667 5250 ducendo
2707 5194 2776 5250 ab
2819 5196 2912 5252 illo
2947 5213 3159 5254 carnem
3180 5241 3195 5265 ,
3227 5201 3320 5255 sed
3352 5201 3471 5255 imi-
3510 5265 3517 5275 θ

1891 5283 2054 5340 tando
2071 5283 2248 5339 Iidem.
2266 5282 2531 5356 Principes
2545 5301 2672 5358 ergo
2688 5290 2987 5359 populorum
3007 5300 3339 5346 convenerunt
3357 5309 3470 5348 cum
3522 5320 3529 5329 -

1890 5376 2002 5434 Deo
2030 5376 2302 5434 Abraham.
2345 5376 2611 5449 Principes
2649 5380 2952 5453 populorum
2979 5398 2999 5437 :
3032 5381 3278 5439 Gentium
3318 5384 3467 5454 prin-

1890 5471 2059 5542 cipes,
2088 5485 2192 5527 non
2221 5471 2381 5527 unius
2404 5471 2583 5542 populi
2626 5472 2893 5544 principes
2911 5514 2928 5540 ,
2956 5472 3049 5527 sed
3078 5472 3345 5544 principes
3369 5488 3467 5548 po-
3519 5464 3523 5475 ⁵

1891 5563 2133 5636 pulorum
2158 5564 2392 5620 omnium
2411 5607 2426 5631 ,
2455 5575 2787 5620 convenerunt
2813 5581 2927 5620 cum
2953 5563 3064 5619 Deo
3091 5565 3363 5622 Abraham.

1964 5656 2050 5712 12.
2085 5656 2160 5711 Ex
2194 5656 2324 5727 ipsis
2354 5656 2677 5727 principibus
2712 5666 2828 5713 erat
2866 5665 2921 5712 et
2956 5657 3057 5714 iste
3084 5655 3372 5726 Centurio,
3400 5659 3469 5722 de

1889 5766 1996 5824 quo
2025 5749 2183 5806 modo
2217 5749 2559 5822 Evangelinm
2608 5765 2725 5806 eum
2772 5750 3035 5822 legeretur
3061 5751 3303 5813 audistis.
3334 5753 3467 5814 Em

1959 5868 1973 5898 ¹
2000 5870 2179 5921 Catian.
2204 5875 2306 5930 δίδη
2333 5867 2590 5918 secundum
2615 5868 2895 5921 charitalem
2920 5870 2995 5935 pie
3018 5874 3377 5934 conteruntur.
