3942 6466
534 405 639 462 555

544 533 638 587 per
667 517 976 573 Christum?
1020 518 1190 584 Ecce,
1221 516 1405 572 Latere
1440 517 1690 588 aquilonis
1714 558 1727 583 ,
1773 517 1945 571 civitas
1966 515 2109 585 regis

543 611 727 680 magni.
760 610 947 663 Latera
980 610 1192 678 utique,
1225 610 1346 679 quia
1374 610 1696 665 inhmseraut
1722 607 1954 663 diabolo.
1980 607 2111 675 Qui-

540 716 766 769 cumque
794 700 934 753 enim
967 699 1119 753 alicui
1147 699 1436 766 cohaerent,
1462 700 1627 756 latera
1653 699 1817 768 ipsius
1842 697 2111 752 dicuntur.

540 792 667 847 Nam
707 800 759 846 et
800 791 865 846 de
903 790 1167 862 aliquibus
1206 791 1510 849 hominibus
1552 792 1787 849 solemus
1821 791 1891 847 ita
1932 790 2110 859 loqui,

540 884 714 937 Bonus
745 883 902 936 homo
933 891 1014 936 est
1033 925 1048 950 ,
1080 883 1174 939 sed
1204 886 1340 940 mala
1366 885 1530 942 latera
1558 886 1753 941 habet:
1784 884 1837 940 id
1864 893 1967 950 est,
2000 884 2114 955 ipse

539 975 748 1046 quidem
793 975 1053 1041 probitate
1085 986 1331 1046 prmstat,
1373 978 1466 1033 sed
1512 977 1729 1049 maligni
1773 986 1898 1034 sunt
1937 978 2027 1049 qui
2062 976 2114 1033 ei

540 1066 807 1133 conjuncti
836 1074 978 1120 sunt.
1010 1065 1199 1122 Latera
1228 1083 1355 1140 ergo
1380 1068 1647 1139 aquilonis
1671 1070 1760 1140 qui
1787 1068 1998 1125 diabolo
2023 1082 2116 1124 co-

546 1156 823 1211 luerebant
848 1175 860 1211 :
888 1159 1027 1214 unde
1054 1161 1194 1215 venit
1218 1172 1270 1216 ct
1303 1163 1402 1218 iste
1421 1162 1582 1228 illius,
1604 1163 1672 1219 de
1699 1179 1804 1233 quo
1833 1162 1993 1218 modo
2014 1177 2115 1217 au-

537 1246 835 1313 diebamus,
862 1250 980 1319 quia
1013 1261 1253 1308 mortuus
1284 1264 1418 1319 erat,
1444 1262 1496 1309 ct
1526 1253 1752 1319 revixit;
1786 1254 2034 1323 perierat,
2060 1261 2115 1308 et

539 1341 786 1397 inventus
811 1352 909 1398 est.
935 1345 1334 1403 Proficiscendo
1358 1349 1499 1403 enim
1528 1348 1579 1403 in
1607 1348 1878 1419 regionem
1909 1345 2115 1417 longin-

539 1446 702 1502 quam
728 1475 741 1499 ,
767 1437 925 1490 etiam
954 1438 1020 1493 ad
1050 1441 1349 1509 aquilonem
1389 1449 1737 1511 pervenerat,
1764 1448 1820 1495 ct
1841 1438 1949 1506 ibi,
1977 1439 2117 1494 sicut

538 1523 784 1589 audistis,
812 1526 902 1580 uni
926 1543 991 1582 ex
1018 1530 1343 1600 principibus
1369 1531 1600 1602 regionis
1629 1532 1765 1586 illius
1794 1531 2114 1586 adbteserat.

541 1612 735 1670 Factus
760 1624 842 1671 est
867 1632 995 1687 ergo
1039 1620 1175 1675 latus
1211 1621 1508 1690 aquilonis,
1542 1622 1867 1678 adhaerendo
1893 1620 2115 1693 principi

540 1703 687 1761 illius
729 1707 960 1778 regionis
1008 1728 1021 1763 :
1059 1712 1150 1765 sed
1179 1713 1300 1781 quia
1345 1713 1529 1769 civitas
1560 1714 1700 1783 regis
1740 1715 1915 1786 magni
1959 1725 2013 1769 et
2048 1728 2118 1770 ex

543 1794 710 1851 latere
756 1799 1018 1868 aquilonis
1058 1802 1383 1872 colligitur‘,
1427 1819 1674 1859 reversus
1702 1805 1767 1860 ad
1797 1819 1889 1867 se.
1944 1804 2114 1872 dixit,

541 1885 784 1958 Surgam,
809 1898 859 1943 et
887 1891 975 1945 ibo
994 1890 1059 1946 ad
1084 1902 1285 1963 patrem
1317 1910 1511 1950 meum.
1536 1894 1602 1950 Et
1624 1897 1853 1950 occurrit
1870 1895 1919 1951 ei
1943 1904 2114 1965 pater,

541 1978 631 2049 qui
660 1978 788 2034 dicit
812 1979 878 2036 de
904 1982 994 2036 illo
1014 2024 1028 2045 ,
1056 1983 1293 2039 Mortuus
1322 1994 1476 2051 erat,
1508 1994 1561 2037 et
1599 1984 1828 2049 revixit;
1862 1986 2112 2054 perierat.

540 2078 598 2126 et
624 2071 867 2127 inventus
896 2084 998 2130 est.
1024 2075 1233 2132 Vitulus
1256 2077 1345 2132 ille
1371 2078 1661 2148 saginatus,
1692 2077 1827 2148 lapis
1850 2078 2117 2148 angularis

541 2152 661 2218 fuit.
689 2163 926 2234 Denique
948 2173 1003 2219 et
1030 2165 1202 2237 major
1230 2165 1371 2221 illius
1390 2168 1480 2237 qui
1501 2162 1707 2238 epulari
1733 2167 1947 2224 nolebat
1967 2168 2114 2238 (Luc.

541 2265 640 2319 xv,
666 2254 878 2326 11-52),
911 2257 1221 2312 exhortatus
1246 2273 1275 2312 a
1304 2267 1452 2328 patre
1483 2259 1753 2330 ingressus
1780 2267 1863 2314 est
1887 2276 1901 2313 :
1928 2270 1985 2315 et
2010 2260 2117 2315 duo

540 2342 647 2414 iam
676 2346 924 2413 parietes,
958 2357 1203 2417 tanquam
1228 2348 1301 2402 illi
1330 2348 1436 2403 duo
1462 2348 1555 2403 lilii
1587 2349 1651 2403 ad
1681 2349 1903 2405 vitulum
1933 2364 2123 2422 perve-

541 2434 773 2501 nientes,
799 2438 1063 2493 civitatem
1092 2440 1233 2510 regis
1260 2441 1435 2510 magni
1469 2441 1728 2495 fecerunt.

613 2528 667 2582 4.
698 2525 847 2600 [υενε.
885 2529 962 2602 4.]
995 2531 1259 2601 Sequatur
1283 2547 1411 2603 ergo
1436 2534 1537 2590 iste
1557 2534 1815 2605 psalmus,
1845 2544 1900 2590 et
1927 2535 2067 2591 dicat
2099 2553 2113 2590 :

541 2615 684 2672 Deus
712 2619 763 2673 in
792 2620 1018 2675 domibus
1044 2623 1153 2691 ejus
1196 2633 1524 2696 cognoscetur
1561 2627 1603 2680 ¹.
1631 2625 1746 2680 Jam
1776 2627 1827 2681 in
1875 2626 2120 2683 domibus

543 2719 763 2781 pr0pter
779 2721 1013 2777 montes,
1049 2726 1271 2785 propter
1293 2716 1427 2772 duos
1452 2718 1680 2787 parietes
1699 2760 1714 2784 .
1746 2730 1962 2792 propter
1986 2720 2120 2776 duos

548 2800 708 2858 filios.
740 2802 877 2858 Deus
906 2805 960 2859 in
1003 2805 1234 2862 domibus
1258 2807 1369 2879 ejus
1393 2818 1736 2879 cognoscetur.
1762 2809 1865 2866 Sed
1894 2812 2118 2882 gratiam

541 2896 910 2957 commendat.
939 2896 1059 2954 ideo
1105 2898 1344 2963 addidit.
1374 2898 1497 2956 Cum
1540 2902 1774 2971 suscipiet
1799 2919 1929 2958 eam.
1986 2902 2117 2959 Nam

541 2986 669 3058 quid
713 2998 852 3045 esset
893 2990 1007 3059 ipsa
1055 2992 1278 3059 civitas,
1322 2993 1421 3049 nisi
1469 2993 1558 3049 ille
1602 2995 1923 3064 suscepisset
1957 2996 2120 3050 eam?

541 3077 732 3136 Nonne
761 3080 940 3135 statim
979 3081 1227 3152 caderet,
1257 3083 1360 3140 nisi
1391 3084 1492 3141 tale
1519 3084 1923 3142 fundamentum
1960 3087 2121 3141 habe.

543 3168 673 3223 ret?
704 3168 1121 3226 Fundamentum
1147 3174 1287 3228 enim
1319 3173 1462 3230 aliud
1493 3189 1650 3229 nemo
1678 3184 1854 3245 potest
1883 3190 2115 3246 ponere,

542 3269 741 3330 praeter
762 3260 815 3316 id
840 3263 979 3332 quod
1009 3265 1237 3333 positum
1264 3272 1347 3321 est
1365 3305 1378 3329 ,
1408 3265 1548 3337 quod
1578 3276 1658 3321 est
1688 3264 1931 3322 Christus
1967 3267 2122 3323 .Iesus

548 3349 595 3423 (l
626 3351 745 3412 Cor.
772 3369 847 3421 tu,
880 3355 993 3426 Η).
1024 3355 1188 3411 Nemo
1212 3372 1341 3427 ergo
1361 3357 1429 3413 de
1457 3357 1569 3413 suis
1594 3357 1801 3412 meritis
1825 3358 2119 3427 glorietur;

549 3443 645 3499 sed
693 3446 781 3513 qui
820 3446 1106 3515 gloriatur,
1148 3447 1202 3501 in
1244 3447 1473 3503 Domino
1516 3447 1774 3518 glorietur
1802 3447 1910 3522 (Id.
1940 3464 1981 3516 ι,
2007 3449 2120 3519 3t).

550 3532 684 3600 Quia
710 3544 833 3590 tunc
860 3547 939 3591 est
967 3537 1053 3593 illa
1080 3553 1266 3610 magna
1295 3539 1498 3603 civitas,
1528 3546 1654 3594 tunc
1675 3539 1725 3593 in
1758 3555 1820 3595 ea
1846 3540 2124 3608 cognosci-

549 3636 638 3680 tur
668 3626 939 3692 Dominus,
967 3642 1087 3683 eum
1118 3629 1367 3699 suscipiet
1396 3644 1512 3684 eam
1544 3647 1556 3682 :
1590 3628 1859 3699 quomodo
1899 3631 2125 3701 suscipit

549 3715 788 3770 medicus
834 3726 1088 3787 :rgrotum
1128 3717 1417 3773 curandum
1444 3760 1459 3783 ,
1489 3733 1592 3772 non
1641 3718 1779 3774 sicut
1818 3728 1902 3774 est
1941 3733 2124 3774 aman-

549 3807 696 3862 dum.
736 3808 940 3864 Etenim
977 3808 1173 3865 febrem
1202 3808 1314 3864 odit
1341 3808 1599 3865 medicus.
1628 3807 1743 3865 Non
1775 3818 1921 3865 amat
1950 3810 2122 3866 medi-

550 3914 644 3952 eus
668 3908 944 3968 aegrotum,
968 3907 1023 3954 et
1046 3910 1188 3954 amat
1217 3900 1454 3955 medicus
1478 3908 1735 3971 aegrotum
1761 3918 1775 3954 :
1799 3900 1845 3955 si
1866 3912 2124 3971 aegrotum

550 3999 769 4055 amaret,
803 4005 1014 4059 semper
1034 3999 1287 4059 aegrotum
1314 3998 1550 4060 optaret;
1579 4004 1764 4046 rursus
1787 3991 1830 4045 si
1861 4002 2123 4063 :egromm

551 4096 654 4132 non
691 4089 928 4147 amaret,
972 4080 1035 4133 ad
1081 4087 1334 4151 aegrotum
1376 4095 1481 4136 non
1513 4081 1718 4136 veniret
1764 4099 1777 4134 :
1826 4081 1917 4136 sed
1973 4090 2117 4136 amat

550 4179 836 4240 aegrotum,
869 4181 922 4225 ut
963 4169 1117 4225 faciat
1156 4184 1363 4225 sanum.
1411 4169 1796 4242 Suscepitergo
1822 4171 1961 4227 hanc
1997 4173 2128 4227 civi-

553 4270 715 4315 tatem
764 4262 1034 4318 Dominus.
1091 4272 1143 4315 et
1193 4262 1401 4331 agnitus
1426 4268 1508 4316 est
1531 4260 1582 4314 in
1604 4275 1667 4315 ea
1689 4302 1703 4325 ,
1734 4259 1787 4314 id
1813 4269 1927 4323 est,
1955 4263 2125 4330 gratia

550 4350 718 4418 ipsius
747 4352 950 4421 cognita
980 4360 1059 4405 est
1088 4351 1137 4404 in
1161 4350 1247 4405 illa
1265 4350 1508 4415 civitate;
1537 4350 1656 4419 quia
1682 4349 1938 4420 quidquid
1965 4348 2126 4405 habet

551 4440 638 4494 illa
670 4441 853 4495 civitas
896 4457 1013 4511 quae
1048 4441 1305 4509 gloriatur
1332 4441 1383 4494 in
1414 4439 1668 4502 Domino,
1703 4454 1813 4494 non
1859 4437 2019 4494 habet
2055 4440 2125 4497 de

550 4545 626 4584 se.
657 4531 879 4601 Propter
901 4530 1003 4585 hoc
1033 4533 1173 4584 enim
1201 4531 1392 4585 dicitur
1421 4547 1436 4582 τ
1479 4528 1616 4595 Quid
1641 4530 1773 4584 enim
1813 4529 1963 4585 habes
1989 4532 2126 4600 quod

550 4640 651 4677 non
676 4623 949 4693 accepisti?
971 4622 1031 4676 Si
1056 4630 1222 4675 autent
1263 4622 1500 4691 accepisti
1523 4662 1537 4685 ,
1567 4620 1689 4692 quid
1719 4620 1955 4690 gloriaris
1980 4623 2127 4693 quasi

551 4730 651 4767 non
698 4713 948 4781 acceperis
973 4711 994 4786 (
1022 4710 1110 4766 1d.
1140 4726 1211 4778 tv,
1259 4710 1370 4783 7)?
1396 4709 1532 4766 Deus
1554 4712 1609 4767 in
1632 4710 1863 4767 domibus
1899 4711 2009 4782 ejus
2034 4728 2122 4769 co-

556 4816 840 4878 gnoscetur,
870 4821 983 4860 cum
1010 4806 1248 4877 suscipiet
1273 4822 1405 4861 eam.

618 4896 673 4952 ὅ.
705 4892 849 4968 [vers
882 4895 1274 4970 5-7.]Quoniam
1299 4913 1409 4952 ecce
1436 4912 1575 4968 reges
1595 4907 1741 4952 terra:
1764 4895 1959 4953 collecti
1984 4906 2124 4954 sunt.

552 4986 671 5042 Jam
697 5001 821 5043 ecce
851 4987 935 5042 illa
981 4987 1147 5043 latera
1192 4988 1455 5061 aquilonis
1497 4987 1673 5044 videte
1720 4988 1986 5059 quomodo
2031 5004 2126 5046 ve-

552 5079 715 5141 niant,
747 5079 922 5134 videte
956 5080 1223 5149 quomodo
1270 5081 1465 5144 dicant,
1491 5079 1685 5147 Venite,
1716 5081 2047 5139 ast-eudamus
2069 5083 2126 5138 in

550 5181 764 5223 montem
795 5170 1033 5226 Domini:
1058 5171 1373 5226 annuntiavit
1396 5172 1528 5227 enim
1552 5173 1695 5229 nobis
1719 5174 1851 5228 riam
1876 5190 2042 5239 suam,
2068 5185 2125 5229 ut

548 5259 890 5331 ingrediuntur
910 5261 962 5313 in
991 5277 1100 5314 eam
1126 5259 1273 5330 (fsai.
1308 5276 1364 5328 ιι,
1393 5262 1468 5331 5).
1518 5261 1650 5318 Ecce
1676 5279 1817 5335 reges
1859 5272 2003 5320 teme
2021 5264 2124 5318 col-

547 5350 664 5405 lecti
689 5360 824 5415 suut,
856 5361 902 5406 et
922 5362 1254 5406 convenerunt
1281 5353 1334 5407 in
1359 5369 1531 5409 unum.
1557 5354 1612 5409 In
1637 5369 1792 5426 quem
1823 5370 2004 5421 unum,
2022 5355 2124 5411 nisi

550 5443 600 5497 in
638 5442 861 5512 lapidem
903 5443 1049 5498 illum
1103 5443 1403 5515 angularem
1434 5442 1648 5517 (Epltes.
1676 5462 1733 5512 ll,
1762 5445 1854 5518 20)
1869 5446 1899 5515 ?_
1914 5444 2026 5517 Ipsi
2051 5447 2127 5501 ui-

549 5535 721 5592 dentes
767 5535 838 5590 ita
865 5534 1102 5592 admirati
1152 5547 1288 5593 sunt.
1317 5537 1443 5596 Post
1466 5537 1869 5597 admirationem
1892 5538 2124 5597 miracu-

611 5714 629 5780 ξ
666 5712 857 5775 Aliquot
878 5720 1005 5780 M_ss.,
1029 5720 1074 5765 et
1095 5712 1246 5780 latera
1267 5712 1511 5780 Aquilonis
1531 5714 1730 5780 colligit,
1754 5726 1849 5770 etc.

547 5777 634 5889 ui:
667 5773 816 5827 vetus
837 5774 992 5827 codex
1014 5777 1183 5839 corb.,
1209 5773 1506 5841 cognoscitur
1533 5790 1553 5831 ς
1588 5773 1725 5842 apud
1748 5784 1887 5843 Lxx,
1907 5776 2123 5845 σὶηδειςο.

1753 408 1811 461 S.
1853 402 2217 461 AUGUSTINI
2259 404 2552 459 liPlSCUl’l
3668 397 3747 454 536

2219 514 2387 571 lorum
2413 524 2467 569 ct
2500 516 2686 585 gloria:
2712 512 2905 568 Christi
2932 554 2947 579 ,
2971 511 3094 582 quid
3135 517 3382 565 secutum
3425 507 3550 561 est?
3575 505 3749 562 Contur—

2215 604 2316 658 bati
2344 616 2481 671 sunt,
2505 604 2737 658 commoti
2764 613 2911 665 sunt,
2944 612 3128 675 tremor
3152 597 3491 670 apprehendit
3515 611 3593 650 eos
3635 597 3752 654 Unde

2217 707 2416 754 tremor
2441 697 2791 768 apprehendit
2817 711 2942 761 eos,
2973 694 3073 749 nisi
3095 693 3160 747 de
3207 688 3542 746 conscientia
3585 686 3757 743 delicto-

2215 805 2331 846 rum
2352 790 2376 845 2
2398 790 2628 846 Currant
2650 804 2778 860 ergo
2807 803 2959 860 reges
2985 796 3102 856 post
3118 799 3323 853 regem,
3342 788 3627 852 agnoscant
3638 796 3755 849 reges

2215 899 2413 954 regem.
2446 883 2573 939 Inde
2600 883 2745 949 alibi,
2776 880 2887 954 Ego
2909 890 3094 942 autem,
3129 876 3322 944 inquit,
3352 872 3644 927 constitutus
3674 888 3757 927 sui

2215 993 2306 1032 rea:
2323 977 2386 1031 ab
2414 992 2472 1030 eo
2501 992 2649 1045 super
2693 975 2820 1030 Sion
2848 983 3065 1027 montem
3089 977 3322 1026 sanctum
3345 965 3462 1038 ejus
3483 1004 3499 1028 ,
3527 965 3757 1034 pradicas

2218 1075 2528 1139 prazceptum
2554 1066 2762 1122 Domini
2786 1080 2806 1118 :
2833 1064 3080 1118 Dominus
3103 1060 3229 1115 dixit
3253 1056 3330 1112 ad
3353 1071 3457 1121 me,
3482 1051 3761 1110 Filiusm

2214 1173 2268 1211 es
2287 1165 2358 1220 tu,
2382 1172 2472 1228 ego
2501 1157 2648 1209 hodie
2666 1155 2812 1226 genui
2842 1164 2906 1210 te.
2937 1151 3151 1208 Postula
3177 1167 3208 1203 a
3227 1164 3336 1213 me,
3358 1155 3410 1201 et
3434 1144 3563 1199 dabo
3587 1144 3663 1198 tibi
3678 1162 3761 1213 geu-

2218 1256 2290 1302 tes
2324 1248 2664 1302 hereditatem
2697 1257 2833 1300 tuam
2856 1286 2871 1308 ,
2899 1254 2944 1297 et
2986 1242 3355 1315 possessionem
3384 1247 3527 1290 tuan:
3573 1237 3763 1289 terminos

2217 1346 2398 1406 teme;
2427 1354 2565 1410 reges
2594 1354 2677 1391 eos
2714 1338 2765 1391 iu
2802 1338 2940 1407 uirga
2970 1335 3151 1404 ferrea,
3182 1341 3229 1386 et
3259 1340 3515 1400 tanquam
3541 1341 3623 1379 uas
3655 1324 3763 1396 ﬁguli

2217 1439 2439 1484 conteres
2464 1445 2546 1483 eos
2573 1427 2745 1498 (Psal.
2776 1443 2829 1490 ll,
2863 1425 2992 1495 6-9).
3024 1422 3248 1479 Auditus
3269 1427 3361 1474 est
3390 1431 3523 1487 ergo
3547 1430 3633 1471 res
3666 1429 3761 1468 con-

2218 1522 2430 1578 stitutus
2449 1523 2499 1576 in
2515 1523 2664 1585 Sion,
2692 1520 2879 1574 tradita
2906 1526 2986 1572 est
3015 1515 3088 1572 illi
3116 1510 3393 1583 possessio
3421 1522 3589 1577 usque
3605 1504 3662 1561 ad
3685 1514 3761 1560 lcr-

2219 1614 2391 1669 minos
2415 1614 2560 1669 orbis
2582 1623 2754 1668 terrte.
2785 1611 3017 1667 Metuere
3039 1609 3233 1665 debent
3258 1619 3453 1675 reges,
3482 1615 3550 1657 ne
3588 1615 3764 1671 regulas

2219 1703 2464 1775 perdant,
2489 1719 2555 1759 ne
2580 1702 2684 1758 illis
2711 1702 2977 1758 auleratur
3004 1714 3250 1771 regnum,
3274 1696 3426 1751 sicut
3451 1692 3609 1749 miser
3635 1690 3760 1747 timuit

2224 1798 2481 1862 Herodes,
2506 1809 2561 1853 et
2588 1812 2684 1867 pro
2702 1794 2922 1866 parvulo
2944 1793 3137 1850 occidit
3161 1789 3428 1862 parvulos
3447 1783 3651 1859 (Matth.
3674 1783 3761 1848 n.3,

2222 1889 2591 1960 16)?Timens
2619 1898 2793 1944 autem
2820 1901 3040 1959 regnum
3065 1884 3342 1946 amittere,
3376 1894 3486 1935 non
3514 1876 3683 1932 meruit
3703 1891 3759 1931 re-

2220 1996 2339 2053 gem
2368 1995 2678 2052 agnoscere.
2732 1977 2943 2034 Utinam
2985 1986 3035 2032 et
3080 1975 3194 2046 ipse
3243 1987 3443 2044 regem
3489 1984 3607 2025 cum
3645 1966 3762 2035 Magis

2223 2074 2497 2129 adoraretl
2541 2088 2644 2128 non
2699 2070 2839 2128 male
2874 2085 3096 2140 regnum
3130 2064 3436 2138 quaerendo
3459 2104 3477 2131 ,
3508 2061 3759 2116 innocentes

2221 2165 2488 2237 perderet.
2510 2174 2563 2219 et
2590 2179 2785 2220 nocens
2811 2163 3023 2234 periret.
3052 2160 3183 2217 Nam
3209 2156 3363 2230 quod
3388 2155 3457 2210 ad
3501 2154 3636 2208 illum
3678 2154 3761 2204 atti-

2225 2259 2400 2321 nebat,
2425 2256 2651 2325 perdidit
2675 2256 2982 2311 innocentes
3014 2270 3030 2308 :
3059 2261 3322 2321 quantum
3355 2255 3538 2303 autem
3557 2242 3619 2299 ad
3651 2242 3759 2299 Chri-

2224 2360 2362 2405 stum
2383 2391 2398 2416 ,
2427 2350 2585 2403 etiam
2615 2363 2807 2419 parvus
2835 2360 2930 2418 pro
2951 2359 3011 2400 se
3052 2343 3356 2399 morientes
3385 2337 3627 2409 parvulos
3652 2347 3761 2388 coro-

2226 2442 2387 2496 navit.
2409 2441 2550 2513 Ergo
2578 2440 2875 2496 debuerunt
2919 2439 3106 2493 timere
3160 2447 3322 2503 reges
3371 2427 3588 2503 quando
3609 2425 3757 2481 dictum

2223 2542 2305 2589 est
2336 2552 2349 2587 :
2376 2531 2485 2605 Ego
2509 2544 2676 2587 autem
2723 2532 3023 2587 constitutus
3044 2545 3155 2584 sum
3184 2542 3280 2583 rex
3303 2524 3369 2579 ab
3392 2541 3453 2578 eo
3472 2565 3490 2591 ,
3511 2530 3562 2576 et
3584 2516 3757 2575 haeredi-

2225 2634 2385 2681 tatem
2417 2639 2581 2695 usque
2602 2624 2667 2678 ad
2697 2623 2830 2678 lines
2860 2632 3012 2677 teme
3039 2619 3185 2675 dabit
3211 2615 3353 2673 mihi
3378 2614 3473 2687 qui
3505 2627 3585 2667 me
3608 2607 3756 2666 consu-

2225 2720 2325 2775 tuit
2356 2734 2553 2788 regem.
2599 2715 2704 2773 Sed
2756 2715 2881 2786 quid
2926 2711 3172 2768 invidetis
3194 2752 3211 2777 ,
3241 2707 3455 2781 reges?
3478 2704 3754 2767 Videte,nm

2225 2810 2475 2867 iuvidete.
2503 2809 2684 2880 Longe
2720 2808 2862 2864 enim
2913 2805 3016 2860 iste
3054 2802 3210 2858 aliter
3233 2816 3337 2856 rex
3379 2796 3472 2870 qui
3508 2793 3662 2851 dixit:
3685 2789 3754 2845 lle-

2222 2921 2377 2975 gnum
2416 2919 2580 2957 meum
2606 2917 2706 2955 non
2733 2908 2804 2956 est
2833 2897 2896 2953 de
2936 2896 3030 2951 hoc
3070 2893 3261 2949 mundo
3291 2889 3476 2963 (Joan.
3512 2901 3649 2949 xvttt,
3673 2880 3754 2975 56):

2222 2971 2395 3050 l‘lolite
2422 3010 2548 3064 ergo
2580 2994 2766 3049 timere
2791 3006 2857 3046 ne
2882 2988 3038 3045 vobis
3065 2985 3349 3042 auferatur
3377 2992 3595 3052 regnum
3620 2971 3754 3064 muniit

2225 3087 2382 3155 hujus
2413 3104 2425 3139 :
2457 3063 2668 3140 dabitur
2692 3083 2845 3138 vobis
2895 3094 3139 3152 regnum,
3167 3075 3267 3132 sed
3294 3073 3577 3137 ctelorum,
3598 3066 3669 3122 ubi
3692 3063 3754 3118 illo

2226 3194 2318 3233 rex
2348 3186 2447 3232 est.
2478 3176 2602 3230 ldeo
2628 3173 2763 3246 quid
2793 3173 2865 3229 ibi
2909 3169 3185 3242 sequitur?
3204 3166 3278 3224 Et
3305 3181 3445 3222 nunc
3462 3155 3752 3235 regeside-

2224 3270 2341 3342 gite.
2369 3270 2485 3324 Jam
2533 3265 2771 3323 invidere
2809 3280 2906 3321 vos
2933 3263 3198 3336 parabatis
3237 3279 3251 3317 :
3282 3251 3662 3329 intelligite;de
3678 3249 3752 3342 alio

2226 3339 2350 3431 rege
2369 3359 2581 3425 dicitur,
2612 3357 2764 3428 cujus
2790 3371 3012 3429 regnum
3058 3369 3164 3411 non
3190 3361 3278 3408 est
3326 3350 3399 3408 de
3441 3350 3541 3406 hoc
3584 3339 3750 3399 mundo.

2225 3451 2411 3505 Merito
2427 3466 2553 3521 ergo
2570 3447 2765 3505 collecti
2782 3456 2901 3504 sunt
2926 3462 3065 3519 reges
3090 3443 3145 3500 in
3170 3458 3351 3507 unum,
3368 3435 3637 3496 conturbari
3652 3436 3749 3521 sunt,

2227 3555 2411 3599 tremor
2459 3518 2788 3615 apprehendit
2829 3556 2933 3596 eos.
2961 3537 3090 3594 Inde
3112 3545 3168 3594 et
3193 3534 3300 3591 illis
3348 3534 3455 3588 hoc
3474 3518 3752 3586 dicitur:Et

2228 3651 2360 3690 nunc
2382 3614 2816 3705 regesiutelligite,
2843 3627 3110 3687 erudimini
3133 3642 3309 3681 onmes
3335 3622 3426 3696 qui
3439 3614 3662 3693 judicstis
3677 3619 3745 3668 ta-

2224 3743 2356 3783 ram.
2382 3726 2575 3782 Servite
2598 3723 2816 3779 Domino
2840 3722 2893 3777 in
2919 3722 3119 3783 timore,
3144 3727 3191 3773 et
3223 3714 3479 3772 exsultate
3497 3711 3542 3768 ei
3560 3722 3659 3764 cum
3676 3712 3746 3757 ηο-

2227 3836 2365 3874 more
2387 3816 2555 3889 (Psal.
2589 3833 2644 3881 ll,
2673 3815 2759 3880 10,
2795 3814 2907 3888 ﬂ).
2939 3811 3007 3870 Et
3043 3811 3168 3882 quid
3194 3804 3478 3866 fecerunt?
3501 3801 3577 3894 lbi

2227 3919 2283 3964 ut
2311 3887 2653 3979 parturientis.
2681 3905 2815 3977 Quid
2844 3887 2968 3960 sunt
3015 3902 3212 3958 dolores
3244 3909 3306 3954 ut
3331 3887 3742 3985 parturientis“?

2228 3975 2439 4057 dolores
2457 3975 2798 4071 paenitentis?
2827 3996 2961 4053 Vide
2979 3996 3148 4067 ipsam
3173 3988 3572 4062 conceptionem
3593 3975 3740 4071 doloris

2228 4101 2282 4145 et
2311 4062 2671 4161 parturiti0tiis
2693 4106 2707 4145 :
2734 4086 2779 4142 Δ
2805 4088 2981 4142 timore
3002 4062 3129 4151 ⁷ιιιο,
3168 4081 3345 4152 inquit
3364 4076 3544 4141 Isaias,
3564 4062 3737 4161 contegi;

2229 4148 2358 4243 mus,
2389 4191 2436 4237 et
2459 4180 2815 4252 parturivimus
2842 4177 3093 4248 Spiritum
3115 4148 3310 4230 isalulis
3333 4164 3483 4240 (Isai.
3510 4170 3631 4217 xm.
3657 4148 3733 4252 lli)-

2228 4275 2316 4332 Sic
2340 4249 2468 4346 ergo
2490 4278 2843 4345 conceperant
2867 4282 3020 4339 reges
3045 4282 3074 4321 a
3099 4267 3290 4322 timore
3307 4256 3521 4321 Christi,
3539 4249 3737 4346 utpsrts-

2229 4340 2427 4422 riendo
2444 4340 2672 4420 salutem
2702 4369 2952 4433 parerent
2976 4355 3246 4415 credendo
3287 4355 3343 4409 in
3382 4362 3500 4407 eum
3538 4351 3666 4433 (ιιιαιξ
3684 4340 3731 4385 α’

2229 4463 2497 4525 mue_ruut.
2533 4453 2559 4509 ι
2568 4454 2616 4508 bi
2640 4422 2839 4507 dolores
2865 4450 2993 4505 sicut
3011 4444 3351 4519 parturientis.
3376 4437 3472 4497 Ubi
3495 4422 3728 4525 parturiat;

2230 4504 2527 4608 leaf-audis,
2561 4546 2719 4600 fctum
2741 4504 3023 4613 exspecta:
3047 4537 3276 4594 Parturit
3304 4542 3471 4625 vetus.
3497 4504 3727 4625 homo.“

2227 4639 2463 4695 nascitur
2487 4648 2657 4690 novus
2684 4634 2862 4689 homo.
2887 4629 2964 4685 lbi
2984 4628 3183 4684 dolores
3200 4635 3258 4681 ut
3277 4618 3599 4695 parturientis.

2298 4692 2533 4803 6.[uers.
2553 4723 2633 4797 8.]
2661 4722 2723 4778 In
2748 4723 2930 4792 spiritu
2954 4720 3169 4775 violento
3183 4692 3433 4803 conteres}

2226 4782 2325 4875 sis.
2344 4782 2582 4874 BLrevlter
2609 4782 2915 4883 intelligitur
2932 4852 2948 4878 ,
2970 4816 3179 4865 evertes
3205 4800 3495 4875 superbiam
3527 4782 3717 4883 gemit-3ft:

2228 4869 2614 4967 Cedit—rideo:
2660 4869 3033 4959 baculiistoria
3062 4898 3258 4955 dicitur
3299 4888 3500 4950 eversio

2226 5001 2462 5075 gentium
2480 5001 2505 5053 ?
2529 5000 2753 5068 Propter
2798 5010 2948 5049 naues
2985 4991 3217 5047 Tharsis.
3263 4981 3475 5075 Titanis
3512 4970 3712 5075 civilius:

2227 5062 2549 5166 qumsierunt
2566 5062 2725 5153 docti,
2751 5089 2853 5143 hoc
2876 5097 2978 5150 est,
3004 5097 3245 5155 quamam
3264 5080 3444 5135 civitas

2227 5151 2611 5255 ἑῖεῐὶὶῐίςειιιεξιιιι·
2637 5199 2651 5235 :
2683 5151 2735 5235 et
2765 5151 3207 5249 aliquibus-visum
3233 5182 3314 5228 est
3335 5164 3548 5255 Ciliciam

2634 5233 2708 5329 est
2724 5287 2790 5328 eo
2812 5233 2952 5343 quod
2979 5265 3284 5338 metropolis
3310 5263 3420 5332 ei“!l

2228 5329 2621 5437 cit—timorique
2659 5329 2871 5421 civitate
2913 5371 3025 5418 erat
3070 5329 3229 5417 etiam
3269 5329 3465 5447 Paulli

2227 5471 2385 5518 natus
2413 5461 2466 5516 in
2498 5428 2705 5515 'l‘harso
2728 5456 2927 5514 Cilicia:
2947 5456 3085 5525 (Act.
3110 5466 3223 5515 ut.
3259 5448 3365 5519 39-
3392 5433 3543 5537 Αξίπξξ

2227 5567 2346 5609 eam
2387 5551 2755 5621 Carthaginem
2794 5504 3173 5604 intellexerunt
3201 5560 3215 5597 ε
3247 5532 3470 5626 fortassis

2228 5644 2301 5701 ita
2329 5608 2675 5708 nominatam,
2702 5648 2793 5694 aut
2829 5638 3002 5707 aliqua
3030 5635 3291 5691 locutione
3319 5630 3384 5685 ita
3413 5608 3691 5690 signiﬁca”

3848 986 3862 1270 ἀ

3830 1625 3862 1817 l

3800 3819 3854 4210 Ι

3483 5491 3696 5589 illitum"
3812 5491 3854 5940 Ι

3481 5608 3691 5672 ηηεηωηηι.

2292 5840 2309 5872 ¹
2346 5836 2567 5902 Plerique
2589 5843 2713 5897 MSS»,
2737 5838 2982 5887 conterens
3007 5842 3027 5886 :
3049 5839 3099 5883 et
3120 5827 3259 5891 intra,
3278 5826 3481 5879 evertam
