3942 6452
102 442 250 513 £37

112 559 376 632 quue
398 557 539 630 apud
587 557 902 630 prophetam
928 553 1117 612 Isaiam
1147 550 1228 609 sic
1254 550 1518 606 invenitur
1546 561 1560 598 :
1590 542 1724 598 Ulu-

124 659 251 715 late
274 666 417 706 nares
434 647 758 720 Carthaginis
783 645 933 718 (Isai.
958 661 1114 712 nm,
1135 645 1188 711 l,
1206 658 1309 698 sec.
1337 638 1526 709 LXX).
1572 632 1726 705 Apud

134 742 478 805 [iacebit-lem
520 749 698 797 autem
726 756 755 795 a
785 738 1012 795 diversis
1059 732 1437 805 interpretibus
1459 770 1475 796 ,
1513 726 1582 781 ab
1609 725 1728 780 aliis

127 836 445 907 Gat‘tbngo,
494 832 565 889 ab
607 834 729 890 aliis
769 832 990 889 Tharsis
1028 830 1371 900 interpretata
1402 819 1723 891 est(Ezerlt.

132 938 367 991 xxxvm,
395 925 484 992 l3,
501 942 603 981 sec.
628 924 797 996 LXX)
816 942 830 987 ;
849 934 904 980 et
922 923 1022 979 hac
1045 920 1350 977 diversitate
1380 919 1728 987 interpretum

133 1030 321 1095 potest
342 1018 561 1091 intelligi
590 1019 725 1074 hanc
748 1017 1001 1089 appellari
1018 1014 1302 1077 Tharsum,
1322 1026 1441 1081 quae
1465 1005 1732 1074 Carthago

130 1111 437 1168 dicebatur.
453 1109 784 1166 Manifestum
802 1119 885 1166 est
908 1118 1107 1173 autem,
1121 1106 1259 1178 quod
1280 1099 1565 1175 primordia
1584 1096 1731 1165 regni

129 1204 480 1276 Carthaginis
494 1206 716 1260 navibus
730 1203 1042 1265 ﬂoruerunt.
1055 1212 1104 1258 et
1121 1203 1190 1256 ita
1204 1198 1495 1254 ﬂoruerunt
1505 1205 1579 1262 ,ut
1595 1193 1732 1247 inter

128 1307 369 1355 ceteras
378 1306 565 1367 gentes
580 1295 904 1353 excellerent
915 1290 1360 1366 negotiationibus
1375 1300 1429 1344 et
1448 1284 1733 1356 navigatio-

132 1389 315 1445 nibus.
343 1389 473 1445 Nam
491 1389 706 1460 quando
722 1388 853 1444 Dido
870 1387 1078 1459 fugiens
1094 1386 1309 1441 fratrem
1334 1381 1549 1450 delapsa
1568 1387 1649 1434 est
1663 1376 1731 1432 ad

134 1492 313 1538 terras
331 1482 550 1548 Alricm,
568 1482 655 1537 ubi
668 1482 1043 1553 Carthaginem
1060 1478 1316 1543 condidit,
1333 1490 1493 1531 naves
1508 1488 1624 1545 qure
1642 1487 1733 1543 p1-

131 1586 265 1629 rata:
292 1582 453 1630 erant
470 1574 538 1628 ad
565 1575 943 1630 mercationem
975 1574 1026 1627 in
1045 1572 1160 1643 ejus
1187 1571 1402 1635 regione
1426 1577 1734 1634 assumpse-

132 1676 217 1724 rat
240 1664 316 1723 ad
346 1667 544 1739 fugam,
571 1667 1026 1724 consentientibus
1048 1664 1148 1720 sibi
1179 1662 1412 1734 regionis
1443 1659 1560 1729 ejus
1590 1656 1734 1726 priu-

132 1760 353 1832 cipibus
385 1770 479 1816 :et
504 1760 633 1831 ipsa:
679 1775 842 1816 naves
878 1759 1038 1814 etiam
1065 1757 1278 1815 condita
1303 1749 1625 1822 Carthagine
1665 1745 1731 1802 ad

135 1849 523 1922 negotiandum
550 1867 653 1906 non
688 1850 1016 1907 defecerunt.
1050 1852 1222 1919 Atque
1251 1847 1375 1901 hinc
1398 1842 1617 1898 nimium
1638 1855 1732 1894 su-

137 1946 306 2014 perba
335 1944 470 2001 facta
497 1953 581 1999 est
604 1944 791 2001 civitas
808 1944 921 2010 illa,
948 1952 1007 1998 ut
1031 1943 1189 2014 digne
1212 1955 1310 2012 per
1329 1941 1446 2010 ejus
1473 1948 1633 1991 naves
1655 1934 1728 1988 in-

139 2037 416 2109 telligatur
452 2038 702 2107 superbia
758 2038 1016 2110 gentium,
1045 2047 1377 2107 praismnens
1419 2031 1472 2085 in
1513 2027 1733 2083 incertis

138 2138 397 2202 tanquam
428 2130 478 2185 in
508 2129 720 2186 ﬂatibus
760 2139 1059 2185 ventorum.
1107 2128 1224 2184 .lam
1248 2142 1353 2182 non
1382 2130 1735 2194 prmsnmalur

138 2219 211 2275 de
240 2220 630 2288 veliﬁcatione,
656 2231 712 2276 et
751 2222 902 2293 quasi
957 2219 1309 2293 prosperitate
1345 2215 1524 2272 szrculi
1554 2212 1729 2283 hujus.

142 2320 396 2383 tanquam
424 2313 624 2368 maris:
652 2313 1052 2369 fundamentum
1102 2321 1341 2366 nostrtnn
1373 2309 1426 2364 in
1469 2307 1599 2363 Sion
1626 2304 1729 2371 sit;

145 2404 215 2459 ibi
239 2407 466 2462 Stnbiliri
496 2405 773 2474 debemus,
794 2423 899 2463 non
931 2405 1141 2479 perﬂari
1167 2406 1313 2461 omni
1345 2412 1503 2461 vento
1528 2401 1727 2459 doctri-

145 2513 230 2555 na:
254 2498 470 2571 (Epltes.
503 2516 577 2568 tv,
612 2502 725 2572 14).
748 2501 1079 2572 Quicumque
1104 2515 1232 2571 ergo
1275 2516 1339 2555 ex
1380 2497 1598 2555 incertis
1632 2496 1737 2552 hu-

146 2590 232 2661 jus
258 2593 382 2648 vita:
422 2602 765 2661 tumuerunt,
796 2602 1133 2655 evertuntur;
1156 2604 1210 2646 et
1239 2591 1551 2660 subjiciatur
1578 2587 1735 2645 Citri-

152 2694 233 2740 sto
257 2685 432 2740 omnis
456 2686 701 2755 superbia
731 2684 987 2756 gentium,
1018 2684 1292 2739 coutereuti
1333 2684 1384 2736 iu
1423 2682 1601 2748 spiritu
1624 2680 1733 2734 vio-

156 2776 280 2831 lento
317 2794 465 2834 naves
496 2776 704 2833 Tharsis
729 2795 746 2832 :
771 2794 876 2835 non
917 2777 1298 2849 cujuscumque
1344 2774 1571 2829 civitatis
1594 2813 1610 2838 ,
1638 2769 1732 2827 sed

158 2864 376 2923 Titanis.
415 2868 696 2940 Quomodo
708 2870 774 2948 in
804 2868 988 2939 spiritu
1016 2866 1231 2922 violento
1251 2866 1280 2918 ?
1304 2866 1520 2922 Timore
1551 2864 1733 2920 fortis-

157 2956 301 3015 simo.
341 2959 428 3016 Sic
448 2958 592 3016 enim
617 2975 739 3016 eum
776 2962 992 3016 tremuit
1018 2958 1195 3016 omnis
1235 2956 1483 3030 superbia
1526 2956 1733 3026 judica-

157 3056 346 3118 turnm,
370 3061 430 3109 ut
456 3053 510 3110 in
537 3052 791 3110 humilem
818 3050 1080 3119 crederet,
1110 3069 1178 3108 ne
1213 3050 1479 3107 creelstnn
1505 3062 1737 3119 etpave-

154 3155 339 3205 sceret.

219 3241 270 3293 7.
301 3238 451 3313 [υεη.
479 3238 559 3314 9.]
589 3238 734 3297 Sicut
761 3239 1065 3307 audivimus,
1095 3239 1167 3293 ita
1188 3246 1235 3294 et
1255 3235 1557 3293 vidimus.0
1584 3234 1734 3291 beata

161 3328 421 3388 Ecclesia!
450 3332 682 3402 quodam
713 3341 954 3402 tempore
987 3331 1201 3395 audisti,
1233 3328 1464 3401 quodam
1496 3335 1738 3398 tempore

160 3421 347 3478 vidisti.
378 3422 595 3480 Audivit
618 3424 670 3480 in
702 3421 1165 3495 promissionibus,
1196 3421 1342 3478 videt
1373 3422 1425 3476 in
1448 3419 1733 3476 exhibitio-

162 3515 305 3574 nihus
322 3517 552 3575 :audivit
580 3518 631 3572 in
660 3516 963 3589 prophetia,
985 3516 1132 3573 videt
1157 3516 1209 3572 in
1225 3516 1532 3586 Evangelia.
1546 3514 1738 3572 Omnia

163 3606 288 3664 enim
328 3625 448 3681 qua:
476 3611 638 3666 modo
663 3611 1032 3680 complentur,
1062 3619 1218 3666 antea
1248 3609 1561 3681 prophetata
1591 3617 1735 3664 sunt.

166 3697 309 3772 Erige
329 3702 515 3759 oculos
529 3718 680 3775 ergo,
704 3715 759 3760 et
780 3702 1023 3759 dil'l'unde
1046 3718 1145 3775 per
1176 3701 1432 3758 mundum
1455 3716 1472 3768 ;
1496 3700 1737 3768 videjam

167 3789 512 3851 hereditatem
539 3810 705 3867 usque
725 3795 790 3851 ad
818 3794 1074 3852 terminos
1101 3793 1248 3849 orbis
1269 3803 1426 3849 teme
1452 3810 1466 3847 :
1488 3792 1611 3848 vide
1625 3792 1736 3863 jam

166 3882 357 3956 impleri
372 3886 514 3960 quod
530 3886 730 3943 dictum
758 3895 860 3951 est,
890 3885 1189 3941 Adorabuut
1218 3901 1334 3940 eum
1381 3899 1554 3939 omnes
1597 3899 1740 3955 reges

168 3986 315 4045 terra,
345 3996 516 4036 omnes
540 3990 712 4053 gentes
736 3981 950 4036 servient
970 3979 1049 4035 illi
1081 3977 1255 4054 (Psal.
1286 3993 1435 4045 Lut,
1466 3976 1576 4051 ll).
1604 3977 1739 4035 Vide

167 4067 422 4141 impletum
442 4085 565 4130 esse
585 4073 725 4144 quod
757 4072 958 4128 dictum
986 4080 1090 4136 est,
1114 4070 1358 4127 Exaltare
1380 4086 1533 4141 super
1560 4071 1735 4138 stelas,

167 4156 308 4229 Deus,
336 4172 385 4219 et
406 4179 560 4235 super
577 4179 776 4219 omnem
801 4172 987 4220 terram
1012 4164 1176 4235 gloria
1204 4172 1290 4218 tua
1310 4159 1481 4233 (Psal.
1509 4176 1635 4228 evtt,
1654 4160 1736 4233 6).

168 4248 447 4312 Videillum
474 4255 626 4327 cujus
649 4255 808 4325 pedes
833 4264 885 4314 et
902 4269 1092 4311 manus
1118 4255 1207 4311 llxi
1230 4263 1355 4310 sunt
1373 4254 1562 4315 clavis.
1583 4253 1740 4322 cujus

164 4357 271 4399 ossa
299 4346 349 4401 in
379 4347 521 4418 ligno
544 4346 828 4419 pendentia
875 4355 1150 4402 numerata
1202 4356 1327 4402 sunt
1350 4387 1366 4413 ,
1394 4361 1558 4416 super
1584 4345 1738 4416 cujus

154 4439 524 4495 vestimentum
573 4453 694 4496 sors
732 4439 895 4497 missa
920 4439 1222 4510 est(MauIi.
1245 4454 1415 4507 mn,
1444 4439 1535 4511 35)
1570 4456 1585 4496 :
1615 4440 1739 4496 vide

146 4541 495 4604 regnantem,
539 4546 698 4605 quem
755 4533 832 4589 illi
861 4532 1111 4590 viderunt
1158 4529 1658 4604 pendentem:vide
1684 4531 1736 4587 in

149 4623 290 4679 coelo
316 4624 615 4693 sedentem,
637 4640 798 4698 quem
819 4635 1254 4696 contempserunt
1281 4625 1332 4681 in
1363 4634 1503 4681 terra
1551 4625 1740 4681 ambu-

153 4716 373 4776 lantem.
402 4718 538 4777 Vide
560 4720 682 4777 inde
708 4718 938 4792 impleri,
965 4717 1517 4781 Commemorabuntur,
1546 4728 1594 4771 et
1615 4733 1742 4773 eon-

154 4811 483 4866 usrtettturad
500 4809 779 4867 Dominum
804 4809 1023 4865 uniuersi
1043 4809 1172 4880 ﬁnes
1191 4818 1359 4877 terra,
1386 4817 1432 4864 et
1452 4808 1739 4863 adorabunt

156 4900 212 4955 in
235 4912 499 4974 compedit
537 4905 650 4976 ejus
678 4904 924 4959 universis
964 4903 1144 4972 patrita
1173 4903 1392 4973 gentium
1415 4900 1587 4968 (Psal.
1618 4917 1734 4967 XXt,

158 4988 269 5063 28).
296 4996 418 5052 lltec
449 4996 636 5053 videns
653 4996 892 5052 exclama
918 5011 1040 5052 cum
1083 4995 1277 5066 gaudio
1297 5035 1313 5063 ,
1362 4993 1509 5051 Sicut
1535 4994 1738 5048 audivi-

164 5100 287 5150 ntss.
313 5088 386 5143 ita
412 5098 460 5144 et
488 5088 724 5145 vidimus.
755 5087 944 5144 Merito
964 5088 1042 5143 sic
1078 5094 1299 5142 vocatur
1351 5085 1463 5157 ipsa
1494 5085 1734 5141 Ecclesia

167 5178 228 5237 de
242 5182 483 5255 gentibus
513 5201 529 5239 :
555 5181 691 5237 Audi
724 5183 854 5253 ﬁlia,
884 5191 932 5237 et
956 5181 1089 5248 uide,
1114 5190 1162 5236 et
1183 5180 1471 5236 obliviscere
1491 5178 1738 5252 populum

166 5282 295 5332 tuum
319 5287 367 5332 et
382 5277 587 5333 domm»
604 5277 762 5348 patris
803 5276 876 5331 tui
904 5274 1074 5348 (Psal.
1108 5290 1254 5340 xuv,
1287 5273 1400 5344 ll).
1426 5271 1589 5329 Pater
1617 5281 1738 5328 tuus

166 5370 348 5442 Aquilo
382 5369 499 5435 luit,
531 5369 651 5424 veni
700 5368 767 5423 ad
828 5374 1065 5423 montem
1110 5365 1263 5424 Sion.
1295 5365 1432 5422 Attdi
1453 5406 1468 5431 ,
1493 5375 1547 5421 et
1573 5364 1735 5423 vide:

162 5479 263 5520 nou
290 5463 426 5530 vide,
444 5472 499 5518 et
525 5461 648 5518 audi
667 5476 683 5524 ;
702 5459 798 5517 sed
819 5459 966 5527 audi,
981 5469 1035 5516 et
1051 5459 1170 5516 vide
1194 5477 1208 5513 :
1232 5458 1379 5530 prius
1398 5456 1520 5513 audi
1539 5499 1554 5524 ,
1586 5464 1736 5529 post-

160 5576 224 5616 ea
244 5557 377 5615 vide.
411 5554 577 5613 Audis
617 5557 790 5627 primo
814 5551 957 5624 quod
1001 5567 1106 5608 non
1136 5551 1288 5608 vides
1308 5592 1326 5618 ,
1356 5549 1561 5606 videbis
1590 5558 1738 5621 post-

161 5669 224 5710 ea
277 5649 410 5722 quod
438 5648 651 5704 audisti.
707 5645 959 5716 Populus,
987 5645 1175 5719 inquit,
1202 5660 1349 5717 quem
1376 5660 1477 5699 non
1503 5645 1733 5714 cognovi,

164 5745 353 5805 serririt
402 5743 545 5809 mihi,
572 5743 625 5797 in
652 5740 894 5796 obaudilu
939 5740 1078 5794 auris
1106 5738 1362 5794 obaudivit
1388 5738 1514 5792 mihi
1560 5735 1732 5809 (Psal.

162 5847 294 5898 xvn.
322 5834 430 5906 45).
460 5831 516 5889 Si
544 5832 597 5889 in
624 5830 877 5887 ohanhitn
899 5830 1043 5886 auris
1062 5829 1353 5894 obaudivit,
1382 5844 1510 5902 ergo
1531 5844 1638 5886 non
1666 5830 1738 5885 vi-

168 5933 261 5992 dit.
288 5928 347 5987 ει
369 5928 453 5988 ubi
474 5936 576 6000 est,
609 5924 802 5994 Quibus
841 5942 943 5983 non
984 5933 1057 5980 est
1103 5924 1385 5982 nuntiatum
1407 5923 1471 5981 de
1492 5940 1568 5997 eo,
1599 5923 1739 5982 vide.-

1193 429 1593 495 ENABRATIO
1627 423 1697 484 IN
1728 422 2058 486 PSALMUM
2096 424 2301 483 XLVII.

1830 539 1993 604 bunt;
2020 550 2069 596 et
2091 542 2173 612 qui
2213 557 2312 595 non
2340 542 2641 607 audierunt,
2663 541 2939 613 intelligent
2966 539 3119 612 (lsai.
3150 554 3241 605 ιιι,
3275 536 3415 602 ιδιι

1829 631 1912 687 Ad
1932 646 2069 702 quos
2090 648 2194 687 non
2225 633 2372 687 missi
2398 645 2519 690 sunt
2548 632 2851 702 Prophetar,
2880 632 2979 704 ipsi
3011 633 3185 703 prium
3228 629 3416 686 audie-

1830 731 1956 779 runt
1995 731 2051 779 et
2089 723 2468 780 intellexerunt
2498 723 2830 794 Prophetas:
2856 724 2932 778 illi
2961 723 3049 791 qni
3083 723 3257 792 primo
3306 736 3416 778 non

1831 812 2132 881 audierunt,
2158 825 2343 886 postea
2371 817 2650 873 audientes
2673 815 2917 872 admirati
2952 824 3096 875 sunt.
3119 816 3418 871 Remanse-

1830 915 1958 964 runt
1987 907 2061 962 illi
2090 907 2159 963 ad
2178 923 2312 979 quos
2339 909 2485 963 missi
2515 918 2638 964 sunt
2657 950 2673 975 ,
2704 909 2914 964 codices
2944 910 3196 974 terentes,
3219 904 3420 963 verita-

1833 1006 1941 1056 tem
1982 1014 2087 1056 non
2130 999 2486 1070 intelligentes
2510 1017 2525 1066 ;
2553 998 2879 1055 Testamenti
2902 998 3108 1055 tabulas
3136 996 3415 1065 habentes,

1832 1100 1887 1148 et
1916 1092 2280 1147 ba-reditatem
2301 1105 2404 1147 non
2437 1101 2695 1148 tenentes.
2715 1089 2821 1145 Sed
2845 1103 2943 1144 nos
2966 1090 3092 1144 sicut
3111 1086 3415 1156 audiuimus,

1833 1181 1904 1236 ita
1919 1191 1965 1237 et
1983 1183 2217 1238 uidimus.
2243 1180 2271 1236 Ι
2277 1199 2310 1237 ιι
2330 1182 2525 1236 ciuitate
2542 1181 2740 1237 Domini
2764 1182 3021 1237 uirtutum,
3043 1179 3308 1234 incivitate
3324 1177 3421 1232 Dei

1835 1274 2011 1328 nostri.
2033 1272 2521 1338 lbiaudivimns,ibi
2536 1282 2590 1329 et
2608 1273 2855 1328 vidimus.
2871 1271 3032 1329 Extra
3053 1269 3198 1327 illam
3208 1269 3300 1341 qui
3311 1277 3418 1338 est,

1835 1380 1935 1423 nec
1963 1367 2130 1433 audit,
2161 1384 2260 1423 nec
2304 1367 2484 1431 videt;
2506 1370 2556 1422 in
2585 1368 2674 1423 illa
2707 1369 2792 1437 qui
2822 1375 2920 1426 est,
2960 1378 3059 1421 uec
3084 1364 3279 1420 surdus
3320 1377 3420 1419 nec

1832 1472 2007 1514 caecus
2032 1468 2130 1513 est.
2162 1458 2624 1525 Sicutandiuimus,
2644 1460 2716 1512 ita
2731 1467 2775 1509 et
2797 1455 3026 1511 vidimus.
3051 1454 3118 1510 Et
3135 1452 3220 1507 ubi
3233 1451 3420 1508 audis?

1833 1553 1923 1608 ubi
1949 1552 2139 1609 vides?
2166 1551 2192 1606 1
2197 1570 2230 1607 ιι
2259 1553 2458 1608 ciuitate
2495 1552 2704 1608 Domini
2737 1552 2995 1615 virtutum,
3024 1550 3077 1604 in
3098 1548 3298 1603 ciuitate
3323 1544 3422 1600 Dei

1834 1646 2014 1700 nostri.
2051 1643 2189 1700 Deus
2217 1644 2450 1715 fundauit
2492 1661 2602 1700 eam
2652 1645 2702 1697 iu
2733 1653 2993 1698 (uernum.
3027 1638 3143 1696 Non
3169 1637 3424 1693 insultent

1837 1738 2070 1795 haeretici
2093 1754 2191 1808 per
2219 1748 2397 1808 partes
2420 1737 2675 1794 conscissi
2708 1751 2846 1792 :non
2874 1750 2931 1790 se
2951 1734 3207 1789 extollant
3225 1729 3314 1803 qui
3335 1728 3421 1784 di-

1834 1839 1978 1896 cunt,
2008 1830 2141 1885 Ecce
2164 1831 2247 1885 hic
2269 1840 2340 1886 est
2369 1830 2618 1896 Christus,
2642 1844 2753 1884 ecce
2770 1824 3106 1898 illic(Malth.
3132 1839 3277 1891 xstv,
3303 1820 3418 1895 25).

1835 1924 1935 1992 Qtti
1969 1923 2118 1991 dicit,
2147 1922 2279 1978 Ecce
2305 1924 2388 1977 hic
2411 1932 2504 1989 est,
2533 1938 2645 1978 ecce
2690 1922 2815 1986 illic,
2845 1919 2910 1975 ad
2964 1926 3138 1988 partes
3194 1914 3420 1972 inducit.

1836 2014 2105 2073 Unitatem
2135 2014 2376 2084 promisit
2400 2013 2545 2070 Deus
2570 2034 2581 2066 :
2603 2026 2756 2083 reges
2786 2012 2839 2068 in
2869 2026 3030 2065 unum
3048 2008 3254 2065 collecti
3273 2016 3418 2072 sunt,

1836 2123 1940 2163 non
1972 2123 2066 2176 per
2088 2105 2373 2162 schismata
2416 2104 2653 2176 dissipati
2681 2114 2825 2159 sunt.
2852 2102 2956 2159 Sed
2989 2101 3124 2157 forte
3168 2101 3267 2157 ista
3293 2099 3425 2156 civi-

1836 2210 1915 2256 tas
1944 2216 2066 2273 qua:
2095 2200 2349 2254 mundum
2372 2198 2570 2270 tenuit,
2600 2196 2884 2266 aliquando
2912 2201 3201 2250 evertetur.
3229 2191 3423 2249 Absit:

1837 2291 1974 2348 Deus
1999 2293 2227 2360 {nudauit
2246 2308 2355 2347 eam
2377 2294 2431 2346 in
2454 2302 2718 2347 (utentum.
2749 2287 2805 2346 Si
2841 2303 2969 2360 ergo
2996 2302 3114 2343 eam
3139 2287 3278 2343 Deus
3308 2285 3427 2342 lun-

1833 2385 1979 2440 ἀει-ει
2008 2387 2059 2441 in
2090 2395 2348 2441 mternum
2375 2426 2390 2452 ,
2435 2382 2562 2455 quid
2609 2384 2765 2439 times
2809 2395 2879 2437 ne
2923 2379 3079 2437 cadat
3114 2376 3429 2436 ﬁrmamen-

1830 2474 1988 2535 tum?

1888 2572 1942 2627 8.
1965 2567 2236 2645 [vers.l0.]
2260 2569 2607 2641 Suscepimus,
2630 2566 2782 2633 Deus,
2808 2564 3357 2620 misericordiamtuam
3373 2560 3431 2618 its

1836 2662 2002 2717 medio
2018 2663 2194 2732 populi
2214 2662 2288 2715 tui
2311 2663 2350 2716 ¹.
2398 2661 2498 2727 Qtti
2542 2666 2991 2729 susco‘perunt,et
3034 2656 3121 2709 ubi
3172 2667 3428 2725 suscepe-

1835 2763 1961 2809 rnnt
1977 2754 2000 2808 ?
2014 2753 2203 2809 Nonne
2228 2755 2341 2823 ipse
2360 2751 2586 2822 populus
2606 2760 2728 2806 tuus
2753 2749 2987 2817 suscepit
3007 2744 3430 2803 misericordiam

1836 2845 2017 2901 tuam?
2040 2846 2094 2901 Si
2137 2860 2205 2917 po
2228 2843 2362 2899 iulns
2388 2855 2508 2897 tuus
2537 2841 2770 2911 suscepit
2809 2838 3228 2895 misericordiam
3257 2846 3426 2903 tuam,

1836 2937 2107 3013 quomodo
2142 2937 2455 3005 suscepimus
2486 2932 2883 2988 misericordiam
2922 2938 3082 2993 tamn,
3110 2939 3156 2983 et
3187 2929 3240 2982 in
3263 2927 3427 2982 medio

1838 3031 2016 3107 populi
2045 3030 2161 3086 tui?
2184 3028 2334 3100 quasi
2365 3026 2453 3082 alii
2484 3027 2589 3081 sint
2613 3024 2703 3096 qui
2728 3020 3202 3095 suseeperunt.alii
3226 3018 3279 3075 in
3294 3033 3430 3092 quo-

1837 3144 1954 3184 rum
1984 3125 2160 3182 medio
2185 3131 2550 3193 susceperunt.
2594 3119 2838 3189 Magnum
2883 3121 3300 3177 sacramentum,
3330 3110 3426 3167 sed

1840 3231 2015 3275 tamen
2040 3227 2223 3273 notum
2257 3232 2271 3269 :
2299 3230 2421 3270 eum
2451 3221 2506 3268 et
2535 3211 2680 3276 hinc,
2708 3210 2808 3263 hoc
2833 3217 2935 3269 est,
2963 3220 3026 3262 ex
3056 3203 3142 3259 his
3183 3201 3428 3259 versibus

1838 3313 2173 3381 exsculptutu
2203 3306 2364 3363 fuerit
2390 3314 2444 3359 et
2467 3315 2677 3359 erutum
2707 3299 2852 3373 quod
2878 3301 3066 3362 nostis.
3090 3309 3197 3353 non
3223 3295 3321 3349 erit
3339 3309 3430 3349 ru-

1839 3403 1979 3468 dins,
2006 3401 2099 3456 sed
2116 3397 2342 3456 dulcius.
2364 3395 2515 3452 Nune
2539 3394 2737 3466 quippe
2770 3389 2996 3461 populus
3019 3388 3114 3445 Dei
3141 3395 3430 3443 censentur

1838 3510 2027 3552 Omnes
2069 3492 2160 3564 qui
2201 3497 2415 3563 portant
2462 3493 2795 3544 sacramenta
2823 3482 2961 3551 ejus,
2985 3479 3079 3536 sed
3107 3492 3212 3534 non
3242 3490 3431 3533 omnes

1842 3588 2112 3661 pertinent
2135 3583 2203 3640 ad
2234 3579 2653 3638 misericordiam
2684 3577 2822 3648 ejus.
2851 3574 3052 3630 Omnes
3101 3572 3298 3643 quippe
3345 3584 3431 3625 sa-

1838 3687 2168 3736 cramentum
2225 3673 2480 3744 Baptismi
2514 3670 2712 3726 Christi
2763 3667 3110 3738 accipientes,
3143 3662 3430 3719 Christiani

1838 3779 2129 3837 vocantur;
2155 3766 2250 3822 sed
2295 3780 2401 3821 non
2452 3777 2641 3818 omnes
2688 3758 2847 3831 digne
2876 3756 2967 3812 illo
2990 3762 3325 3811 sacramento
3353 3752 3432 3806 vi-

1840 3872 1989 3918 vunt.
2012 3862 2149 3917 Sunt
2173 3860 2316 3916 enim
2346 3856 2559 3928 quidam
2606 3854 2674 3910 de
2715 3852 2907 3923 quibus
2946 3846 3075 3903 dicit
3099 3845 3430 3918 Apostolus:

1844 3954 2097 4011 Habentes
2122 3957 2338 4024 formam
2359 3948 2578 4021 pietatis,
2601 3946 2833 4002 uirtutem
2853 3949 3021 3995 autent
3041 3941 3152 4008 ejus
3177 3936 3430 4007 abuegano

1840 4060 1914 4105 tes
1943 4048 2007 4117 (ll
2031 4046 2165 4103 Tim.
2193 4061 2273 4109 ιιι,
2300 4045 2382 4115 5).
2405 4042 2605 4098 Tamen
2630 4048 2846 4110 propter
2871 4035 3041 4104 ipsam
3064 4030 3295 4103 speciem
3322 4027 3427 4098 pie

1839 4141 1965 4198 tatis
1990 4140 2042 4196 in
2074 4138 2267 4210 populo
2294 4136 2384 4192 Dei
2417 4133 2762 4190 nominantur
2789 4147 2802 4184 :
2825 4123 3092 4200 quomodo
3121 4123 3186 4178 ad
3224 4135 3429 4185 aream,

1839 4233 2091 4309 quamdiu
2123 4232 2425 4296 trituretur,
2456 4240 2564 4282 non
2593 4224 2767 4280 solum
2812 4234 2997 4292 grana,
3027 4215 3120 4272 sed
3142 4215 3303 4309 etiam
3324 4226 3431 4309 ipa-

1841 4300 1921 4384 lea
1950 4325 2200 4399 pertinet.
2230 4318 2495 4390 Numquid
2536 4325 2591 4372 et
2632 4314 2700 4371 ad
2744 4312 2994 4368 horreum
3027 4301 3348 4377 pertinebit?
3373 4300 3430 4399 in

1841 4394 2143 4477 hoe-medio
2167 4424 2344 4472 autem
2389 4409 2567 4482 pepuli
2604 4407 2726 4463 mali
2755 4415 2836 4463 est
2868 4401 3094 4473 pupulus
3125 4398 3313 4462 bonus,
3339 4394 3431 4466 qui

1839 4511 2075 4582 suscepit
2102 4505 2522 4565 miscricordiam
2552 4501 2669 4558 Dei.
2705 4498 2841 4554 Vivit
2861 4496 3021 4566 digne
3064 4487 3427 4547 misericordia

1838 4606 1960 4673 Dei,
1985 4581 2074 4676 qui
2102 4603 2248 4658 audit
2281 4610 2337 4657 et
2368 4607 2510 4654 tenet
2561 4605 2614 4650 et
2666 4591 2787 4649 facit
2817 4587 2959 4660 quod
2988 4586 3063 4640 ait
3103 4581 3426 4676 Apostolus;

1840 4670 2201 4769 Prtccipt'entes
2242 4708 2361 4765 ergo
2389 4704 2648 4760 rogamus,
2671 4701 2734 4739 ne
2759 4683 2813 4737 iu
2839 4693 3054 4734 vacuum
3089 4673 3306 4746 gratiam
3337 4670 3431 4726 Dei

1838 4793 2124 4862 suscipiatis
2151 4788 2217 4860 (ll
2232 4787 2350 4841 Cor.
2372 4800 2447 4851 vr,
2476 4783 2551 4852 l).
2573 4778 2672 4849 Qui
2700 4791 2828 4847 ergo
2846 4789 2949 4828 non
2978 4773 3029 4827 in
3060 4782 3282 4825 vacuum
3306 4781 3428 4837 gra-

1841 4858 1984 4941 tiam-
1998 4884 2090 4939 Dei
2119 4858 2361 4952 suscipit,
2393 4877 2507 4947 ipse
2534 4885 2643 4929 tam
2668 4874 3060 4926 sacramentum
3089 4876 3249 4934 quant
3267 4858 3443 4914 etiam

1841 4949 2383 5032 misericordiam'Dei
2405 4965 2643 5035 suscipit.
2674 4963 2738 5016 Et
2759 4957 2884 5031 quid
2913 4957 2985 5011 illi
3009 4955 3196 5021 obest,
3227 4952 3347 5022 quia
3377 4949 3429 5003 in

1843 5066 2020 5123 medio
2045 5064 2223 5136 populi
2250 5057 2602 5117 inobedientis
2626 5064 2731 5122 est,
2760 5051 2933 5108 donec
2960 5063 3083 5103 area
3115 5047 3213 5101 ista
3254 5043 3429 5136 venti-

1841 5160 2001 5225 lrtur,
2024 5132 2198 5213 donec
2223 5153 2345 5209 boni
2374 5167 2403 5206 a
2433 5149 2586 5205 malis
2600 5143 2951 5218 separentur?
2970 5139 3093 5213 quid
3119 5139 3168 5194 ei
3196 5136 3349 5190 obest
3374 5132 3426 5185 in

1842 5250 2021 5309 medio
2043 5247 2220 5320 populi
2249 5240 2615 5300 babitare?Sit
2633 5238 2702 5295 de
2728 5238 2832 5293 illis
2858 5235 2948 5307 qui
2976 5226 3430 5320 appellanturlir-

1840 5318 2192 5409 mamentum,
2216 5337 2512 5408 suscipiens
2555 5329 2972 5390 misericordiam
3003 5326 3135 5391 Dei;
3161 5321 3232 5377 sit
3257 5318 3428 5409 lilium

1840 5437 1895 5494 in
1923 5434 2101 5491 medio
2125 5432 2417 5503 spinarum.
2462 5427 2592 5483 Nam
2616 5432 2672 5481 et
2707 5424 2836 5494 ipsa:
2875 5422 3040 5488 Spina:
3076 5412 3324 5486 quoniam
3355 5408 3423 5463 ad

1842 5530 2093 5603 populntn
2124 5527 2214 5583 Dei
2230 5522 2519 5597 pertinent,
2548 5520 2630 5575 vis
2667 5514 2887 5572 audire?
2913 5512 2986 5567 Ita
3021 5508 3195 5603 posita.
3210 5511 3291 5559 est
3314 5503 3429 5573 ipsa

1838 5598 2128 5680 similitudo
2157 5636 2171 5675 :
2195 5617 2343 5674 Sicut
2384 5615 2581 5683 lilium,
2605 5609 2773 5682 inquit
2800 5648 2816 5676 ,
2838 5605 2892 5662 iu
2915 5601 3079 5660 medio
3116 5598 3382 5671 spinarum
3406 5634 3425 5663 ,

1905 5802 1924 5836 ι
1959 5805 2032 5850 Er.
2059 5805 2113 5850 et
2133 5796 2434 5848 recentiores
2451 5799 2577 5849 Mss,
2604 5784 2767 5853 templi
2786 5784 2871 5853 tui.
2898 5783 2990 5853 sed
3015 5784 3171 5853 liquet.
3200 5779 3426 5853 Augusti:

1840 5841 2184 5927 num—legisse;
2194 5841 2372 5927 populi
2386 5841 2485 5906 tui.
2509 5841 2580 5927 ad
2617 5841 2742 5913 apud
2779 5852 2889 5899 LXX
2922 5844 3035 5899 ιιιοά
3065 5841 3169 5898 ἐσιι
3199 5841 3432 5908 legebat!

1839 5915 2280 5990 veterequuidain,
2297 5918 2401 5971 loco
2423 5915 2547 5969 naoti
2569 5927 2671 5968 sou.
