3942 6420
238 423 312 480 ιε’..
327 420 477 494 [νει-ε.
495 416 930 494 15.]ϐἱι·εωηάαιε
949 417 1101 486 Sion,
1123 424 1170 472 et
1185 397 1576 486 complectimim
1604 431 1737 468 eam.

163 499 369 576 Dicatur
395 513 473 569 eis
502 503 592 583 qui
640 510 779 566 male
826 510 1027 576 vivunt,
1084 499 1137 562 in
1189 511 1414 578 quorum
1459 505 1637 561 medio
1666 512 1749 560 est

164 611 377 687 populus
401 608 487 662 ille
516 607 602 676 qui
629 605 862 674 suscepit
887 595 1305 658 misericordiam
1334 597 1466 654 Dei:
1493 598 1546 653 ln
1570 597 1748 653 medio

165 717 389 770 γρςιιιιιιι
436 711 519 754 est
566 698 794 769 populus
822 697 958 751 bene
1000 695 1206 760 vivens,
1247 687 1567 748 Circumdate
1595 691 1745 746 Sion.

163 793 264 853 Sed
306 785 600 862 quomodo?
645 785 1048 858 Complectt'mini
1087 791 1216 840 eaut.
1268 779 1442 840 Nolite
1487 782 1751 838 scandalls

168 884 508 954 circumdare,
555 883 653 940 sed
698 881 960 938 charitate
998 878 1361 945 circumdate;
1394 885 1452 934 ut
1483 878 1573 948 qui
1613 877 1750 932 bene

171 982 343 1048 vivunt
369 978 416 1030 in
459 975 635 1030 medio
664 984 924 1039 vestrmu,
978 987 1072 1029 eos
1119 971 1420 1038 imitemini,
1467 977 1520 1025 et
1566 983 1751 1024 eorum

165 1071 450 1129 imitatione
488 1070 733 1151 Christo,
781 1067 933 1137 cujus
971 1066 1210 1122 membra
1248 1074 1391 1130 sunt,
1436 1064 1750 1133 incorpore-

167 1164 289 1219 miui
323 1163 359 1216 ¹.
392 1148 708 1214 (firmandam
755 1148 902 1226 Sion,
934 1169 982 1213 et
1011 1155 1402 1224 complectimini
1441 1167 1570 1208 eam.
1605 1151 1748 1207 Nar-

166 1268 267 1326 rate
310 1257 360 1310 in
403 1255 622 1309 turribus
649 1257 777 1325 eius.
810 1255 865 1310 lu
907 1252 1188 1318 altitudine
1230 1249 1586 1307 munitionum
1636 1250 1753 1320 ejus

170 1348 439 1422 pru‘dimle
471 1346 654 1401 laudes
676 1347 812 1414 ejus.

243 1442 322 1494 1⁸5.
358 1437 504 1516 [vers
535 1435 647 1512 H.]
681 1427 861 1492 Ponite
898 1438 1054 1492 corda
1099 1446 1262 1492 vestra
1303 1437 1358 1490 in
1399 1436 1581 1490 virtute
1622 1435 1750 1506 ejus.

163 1529 274 1592 Non
297 1515 614 1592 uthabeatis
643 1515 868 1587 lormam
905 1532 1140 1604 pietatis,
1169 1531 1416 1586 virtutem
1443 1529 1557 1599 ejus
1585 1517 1751 1584 abne-

165 1628 297 1701 getis
324 1625 382 1702 (ll
415 1625 547 1684 Tim.
577 1642 652 1696 ιιι,
687 1624 777 1696 5);
808 1625 898 1681 sed
930 1625 982 1678 in
1009 1623 1190 1678 virtute
1229 1623 1337 1694 ejus
1384 1625 1554 1694 ponite
1597 1622 1754 1676 corda

171 1705 340 1776 rastra:
364 1718 490 1796 Qua:
516 1725 598 1773 est
630 1718 797 1774 virtus
840 1717 1070 1774 civitatis
1104 1715 1297 1786 hujus?
1327 1713 1427 1784 Qui
1459 1711 1566 1769 vult
1598 1711 1756 1769 intel-

175 1812 329 1888 ligere
356 1809 596 1866 virtutem
632 1812 786 1882 hujus
813 1809 1061 1875 civitatis,
1097 1807 1356 1888 intelligat
1382 1805 1486 1861 vim
1515 1805 1751 1861 Charita-

184 1885 256 1959 tis.
289 1905 398 1974 ipsa
428 1914 507 1958 est
549 1901 717 1957 virtus
753 1917 910 1972 quam
956 1916 1112 1955 nemo
1153 1885 1334 1962 vincit.
1381 1893 1548 1968 ilujus
1577 1898 1753 1967 ignem

179 1993 303 2066 nulli
328 1995 510 2054 [luctus
539 1995 738 2059 smeali,
772 1994 916 2048 nulla
955 1991 1172 2046 ﬂumina
1207 1991 1512 2048 tentationis
1553 1993 1756 2047 exstin-

179 2102 351 2163 guunt.
383 2090 454 2146 De
485 2091 584 2146 hac
617 2089 817 2145 dictqu
848 2097 949 2152 cst,
988 2086 1172 2141 l’alida
1200 2095 1270 2140 est
1298 2087 1428 2140 sicut
1454 2099 1590 2141 mors
1623 2085 1753 2140 dile-

181 2186 269 2252 ctio
295 2181 454 2253 (Cant.
485 2198 600 2246 vnt,
623 2177 700 2253 6).
729 2179 1007 2248 Quomodo
1027 2178 1168 2233 enim
1193 2192 1337 2232 mors
1357 2176 1569 2248 quando
1588 2173 1758 2248 venit,

181 2275 344 2330 resisti
370 2273 414 2330 ei
457 2289 563 2330 non
605 2283 800 2344 pOtcst,
826 2270 1151 2343 quibuslibet
1176 2268 1402 2336 artibus,
1434 2263 1757 2339 quibuslibet

185 2363 565 2420 medicamentis
590 2378 870 2428 occurras;
898 2361 1205 2417 violentiam
1236 2359 1426 2415 mortis
1454 2360 1622 2414 vitare
1647 2374 1754 2412 non

187 2465 364 2528 potest,
393 2457 476 2526 qui
507 2455 748 2511 mortalis
780 2462 934 2508 natus
973 2463 1056 2508 est
1090 2471 1103 2507 :
1133 2452 1210 2507 sic
1238 2461 1422 2506 contra
1451 2450 1756 2505 violentiam

187 2553 438 2618 charitatis
464 2550 692 2605 mundus
721 2549 791 2602 nil
829 2556 1022 2616 potest.
1056 2545 1100 2600 Α
1130 2543 1399 2601 contrario
1429 2544 1569 2599 enim
1609 2544 1759 2597 simi-

188 2642 340 2702 litudo
365 2644 474 2712 data
500 2651 581 2696 est
610 2641 676 2696 de
699 2649 906 2705 morte;
946 2636 1212 2710 quomodo
1243 2636 1383 2692 enim
1411 2650 1553 2689 mors
1573 2635 1639 2688 ad
1666 2651 1759 2688 att-

189 2733 443 2802 ferentlutu
475 2731 859 2788 violentissima
895 2713 994 2796 est,
1024 2727 1099 2784 sic
1127 2728 1358 2783 Charitas
1375 2725 1758 2780 violentissima

189 2835 264 2879 est
285 2824 344 2880 ad
371 2817 695 2890 salvandum.
727 2822 830 2878 Per
857 2821 1170 2875 eharitatem
1198 2820 1342 2874 enim
1381 2815 1532 2872 multi
1563 2818 1758 2886 mortui

190 2928 301 2978 sunt
327 2914 531 2982 S:I:t‘tli0,
563 2926 619 2968 ut
659 2913 903 2972 viverent
943 2907 1072 2965 Deo.
1107 2909 1219 2978 Hac
1259 2907 1518 2965 charitatc
1546 2908 1759 2963 accensi

193 3013 450 3081 martyres,
501 3023 604 3062 non
650 3005 902 3067 simulati,
953 3015 1058 3057 non
1099 3019 1230 3056 vana
1278 2999 1445 3072 gloria
1494 2999 1754 3070 ventilali,

193 3113 287 3152 nan
317 3100 436 3155 tales
470 3097 535 3153 de
578 3098 770 3167 quibus
794 3097 994 3150 dictum
1031 3105 1135 3160 est,
1181 3093 1242 3148 Si
1283 3091 1538 3146 tradidero
1575 3108 1759 3163 corpus

195 3209 337 3263 meum
364 3205 413 3246 ut
445 3193 669 3255 ardeam,
697 3190 995 3245 cltaritutcm
1022 3198 1191 3242 autem
1227 3202 1329 3240 non
1363 3185 1594 3251 habeam,
1630 3184 1759 3238 nihil

196 3285 303 3352 iriiri
323 3285 510 3356 prodest
527 3286 568 3356 (Ι
593 3283 710 3338 Cor.
741 3298 856 3349 xm,
878 3280 958 3352 5),
987 3279 1078 3336 sed
1104 3279 1234 3334 tales
1255 3292 1389 3348 quos
1409 3292 1535 3333 vere
1559 3276 1758 3332 Christi

194 3390 242 3434 et
268 3380 486 3446 veritatis
523 3379 758 3434 charitas
805 3375 1121 3448 perduceret
1157 3371 1224 3428 ad
1264 3372 1599 3442 passionem;
1633 3369 1758 3442 quid

197 3475 264 3540 eis
311 3472 533 3538 iecerunt
579 3471 901 3530 tentationes
945 3465 1323 3524 saevientium?
1361 3466 1612 3536 Majorem
1640 3466 1757 3521 vio-

199 3555 388 3638 lentiam
421 3567 715 3621 habuerunt
745 3563 884 3619 oculi
917 3563 1154 3617 ﬂentium
1182 3575 1421 3623 suorum,
1447 3575 1606 3630 quam
1641 3574 1758 3629 per-

201 3651 468 3731 secutiones
499 3657 892 3715 iuseetantium.
917 3656 1084 3726 Quam
1119 3653 1314 3707 multos
1341 3650 1482 3707 enim
1509 3651 1760 3706 tenebant

200 3752 277 3818 ftlii
303 3770 363 3815 ne
388 3753 724 3826 paterentur!
753 3766 911 3823 quam
955 3749 1240 3803 multorum
1280 3745 1506 3816 genibus
1548 3745 1760 3814 provol-

198 3829 428 3920 vehantur
469 3862 704 3914 uxores,
755 3860 821 3900 ne
862 3843 1034 3897 viduae
1080 3838 1545 3910 relinquerentur!
1601 3851 1758 3906 quam

194 3945 364 4006 multos
395 3952 640 4015 parentes
673 3940 762 3994 filii
792 3937 1147 4008 prohibebant
1179 3934 1336 4001 mori,
1357 3932 1496 3986 sicut
1516 3931 1762 3986 novimus

191 4036 471 4106 ellcgimns
515 4033 566 4086 iu
610 4031 857 4103 passione
895 4028 1064 4083 beata}
1095 4025 1406 4095 Perpetuml
1448 4021 1604 4077 Facta
1639 4034 1762 4078 sunt

190 4127 226 4198 is
248 4144 292 4186 ιι.
321 4128 425 4186 Sed
453 4128 704 4198 lacryma:
731 4120 1076 4194 quantmlibet
1109 4128 1159 4174 et
1191 4115 1524 4188 quantolibet
1561 4116 1762 4184 impetu

187 4223 411 4300 ﬂuerent,
456 4217 672 4292 quando
716 4215 961 4270 ardorem
1002 4210 1278 4266 charitatis
1321 4205 1763 4277 exstinguerent?

186 4297 583 4384 Hacest'virtus
611 4309 764 4375 Sion,
791 4308 877 4372 cui.
915 4314 969 4360 et
1005 4304 1130 4366 alibi
1161 4302 1394 4358 dicitur:
1427 4297 1547 4352 Fiat
1581 4316 1684 4369 pax
1710 4297 1765 4354 in

180 4408 346 4480 virtute
369 4417 482 4472 tua,
515 4415 560 4472 et
586 4402 899 4470 abundantia
933 4400 985 4454 in
1031 4395 1250 4454 turribus
1281 4396 1380 4448 tuis
1408 4392 1577 4464 (Psal.
1611 4409 1761 4462 CXXI,

177 4495 252 4574 7),.
272 4502 586 4572 Anttmtiate
625 4501 677 4558 iu
704 4497 927 4552 turribus
957 4497 1087 4564 ejus,
1121 4491 1305 4546 I’onite
1335 4488 1490 4548 corda
1520 4497 1681 4543 vestra
1712 4488 1766 4542 in

170 4595 344 4655 ﬁstula
362 4597 501 4670 ejus,
525 4601 569 4646 et
597 4589 879 4646 distribuite
907 4586 1082 4639 domos
1102 4584 1228 4656 ejus.

246 4693 323 4748 14.
372 4686 519 4758 Quid
565 4683 652 4739 hic
699 4677 1063 4749 intelligimus,
1098 4673 1283 4728 Ponite
1328 4672 1484 4728 corda
1511 4680 1674 4726 vestra
1712 4673 1768 4726 in

167 4785 348 4850 ζίιιιιιβ
388 4782 527 4852 ejus,
564 4786 610 4832 et
636 4772 916 4834 distribuite
943 4769 1119 4830 domos
1148 4765 1299 4836 ejus?
1335 4763 1388 4820 Id
1431 4771 1533 4829 est,
1581 4763 1771 4818 distin-

169 4879 310 4945 guite
337 4875 564 4938 domum
591 4884 621 4924 a
659 4868 841 4932 domo,
885 4863 1049 4918 nolite
1078 4855 1426 4914 contundere.
1458 4855 1659 4909 Domus
1687 4865 1770 4918 est.

180 4969 316 5038 enim
358 4966 588 5038 fortnam
633 4957 843 5032 pietatis
889 4953 1110 5018 habens,
1149 4957 1205 5006 et
1245 4949 1493 5019 pietatem
1535 4962 1638 5001 nou
1670 4946 1769 5001 ha-

191 5056 350 5128 betis:
377 5067 459 5122 est
485 5063 664 5120 autem
708 5050 898 5116 domus
935 5055 989 5102 et
1034 5044 1259 5108 formam
1301 5050 1355 5096 et
1402 5040 1650 5111 pietatem
1679 5038 1772 5094 ha-

202 5147 338 5218 bens.
365 5146 680 5214 Distribuite,
708 5143 874 5207 nolite
898 5137 1244 5204 confundere.
1279 5133 1427 5190 Tunc
1456 5141 1631 5188 autem
1659 5131 1771 5187 dis-

210 5243 413 5312 trilntitis
461 5251 516 5312 et
563 5253 669 5296 nou
696 5233 1047 5304 confunditis,
1075 5228 1289 5302 quando
1327 5227 1488 5282 corda
1515 5238 1690 5283 vestra
1721 5227 1773 5282 in

215 5335 384 5394 virtute
408 5335 524 5407 ejus
552 5331 766 5404 ponitis,
802 5328 854 5390 id
872 5336 972 5396 est,
995 5341 1115 5381 cum
1149 5323 1271 5381 facti
1302 5321 1507 5384 fueritis
1535 5336 1630 5390 per
1650 5320 1778 5375 elia-

218 5439 399 5488 ntatem
426 5426 746 5499 spirituales.
771 5423 919 5484 Tunc
941 5431 1137 5478 temere
1158 5434 1261 5473 non
1287 5414 1624 5487 judicabitis;
1652 5423 1776 5471 tunc

219 5517 438 5576 videbitis
465 5517 598 5574 nihil
624 5517 815 5582 obesse
845 5514 998 5574 bonis
1021 5512 1212 5574 malos,
1241 5507 1492 5581 quamdiu
1516 5523 1699 5562 sumus
1725 5509 1775 5562 iu

225 5604 301 5666 hac
325 5627 475 5667 area:
504 5607 800 5665 Distribuite
821 5605 1000 5660 domos
1037 5603 1164 5674 ejus.
1196 5601 1379 5656 Potest
1407 5607 1460 5654 et
1486 5598 1622 5653 alius
1657 5611 1778 5655 esse

273 5771 376 5840 ιιῳ
398 5770 620 5837 plerique
642 5776 750 5819 Mss.
925 5778 1047 5840 vero
1079 5779 1096 5818 ς
1121 5761 1365 5818 Christum
1397 5759 1538 5826 cujus
1567 5758 1784 5815 membra

227 5839 327 5896 non.
339 5834 386 5888 in
399 5829 606 5898 corpore
624 5829 1026 5907 nemnem.

1205 295 1608 356 ENABRATIO
1661 295 1724 353 ΙΝ
1766 295 2091 370 ΡξᾼιιιυΜ
2130 303 2332 370 XLVII.

1857 417 2175 520 intellectus.
2201 424 2400 484 Domos
2421 427 2538 487 illas
2563 431 2723 512 duas,
2745 453 2904 510 unam
2931 456 2994 498 ex
3012 444 3439 520 circumcisione,

1857 509 2077 605 alteram
2105 528 2170 605 ex
2202 520 2462 587 praeputio
2488 509 2812 597 venientem,
2842 533 3111 605 Apostolis
3135 540 3333 598 dictum
3360 509 3444 602 esi

1860 611 1916 700 ut
1947 601 2346 665 dtstribuereut.
2382 611 2512 668 Cum
2557 620 2698 674 enim
2738 601 2956 681 vocatus
2984 642 3124 686 esset
3151 633 3363 700 Saulus,
3392 601 3446 694 et

1859 690 2030 748 factus
2053 699 2331 765 aposmlus
2363 702 2556 761 Paulus
2581 749 2595 773 ,
2628 717 2949 773 conveniens
2982 721 3031 774 in
3075 690 3445 783 unitatem

1859 788 2230 888 apostolorum-
2251 806 2488 863 suorum,
2520 799 2598 852 sie
2621 816 2744 858 cum
2772 808 2852 862 eis
2874 807 3053 866 habuit
3089 815 3362 884 placitum,
3386 829 3445 876 ut

1960 876 2096 981 irent
2113 880 2163 981 in
2186 882 2665 956 circumcisionem,
2690 895 2788 953 iste
2810 899 2862 953 in
2885 875 3198 974 prmputium
3223 875 3362 981 (Gal:
3384 929 3442 980 ιι,

1861 968 1941 1063 ἐξ).
1976 969 2078 1026 ista
2123 973 2521 1045 dispensatione
2562 968 2893 1056 apostolatus
2932 968 3012 1050 sui
3059 968 3445 1063 distribueruni

1859 1058 2050 1117 domos
2075 1065 2302 1123 civitatis
2339 1075 2513 1143 magni
2557 1078 2717 1148 regis,
2749 1091 2804 1137 et
2839 1090 3229 1149 concordantes

1857 1155 2002 1255 pulo,
2034 1157 2378 1231 Evangelium
2424 1167 2818 1239 dispensatione
2847 1170 3159 1251 diviserunt,
3188 1189 3446 1249 charitato
3482 1214 3490 1242 ί

1854 1254 2173 1347 pitharum.
2214 1254 2279 1308 Et
2314 1271 2500 1315 revera
2553 1262 2654 1319 hoc
2697 1269 2865 1338 magis
2903 1271 3302 1347 intelligendum
3344 1270 3488 1347 est.'.-f

1857 1335 1992 1394 Nam
2029 1345 2285 1414 sequitur,
2337 1359 2392 1404 et
2419 1356 2650 1411 ostendit
2688 1327 2829 1430 quod
2867 1363 2970 1421 hoc
3012 1327 3489 1492 prfutlicatorihdsg

1861 1429 2060 1488 dictum
2089 1437 2177 1492 Sil.
2221 1437 2290 1492 ΕΙ
2324 1442 2609 1492 distribui“:
2629 1450 2806 1492 (lninne
2840 1457 2949 1492 nr...
2987 1473 3000 1488 ο
3028 1469 3086 1492 ..ι
3123 1469 3362 1492 ,κη-,ηιμ
3397 1471 3445 1492 ι--

1861 1429 2060 1488 dictum
2089 1437 2177 1501 sit,
2221 1437 2290 1492 Et
2324 1442 2609 1502 distribuite
2629 1429 2806 1507 domos
2839 1457 2949 1526 ejus
2981 1429 3086 1514 aut
3120 1429 3375 1522 enm-retis

1861 1528 2099 1628 progenie
2119 1529 2310 1628 altera,
2445 1547 2544 1603 est,
2591 1549 2648 1595 ut
2675 1545 2835 1600 etiam
2875 1546 2942 1604 ad
2974 1565 3071 1607 nos
3099 1563 3220 1624 post
3249 1529 3474 1617 futuros

1860 1617 2076 1674 illorum
2118 1621 2390 1695 Evangelii
2438 1628 2766 1700 dismnsatio
2798 1617 3122 1708 perveniret:
3157 1647 3272 1703 Non
3304 1625 3476 1708 εξιιίιιιἑ

1860 1708 1968 1812 illis
2005 1718 2210 1770 Lautum
2251 1717 2643 1793 labet-avertunt,
2685 1742 2806 1784 eum
2850 1735 3042 1803 quibus
3082 1740 3132 1794 in
3180 1740 3281 1798 hac
3308 1752 3450 1802 terra

1860 1813 2137 1910 Vixerunt;
2167 1823 2270 1910 nec
2293 1811 2548 1870 Dominus
2579 1817 2683 1872 illis
2708 1829 2908 1879 tant-um
2937 1827 3227 1900 Apos’tolis,
3257 1836 3450 1905 quibus

1859 1911 1924 1952 se
1963 1903 2138 1995 vivnt
2183 1903 2344 1960 etiam
2395 1917 2515 1976 post
2562 1921 3008 1975 resurrectionem
3067 1903 3314 1995 dignatus
3366 1941 3450 1988 est

1859 1993 2161 2086 ostendere,
2187 1999 2282 2052 sed
2307 2007 2361 2056 ct
2391 2002 2563 2058 nobis.
2593 2003 2726 2062 Nam
2753 2009 2856 2066 illis
2895 1993 3231 2086 loquebatur,
3259 2029 3314 2075 et
3351 2038 3449 2080 nos

1860 2083 2212 2154 significabat,
2241 2101 2359 2146 cum
2384 2095 2584 2152 diceret
2608 2115 2623 2152 :
2659 2099 2788 2156 Ecce
2808 2108 2900 2176 ego
2937 2083 3190 2164 uobiscum
3210 2083 3321 2166 sum
3341 2132 3449 2170 om-

1861 2180 2013 2234 aibas
2033 2182 2225 2278 diibus,
2245 2199 2411 2278 usque
2439 2190 2508 2243 ad
2532 2176 3012 2253 consummationem
3038 2204 3210 2258 seaculi
3234 2203 3447 2278 (Matth.

1861 2277 2046 2337 “sui,
2085 2267 2200 2344 90).
2241 2269 2508 2349 Numquid
2548 2283 2628 2338 illi
2666 2285 2752 2341 hic
2799 2286 2961 2345 futuri
3000 2296 3148 2348 erant
3189 2267 3358 2367 usque
3397 2299 3450 2354 in

1860 2370 2376 2426 consuminationcm
2425 2377 2649 2432 Str-culi?
2683 2377 2815 2435 item
2845 2381 2973 2438 dicit
3011 2402 3026 2439 :
3077 2382 3200 2443 Non
3239 2407 3330 2460 pro
3374 2393 3450 2450 Itis

1861 2473 1986 2529 rogo
2022 2465 2234 2528 tantum,
2269 2467 2356 2517 sed
2384 2482 2478 2537 pro
2507 2467 2586 2523 his
2623 2470 2709 2540 qui
2731 2473 2969 2529 credituri
2993 2488 3107 2533 sunt
3138 2497 3226 2550 per
3251 2483 3452 2540 verbum

1861 2551 2066 2607 illorum
2089 2556 2139 2608 iu
2161 2555 2434 2624 mc(Joau.
2465 2571 2594 2625 xv‘n,
2625 2561 2747 2636 20):
2777 2566 2914 2636 Ergo
2938 2571 3163 2626 attendit
3185 2588 3300 2642 nos,
3330 2577 3452 2646 quia

1863 2651 2051 2714 positus
2074 2656 2152 2702 est
2180 2655 2399 2719 propter
2427 2667 2544 2708 nos.
2570 2653 2758 2712 Merito
2784 2659 2959 2732 itaque
2983 2660 3195 2732 dicitur,
3219 2663 3286 2722 Ut
3305 2686 3453 2726 enar-

1863 2737 1983 2792 rctis
2012 2739 2062 2792 in
2090 2743 2328 2811 progenie
2345 2744 2527 2799 altera.

1936 2829 2023 2885 i5.
2067 2829 2214 2903 [ret-s.
2272 2834 2384 2908 15.]
2424 2833 2560 2905 Quid
2610 2845 2917 2901 enarratis?
2970 2839 3219 2916 Quoniam
3259 2857 3340 2910 hic
3381 2868 3454 2913 est

1865 2921 2024 2990 Deus,
2071 2922 2205 2977 Deus
2234 2937 2418 2981 noster.
2474 2925 2638 2986 Terra
2666 2933 2964 3007 videbatur,
3010 2951 3165 2999 terrm
3210 2923 3453 3007 conditor

1861 3027 1971 3072 non
2024 3017 2302 3075 videbatur
2350 3040 2364 3078 :
2414 3038 2540 3081 caro
2581 3029 2877 3097 tenebatur,
2909 3034 3003 3089 sed
3034 3037 3170 3092 Deus
3209 3040 3259 3094 iu
3292 3058 3452 3100 carne

1863 3125 1970 3165 non
2013 3113 2415 3181 agnoscebatur.
2462 3115 2765 3175 Tenebatur
2807 3137 2932 3179 caro
2965 3127 3033 3184 ab
3063 3108 3140 3183 eis
3169 3147 3234 3185 ex
3263 3134 3453 3198 quibus

1862 3203 2036 3260 fuerat
2083 3217 2294 3278 sumpta
2345 3209 2460 3279 ipsa
2507 3223 2656 3280 caro,
2699 3228 2770 3269 ex
2808 3219 3012 3276 semine
3056 3221 3283 3278 Abraha:
3310 3228 3452 3282 enim

1861 3297 2012 3370 virgo
2059 3298 2221 3354 Maria
2276 3316 2290 3354 :
2338 3300 2404 3356 ad
2445 3317 2660 3359 carnem
2705 3320 3096 3380 remanserunt,
3126 3313 3452 3374 divinitatem

1862 3405 1970 3446 non
1996 3391 2389 3448 intellexerunt.
2423 3393 2467 3450 0
2485 3397 2742 3466 Apostoli,
2762 3414 2794 3453 ο
2812 3400 2996 3456 civitas
3019 3409 3235 3478 magna!
3271 3410 3320 3463 in
3343 3419 3453 3466 ture

1861 3485 2013 3582 ribus
2035 3495 2086 3540 tu
2114 3483 2364 3558 prmdica,
2388 3497 2440 3543 et
2461 3488 2566 3556 dic,
2597 3481 2697 3544 llic
2718 3503 2792 3547 est
2807 3492 2962 3560 Deus,
2980 3477 3317 3572 Deusnoster.
3344 3477 3452 3582 Sic,

1862 3575 1942 3634 sic
1968 3578 2236 3648 quomodo
2264 3588 2600 3652 contemptus
2626 3593 2726 3647 est,
2758 3589 3026 3654 quomodo
3054 3590 3186 3660 lapis
3215 3605 3336 3650 ante
3360 3575 3453 3672 pe;

1862 3669 1958 3727 des
1983 3671 2148 3742 jacuit
2176 3672 2652 3740 oil‘eudentium,ut
2679 3675 2980 3734 hmuiliaret
3009 3683 3170 3740 corda
3195 3669 3455 3744 confiten-

1865 3756 2032 3827 tium;
2073 3762 2152 3818 sic
2190 3763 2383 3840 Itic‘est
2428 3763 2564 3820 Deus
2605 3775 2788 3820 noster.
2822 3769 2978 3825 Certe
3004 3773 3148 3827 visus
3177 3747 3291 3843 est,
3320 3781 3456 3836 sicut

1864 3856 2065 3912 dictum
2095 3864 2179 3911 est
2217 3873 2232 3910 :
2274 3855 2402 3911 Post
2431 3857 2537 3912 lucc
2563 3858 2614 3914 in
2641 3862 2784 3915 terris
2810 3862 2944 3919 visus
2970 3875 3058 3932 est,
3092 3879 3136 3921 et
3163 3886 3274 3923 cum
3301 3873 3456 3929 [torni-

1866 3948 2012 4002 nibus
2041 3959 2360 4004 conversatus
2414 3958 2483 4004 est
2524 3949 2751 4023 (Barurlt
2790 3969 2864 4019 tn,
2910 3955 3022 4027 53).
3075 3957 3173 4013 Hic
3213 3973 3283 4015 est
3318 3964 3456 4022 Deus

1866 4051 2055 4096 noster.
2085 4041 2151 4096 Et
2179 4041 2340 4098 homo
2369 4052 2478 4108 est,
2512 4053 2564 4097 et
2606 4046 2722 4112 quis
2747 4057 2823 4100 est
2854 4050 2940 4119 qui
2973 4065 3256 4122 cognoscet
3292 4060 3457 4114 cuni?

1871 4132 2122 4201 Quoniam
2161 4134 2242 4186 hic
2270 4142 2343 4188 est
2385 4131 2524 4188 Deus
2572 4147 2755 4192 uoster.
2798 4139 2901 4196 Sed
2946 4140 3083 4212 forte
3126 4147 3190 4200 ad
3225 4159 3452 4223 tempus,

1867 4225 2134 4296 quomodo
2163 4224 2234 4280 dii
2261 4223 2395 4280 falsi.
2429 4226 2558 4302 Quia
2585 4229 2724 4282 enim
2757 4235 2934 4287 vocari
2967 4248 3187 4305 possunt
3215 4241 3307 4309 dii,
3337 4259 3458 4300 esse

1867 4327 2182 4373 autemnon
2227 4327 2466 4390 possunt,
2503 4317 2569 4372 ad
2618 4327 2824 4392 tempus
2866 4325 2947 4378 vel
2999 4339 3272 4386 vocantur.
3323 4331 3456 4391 Nam

1868 4409 1993 4482 quid
2018 4410 2097 4464 eis
2123 4409 2250 4464 dicit
2277 4411 2557 4482 propheta,
2580 4413 2661 4466 vel
2689 4415 2814 4486 quid
2839 4427 3018 4472 monet
3042 4430 3096 4474 ut
3116 4423 3193 4478 eis
3213 4425 3460 4483 dicatur?

1869 4504 1996 4560 llaec
2033 4505 2110 4560 eis
2146 4503 2334 4560 dicetis
2367 4521 2382 4557 :
2411 4503 2579 4572 Quid?
2608 4503 2696 4559 Dii
2733 4508 2818 4578 qui
2847 4510 3028 4576 emittm
3062 4523 3107 4565 et
3142 4523 3325 4580 terram
3360 4536 3461 4574 non

1869 4603 2124 4669 fecerunt,
2157 4606 2361 4668 pereant
2389 4596 2452 4651 de
2481 4608 2643 4672 terra,
2676 4609 2720 4653 et
2751 4600 2812 4654 tle
2844 4601 2920 4655 Itis
2949 4620 3060 4673 qute
3079 4605 3168 4672 sub
3191 4608 3314 4670 ctylo
3342 4621 3460 4666 sunt

1873 4689 2086 4761 (Jerem.
2113 4705 2170 4756 Χ,
2205 4688 2316 4760 ll).
2349 4689 2460 4748 Non
2481 4698 2564 4744 est
2593 4689 2691 4745 iste
2717 4691 2835 4744 talis
2864 4693 3022 4764 Deus,
3043 4698 3292 4766 quoniam
3324 4700 3463 4758 Deus

1871 4793 2054 4847 noster
2083 4799 2245 4856 super
2274 4798 2459 4838 omnes
2489 4783 2637 4839 deos.
2683 4783 2857 4857 Super
2884 4803 3018 4858 quos
3061 4805 3246 4848 muues
3285 4792 3464 4858 dus?

1879 4879 2130 4958 Quoniam
2159 4894 2329 4938 omnes
2359 4877 2430 4930 dii
2459 4879 2681 4948 gentium
2703 4878 2952 4944 tltetnonia
2977 4922 2988 4944 ,
3024 4879 3272 4950 Dominus
3297 4897 3465 4942 autem

1875 4957 2026 5038 ctelos
2053 4972 2170 5041 fecit
2199 4966 2370 5042 (Psal.
2412 4957 2532 5042 xcv,
2573 4967 2650 5048 5).
2697 4969 2712 5022 Ι
2721 4984 2811 5039 pse
2836 4979 3068 5043 estergo
3093 4973 3232 5032 Deus
3261 4989 3462 5046 noster,

1877 5064 1958 5136 me
1992 5072 2064 5124 est.
2107 5061 2245 5128 De“,
2284 5070 2470 5129 "amr,
2499 5060 2828 5132 Quousque?
2870 5059 2936 5130 In
2962 5073 3201 5132 (uernum
3231 5079 3276 5122 et
3300 5069 3349 5123 in
3370 5087 3465 5126 sa:-

1877 5156 2049 5230 qulum
2072 5155 2248 5226 δαίουιί
2265 5173 2282 5219 ;
2311 5157 2418 5230 ipse
2437 5163 2570 5225 reget
2599 5171 2687 5212 nos
2711 5156 2764 5208 in
2791 5156 2995 5227 sternte.
3030 5159 3084 5222 Si
3115 5160 3254 5232 Deus
3283 5174 3467 5219 noster

1878 5260 1980 5317 est,
2009 5262 2062 5320 et
2086 5265 2177 5306 rex
2201 5258 2381 5304 noster
2405 5256 2518 5314 est;
2550 5250 2774 5319 protegit
2799 5265 2916 5314 nos,
2946 5253 3067 5324 quia
3101 5253 3239 5308 Deus
3266 5265 3364 5318 est,
3400 5272 3467 5313 ne

1878 5345 2199 5408 moriamur;
2244 5343 2381 5416 regit
2413 5357 2532 5412 nos,
2560 5341 2679 5411 quia
2709 5359 2802 5398 rex
2833 5352 2934 5410 est,
2959 5360 3026 5400 ne
3052 5345 3320 5403 cadamus.
3357 5349 3465 5405 Re-

1881 5439 2052 5510 gendo
2078 5445 2252 5492 autem
2285 5451 2382 5491 nos
2413 5450 2514 5489 non
2559 5434 2748 5505 frangit
2777 5450 2900 5501 nos;
2935 5452 3053 5489 nam
3084 5452 3215 5506 quos
3245 5455 3349 5492 non
3381 5457 3468 5496 re.-

1881 5533 1976 5604 git,
2007 5530 2215 5600 frangit.
2249 5529 2406 5598 Reges
2431 5545 2534 5588 eos,
2569 5529 2765 5598 inquit,
2793 5529 2844 5580 in
2873 5529 3011 5597 rirgo
3037 5530 3200 5598 ferrea
3224 5573 3237 5593 ,
3286 5542 3330 5585 et
3359 5543 3470 5586 tau-

1883 5639 2032 5697 quam
2077 5639 2162 5676 vos
2205 5621 2352 5692 ﬁguli
2395 5631 2620 5674 conteres
2660 5637 2745 5674 eos
2787 5617 2954 5687 (Psal.
2989 5635 3044 5683 ιι,
3088 5620 3164 5688 9).
3215 5620 3319 5678 Sed
3348 5635 3470 5680 sunt

1884 5733 2019 5793 quos
2048 5731 2152 5774 non
2194 5714 2328 5786 regit
2359 5731 2370 5767 :
2402 5714 2529 5786 ipsis
2559 5728 2662 5770 nou
2704 5710 2889 5790 parcit,
2926 5721 3172 5784 tanquam
3205 5731 3297 5778 vas
3328 5718 3470 5790 figuli

1889 5820 2171 5871 conterens
2199 5821 2312 5865 eos.
2345 5805 2428 5863 Ab
2448 5806 2540 5863 illo
2562 5819 2691 5876 ergo
2717 5812 2964 5873 optemus
2985 5807 3097 5877 reci
3125 5817 3181 5865 et
3206 5806 3423 5871 liberari
3453 5831 3470 5872 ε
