3942 6418
630 347 735 405 5⁸3

630 468 750 535 quia
774 464 853 516 hic
872 471 943 516 est
972 461 1109 517 Deus
1139 470 1306 518 uoster
1333 462 1385 516 in
1406 469 1667 527 (sternunt,
1699 472 1745 516 et
1771 462 1823 515 in
1849 461 2093 514 stvrulum
2118 475 2213 515 sa:-

633 556 773 616 euli;
798 565 844 608 et
869 555 976 623 ipse
1001 564 1133 625 reget
1162 570 1253 609 uos
1277 556 1327 609 in
1347 555 1552 609 saecula.

633 692 931 709 μισ-*-

1043 766 1123 827 IN
1164 766 1542 829 PSALMUM
1573 766 1832 828 XLVIII

1210 890 1627 946 ENARRATIO.

1297 1020 1471 1062 εειιιιο
1509 1021 1544 1060 1.

1068 1120 1148 1177 De
1180 1123 1347 1195 prima
1385 1132 1527 1190 parte
1564 1120 1777 1177 Psalmi.

699 1237 746 1291 Ι.
790 1235 980 1290 Omnia
1005 1234 1181 1289 divina
1204 1233 1411 1303 eloquia
1434 1233 1661 1288 salubria
1699 1241 1822 1286 sunt
1850 1230 1986 1287 bene
2014 1230 2207 1286 intelli-

620 1326 896 1398 gentibus;
944 1325 1238 1395 periculosa
1274 1339 1402 1379 vero
1443 1323 1526 1379 his
1572 1324 1658 1393 qui
1701 1338 1761 1377 ea
1791 1321 1970 1376 volunt
2017 1322 2082 1376 ad
2124 1321 2207 1376 sui

621 1418 799 1473 cordis
847 1416 1246 1485 perversitatem
1296 1416 1633 1486 detorquere,
1667 1413 1837 1484 potius
1864 1428 2020 1483 quam
2049 1426 2204 1469 suum

620 1525 718 1564 cor
743 1508 808 1563 ad
837 1522 1021 1563 eorum
1050 1507 1418 1563 rectitudinem
1445 1506 1730 1577 corrigere.
1784 1506 1906 1560 Iltec
1946 1513 2029 1559 est
2061 1504 2203 1561 enim

623 1602 675 1655 in
710 1600 1013 1655 hominibus
1041 1615 1227 1671 magna
1253 1608 1311 1654 et
1344 1600 1532 1655 usitata
1562 1599 1910 1668 perversitas;
1937 1599 2057 1668 quia
2085 1611 2204 1651 cum

620 1693 847 1749 debeant
873 1693 1053 1749 vivere
1083 1694 1179 1763 ipsi
1209 1693 1497 1749 secundum
1528 1694 1852 1748 voluntatem
1884 1693 1999 1755 Dei,
2035 1693 2201 1748 Deum

621 1785 807 1839 volunt
844 1786 1022 1841 vivere
1066 1784 1357 1840 secumlum
1386 1785 1707 1839 voluntatem
1736 1800 1886 1840 suam
1940 1802 1953 1838 :
1993 1793 2047 1840 et
2083 1800 2202 1839 cum

620 1875 717 1945 ipsi
752 1876 938 1930 nolunt
967 1876 1197 1948 corrigi,
1242 1876 1389 1932 illum
1419 1878 1602 1931 volunt
1640 1877 1956 1946 depravari;
1997 1886 2203 1934 rectum

623 1982 728 2021 uon
760 1967 1081 2022 arbitrantes
1105 1967 1244 2037 quod
1273 1966 1360 2022 ille
1390 1968 1497 2021 vult
1522 2009 1536 2032 ,
1568 1966 1664 2024 sed
1702 1966 1841 2038 quod
1872 1967 1968 2036 ip-i
1998 1966 2200 2022 volunt.

620 2058 867 2113 Solemus
892 2068 1067 2114 autem
1096 2058 1281 2115 audire
1322 2059 1564 2115 homines
1592 2070 1984 2115 murmurantes
2009 2060 2203 2116 adver-

617 2163 710 2203 sus
734 2149 921 2209 Deum,
954 2148 1093 2218 quod
1121 2148 1274 2204 malis
1301 2150 1351 2202 in
1384 2148 1482 2204 hac
1502 2150 1605 2204 vita
1633 2150 1767 2205 bene
1795 2151 1864 2205 sit
1885 2160 1938 2206 et
1965 2150 2205 2208 laborent

619 2242 741 2296 boni
775 2260 788 2295 :
834 2240 984 2311 quasi
1016 2242 1102 2296 ille
1131 2256 1408 2311 perversos
1435 2242 1542 2308 sit,
1572 2250 1626 2296 et
1654 2243 1856 2298 nesciat
1886 2243 2011 2313 quid
2037 2252 2158 2313 agat
2183 2285 2198 2308 ,

616 2343 703 2387 aut
736 2332 953 2387 omnino
976 2333 1229 2388 averterit
1253 2331 1437 2386 oculos
1465 2346 1494 2385 a
1522 2332 1682 2387 rebus
1705 2332 1984 2399 humanis;
2014 2333 2100 2388 vel
2125 2348 2203 2389 se-

616 2424 895 2478 curitatem
937 2438 1087 2478 suam
1135 2422 1430 2494 perturbari
1461 2424 1611 2489 nolit,
1653 2431 1710 2478 ut
1756 2424 1867 2478 lure
1896 2439 2000 2479 non
2031 2433 2204 2480 atten-

617 2513 728 2581 dat,
767 2515 889 2583 quia
917 2528 1036 2568 cum
1080 2514 1263 2570 labore
1291 2514 1389 2568 ista
1419 2514 1558 2569 Deus
1586 2524 1678 2569 aut
1705 2514 1881 2571 videat
1905 2524 1996 2570 aut
2029 2517 2202 2572 corri-

616 2616 720 2678 gat.
753 2606 1077 2661 Murmurant
1106 2622 1234 2677 ergo
1260 2608 1504 2661 homines
1527 2648 1541 2670 ,
1570 2607 1659 2677 qui
1708 2617 1984 2678 propterea
2019 2608 2204 2664 volunt

621 2700 783 2753 Deum
804 2698 983 2753 colere
1009 2708 1065 2755 ut
1092 2697 1177 2754 hic
1204 2698 1307 2753 illis
1338 2699 1473 2754 bene
1493 2700 1581 2764 sit,
1610 2700 1822 2769 quando
1848 2701 2075 2756 viderint
2107 2716 2201 2757 eos

614 2791 701 2862 qui
736 2791 899 2846 Deum
928 2806 1031 2845 non
1061 2790 1245 2845 colunt
1288 2792 1486 2860 pollere
1512 2802 1673 2861 atque
1715 2790 1908 2848 ﬂorere
1951 2791 2200 2848 felicitate

615 2893 825 2937 terrena
853 2899 867 2942 ;
903 2896 961 2938 se
994 2893 1169 2937 autem
1213 2882 1451 2937 colentes
1485 2883 1647 2938 Deum
1676 2883 1919 2938 laborare
1946 2885 1996 2937 in
2029 2900 2197 2955 augtt-

613 2973 747 3035 stiis,
788 2974 840 3027 iu
882 2974 1309 3032 necessitatibus.
1338 2974 1389 3027 in
1421 2989 1680 3038 aerumna,
1722 2976 2035 3043 catterisque
2059 2976 2199 3030 diffi-

611 3065 893 3120 cultatibus
930 3066 1266 3119 mortalitatis
1294 3066 1558 3120 humanm.
1606 3067 1800 3120 Contra
1831 3067 1983 3120 istam
2013 3082 2195 3121 vocem

611 3168 664 3211 et
695 3167 878 3210 contra
907 3155 1004 3210 has
1048 3156 1405 3226 blasphemias
1447 3158 1911 3221 murmurantium,
1959 3159 2197 3211 incantat

609 3260 824 3315 semper
851 3261 1030 3301 sermo
1055 3245 1283 3311 divinus,
1306 3259 1497 3299 curans
1518 3263 1544 3297 ιι
1573 3260 1751 3301 morsu
1780 3248 2062 3315 serpentis.
2095 3246 2199 3301 Ve-

613 3340 791 3395 nenati
817 3339 961 3394 enim
992 3338 1168 3393 cordis
1197 3348 1278 3393 est
1309 3339 1405 3393 ista
1434 3339 1629 3399 sanies,
1660 3348 1907 3393 eructans
1946 3340 1995 3394 in
2030 3340 2194 3395 Deum

611 3443 856 3502 putorem
902 3429 1263 3499 blasphemize,
1294 3438 1347 3483 et
1389 3428 1530 3499 quod
1572 3430 1721 3499 pejus
1749 3439 1831 3485 est
1874 3446 2061 3485 manus
2098 3447 2193 3485 eu-

611 3520 776 3577 rantis
821 3519 1106 3591 repellens,
1159 3534 1395 3575 morsum
1443 3520 1704 3588 serpentis
1752 3534 1855 3575 non
1906 3522 2189 3589 repellens.

615 3614 724 3668 iloc
752 3613 881 3675 dixi,
912 3612 1119 3684 repellit
1148 3627 1175 3665 a
1208 3627 1265 3666 se
1290 3627 1384 3666 cor
1415 3611 1644 3667 hominis
1673 3614 1822 3667 verbi
1864 3613 1957 3668 Dei
1984 3616 2189 3669 sevcri-

612 3715 793 3767 tatem,
812 3712 867 3760 et
896 3703 1124 3758 admittit
1147 3702 1210 3756 ad
1235 3716 1293 3756 se
1321 3703 1456 3756 male
1472 3701 1742 3758 suadentis
1758 3704 2019 3773 serpentis
2037 3704 2191 3759 blan-

607 3797 784 3851 ditias.
823 3795 1018 3850 Contra
1048 3796 1143 3848 bos
1169 3809 1297 3863 ergo
1322 3802 1501 3848 cantat
1524 3808 1705 3849 sermo
1726 3795 1936 3849 divinus
1959 3836 1972 3861 ,
2004 3805 2053 3848 et
2079 3795 2190 3866 jam

609 3893 660 3946 in
692 3890 792 3944 isto
823 3889 1025 3959 psalmo
1065 3886 1298 3957 loquitur
1342 3885 1513 3940 nobis.
1561 3884 1640 3939 Ad
1671 3901 1827 3955 quem
1876 3886 2136 3955 psalmqu
2171 3889 2187 3919 ¹

609 3983 862 4038 intentant
893 3995 990 4051 ego
1021 3982 1245 4034 facerem
1275 3976 1621 4033 Sanctitatem
1656 3977 1916 4041 Vestram,
1947 3979 2046 4033 nisi
2078 3981 2190 4049 ipse

607 4091 706 4131 nos
733 4075 926 4131 laceret
951 4087 1137 4128 omnes
1166 4073 1423 4136 intentos;
1454 4084 1550 4126 nec
1572 4085 1669 4125 nos
1692 4071 1857 4135 solos,
1893 4072 1987 4126 sed
2018 4081 2188 4130 totum

605 4167 789 4221 orbem
818 4176 1099 4218 terrarum.
1133 4161 1324 4217 Audite
1362 4161 1501 4215 enim
1529 4161 1975 4229 quemadmodum
2003 4165 2184 4233 cmpit.

674 4257 729 4312 Ξ.
771 4254 920 4329 [uers.
951 4254 1030 4327 2.]
1061 4254 1242 4308 Audite
1270 4255 1375 4307 haec
1395 4269 1563 4307 omnes
1589 4261 1776 4323 gentes.
1808 4253 1921 4309 Non
1943 4269 2070 4325 ergo
2093 4270 2186 4311 vos

605 4352 704 4406 soli
736 4351 821 4419 qui
855 4349 940 4403 hic
975 4348 1124 4403 estis.
1162 4345 1293 4400 Nam
1322 4360 1424 4398 vox
1454 4354 1631 4399 nostra
1658 4354 1852 4415 quanta
1882 4350 1995 4408 est,
2024 4355 2081 4401 ttt
2108 4348 2187 4403 sic

602 4442 916 4505 clamemus,
963 4448 1019 4493 ut
1045 4436 1261 4492 audiant
1287 4452 1471 4490 omnes
1496 4436 1716 4505 gentes?
1755 4433 2017 4491 Clamavit
2042 4439 2182 4493 enim

604 4549 700 4605 per
729 4530 1010 4601 Apostolos
1033 4529 1286 4582 Dominus
1313 4535 1495 4581 noster
1518 4526 1674 4581 Jesus
1695 4526 1958 4593 Christus,
1980 4529 2181 4583 clama-

603 4625 679 4677 vit
706 4630 784 4677 tot
807 4621 997 4690 linguis
1018 4632 1151 4689 quas
1177 4616 1388 4684 misit’;
1418 4623 1473 4671 et
1498 4615 1737 4670 videmus
1756 4615 1894 4671 hunc
1924 4619 2180 4686 psalmum

602 4716 689 4783 qui
732 4720 856 4766 ante
884 4726 986 4765 non
1018 4707 1340 4765 recitabatur
1380 4708 1478 4762 nisi
1510 4708 1561 4762 in
1591 4722 1692 4761 una
1724 4717 1909 4777 gente,
1938 4710 1990 4763 in
2017 4724 2177 4782 syna-

599 4821 732 4877 goga
762 4803 1084 4865 Judmorum,
1117 4801 1329 4857 recitari
1359 4816 1453 4871 per
1483 4809 1650 4855 totutu
1682 4800 1865 4855 orbem
1895 4811 2175 4871 terrarum,

558 4922 565 4978 ε
603 4916 696 4970 per
722 4912 911 4953 omnes
938 4895 1220 4958 Ecclesias,
1262 4895 1641 4965 imple-tumque
1664 4908 1784 4951 esse
1811 4896 1949 4966 quod
1981 4896 2066 4951 hie
2091 4897 2177 4953 di-

598 5002 741 5046 ctum
792 4998 892 5051 est,
942 4988 1124 5042 Audite
1152 4987 1258 5041 Iure
1286 5002 1454 5040 omnes
1490 4994 1679 5057 gentes.
1726 4985 1807 5041 Ad
1852 4985 1953 5043 hoc
1997 4989 2171 5044 solum

600 5082 718 5135 volo
743 5081 972 5134 intentos
1001 5076 1173 5132 facere
1197 5078 1403 5132 animos
1428 5086 1654 5143 vestros,
1687 5089 1757 5132 ne
1785 5088 2005 5148 propter
2027 5079 2176 5133 labo-

598 5192 709 5231 rem
739 5170 1070 5243 Corporalem
1115 5186 1219 5225 non
1266 5170 1479 5240 erigatis
1506 5170 1740 5225 animum
1767 5211 1783 5237 ,
1815 5178 2052 5227 terrente
2078 5186 2175 5228 vos

594 5266 922 5339 longitudine
950 5264 1134 5333 psalmi
1157 5263 1331 5335 hujus.
1358 5263 1412 5319 Si
1448 5263 1696 5334 potuerit.
1732 5264 1943 5318 linietur
1972 5263 2129 5319 hodie
2155 5283 2169 5320 :

593 5362 635 5413 si
668 5374 771 5414 non
793 5401 807 5426 ,
839 5356 1061 5413 restabit
1085 5355 1237 5411 nobis
1266 5353 1463 5425 aliquid
1490 5356 1541 5409 in
1569 5356 1857 5409 crastinum
1887 5353 2058 5418 diem;
2089 5364 2170 5410 ta-

592 5471 716 5511 men
748 5468 845 5510 vos
868 5466 1078 5522 semper
1105 5451 1292 5506 intenti
1315 5456 1509 5507 estote.
1541 5448 1768 5503 Tantum
1807 5447 1949 5504 enim
1987 5448 2171 5506 audie-

655 5614 671 5646 ι
707 5609 840 5672 add,
864 5606 1098 5674 qumodo
1116 5606 1346 5659 intentam
1363 5616 1451 5668 ego
1481 5604 1708 5668 facerem.
1735 5603 1880 5654 Abest
1913 5604 2167 5669 quomodo,

587 5688 619 5726 .
795 5738 869 5783 Er.
903 5740 955 5784 et
984 5738 1092 5793 Mss.
1132 5738 1311 5793 praeter
1332 5727 1477 5778 Vattc.
1507 5732 1703 5793 et_tteg.
1728 5727 1811 5792 qui
1832 5724 2032 5791 habent,
2055 5732 2168 5793 quat

587 5788 1716 5859 nudt.atwv.,inqaasndsit:nunusben'e.

1920 344 1977 399 S.
2019 341 2380 400 AUGUSTINI
2419 344 2717 404 EPISCOPI

2321 459 2406 526 tis,
2438 462 2480 514 si
2529 463 2783 519 Dominus
2825 465 3071 533 voluerit,
3112 476 3367 538 quantum
3406 484 3497 523 vos
3535 487 3627 527 non
3657 489 3801 547 gravet,
3866 454 3867 457 Ἴ

2316 555 2409 609 sed
2439 556 2656 610 relevet.
2698 558 2880 612 Audite
2920 560 3048 626 haec,
3074 576 3243 615 omnes
3271 570 3442 634 gentes
3471 580 3489 617 :
3514 564 3639 620 unde
3661 571 3754 626 estis
3770 585 3806 629 it

2317 662 2431 701 vos.
2460 646 2677 703 Auribus
2705 650 2962 720 percipite,
2994 653 3277 723 omnes‘qui
3304 653 3537 709 habitatis
3560 657 3712 717 orbem.
3735 662 3805 719 llos

2314 742 2508 796 iterum
2554 742 2762 798 videtur
2803 745 3082 814 repetisse,
3123 746 3272 817 quasi
3320 760 3508 817 parum
3549 748 3679 805 luerit
3711 756 3806 823 quod

2314 832 2467 899 dixit,
2495 835 2696 891 Audite.
2727 837 2878 904 Quod
2909 838 3047 903 dico,
3077 838 3273 909 inquit,
3308 841 3485 893 audite
3504 884 3518 903 ,
3547 843 3719 898 auribus
3735 864 3806 915 per.

2313 928 2480 999 cipite.
2532 927 2633 983 hoc
2658 941 2761 991 est,
2794 931 2961 985 nolite
2991 939 3330 987 transeunter
3374 932 3568 989 audire.
3602 935 3712 1004 Quid
3732 952 3805 1007 ea,
3866 936 3867 949 ¹

2311 1020 2517 1074 auribus
2545 1022 2820 1090 percipite.’
2853 1024 3002 1092 Quod
3044 1025 3295 1079 Dominus
3325 1025 3563 1091 dicebat,
3605 1028 3688 1096 Qui
3715 1032 3808 1087 habet

2311 1126 2459 1166 aures
2494 1113 2752 1178 audiendi,
2796 1115 2973 1169 audiat
3012 1114 3223 1190 (Matth.
3269 1132 3349 1180 ιι,
3377 1116 3470 1187 25)
3509 1118 3659 1174 τέιηιι
3682 1135 3811 1178 omnes

2311 1201 2399 1271 qui
2429 1201 2482 1255 in
2510 1212 2796 1273 conspectu
2825 1205 2938 1274 ejus
2973 1216 3146 1272 erant,
3189 1207 3375 1277 utique
3417 1207 3651 1265 baberent
3672 1225 3810 1279 aures;

2309 1307 2441 1362 quas
2487 1293 2571 1347 ille
2616 1310 2772 1350 aures
2813 1297 3080 1367 quaerebat
3112 1299 3211 1352 nisi
3256 1298 3459 1365 cordis,
3503 1316 3615 1356 cum
3655 1303 3808 1371 diceret,

2314 1383 2417 1452 Qui
2444 1384 2589 1441 habet
2610 1404 2758 1442 aures
2787 1389 3047 1457 audiendi,
3070 1391 3286 1445 audiat?
3314 1390 3428 1446 Has
3451 1398 3505 1446 et
3528 1392 3623 1447 iste
3646 1395 3810 1462 psalmus

2309 1493 2466 1532 aures
2511 1477 2702 1547 pulsat.
2750 1479 2968 1534 Auribus
3010 1481 3270 1551 percipite,
3324 1498 3496 1536 omnes
3528 1483 3610 1553 qui
3647 1483 3809 1542 habitatis

2308 1568 2495 1623 orbem.
2522 1568 2681 1623 Forte
2705 1580 2757 1624 et
2787 1569 2872 1625 hic
2901 1580 2984 1625 est
3006 1572 3180 1640 aliqua
3214 1573 3509 1628 distinctio.
3537 1572 3641 1629 Non
3665 1575 3806 1645 quidem

2309 1677 2407 1718 nos
2433 1672 2706 1719 eoarctare
2726 1663 2999 1725 debemus,
3028 1662 3120 1719 sed
3145 1664 3271 1719 nihil
3303 1665 3431 1719 mali
3458 1672 3537 1719 est
3556 1664 3695 1721 etiam
3713 1668 3798 1723 ista

2308 1756 2574 1824 explicare
2615 1757 2955 1811 sententiam.
3009 1755 3167 1812 Forte
3219 1756 3420 1828 aliquid
3461 1757 3613 1811 distat
3648 1758 3801 1813 interii

2306 1846 2446 1917 quod
2472 1846 2623 1912 dixit,
2654 1864 2824 1902 omnes
2851 1858 3039 1919 gentes,
3068 1859 3122 1902 et
3149 1849 3289 1920 quod
3308 1848 3468 1915 dixit,
3492 1866 3651 1905 omnes
3671 1850 3802 1920 quiis-

2307 1943 2475 1998 bitatis
2500 1944 2686 2000 orbem.
2728 1943 3124 2016 Signiticautius
3165 1945 3307 1999 enim
3353 1945 3577 2000 fortasse
3601 1945 3803 2000 voluitnoi

2308 2035 2604 2107 intelligere
2633 2037 2772 2106 quod
2802 2037 2952 2102 dixit,
2983 2036 3273 2091 iuhabitatis
3293 2078 3309 2105 ,
3335 2045 3395 2091 ttt
3421 2046 3599 2108 gentes
3625 2035 3803 2107 intelligi.

2306 2143 2428 2185 mus
2450 2144 2635 2185 omnes
2665 2130 2873 2200 iniquos
2895 2172 2911 2196 ,
2960 2129 3281 2184 habitatores
3310 2138 3492 2183 autem
3518 2127 3648 2183 orbis
3667 2141 3802 2194 omnes,

2299 2220 2496 2290 justos.
2524 2218 2617 2277 Ille
2650 2221 2792 2275 enim
2837 2220 3035 2275 habitat
3073 2222 3160 2291 qui
3205 2236 3310 2276 non
3358 2230 3568 2275 tenetur
3600 2238 3613 2276 :
3640 2221 3800 2291 numqui

2308 2320 2539 2378 tenetur,
2572 2311 2858 2377 habitatur,
2910 2327 3013 2367 non
3046 2311 3264 2368 habitat.
3301 2312 3581 2382 Quomodo
3602 2312 3677 2368 ille
3695 2312 3801 2382 possi-

2306 2403 2397 2459 det
2431 2418 2781 2475 qurecumquc
2813 2404 3001 2469 habet,
3045 2406 3134 2475 qui
3170 2405 3424 2460 dominus
3461 2412 3540 2459 est
3568 2415 3801 2459 τρι-ωηερε·

2305 2509 2458 2560 rum;
2486 2494 2732 2551 dominus
2756 2510 2933 2550 autem
2959 2505 3061 2559 est,
3084 2497 3173 2568 qui
3202 2512 3306 2551 non
3329 2507 3414 2553 est
3434 2497 3650 2553 irretitus
3671 2493 3800 2565 cupidi-

2306 2596 2415 2642 tate
2457 2606 2471 2642 :
2517 2588 2607 2657 qui
2649 2597 2823 2644 autem
2868 2588 3155 2658 cupiditate
3197 2598 3438 2651 tenetur,
3485 2594 3797 2660 possessusest,

2304 2694 2412 2734 non
2437 2694 2731 2749 possessor.
2782 2681 3048 2736 llahemus
3077 2682 3217 2736 enim
3246 2681 3514 2751 quoddam
3543 2678 3723 2735 verbum
3740 2676 3797 2730 ln-

2304 2769 2558 2827 bitatione
2583 2772 2842 2840 signatum
2865 2773 2915 2825 iu
2944 2772 3214 2842 Scriptura
3243 2772 3363 2838 Dei,
3398 2771 3483 2827 ubi
3512 2772 3597 2834 ait,
3623 2767 3798 2840 Elegid-

2292 2862 2391 2932 jici
2427 2862 2478 2915 in
2508 2862 2657 2916 domo
2688 2861 2911 2927 Domini,
2953 2865 3114 2935 magis
3151 2880 3302 2933 quam
3330 2864 3555 2918 habitare
3576 2864 3623 2917 in
3646 2861 3795 2915 tabem-

2302 2954 2430 3008 culis
2459 2966 2773 3021 peccatorum
2803 2953 2972 3026 (Psal.
2999 2971 3215 3016 Lxxxut.
3247 2957 3362 3027 ii).
3385 2956 3518 3026 Quid
3540 2953 3680 3020 enim,
3702 2952 3733 3005 si
3746 2949 3795 3004 al-

2296 3044 2479 3113 jieeris
2532 3045 2583 3099 in
2631 3044 2792 3101 domo
2844 3046 3087 3113 Domini,
3140 3063 3244 3100 nou
3302 3048 3374 3102 ibi
3422 3045 3647 3100 habitas?
3684 3042 3795 3099 Noluit

2303 3136 2601 3206 significare
2624 3137 3001 3194 habitationem
3019 3179 3034 3205 ,
3067 3139 3164 3193 nisi
3195 3142 3244 3193 in
3271 3140 3353 3194 eis
3379 3141 3467 3210 qui
3495 3144 3679 3209 regunt,
3695 3144 3732 3190 et
3750 3142 3796 3186 te

2304 3238 2450 3295 neut,
2475 3238 2526 3283 et
2553 3228 2914 3295 dominantur,
2938 3240 2991 3286 et
3016 3230 3318 3301 gubernant
3347 3250 3362 3286 :
3392 3231 3480 3300 qui
3505 3240 3659 3285 autem
3680 3232 3795 3279 eonte-

2302 3330 2573 3383 mnuntur,
2623 3336 2727 3375 nou
2759 3323 2906 3391 quasi
2947 3321 3204 3387 habitant,
3245 3324 3340 3378 sed
3381 3322 3593 3390 subjecti
3619 3327 3728 3375 sunt.
3752 3314 3792 3367 ltt

2300 3420 2475 3464 autem
2502 3410 2635 3464 dixit
2664 3429 2677 3466 :
2704 3411 2956 3466 Sulnlitus
2986 3413 3104 3466 volo
3130 3428 3253 3469 esse
3293 3414 3346 3469 in
3374 3414 3529 3469 domo
3567 3410 3663 3475 Dei.
3688 3404 3787 3474 "liii

2298 3518 2454 3572 quam
2523 3519 2745 3575 regnare
2800 3505 2852 3559 in
2925 3505 3275 3561 tabernaculis
3358 3515 3684 3578 peccatorum.
3733 3496 3782 3553 llr

2296 3610 2401 3665 que
2458 3595 2500 3650 si
2546 3606 2627 3651 est
2657 3598 2828 3666 aliqua
2866 3596 3136 3654 distinctio
3189 3598 3329 3653 inter
3380 3614 3543 3654 omnes
3578 3597 3782 3667 gemma

2298 3690 2601 3744 habitatores
2626 3691 2759 3744 orbis
2779 3733 2792 3752 ,
2822 3691 2957 3745 sicut
2984 3701 3066 3745 est
3105 3691 3377 3748 distinctio
3415 3693 3549 3746 inter
3586 3686 3732 3749 audite,
3754 3687 3782 3734 ti

2295 3784 2497 3838 mtribus
2545 3784 2801 3854 perripite,
2831 3783 2931 3839 hoc
2973 3784 3184 3855 quidem
3216 3785 3426 3840 videtur
3457 3783 3701 3851 repetisse;
3728 3770 3780 3829 θεέ

2298 3886 2471 3931 tamen
2500 3877 2645 3932 aliutl
2685 3887 2803 3938 est,
2835 3878 2976 3946 quod
3015 3891 3144 3933 sane
3173 3879 3335 3933 voluit
3384 3875 3680 3948 signiﬁcare;
3710 3863 3779 3937 qui!

2295 3968 2391 4021 ista
2437 3968 2645 4037 eloquia
2682 3967 2913 4022 audituri
2960 3976 3113 4021 erant
3141 3982 3244 4022 non
3286 3969 3456 4023 solum
3497 3959 3778 4035 peccatumst!

2295 4061 2460 4131 impii,
2505 4060 2599 4116 sed
2625 4069 2677 4113 et
2701 4060 2852 4130 justi.
2902 4061 3169 4115 Permixte
3209 4059 3370 4115 modo
3397 4058 3600 4114 audiunt
3623 4058 3776 4108 omnes:

2290 4153 2385 4210 sed
2412 4169 2531 4210 cum
2553 4162 2766 4208 ventum
2797 4151 2953 4207 fuerit
2978 4152 3043 4205 ad
3071 4150 3395 4206 reddendam
3422 4149 3662 4206 rationem.
3679 4149 3775 4205 Sell"

2291 4245 2549 4300 rabuntur
2575 4244 2663 4314 qui
2695 4244 2810 4298 sine
2833 4257 2989 4297 causa
3018 4240 3319 4309 audierunt,
3367 4242 3432 4296 ab
3468 4238 3563 4294 illis
3595 4231 3666 4304 qui
3685 4222 3774 4283 auri;

2291 4339 2389 4395 bus
2414 4345 2783 4408 perceperunt.
2817 4335 3047 4392 Audiant
3070 4350 3197 4406 ergo
3224 4344 3277 4392 ct
3302 4343 3594 4407 peccatores
3619 4344 3631 4380 ε
3655 4317 3773 4423 Audiit

2291 4430 2416 4490 lucc.
2449 4446 2619 4484 omnes
2664 4438 2851 4501 gentes.
2894 4427 3125 4483 Audiaut
3164 4437 3217 4480 et
3262 4427 3415 4498 justi,
3455 4423 3537 4495 qui
3583 4433 3666 4474 non
3701 4418 3770 4466 sine

2288 4538 2449 4578 causa
2496 4522 2797 4584 audierunt,
2839 4531 2892 4574 et
2919 4528 3107 4592 regunt
3135 4520 3307 4588 potius
3335 4527 3553 4578 terram,
3580 4512 3766 4595 quant

2286 4625 2482 4687 gunluv
2506 4631 2537 4670 a
2568 4624 2707 4670 terra
2735 4630 2749 4669 :
2777 4611 2995 4667 Auribus
3033 4611 3297 4682 percipite,
3325 4624 3491 4666 omnes
3512 4603 3587 4677 qui
3608 4594 3764 4654 habiti!”

2285 4706 2471 4763 orbem.

2356 4800 2407 4854 5.
2449 4798 2597 4872 [rers.
2625 4795 2704 4871 5.]
2750 4795 2815 4852 Et
2860 4797 3048 4850 iterum
3097 4793 3265 4847 dicit:
3300 4793 3489 4863 Quique.
3521 4773 3759 4852 tertiam"

2284 4893 2380 4962 ﬁlii
2404 4892 2682 4946 hominum.
2715 4889 2866 4958 Quod
2889 4890 2992 4954 ait,
3021 4889 3282 4959 terrigena:
3305 4929 3320 4952 ,
3352 4886 3417 4942 ad
3447 4885 3690 4956 peccawre‘
3707 4876 3757 4918 π’

2284 4983 2432 5044 tulit;
2473 4981 2614 5051 quod
2655 4981 2746 5045 ait,
2804 4978 2901 5050 ﬁlii
2928 4979 3207 5041 hominum,
3240 4977 3305 5033 ad
3353 4975 3523 5031 ﬁdeles
3559 4976 3602 5024 ει
3629 4962 3749 5051 ius“

2284 5049 2656 5143 Videtis—ergo,
2688 5049 2811 5141 quia
2847 5078 3090 5126 servatur
3127 5070 3224 5124 ista
3267 5066 3541 5123 distinctio.
3580 5049 3749 5143 Quisfnf

2277 5179 2406 5233 ergo
2431 5135 2730 5235 terrigentvi’
2768 5162 2887 5218 Filii
2913 5172 3089 5218 terrae.
3130 5160 3230 5229 Qui
3257 5169 3379 5215 simi,
3422 5158 3500 5213 tilii
3524 5135 3745 5237 terraiQtti

2280 5234 2616 5312 hiereditates
2649 5264 2888 5312 terrenas
2918 5255 3218 5325 requirunt.
3263 5252 3366 5321 Qui
3405 5256 3515 5306 sunt
3540 5237 3618 5315 ﬁlii

2278 5351 2443 5404 nam?
2498 5349 2595 5415 Qui
2640 5350 2907 5419 pertinent
2940 5315 3012 5401 ad
3053 5347 3217 5402 hlium
3256 5315 3497 5401 b-t'miiiis.
3539 5315 3742 5424 Aliqttfm‘f

2270 5442 2381 5512 jam
2408 5443 2504 5497 ista
2535 5417 2870 5496 distinximus
2897 5438 3170 5494 Sanctitati
3202 5435 3435 5492 Vestrae.
3469 5438 3515 5486 et
3538 5417 3742 5512 iuventutis

2274 5502 2397 5608 quia
2418 5533 2584 5589 Adam
2607 5534 2766 5587 homo
2788 5542 2922 5595 erat,
2953 5530 3092 5586 ﬁlius
3122 5528 3351 5585 hominis
3381 5542 3474 5582 non
3500 5523 3619 5608 mli

2273 5592 2389 5683 stus
2410 5634 2588 5683 autem
2619 5625 2756 5681 titius
2783 5592 3017 5679 hominis
3044 5630 3179 5691 erat,
3207 5629 3262 5679 et
3299 5619 3435 5678 Deus
3454 5619 3549 5673 eral
3568 5602 3639 5679 (⁰)ο
3656 5592 3735 5661 0⁸⁵⁸

3854 1864 3868 2144 l

3854 2144 3868 2236 l

3856 2236 3868 2605 l

3824 2879 3868 3247 l

3686 5561 3868 6320 1

2336 5747 2410 5851 (α)
2433 5790 2485 5837 tu
2509 5789 2643 5837 Euar.
2667 5782 2787 5838 Psal.
2806 5795 2907 5846 vni,
2929 5794 2981 5833 ιι.
3016 5779 3091 5835 10.
