3942 6428
102 427 274 493 ﬁlii

130 553 395 607 conique
422 534 564 590 cnim
595 530 859 601 pertinent
882 524 949 581 ad
978 522 1166 584 Adam,
1191 519 1448 587 terrigena:
1469 531 1489 569 :
1515 512 1748 583 quicum-

142 650 272 705 que
298 603 561 700 pertinent
588 624 655 676 ad
691 620 981 678 Christum,
1014 613 1107 683 ﬁlii
1137 609 1412 665 hominum.
1441 603 1640 660 Omnes
1669 611 1750 655 ta-

148 739 292 782 men
342 719 581 781 audiant,
615 729 716 786 ego
743 711 870 766 nulli
912 705 1168 764 subtraho
1210 712 1509 757 sermonem
1550 706 1748 749 meum.

154 816 461 885 Terrigena
509 816 614 875 est,
652 805 831 860 audiat
878 808 1093 872 propter
1127 794 1415 866 judicium;
1474 787 1612 843 illius
1652 786 1751 838 hoc

157 878 352 965 minis.
372 911 484 968 est,
526 898 706 954 audiat
747 900 963 966 propter
999 900 1239 959 regnum.
1286 879 1453 939 Simul
1498 878 1551 932 in
1598 890 1755 929 unum

162 1001 310 1055 diues
345 1004 397 1051 et
441 1006 655 1066 pauper.
702 988 898 1043 lterum
930 984 1042 1054 ipsa
1070 987 1195 1034 sunt
1223 975 1467 1045 repetita.
1498 967 1650 1036 Quod
1681 967 1756 1021 ait

161 1093 336 1157 dives,
378 1055 455 1142 ad.
479 1055 770 1154 terrigenas
808 1075 1072 1148 pertinet;
1119 1067 1258 1141 quod
1298 1066 1391 1130 ait,
1432 1075 1643 1136 pauper,
1687 1055 1756 1112 ad

159 1182 312 1240 lilios
338 1177 637 1235 hominum.
669 1170 869 1228 Divites
909 1164 1140 1233 iutellige
1177 1157 1454 1229 superbos,
1497 1161 1758 1224 pauperes

160 1271 425 1330 humiles.
465 1267 669 1324 Habeat
708 1261 900 1318 multas
926 1255 1203 1313 facultates
1233 1249 1606 1322 pecuniarum;
1633 1241 1681 1297 si
1704 1241 1757 1296 in

159 1366 248 1421 eis
276 1377 392 1419 non
418 1358 728 1423 extollitur,
778 1366 976 1424 pauper
1021 1355 1104 1404 est
1144 1357 1293 1400 :uon
1320 1339 1512 1395 habeat
1537 1330 1757 1404 aliquid,

159 1466 220 1514 et
248 1456 439 1528 cupiat
462 1461 518 1509 et
543 1450 787 1513 inﬂetur;
813 1447 949 1499 inter
970 1439 1161 1496 divites
1180 1446 1233 1494 et
1254 1432 1508 1504 reprobos
1520 1444 1642 1484 eum
1667 1426 1762 1482 de—

157 1524 513 1622 putat'Dens.
543 1544 612 1600 Et
635 1542 825 1596 divites
850 1545 905 1594 et
930 1546 1188 1605 pauperes
1215 1530 1266 1583 in
1286 1524 1446 1582 corde
1472 1524 1762 1589 interrogat

157 1621 338 1707 Deus,
373 1655 479 1696 non
522 1637 578 1693 in
601 1633 784 1707 arca_‘
824 1640 880 1685 et
916 1629 1094 1683 domo.
1124 1622 1310 1679 Nonne
1354 1630 1612 1689 pauperes
1638 1621 1763 1666 sunt

156 1737 263 1808 qui
288 1730 559 1801 accipiunt
585 1692 891 1783 mandatum
922 1716 1162 1791 Apostoli
1188 1711 1413 1769 dicentis
1437 1704 1717 1763 Timotheo
1742 1719 1757 1759 :

158 1795 427 1896 ιῖτωσὶρέ
454 1820 687 1877 diuitibus
733 1818 885 1888 hujus
926 1809 1100 1868 steculi
1143 1823 1244 1861 non
1297 1801 1507 1873 superbe
1544 1795 1764 1868 sapere?

158 1888 460 1987 Quentde
494 1928 588 1969 eos
614 1911 706 1983 qui
732 1908 923 1963 divites
949 1911 1103 1959 erant
1143 1898 1269 1954 fecit
1299 1890 1591 1966 pauperes?
1619 1888 1762 1944 Tulit

170 2010 287 2064 illis
316 2022 482 2078 quare
510 2012 819 2076 quaeruntur
858 1995 1074 2052 divitiae.
1115 1990 1283 2046 Nemo
1320 1986 1461 2043 enim
1506 1983 1614 2038 vult
1643 1994 1763 2036 esse

165 2075 352 2165 dives,
385 2098 482 2153 nisi
512 2075 569 2151 ut
593 2092 803 2149 infletur
823 2090 956 2144 inter
983 2099 1077 2140 eos
1105 2084 1241 2138 inter
1269 2092 1401 2150 quos
1431 2075 1576 2139 vivit,
1605 2082 1660 2127 ct
1680 2086 1763 2125 su-

172 2194 360 2266 perior
387 2192 487 2247 illis
513 2187 771 2244 videatur.
803 2183 933 2240 Cum
954 2188 1129 2234 autem
1150 2174 1301 2238 dixit,
1330 2187 1428 2225 non
1448 2168 1657 2238 superbe
1678 2182 1764 2219 sa-

170 2302 320 2357 pere,
350 2281 584 2354 animales
620 2295 713 2334 cos
752 2274 878 2332 fecit
919 2288 1023 2328 non
1065 2268 1409 2329 habentibus;
1441 2272 1496 2316 ut
1527 2257 1764 2313 fortassis

171 2375 426 2447 pauculis
447 2372 679 2428 nummis
708 2366 980 2422 mendicus
1004 2362 1123 2433 plus
1149 2357 1458 2416 extollatur,
1488 2367 1644 2422 quam
1678 2348 1763 2402 ille

165 2439 328 2526 dives
353 2467 446 2538 qui
473 2464 620 2520 audit
647 2459 956 2531 Apostolum
982 2454 1243 2510 dicentem
1269 2467 1282 2502 :
1324 2444 1557 2514 Prtecipe
1592 2439 1761 2495 diuiti-

171 2561 308 2616 tibus
354 2536 508 2630 hujus
548 2554 722 2611 surculi
750 2568 850 2606 non
877 2546 1086 2618 superbe
1118 2557 1310 2613 sapere.
1357 2536 1508 2595 Unde
1547 2551 1647 2589 non
1672 2548 1763 2587 su-

172 2652 331 2721 perbe
354 2627 569 2721 sapere?
594 2645 649 2701 Si
676 2642 866 2698 iaciant
894 2636 1033 2711 quod
1058 2636 1316 2704 sequitur,
1360 2627 1539 2699 Neque
1562 2638 1765 2693 sperare

175 2743 229 2798 in
249 2714 449 2796 incerto
471 2736 780 2802 diuitiarum,
802 2732 889 2787 sed
912 2727 1094 2808 iubeo
1119 2726 1246 2789 vivo,
1273 2722 1357 2793 qui
1384 2725 1587 2791 praestat
1623 2714 1765 2769 nobis

177 2837 356 2891 omnia
392 2831 706 2888 abundanter
746 2826 815 2882 ad
858 2825 1126 2894 fruendum
1154 2817 1194 2891 (l
1221 2815 1356 2871 Tim.
1386 2829 1458 2881 vr,
1491 2810 1598 2879 I7).
1649 2807 1765 2862 Non

185 2929 340 2995 dixit,
375 2926 466 2998 qui
507 2929 722 2994 praestat
759 2919 897 2983 illis;
922 2914 1040 2975 sed,
1071 2911 1156 2982 qui
1180 2915 1382 2980 prastat
1416 2903 1576 2958 nobis.
1602 2899 1765 2955 Num-

190 3020 311 3092 quid
326 2992 454 3090 ipse
475 2992 669 3072 Paulus
687 3027 793 3067 non
815 3008 1043 3065 habebat
1059 3000 1300 3061 divitias?
1328 2995 1561 3053 Habebat
1587 2992 1762 3063 plane.

199 3082 335 3181 Quas
353 3082 594 3166 divitias?
625 3108 696 3162 Dc
721 3105 911 3177 quibus
934 3100 1063 3156 dicit
1079 3096 1184 3152 alio
1214 3094 1329 3148 loco
1344 3088 1613 3160 Scriptura
1637 3102 1650 3138 :
1682 3082 1769 3136 Fi-

208 3204 300 3260 deli
318 3202 499 3259 homini
522 3175 897 3254 mundusvtotus
925 3190 1211 3245 divitiarum
1246 3194 1317 3238 est
1345 3180 1523 3254 (Prov.
1553 3193 1680 3242 xvu,
1707 3175 1763 3239 6,

208 3313 300 3351 sec.
326 3291 502 3367 LXX).
536 3290 672 3347 Audi
708 3297 762 3342 et
786 3288 957 3359 ipsum
999 3278 1338 3336 confitentem
1383 3291 1396 3326 :
1451 3270 1608 3337 Quasi
1640 3265 1769 3322 niltil

211 3388 445 3454 habentes,
461 3360 512 3440 et
534 3383 703 3440 omnia
722 3377 1028 3454 possidentes
1053 3373 1119 3445 (ll
1143 3371 1261 3427 Cor.
1284 3384 1360 3431 vr,
1389 3366 1502 3436 10).
1530 3363 1628 3431 Qui
1655 3360 1770 3416 vult

212 3495 328 3552 ergo
349 3496 459 3537 esse
482 3479 631 3535 dives
650 3517 666 3543 ,
708 3489 812 3530 non
843 3471 1042 3524 Intereat
1070 3464 1224 3536 parti,
1256 3471 1309 3517 et
1333 3469 1500 3515 totum
1530 3454 1768 3526 posside-

216 3549 288 3628 bit
308 3590 321 3626 :
351 3573 420 3628 illi
458 3571 716 3626 inhaereat
744 3563 835 3637 qui
864 3570 1033 3617 totum
1061 3554 1280 3612 creavit.
1323 3550 1490 3606 Simul
1526 3549 1580 3601 in
1613 3560 1769 3601 unum

218 3664 333 3720 dives
352 3673 397 3718 et
420 3676 631 3733 pauper.
664 3657 797 3712 Dicit
824 3654 877 3709 in
906 3650 1012 3706 alio
1039 3646 1242 3719 psalmo
1272 3660 1287 3706 ;
1317 3640 1481 3695 Edent
1503 3651 1767 3709 pauperes,

219 3765 257 3810 et
305 3753 672 3810 saturabuntur.
717 3742 997 3815 Quomodo
1034 3731 1426 3794 commendavit
1475 3725 1770 3798 pauperes?

223 3847 362 3903 Edent
389 3860 645 3920 pauperes,
685 3813 1155 3894 et'saturabuntur.
1185 3823 1320 3893 Quid
1369 3818 1568 3877 edunt?
1617 3813 1771 3885 Quod

221 3941 369 3995 sciunt
389 3910 589 3994 lideles.
616 3928 891 4002 Quomodo
920 3918 1324 3981 saturabuntur?
1369 3910 1624 3968 lmitando
1654 3922 1775 3979 pas-

223 4033 400 4087 sionem
429 4027 633 4085 Domini
662 4022 765 4089 sui,
796 4030 851 4077 et
875 4033 979 4073 non
1009 4015 1123 4070 sine
1141 4025 1297 4067 causa
1324 4002 1632 4075 accipiendo
1654 4014 1773 4069 pre-

226 4125 331 4178 tium
349 4137 518 4177 suum.
560 4116 721 4171 Edent
742 4124 1005 4184 pauperes,
1033 4115 1078 4160 et
1107 4099 1481 4162 saturabantur,
1509 4101 1555 4147 et
1595 4090 1772 4146 lauda-

226 4214 323 4268 bunt
346 4212 636 4275 Dominum,
656 4182 751 4277 qui
766 4201 1025 4273 requirunt
1042 4211 1177 4250 eunt.
1206 4190 1403 4246 Divites
1421 4184 1579 4257 quid?
1604 4182 1773 4237 Etiam

226 4308 306 4377 ipsi
343 4306 519 4362 edunt.
568 4300 673 4358 Sed
702 4294 967 4370 quomodo
1004 4285 1209 4347 edunt?
1256 4282 1687 4338 Mandueaverunt
1725 4283 1775 4330 et

221 4368 527 4453 ddoraverunt
559 4368 733 4448 omnes
770 4387 945 4442 diuites
987 4392 1134 4437 terra
1177 4375 1344 4451 (Psal.
1372 4389 1487 4437 xxi,
1522 4371 1614 4436 27,
1655 4368 1771 4438 '50).

219 4488 477 4553 Nondixit,
499 4482 959 4561 Manducaverput,
977 4484 1030 4530 et
1052 4468 1271 4526 saturati
1298 4474 1450 4529 sunt;
1482 4462 1598 4527 sed,
1625 4460 1778 4513 Man-

217 4579 533 4641 dueaverunt,
576 4585 622 4630 et
654 4553 1007 4627 adorauérunt.
1053 4563 1289 4618 Adorant
1329 4556 1542 4629 quidem
1584 4553 1773 4616 Deum,

217 4673 300 4727 sed
324 4668 688 4725 humanitatem
713 4663 898 4715 nolunt
921 4655 1180 4712 exhibere
1208 4649 1515 4703 fraternam.
1549 4641 1771 4697 Mandu-

213 4770 328 4818 cant
351 4760 441 4826 illi,
477 4767 532 4814 et
567 4756 818 4817 adomnt;
850 4747 1167 4804 manducaui
1196 4741 1303 4806 isti,
1344 4746 1399 4793 et
1429 4741 1773 4791 saturantur:

213 4870 376 4910 taliten
422 4865 607 4906 omnes
650 4845 985 4902 manducant.
1036 4836 1276 4907 Exigitur
1314 4831 1381 4887 de
1427 4828 1777 4884 manducaute

209 4946 343 5022 quod
389 4942 702 5005 manducat;
735 4953 837 4991 non
874 4931 1215 5006 prohibeatur
1257 4922 1574 4979 manducare
1610 4935 1641 4974 a
1668 4918 1777 4972 dis-

209 5049 508 5113 perlatore,
547 5030 642 5087 sed
672 5034 949 5084 moneatur
977 5023 1163 5076 timere
1186 5027 1511 5072 exactorem.
1546 5011 1778 5066 Audi-ant

207 5103 330 5200 ergo
359 5128 451 5183 ista
485 5132 786 5195 peccatores
826 5126 880 5171 et
912 5112 1077 5185 justi,
1108 5120 1293 5182 gentes
1324 5117 1377 5163 ct
1403 5105 1492 5176 qui
1538 5103 1779 5157 habitant

209 5223 407 5283 urbem,
440 5215 698 5285 terrigena:
715 5219 760 5264 et
782 5207 872 5277 lilii
894 5204 1167 5263 hominum,
1195 5199 1345 5255 simul
1380 5197 1432 5250 in
1454 5209 1607 5249 unum
1641 5192 1778 5245 dives

209 5324 257 5372 et
299 5322 520 5383 pauper:
553 5319 655 5358 nou
682 5298 875 5359 divisi,
908 5311 1010 5348 non
1038 5289 1286 5363 separati.
1330 5287 1560 5354 Tempus
1589 5281 1778 5336 messis

211 5408 312 5463 hoc
336 5400 507 5462 faciet,
536 5406 722 5449 manus
747 5382 1078 5445 ventilatoris
1108 5382 1207 5435 hoc
1238 5378 1430 5450 poterit
1455 5374 1667 5445 (Matth.
1696 5386 1775 5435 ιιι,

212 5496 321 5566 l2).
357 5491 504 5548 Nunc
537 5486 693 5544 simul
733 5484 787 5538 in
833 5495 994 5536 unum
1041 5474 1256 5531 audiant
1292 5471 1437 5525 dives
1473 5476 1528 5522 et
1558 5479 1774 5535 pauper,

213 5586 362 5647 simul
397 5586 447 5638 in
479 5596 640 5636 unum
670 5584 952 5649 pascantur
979 5568 1117 5623 hardi
1145 5576 1198 5623 et
1225 5565 1366 5635 agni,
1408 5562 1577 5617 donec
1606 5560 1778 5615 veniat

213 5680 300 5755 qui
339 5685 575 5747 segreget
611 5671 745 5725 alios
782 5667 847 5722 ad
889 5665 1194 5725 dexteram,
1226 5656 1359 5713 alios
1403 5653 1469 5709 ad
1512 5653 1777 5707 sinistram

219 5744 321 5850 (Id.
350 5744 477 5834 xxv,
502 5765 592 5832 δε,
621 5760 734 5833 35).
760 5756 930 5816 Simul
957 5756 1013 5813 in
1041 5766 1202 5809 unum
1238 5747 1455 5808 audiant
1476 5744 1773 5807 docentem,

280 5887 296 5917 ι
324 5888 395 5935 Er.
420 5887 475 5932 et
490 5878 711 5943 plerique
736 5883 863 5933 Mss,
886 5871 938 5923 in
959 5883 1089 5923 area.
1116 5869 1264 5919 vatio.
1287 5863 1463 5922 codex,
1483 5859 1536 5913 in
1552 5857 1742 5909 horreo.

48 4298 143 5027 ί

1242 399 1637 461 ENARRATIO
1674 398 1737 454 IN
1778 393 2096 454 PSALMUM
2136 392 2363 451 XLVIII.

3324 391 3432 450 διο

1857 525 1924 563 ne
1950 509 2206 577 segregati
2232 507 2299 560 ab
2325 505 2546 563 invicem
2573 505 3149 576 audiantjudicantom.

1924 600 1978 653 4.
1998 597 2148 671 [rem
2176 596 2255 670 4.]
2275 599 2337 652 Et
2359 598 2483 669 quid
2508 598 2743 668 estquod
2771 615 2909 654 nunc
2935 599 3163 655 audituri
3183 598 3344 656 sunt?
3362 599 3435 658 0s

1855 704 2022 744 meum
2042 688 2269 756 loquetur
2285 688 2603 758 sapientiam,
2620 698 2666 741 et
2690 689 2945 743 meditatio
2966 690 3132 745 cordis
3146 692 3261 755 mei,
3290 692 3437 748 intel-

1857 780 2130 852 ligentiam.
2152 780 2219 833 Et
2232 779 2347 834 haec
2364 780 2583 848 repetita
2599 779 2792 849 potius,
2816 796 2882 834 ne
2902 781 3037 836 forte
3051 796 3170 837 cum
3191 782 3433 850 dixisset,

1858 887 1914 926 os
1939 888 2123 936 meum,
2150 870 2473 941 iutelligeres
2498 885 2616 925 eum
2646 869 2738 925 tibi
2775 871 2936 941 loqui,
2960 872 3047 942 qui
3077 871 3129 926 in
3157 873 3310 928 labiis
3339 875 3436 928 ha-

1861 964 2008 1019 beret
2031 962 2361 1033 sapientiam.
2389 961 2535 1016 Multi
2559 962 2698 1017 enim
2729 961 2926 1017 habent
2952 963 3003 1018 in
3050 964 3202 1021 labiis
3243 977 3298 1023 et
3329 984 3439 1024 non

1861 1050 2057 1107 habent
2093 1053 2147 1106 in
2182 1052 2362 1117 corde,
2393 1051 2461 1107 de
2488 1051 2677 1123 quibus
2713 1051 2841 1108 dicit
2879 1052 3439 1130 Scriptura:Populus

1860 1142 1952 1198 iste
1993 1141 2138 1197 labiis
2178 1159 2257 1197 me
2293 1143 2524 1206 honorat,
2553 1157 2640 1195 cor
2657 1152 2820 1197 autem
2845 1159 3017 1197 eorum
3044 1145 3190 1218 longe
3206 1156 3281 1203 est
3306 1166 3339 1201 a
3363 1165 3438 1202 me

1864 1232 2017 1307 (lsai.
2047 1251 2193 1300 xxix,
2218 1234 2331 1302 l5).
2360 1233 2495 1302 Quid
2511 1249 2637 1305 ergo
2660 1235 2735 1289 ait
2752 1235 2840 1290 ille
2855 1238 2943 1305 qui
2962 1236 3054 1291 tibi
3071 1237 3438 1311 loquitur‘lqui

1861 1339 1983 1382 cum
2008 1325 2218 1391 dixerit,
2241 1324 2312 1380 0s
2341 1341 2504 1379 meum
2547 1326 2778 1395 loquetur
2801 1327 3099 1397 sapientiam
3109 1345 3131 1393 ;
3161 1338 3218 1384 ut
3245 1330 3438 1386 intelli-

1862 1430 1957 1485 gas
1980 1416 2100 1485 quia
2130 1414 2257 1471 illud
2286 1415 2424 1485 quod
2466 1430 2533 1470 ex
2574 1430 2668 1471 ore
2696 1415 2949 1482 funditur,
2990 1416 3060 1473 de
3087 1433 3220 1474 vena
3261 1421 3440 1477 contis

1862 1517 2095 1573 emanat,
2128 1507 2321 1573 intulit,
2355 1506 2421 1560 Et
2440 1507 2698 1563 meditatio
2725 1509 2890 1562 cordis
2914 1509 3011 1566 mei
3038 1509 3437 1582 intelligentiam.

1935 1599 2004 1700 5..
2031 1595 2182 1700 [δεῖ-ξ.
2234 1595 2313 1670 5.]
2352 1597 2616 1652 Inclinabo
2658 1598 2711 1652 in
2740 1599 3030 1669 parabolam
3057 1618 3231 1655 aurem
3257 1618 3439 1667 meam,

1863 1691 2089 1761 aperiam
2127 1690 2180 1744 in
2205 1693 2440 1760 psalterio
2466 1692 2855 1762 prepositionem
2880 1709 3061 1746 meam.
3087 1692 3217 1762 Quis
3244 1705 3328 1752 est
3355 1695 3442 1755 hic

1864 1781 2016 1850 cujus
2037 1781 2309 1836 meditatio
2333 1780 2510 1838 cordis
2536 1781 2770 1853 loquitur
2792 1782 3217 1857 intelligentiam,
3252 1796 3307 1843 ut
3334 1805 3440 1847 nou

1865 1873 1932 1926 sit
1954 1872 2005 1926 in
2035 1873 2147 1927 sola
2177 1872 2456 1943 superﬁcie
2479 1873 2758 1939 Iabiorum,
2799 1876 2892 1931 sed
2923 1877 3152 1932 hominis
3191 1879 3443 1938 interiora

1866 1962 2165 2033 possideat?
2203 1963 2332 2031 Quis
2369 1971 2451 2019 est
2497 1964 2597 2020 iste
2632 1965 2721 2036 qui
2758 1966 2924 2034 audit,
2968 1976 3022 2022 ct
3059 1968 3138 2023 sic
3177 1968 3444 2040 loquitur?

1867 2054 2011 2107 Multi
2038 2055 2179 2108 enim
2214 2053 2500 2123 loquuntur
2523 2054 2664 2124 quod
2696 2069 2797 2110 non
2827 2054 3079 2112 audiunt?
3096 2057 3441 2131 Quisuutqui

1865 2142 2151 2214 loquuntur
2177 2143 2315 2213 quod
2344 2159 2450 2199 non
2476 2145 2728 2199 audiunt?
2753 2146 2851 2214 Qui
2875 2163 2980 2203 non
3009 2148 3208 2206 faciunt
3234 2167 3352 2223 qua:
3368 2154 3442 2210 di-

1866 2244 2025 2288 cunt:
2057 2234 2240 2304 quales
2277 2233 2403 2289 dicit
2431 2235 2682 2289 Dominus
2712 2235 3009 2293 Pharisteos
3050 2240 3239 2296 sedere
3278 2257 3444 2314 super

1865 2325 2171 2381 cathedram
2197 2326 2384 2399 Moysi.
2413 2325 2592 2381 Voluit
2613 2327 2703 2382 tibi
2726 2328 2864 2398 loqui
2888 2329 2942 2384 in
2969 2329 3220 2388 cathedra
3253 2334 3416 2406 Moysi

1874 2378 1909 2381 ρ
2616 2378 2703 2382 ---ν
2729 2378 2864 2398 --Ἰν
2974 2378 3220 2388 ---η---.-
3253 2378 3331 2388 ...ν
3372 2378 3416 2390 υ.

1866 2431 1961 2487 per
1988 2432 2081 2473 eos
2104 2419 2193 2489 qui
2219 2434 2279 2472 ea
2319 2418 2629 2487 loquuntur,
2668 2426 2725 2474 et
2760 2435 2867 2474 non
2897 2419 3122 2486 faciunt;
3153 2432 3207 2478 et
3235 2378 3447 2482 tibiJse:

1865 2510 2148 2609 curimtcm
2196 2509 2453 2609 Dominus
2482 2510 2645 2565 voluit
2686 2510 2835 2567 dare.
2878 2510 3054 2568 Nolite
3083 2514 3289 2582 timere,
3318 2518 3445 2582 Qua

1867 2599 2061 2663 dicunt,
2091 2600 2278 2670 inquit,
2308 2601 2479 2671 facile,
2519 2617 2633 2670 quae
2664 2611 2827 2656 autem
2856 2604 3047 2674 faciunt
3071 2604 3226 2660 nolite
3251 2610 3448 2678 facere;

1867 2690 2036 2746 dicunt
2061 2692 2213 2758 enim,
2237 2699 2284 2747 et
2304 2708 2403 2746 non
2421 2691 2612 2760 faciunt
2637 2691 2845 2763 (Matth.
2879 2710 3025 2760 χχιιι,
3051 2694 3107 2764 2,
3122 2696 3197 2766 5).
3216 2696 3331 2752 Non
3347 2715 3443 2754 au-

1868 2783 2022 2839 diunt
2047 2783 2189 2855 quod
2214 2784 2415 2838 dicunt.
2445 2782 2543 2852 Qui
2571 2800 2697 2839 vero
2725 2784 2942 2852 faciunt,
2970 2798 3024 2841 et
3044 2788 3121 2843 sic
3138 2787 3341 2858 dicunt,
3358 2808 3445 2848 au-

1867 2875 2020 2929 diunt
2051 2874 2191 2945 quod
2218 2875 2436 2930 dicunt:
2463 2885 2517 2931 et
2544 2874 2664 2932 ideo
2687 2874 2957 2932 fructuose
2980 2876 3179 2943 dicunt,
3209 2881 3329 2951 quia
3350 2899 3442 2936 au-

1868 2970 2039 3023 diem.
2059 2968 2159 3035 Qui
2179 2982 2309 3038 ergo
2332 2965 2507 3022 dictor
2531 2977 2583 3022 et
2612 2983 2715 3021 nou
2746 2967 2959 3023 auditor
2983 2979 3087 3036 cst,
3104 2970 3256 3028 alteri
3284 2974 3446 3042 prod-

1869 3071 1971 3128 est,
1998 3061 2097 3117 sibi
2140 3076 2244 3115 non
2275 3060 2504 3129 prodest.
2533 3059 2636 3115 Iste
2661 3076 2787 3130 ergo
2801 3061 2889 3131 qui
2916 3069 2971 3115 et
2996 3060 3204 3118 auditor
3236 3065 3446 3122 volebat

1869 3167 1991 3209 esse
2019 3162 2071 3206 et
2109 3151 2303 3219 dictor,
2346 3152 2435 3221 qui
2481 3151 2574 3206 tibi
2621 3151 2871 3221 loquitur,
2898 3160 3180 3222 antequam
3222 3154 3442 3223 diceret,

1870 3245 2106 3316 Aperiam
2125 3243 2179 3297 in
2203 3242 2439 3313 psalterio
2459 3244 2848 3313 propositionem
2870 3259 3053 3310 meam,
3077 3244 3217 3314 quod
3243 3257 3323 3300 est
3337 3246 3447 3316 jam

1870 3334 2013 3406 loqui
2042 3351 2135 3406 per
2164 3349 2380 3404 corpus,
2410 3334 2487 3388 sic
2513 3334 2654 3388 enim
2685 3334 2847 3388 utitur
2860 3334 3034 3388 anima
3054 3348 3299 3403 corpore,
3319 3352 3449 3407 quoe

1870 3427 2031 3485 modo
2076 3426 2239 3480 utitur
2279 3424 2551 3479 citharista
2588 3424 2860 3493 psalterio,
2905 3424 3059 3491 dixit,
3101 3422 3368 3481 Inclinabo
3396 3428 3450 3482 in

1885 3517 2176 3588 parabolam
2198 3533 2371 3570 aurem
2395 3532 2576 3570 meam.
2605 3516 2900 3585 Antequam
2920 3514 3231 3585 loquartibi,
3251 3517 3438 3586 inquit,

1870 3628 1969 3684 per
2006 3624 2223 3683 corpus,
2269 3616 2552 3678 antequam
2599 3608 2905 3678 psalterium
2934 3619 3107 3673 sonet,
3154 3610 3323 3678 primo
3352 3626 3453 3682 ego

1874 3703 2122 3758 inclinabo
2152 3702 2205 3755 in
2242 3699 2539 3770 parabolam
2567 3715 2739 3752 aurem
2769 3714 2952 3764 meam,
3000 3699 3048 3753 id
3090 3708 3192 3762 est,
3241 3700 3454 3757 audiam

1873 3794 1998 3866 quid
2030 3793 2122 3848 tibi
2160 3791 2356 3847 dicam.
2399 3792 2466 3845 Et
2497 3806 2682 3860 quare,
2714 3791 2766 3844 in
2795 3791 3130 3861 parabolam?
3155 3792 3286 3860 Quia
3312 3793 3456 3848 uide-

1876 3904 1985 3939 mus
2015 3901 2149 3939 mine
2179 3901 2266 3953 per
2290 3883 2553 3953 speculum
2578 3882 2631 3935 in
2654 3883 2918 3952 mitigmate
2956 3880 2999 3951 (I
3038 3882 3155 3936 Cor.
3196 3899 3309 3946 xm,
3342 3882 3451 3955 12),

1875 3980 2015 4033 sicut
2038 3977 2168 4032 dicit
2191 3975 2498 4045 Apostolus.
2531 3972 2787 4041 Quamdiu
2822 3990 2996 4027 smnus
3022 3972 3073 4025 in
3100 3973 3194 4027 hoc
3222 3991 3452 4045 corpore,

1877 4071 2255 4143 peregrinantur
2278 4084 2311 4121 a
2338 4065 2557 4120 Domino
2588 4066 2654 4135 (II
2684 4064 2802 4120 Cor.
2841 4080 2891 4128 v,
2921 4065 2999 4135 ϐ).
3042 4065 3173 4130 Quia
3218 4065 3452 4121 nondum

1875 4172 1961 4219 est
1988 4162 2074 4216 illa
2104 4158 2235 4213 visio
2263 4166 2441 4212 nostra
2469 4155 2603 4211 facie
2626 4155 2691 4210 ad
2722 4154 2931 4219 faciem,
2966 4154 3049 4208 ubi
3077 4154 3186 4224 jam
3216 4171 3323 4209 non
3343 4154 3453 4212 sint

1878 4255 2162 4327 parabolte,
2195 4252 2282 4307 ubi
2324 4251 2432 4322 jam
2463 4265 2567 4305 non
2613 4247 2720 4303 sint
2762 4247 3040 4317 :enigmata
3074 4256 3127 4299 ιι
3152 4246 3447 4301 simili:udi~

1877 4362 1994 4402 nes.
2027 4342 2290 4413 Quidquid
2316 4342 2474 4397 tuodo
2505 4339 2865 4410 intelligimus,
2892 4354 2990 4409 per
3016 4338 3291 4406 tetiigmata
3326 4353 3453 4392 con-

1877 4439 2150 4509 Spicimus.
2180 4435 2429 4503 Euigma
2457 4442 2539 4488 est
2566 4431 2788 4485 obscura
2815 4428 3065 4499 parabola
3097 4445 3214 4496 qua:
3239 4427 3455 4483 difﬁcile

1879 4531 2207 4600 intelligitur.
2238 4524 2586 4594 Quantumvis
2629 4522 2839 4578 excolat
2879 4520 3041 4576 homo
3072 4535 3165 4575 cor
3194 4536 3370 4588 suum,
3402 4530 3456 4577 et

1878 4624 1943 4679 ad
1993 4621 2245 4678 interiora
2290 4616 2626 4688 intelligenda
2658 4613 2902 4685 refugiat,
2937 4612 3187 4683 quamdiu
3212 4627 3304 4682 per
3333 4627 3455 4666 cor-

1879 4714 2280 4786 ruptihilitatem
2310 4710 2486 4764 carnis
2516 4706 2672 4777 hujus
2701 4707 2960 4770 videmus,
3003 4718 3068 4759 ex
3122 4712 3268 4773 parte
3307 4704 3458 4757 vidc-

1881 4824 2020 4864 nms.
2047 4810 2327 4873 Assumpta
2358 4811 2533 4856 autem
2564 4798 2961 4867 incorruptione
2988 4796 3040 4851 in
3066 4794 3456 4851 resurrectione

1881 4908 2232 4960 mortuorum,
2262 4909 2382 4950 cum
2403 4886 2892 4961 apparueritFiIius
2934 4884 3164 4941 hominis
3186 4885 3458 4952 judicatu-

1880 5006 1970 5046 rus
2009 4988 2156 5042 vivos
2182 4994 2234 5040 et
2262 4991 2522 5041 mortuos.
2552 4988 2677 5033 tunc
2702 4977 2971 5032 videbitur
2998 4975 3165 5031 Filius
3202 4975 3456 5041 hominis,

1880 5084 1969 5154 qui
1999 5082 2171 5152 primo
2185 5077 2450 5148 judicatus
2473 5082 2574 5139 est,
2600 5070 2865 5140 judicans,
2887 5069 3205 5125 discernens
3237 5068 3405 5121 malos
3429 5082 3457 5120 a

1882 5176 2057 5240 bonis,
2086 5185 2288 5243 ponens
2313 5168 2480 5224 malos
2511 5183 2541 5219 a
2566 5163 2811 5226 sinistris,
2846 5162 3017 5217 bonos
3042 5177 3072 5216 a
3115 5161 3336 5216 dextris.
3372 5157 3463 5212 Vi-

1881 5268 2085 5323 delmnt
2106 5263 2251 5316 illum
2279 5269 2333 5315 et
2370 5256 2493 5313 boui
2533 5263 2587 5310 ct
2627 5253 2773 5319 mali,
2800 5252 2892 5307 sed
2927 5251 3079 5306 malis
3105 5249 3264 5311 dicet,
3297 5246 3376 5301 Ite
3406 5247 3461 5302 in

1882 5363 2048 5430 ignem
2071 5368 2309 5411 teter-num
2334 5365 2354 5405 :
2381 5348 2535 5405 bouis
2571 5356 2747 5402 autem
2789 5344 2950 5410 dicet,
3005 5340 3178 5396 Venite
3216 5338 3461 5394 benedicti

1886 5451 2056 5506 Patris
2087 5449 2203 5511 mei,
2246 5442 2483 5514 percipite
2509 5454 2737 5511 regnum.
2780 5436 3000 5489 Abibunt
3030 5432 3153 5486 mali
3188 5431 3241 5485 in
3281 5430 3460 5484 ambu-

1884 5545 2093 5598 stionem
2119 5548 2375 5594 a'lcrnam,
2389 5530 2521 5603 justi
2544 5539 2711 5583 autem
2733 5526 2786 5580 in
2811 5526 2964 5580 vitam
2984 5531 3223 5577 cateruam
3243 5518 3459 5591 (Matth.

1885 5652 2007 5699 xxv,
2029 5633 2119 5695 35,
2147 5630 2236 5693 54,
2268 5628 2356 5692 ll,
2382 5624 2507 5693 ιδῃ
2528 5634 2578 5677 et
2611 5620 2679 5675 ihi
2706 5618 2808 5673 erit
2827 5616 2913 5670 illa
2945 5614 3079 5669 visio
3110 5612 3244 5668 facie
3284 5611 3349 5665 ad
3384 5611 3463 5666 fa-

1884 5730 2042 5795 ciem,
2069 5740 2170 5796 qua
2200 5721 2275 5778 illi
2319 5734 2425 5774 non
2459 5725 2583 5773 sunt
2608 5710 2774 5782 digni.
2806 5703 3080 5762 Attendite
3108 5704 3230 5768 quid
3260 5702 3457 5759 dicam.

1884 5820 2076 5878 Filium
2092 5795 2247 5875 enim
2276 5810 2506 5871 hominis
2534 5811 2671 5863 sicut
2695 5802 2784 5857 hic
2808 5814 2931 5855 cum
2956 5805 3099 5854 esset
3123 5795 3297 5852 adhuc
3320 5795 3466 5868 judi.
