3942 6400
653 311 748 370 551

649 423 866 498 postea;
897 423 999 480 erit
1026 422 1166 477 enim
1196 420 1304 474 vita
1331 426 1506 474 nostra
1541 412 1786 482 Christus
1821 416 1874 470 in
1912 427 2168 471 aeternum
2203 434 2215 469 :

651 519 728 573 illi
756 505 930 571 autem
957 515 1046 584 qui
1078 513 1163 566 hic
1191 511 1373 563 volunt
1403 509 1599 563 habere
1621 511 1806 573 vitam,
1839 506 2150 562 laborabunt
2168 505 2223 560 in

653 617 933 670 aeternum,
968 614 1023 659 et
1052 604 1230 656 vivent
1259 602 1310 654 in
1340 601 1518 654 linem.

724 703 810 754 Η.
852 697 1002 771 [νει-ε.
1037 693 1148 767 Η.]
1181 693 1432 761 Quoniam
1463 707 1563 746 non
1595 689 1779 744 videbit
1799 689 2078 754 interitum,
2108 703 2222 741 cum

651 792 832 848 viderit
859 790 1108 859 sapientes
1134 786 1423 840 morientes.
1451 784 1554 838 Iste
1581 782 1670 852 qui
1703 781 1964 836 laboravit
1988 780 2039 835 in
2067 789 2226 834 teter-

646 898 797 948 num,
821 889 876 934 et
898 881 1036 933 vivet
1067 879 1117 932 in
1147 876 1305 931 ﬁnem
1326 915 1342 942 ,
1369 890 1472 928 non
1495 871 1676 927 videbit
1699 871 1976 932 interitum,
1999 884 2114 923 cum
2146 869 2226 922 oi-

631 974 771 1029 ‘derit
793 973 1046 1041 sapientes
1063 968 1367 1022 morientes:
1393 963 1519 1034 quid
1545 971 1629 1018 est
1657 962 1758 1016 hoc
1775 960 1799 1013 ‘i
1819 959 1936 1016 Non
1965 959 2226 1028 intelliget

645 1064 774 1136 quid
800 1063 871 1118 sit
891 1060 1153 1122 interitus,
1173 1055 1386 1127 quando
1411 1054 1603 1109 viderit
1629 1052 1896 1122 sapientes
1911 1051 2222 1106 morientes.

647 1156 785 1211 Dicit
807 1154 947 1210 enim
976 1151 1078 1206 sibi
1111 1167 1125 1202 :
1159 1150 1294 1214 Iste,
1325 1147 1448 1219 quia
1485 1147 1698 1216 sapiens
1724 1154 1872 1208 erat,
1903 1152 1958 1198 et
1983 1158 2105 1198 cum
2134 1157 2225 1197 sa-

648 1248 842 1319 pientia
871 1243 1220 1309 inhabitalmt,
1245 1250 1438 1296 etcum
1467 1239 1662 1308 pietate
1683 1237 1846 1292 Deum
1861 1235 2044 1301 coluit,
2068 1250 2224 1290 nutu-

647 1338 773 1409 quid
803 1351 906 1392 non
931 1343 1016 1390 est
1045 1330 1326 1387 mortuus?
1358 1328 1567 1383 Faciam
1595 1326 1723 1380 mihi
1757 1340 1888 1395 ergo
1917 1325 2074 1387 bene,
2101 1337 2223 1378 cum

653 1431 773 1485 vivo
802 1443 816 1482 :
850 1441 969 1481 nam
1015 1425 1060 1479 si
1090 1419 1287 1491 aliquid
1318 1427 1532 1490 possent
1559 1418 1649 1488 qui
1686 1415 1829 1470 aliud
1854 1415 2090 1486 sapiunt,
2118 1427 2224 1468 non

652 1530 1008 1578 morerentur.
1037 1515 1194 1570 Videt
1224 1514 1369 1568 illum
1403 1511 1572 1575 mori,
1613 1515 1672 1564 et
1699 1525 1804 1564 non
1832 1508 1978 1562 videt
2005 1521 2125 1576 qua:
2159 1506 2229 1559 sit

656 1629 820 1670 mors.
853 1610 905 1666 Ν
911 1628 975 1666 οη
1003 1609 1184 1664 videbit
1207 1606 1480 1668 interitum,
1505 1618 1620 1657 cum
1639 1601 1822 1657 uidebit
1845 1601 2093 1670 sapientes
2119 1615 2228 1653 mo-

654 1709 853 1761 rientes.
885 1703 1162 1771 Quomodo
1202 1698 1372 1755 Judaei
1416 1696 1662 1752 viderunt
1689 1695 1960 1750 Christum
1990 1693 2229 1764 penden-

659 1811 762 1854 tem
792 1801 843 1852 in
872 1810 1061 1862 cruce,
1086 1802 1140 1849 et
1161 1798 1620 1861 contempserunt,
1647 1787 1907 1851 dicentes,
1937 1787 2040 1842 Iste
2063 1786 2107 1840 si
2135 1785 2229 1840 Fi-

657 1893 758 1945 lius
799 1889 889 1944 Dei
929 1895 1097 1949 esset,
1130 1882 1476 1940 descenderet
1507 1881 1578 1936 de
1614 1893 1773 1936 cruce
1799 1877 1820 1951 (
1845 1877 2030 1932 Matth.
2062 1892 2226 1935 xxvn.

657 1981 766 2050 42)
802 1999 814 2034 :
848 1994 950 2034 non
967 1977 1206 2032 videntes
1229 1973 1355 2044 quid
1377 1973 1447 2027 sit
1466 1971 1730 2028 interitus.
1757 1969 1816 2025 Si
1839 1969 2080 2024 viderent
2101 1966 2230 2038 quid

657 2075 728 2129 sit
748 2072 1009 2132 interitus,
1036 2069 1079 2122 si
1113 2064 1420 2121 viderent‘!
1451 2063 1543 2119 Ille
1566 2061 1891 2118 moriebatur
1921 2061 2230 2130 temporali-

659 2176 762 2228 ter,
792 2173 850 2218 ut
881 2161 1221 2218 revivisceret
1257 2159 1309 2212 in
1338 2166 1625 2221 aeternum;
1654 2155 1729 2210 illi
1755 2154 2004 2210 vivebant
2022 2162 2228 2222 tempo-

659 2256 870 2320 raliter,
912 2261 971 2308 ut
1015 2258 1348 2306 morerentur
1376 2248 1428 2302 in
1455 2257 1736 2301 mtcrnum.
1780 2238 1884 2300 Sed
1929 2244 2052 2314 quia
2083 2243 2228 2298 illum

663 2346 914 2401 videbant
949 2343 1293 2402 morientem,
1330 2353 1434 2392 non
1459 2337 1707 2392 videbant
1731 2335 2027 2397 interitum,
2052 2333 2103 2388 id
2126 2343 2228 2400 est,

662 2452 769 2492 non
797 2431 1156 2501 intelligebant
1185 2429 1302 2497 quis
1326 2434 1472 2482 esset
1495 2440 1653 2480 verus
1690 2424 1954 2480 interitus.
1989 2421 2125 2490 Quid
2150 2422 2229 2476 di-

659 2537 788 2586 cunt
814 2526 972 2581 etiam
1011 2523 1062 2578 in
1089 2520 1390 2591 Sapientia?
1424 2518 1589 2574 Morte
1613 2517 1902 2586 turpissima
1929 2517 2229 2570 condemne-

660 2638 772 2675 mus
796 2618 963 2684 illum,
1004 2617 1096 2669 erit
1114 2615 1248 2668 enim
1280 2621 1531 2681 respectus
1561 2627 1622 2665 ea:
1652 2608 1962 2665 senuenibus
1985 2596 2158 2668 illius;
2187 2609 2231 2663 si

657 2712 790 2767 enim
809 2718 880 2765 est
900 2723 1010 2762 oure
1034 2706 1170 2774 ﬁlius
1197 2702 1306 2766 Dei,
1337 2701 1562 2756 liberabit
1582 2701 1728 2755 illum
1760 2699 1823 2754 de
1848 2700 2078 2754 manibus
2109 2715 2232 2752 cou-

655 2802 927 2858 trariorum
945 2796 1102 2869 (Sap.
1133 2811 1192 2860 tt,
1223 2793 1312 2859 20,
1339 2793 1425 2860 l8)
1449 2810 1462 2844 :
1485 2807 1590 2846 non
1613 2790 1883 2860 permittet
1910 2791 2042 2845 mori
2064 2790 2228 2843 lilium

655 2911 808 2953 suum
827 2934 843 2960 ,
872 2893 917 2947 si
957 2906 1081 2946 vere
1111 2889 1246 2942 filius
1274 2887 1440 2956 ipsius
1463 2894 1563 2940 est.
1600 2885 1668 2939 At
1695 2883 1785 2938 ubi
1813 2882 2056 2938 viderunt
2081 2882 2227 2937 illum

655 2989 710 3045 in
735 3001 892 3044 cruce
918 2983 1239 3040 insultantes
1259 2994 1339 3039 se,
1364 2991 1416 3030 et
1440 2978 1584 3032 illum
1607 2991 1710 3030 non
1735 2974 2143 3031 descendentem
2159 2973 2230 3029 dc

653 3095 834 3145 cruce,
867 3077 1134 3140 dixerunt,
1165 3073 1299 3127 Vere
1340 3070 1498 3123 homo
1523 3068 1642 3122 fuit.
1673 3067 1876 3121 Dictum
1896 3076 1978 3121 est
2006 3082 2020 3117 :
2047 3074 2102 3120 et
2128 3065 2231 3119 uti-

653 3189 759 3244 que
785 3178 987 3242 poterat
1014 3163 1340 3221 descendere
1363 3162 1431 3216 de
1453 3175 1630 3225 cruce,
1655 3160 1742 3228 qui
1771 3159 1939 3227 potuit
1959 3156 2028 3212 de
2049 3155 2227 3226 sepul-

657 3277 752 3318 cro
782 3271 1095 3327 resurgere;
1124 3252 1218 3308 sed
1247 3251 1429 3305 docuit
1454 3265 1548 3304 nos
1575 3249 1714 3304 ferre
1751 3247 2065 3302 insultantes
2085 3286 2100 3312 ,
2127 3245 2228 3300 do-

653 3355 764 3410 cuit
789 3351 1044 3406 advcrsus
1064 3347 1268 3415 linguas
1295 3343 1568 3396 hominum
1591 3355 1710 3396 esse
1734 3343 2016 3410 patientes,
2044 3335 2228 3393 bibere

651 3441 814 3501 modo
841 3439 1062 3497 calicem
1086 3433 1456 3490 amaritudinis
1473 3471 1490 3496 ,
1520 3441 1573 3487 et
1611 3439 1792 3500 postea
1819 3429 2063 3498 accipere
2086 3441 2229 3483 sern-

653 3534 913 3606 piternam
938 3528 1180 3584 salutem.
1214 3524 1363 3590 Bibe,
1389 3537 1551 3593 τηεογ,
1601 3520 1819 3575 calicem
1861 3534 2122 3587 amarum,
2171 3527 2228 3574 nt

656 3639 820 3681 sanus
859 3622 953 3686 sis,
972 3620 1055 3676 cui
1081 3634 1183 3672 non
1211 3623 1334 3671 sunt
1363 3629 1488 3668 sana
1509 3613 1707 3667 viscera
1742 3628 1755 3664 :
1785 3610 1892 3666 noli
1931 3609 2221 3679 trepidare,

651 3717 774 3789 quia
810 3729 876 3770 ne
902 3710 1216 3782 trepidares,
1262 3709 1403 3776 prior
1435 3706 1566 3761 bibit
1589 3703 1860 3767 medicus;
1890 3702 1940 3758 id
1971 3713 2076 3769 c~t,
2099 3717 2225 3772 pas-

651 3808 819 3866 sionis
857 3803 1260 3861 amaritudinem
1305 3797 1433 3852 bibit
1470 3796 1614 3867 prior
1640 3795 1916 3851 Dominus.
1960 3794 2097 3848 Bibit
2134 3791 2223 3864 qui

661 3908 936 3974 peccatum
963 3912 1066 3952 non
1096 3892 1342 3957 habebat,
1365 3890 1451 3960 qui
1475 3888 1612 3958 quod
1641 3889 1692 3943 in
1727 3904 1792 3943 co
1816 3896 2095 3943 sanaretur
2119 3902 2222 3942 non

650 3994 905 4051 habebat.
932 3989 1062 4045 Bibe
1086 3986 1258 4042 donec
1279 3981 1820 4038 transcatatnaritutlo
1841 3979 1997 4051 hujus
2021 3980 2221 4046 smculi,

650 4097 705 4145 et
733 4086 910 4142 veniat
937 4083 1188 4137 saeculum
1219 4076 1307 4132 ubi
1334 4075 1535 4131 nullum
1576 4072 1913 4138 scandalum,
1958 4072 2098 4126 nulla
2123 4072 2223 4140 ira,

653 4179 796 4234 nulla
819 4175 990 4240 tabes,
1013 4171 1155 4227 nulla
1177 4167 1494 4233 amaritudo,
1509 4165 1651 4220 nulla
1667 4165 1846 4231 febris,
1862 4165 2032 4219 nullus
2046 4164 2222 4231 dolus,

658 4269 816 4323 nulla:
864 4262 1184 4325 initnicitizu,
1212 4257 1355 4314 nulla
1398 4264 1674 4320 senectus,
1707 4255 1844 4308 nulla
1874 4270 2052 4321 mors,
2083 4254 2224 4309 nulla

657 4355 946 4412 contentio.
973 4351 1178 4407 Labora
1211 4349 1314 4412 ltie,
1340 4356 1592 4401 venturus
1619 4344 1683 4398 ad
1715 4347 1905 4409 liuent;
1935 4345 2132 4406 labora,
2159 4359 2226 4399 ne

654 4467 773 4507 cum
813 4463 918 4503 non
960 4445 1036 4498 vis
1082 4443 1166 4496 hic
1196 4441 1469 4500 laborare,
1504 4437 1682 4491 venias
1707 4435 1773 4488 ad
1802 4436 1957 4489 linem
1990 4435 2142 4501 vita),
2173 4442 2229 4491 et

658 4553 928 4610 nunquam
955 4537 1134 4589 venias
1159 4530 1225 4584 ad
1257 4529 1415 4585 finem
1447 4526 1707 4583 laborum.
1741 4526 1990 4593 Quoniam
2019 4542 2118 4580 non
2153 4526 2230 4580 oi-

660 4631 794 4686 debit
820 4627 1098 4685 interitum,
1122 4638 1234 4675 cum
1263 4619 1441 4674 viderit
1463 4618 1707 4690 sapientes
1734 4617 2014 4671 morientes.

730 4721 816 4776 12.
860 4715 1028 4774 Simul
1069 4713 1358 4784 imprudens
1383 4721 1427 4766 et
1455 4711 1694 4781 insipiens
1720 4710 1967 4780 peribunt.
1991 4709 2119 4777 Quis
2145 4717 2229 4766 est

652 4810 980 4886 imprudens?
1003 4808 1100 4876 Qui
1143 4822 1248 4861 non
1287 4802 1388 4860 sibi
1429 4803 1680 4875 pI‘OSpiCll
1719 4803 1770 4856 in
1813 4800 2066 4856 futurum.
2097 4800 2227 4868 Quis

656 4916 740 4962 est
765 4897 1165 4972 insipiens?Qui
1192 4910 1296 4951 non
1336 4892 1580 4964 intelligit
1620 4893 1672 4947 in
1711 4906 1816 4962 quo
1853 4894 1992 4946 malo
2033 4891 2120 4947 sit.
2147 4891 2226 4946 Tu

655 5009 784 5052 vero
810 4991 1040 5060 intelligo
1067 4989 1117 5042 in
1142 5001 1248 5057 quo
1279 4984 1421 5040 malo
1446 4984 1521 5040 sis
1547 4982 1726 5050 modo,
1749 4990 1802 5038 et
1829 4983 2069 5053 prospice
2089 4990 2145 5036 ut
2173 4981 2225 5037 in

655 5088 809 5144 boois
838 5086 913 5140 sis
940 5084 990 5138 in
1018 5087 1309 5152 posterum.
1338 5075 1681 5147 lntclligendo
1721 5076 1771 5130 in
1814 5073 1920 5144 quo
1959 5076 2097 5130 malo
2130 5075 2224 5142 sis,

655 5196 762 5236 non
788 5175 896 5232 eris
923 5173 1176 5242 insipiens
1202 5187 1214 5221 :
1241 5166 1608 5238 prospiciendo
1639 5166 1731 5222 tibi
1762 5166 1814 5221 in
1848 5165 2100 5234 futurum,
2122 5183 2229 5222 non

654 5273 765 5328 eris
809 5264 1135 5338 imprudens.
1162 5261 1293 5329 Quis
1338 5267 1421 5316 est
1458 5260 1546 5330 qui
1583 5259 1681 5315 sibi
1724 5259 2012 5330 pmSpicit?
2035 5260 2232 5316 Servus

657 5363 746 5418 ille
772 5357 855 5416 cui
881 5355 1028 5413 dedit
1062 5352 1314 5408 Dominus
1338 5365 1467 5405 suus
1493 5349 1633 5420 quod
1660 5359 1938 5422 erogaret,
1967 5359 2021 5405 et
2051 5359 2230 5420 postea

655 5451 792 5508 dixit
818 5453 867 5504 ei
892 5465 905 5500 :
934 5445 1054 5501 Non
1082 5452 1221 5514 potes
1261 5441 1384 5494 mihi
1425 5457 1592 5511 agere,
1621 5442 1771 5495 redde
1808 5441 2053 5496 rationem
2089 5451 2232 5497 actus

660 5551 753 5598 tui.
786 5539 855 5595 Et
882 5537 971 5592 ille
995 5553 1007 5589 :
1031 5535 1164 5601 Quid
1191 5532 1360 5605 facio?
1385 5532 1556 5601 fodere
1579 5547 1679 5586 non
1705 5548 1925 5600 possunt,
1955 5532 2234 5587 mendicare

660 5629 964 5702 confundor.
989 5625 1093 5683 Sed
1121 5634 1176 5680 et
1202 5623 1268 5679 de
1299 5637 1356 5676 re
1383 5619 1582 5676 domini
1613 5621 1693 5676 sui
1725 5621 1846 5678 fecit
1875 5623 1972 5678 sibi
2012 5625 2232 5692 amicos,

722 5747 740 5779 ³
773 5753 838 5795 tu
862 5740 1074 5794 nonnulli
1098 5749 1198 5793 uss.
1217 5738 1329 5789 add.
1346 5749 1484 5798 vero,
1504 5750 1553 5787 se
1576 5736 1807 5789 viderent.

1885 303 1945 358 S.
1983 297 2348 359 AUGUSTINI
2387 295 2679 355 EPISCOPI
3753 311 3826 372 πε

2333 416 2421 482 qui
2444 414 2587 469 illum
2611 411 2928 482 reciperent.
2943 429 3071 470 eum
3097 413 3164 470 de
3187 422 3304 472 actu
3330 415 3680 488 proﬁceretur.
3697 421 3751 478 Et
3767 428 3827 482 illo

2331 505 2572 559 fraudem
2601 504 2726 559 fecit
2749 504 2964 560 domino
2992 519 3112 568 suo,
3140 515 3198 561 ut
3220 519 3555 577 compararet
3576 510 3665 567 sibi
3686 515 3828 573 arnicas

2328 598 2418 666 qui
2447 597 2591 649 illum
2621 596 2954 664 susciperent
2985 612 2998 648 :
3032 606 3086 650 tu
3118 598 3224 661 noli
3252 598 3447 654 timere
3471 614 3538 656 ne
3562 599 3758 657 fraudem
3779 606 3829 659 ia-

2328 690 2475 753 cias;
2509 689 2620 758 ipse
2649 688 2901 742 Dominus
2932 687 3175 744 hortatur
3203 701 3257 744 ut
3285 689 3473 752 facias.
3503 690 3609 761 ipse
3631 694 3708 749 tibi
3727 695 3828 758 dicit.

2330 778 2435 832 Fac
2465 779 2554 833 tibt
2585 780 2786 833 amicos
2821 778 2889 834 de
2926 794 3225 834 mammona
3268 781 3563 851 iniquitatis
3598 783 3829 854 (Luxu,

2329 871 2474 943 1-2).
2498 871 2761 927 Fortassis
2791 887 2852 927 ea
2881 888 2998 942 qua:
3024 873 3310 942 acquisisti,
3340 874 3414 930 de
3440 874 3693 945 iniquitate
3707 884 3832 946 acqui-

2328 965 2478 1027 sisti;
2510 973 2602 1019 aut
2628 963 2854 1020 fortasse
2879 979 2940 1020 ea
2972 964 3083 1037 ipsa
3109 975 3195 1022 cst
3216 966 3491 1037 iniquitas,
3511 969 3628 1038 quia
3651 979 3698 1024 tu
3720 972 3832 1029 babes

2328 1063 2383 1108 et
2406 1055 2543 1110 alter
2570 1069 2674 1110 non
2703 1054 2882 1119 habet,
2920 1067 2974 1110 tu
3011 1056 3250 1112 abundas
3273 1067 3322 1111 et
3355 1057 3499 1113 alter
3530 1069 3658 1129 eget.
3686 1061 3744 1118 De
3770 1065 3833 1119 ista

2327 1158 2629 1200 mammona
2658 1145 2966 1215 iniquitatis,
2994 1146 3062 1201 de
3089 1147 3285 1203 divitiis
3313 1148 3434 1203 istis
3460 1164 3591 1220 quas
3614 1151 3748 1224 iniqui
3770 1171 3833 1210 vo-

2327 1245 2452 1291 cant
2473 1235 2704 1301 divitias,
2727 1235 2811 1291 fac
2837 1237 2928 1292 tibi
2956 1239 3156 1294 amicos
3183 1248 3237 1295 et
3263 1240 3504 1310 prudens
3523 1242 3626 1297 eris
3646 1259 3834 1316 :compa-

2328 1342 2420 1384 ras
2445 1328 2564 1390 tibi,
2596 1344 2700 1383 non
2747 1329 3026 1386 fraudaris.
3063 1331 3219 1387 Modo
3253 1333 3400 1388 enim
3430 1335 3625 1392 videris
3659 1340 3831 1408 perdere.

2328 1417 2592 1490 Numquid
2620 1421 2812 1490 perdes
2840 1422 2890 1475 in
2921 1422 3250 1478 thesaurario
3271 1425 3288 1456 ί
3313 1426 3563 1494 ponens?
3583 1427 3700 1482 Nam
3720 1433 3830 1499 puri,

2332 1509 2541 1577 fratres,
2573 1511 2714 1566 unde
2747 1512 2848 1566 sibi
2877 1521 3060 1568 etnant
3089 1515 3273 1571 nescio
3296 1516 3428 1586 quid
3453 1517 3609 1574 simul
3637 1522 3831 1576 inveniunt

2332 1617 2598 1665 nummos.
2620 1611 2675 1658 et
2701 1613 2903 1673 ponunt
2939 1605 2992 1660 in
3033 1605 3387 1675 thesaurario,
3428 1620 3486 1666 et
3524 1625 3626 1666 non
3665 1615 3824 1682 aperiat

2331 1693 2432 1749 nisi
2463 1705 2642 1763 postea
2664 1713 2676 1748 :
2697 1695 2948 1766 numquid
2974 1699 3096 1768 quia
3121 1714 3225 1753 non
3250 1700 3440 1758 vident
3466 1702 3606 1774 quod
3631 1706 3818 1776 colligunt.

2332 1785 2454 1840 ideo
2479 1784 2858 1853 perdiderunt?
2881 1786 2998 1842 Noli
3029 1789 3217 1846 timere
3243 1809 3257 1846 :
3286 1802 3498 1861 ponunt
3531 1795 3670 1864 pueri
3701 1795 3742 1850 in
3761 1797 3824 1853 the-

2332 1877 2592 1942 saorario,
2619 1886 2674 1931 et
2701 1879 2875 1932 securi
2898 1887 3053 1944 sunt;
3082 1881 3234 1949 ponis
3263 1892 3318 1937 tu
3345 1883 3401 1938 in
3429 1898 3590 1940 manu
3612 1885 3826 1948 Christict

2335 1966 2523 2022 times!
2556 1966 2684 2022 Esto
2715 1968 2964 2037 prudens,
2987 1978 3041 2024 et
3066 1972 3310 2041 prospice
3334 1973 3433 2029 tibi
3476 1973 3530 2030 in
3565 1977 3826 2045 posterum:

2331 2058 2488 2112 caelo.
2513 2058 2642 2113 Esto
2662 2075 2789 2130 ergo
2814 2061 3067 2129 prudens,
3095 2063 3303 2119 imitare
3333 2065 3634 2135 formicam,
3654 2067 3825 2125 εἰοωῶ-

2333 2148 2408 2202 cit
2432 2147 2704 2218 Scriptura
2729 2148 2906 2219 (Ρι-ου.
2933 2167 3004 2216 vt,
3023 2152 3077 2219 6,
3098 2163 3145 2207 et
3167 2169 3296 2222 xxx,
3316 2154 3413 2227 25)
3429 2172 3446 2221 ;
3465 2157 3682 2214 reconde
3696 2171 3825 2221 estate.

2334 2255 2402 2296 ne
2426 2242 2629 2297 esurias
2660 2243 2709 2296 in
2739 2242 2912 2300 hieme
2940 2263 2953 2298 :
2986 2244 3156 2301 hiems
3177 2256 3262 2303 est
3283 2246 3404 2304 dies
3435 2251 3743 2317 novissimus,
3759 2253 3826 2308 dies

2336 2333 2720 2399 tribulationis;
2751 2335 2918 2392 hiems
2943 2347 3025 2392 est
3049 2337 3163 2394 dies
3183 2340 3562 2397 scandalorutn
3584 2351 3636 2398 et
3654 2348 3827 2399 antaritu-

2333 2426 2471 2481 dinis
2499 2445 2514 2482 :
2542 2429 2730 2498 collige
2757 2429 2897 2499 quod
2936 2430 3004 2485 ibi
3045 2431 3136 2486 tibi
3177 2432 3246 2486 sit
3272 2434 3293 2465 ³
3326 2434 3380 2487 in
3411 2445 3700 2504 posterum;
3721 2438 3823 2490 sia-

2335 2528 2440 2575 tem
2471 2536 2574 2575 non
2606 2521 2755 2587 facis,
2783 2522 2940 2577 simul
2969 2523 3279 2593 imprudens
3315 2535 3371 2582 et
3415 2529 3660 2598 insipiens
3681 2530 3822 2600 peribit

2406 2614 2491 2669 13.
2533 2613 2638 2669 Sed
2671 2625 2910 2671 mortuus
2935 2627 3016 2671 est
3046 2617 3134 2672 ille
3159 2617 3331 2682 dives,
3354 2629 3412 2675 et
3435 2621 3538 2676 tale
3565 2621 3630 2676 illi
3651 2620 3821 2676 funusla.

2334 2714 2476 2761 etum
2501 2715 2602 2762 est.
2630 2707 2766 2763 Ecce
2791 2723 2898 2778 quo
2926 2723 2986 2764 se
3008 2721 3391 2767 converterunt
3417 2711 3824 2769 homiucstnonat-

2344 2797 2561 2851 tentlnnt
2582 2814 2738 2867 quam
2762 2799 2952 2854 malam
2978 2800 3137 2854 vitam
3170 2801 3410 2858 habuerit
3437 2819 3558 2860 cum
3579 2804 3820 2869 γίνεται.κύ

2333 2903 2492 2959 quam
2543 2903 2786 2958 pompam
2831 2907 2949 2945 cunt
2999 2902 3311 2948 moreretur.
3342 2895 3390 2951 0
3421 2895 3547 2952 felix
3583 2911 3717 2967 quem
3747 2896 3816 2950 tuti

2332 2982 2616 3052 plangunt!
2661 2983 2761 3037 Iste
2791 2982 2813 3015 ³
2843 2998 2969 3039 vero
3016 2985 3094 3040 sic
3146 2985 3275 3041 vixit
3329 2998 3390 3042 ut
3441 2989 3590 3058 pauci
3635 2989 3816 3058 plangant

2330 3073 2528 3130 Omnes
2556 3075 2697 3129 enim
2723 3075 2980 3130 deberent
3017 3078 3263 3146 plangere
3303 3087 3414 3134 tam
3451 3081 3589 3135 male
3618 3080 3820 3133 viventem.

2332 3163 2435 3220 Sed
2468 3180 2658 3234 pompa
2697 3175 2781 3220 est
2823 3167 3041 3231 funeris,
3071 3169 3334 3237 excipitur
3377 3169 3620 3239 sepulcro
3650 3170 3820 3239 pretim.

2331 3256 2615 3311 involvitur
2661 3258 2908 3328 pretiosis
2951 3259 3205 3325 vestibus,
3249 3263 3514 3331 sepelitur
3550 3261 3822 3332 unguentisd

2328 3351 2603 3404 aromatis.
2654 3350 2852 3405 Deinde
2903 3353 3211 3408 memoriam
3257 3355 3474 3420 qualem
3523 3353 3690 3410 habet!
3724 3364 3817 3422 qua

2331 3449 2703 3495 marmoratam
2730 3443 2744 3496 ι
2774 3441 2977 3496 Vivitur
3007 3442 3058 3498 in
3089 3443 3202 3513 ipsa
3229 3445 3494 3500 memoria
3515 3445 3538 3500 ?
3561 3445 3646 3500 Ille
3667 3443 3720 3498 ibi
3737 3454 3811 3495 nm-

2293 3587 2296 3592 _
2331 3541 2452 3586 tuus
2483 3541 2566 3587 est
2589 3531 2633 3588 ⁸.
2663 3533 2764 3590 Ista
2798 3543 3040 3603 putantes
3067 3533 3308 3592 homines
3339 3535 3510 3603 bona,
3535 3537 3806 3591 alienarem

2327 3639 2358 3677 a
2389 3625 2514 3688 Deo,
2543 3640 2640 3680 nec
2677 3626 3002 3694 quzusicrunt
3040 3641 3185 3694 vera,
3221 3637 3274 3682 et
3313 3627 3526 3699 decepti
3564 3637 3673 3684 sunt
3702 3625 3809 3680 falsit:

2328 3715 2460 3772 adeo
2488 3717 2604 3772 vide
2629 3717 2752 3788 quid
2777 3718 3032 3786 sequitur.
3057 3717 3152 3774 Ille
3177 3720 3266 3790 qui
3282 3734 3392 3775 non
3415 3721 3559 3776 dedit
3577 3718 3809 3791 pretium-

2329 3805 2650 3878 dcmplionis
2680 3807 2871 3864 anitna:
2906 3823 3033 3875 suae,
3058 3811 3148 3882 qui
3179 3826 3284 3867 non
3321 3811 3578 3868 intellexit
3609 3810 3808 3866 interitum.

2328 3900 2446 3968 quia
2476 3900 2604 3953 Villii.
2641 3901 2910 3971 sapientes
2949 3903 3254 3966 morientes,
3289 3905 3461 3961 factus
3490 3912 3571 3960 est
3595 3901 3808 3972 impunitus

2330 3999 2386 4046 et
2433 3992 2708 4060 insipiens,
2752 4002 2808 4046 ιιι
2844 3993 3000 4047 simul
3035 3994 3250 4063 periret.
3274 3995 3342 4052 Et
3364 3996 3626 4068 quomodo
3649 3991 3807 4064 periit!!!l

2327 4080 2416 4150 qui
2439 4082 2716 4148 relinquent
2740 4083 2917 4138 alienis
2942 4082 3140 4140 divitias
3165 4086 3324 4140 suas?
3349 4085 3522 4142 Simul
3546 4087 3807 4156 imprudenti

2327 4172 2564 4242 insipiens
2591 4173 2842 4242 peribunt.

2405 4269 2491 4321 M.
2529 4267 2828 4330 Atlendite,
2856 4267 3082 4323 fratres:
3112 4267 3177 4322 Et
3203 4270 3484 4341 relinquent
3505 4270 3661 4326 alienis
3681 4263 3800 4321 diutis

2331 4374 2469 4411 suas.
2493 4358 2651 4426 Quasi
2682 4372 2773 4411 eos
2801 4359 2976 4428 posuit
3014 4359 3065 4414 in
3103 4359 3406 4428 maledicto,
3439 4363 3525 4433 qui
3558 4377 3661 4416 cum
3681 4355 3798 4414 manli
3851 4359 3854 4362 ’

2336 4449 2550 4510 fuerint,
2583 4449 2738 4502 alieni
2773 4448 3116 4518 possidebunt
3145 4467 3234 4508 res
3268 4454 3520 4522 ipsorum.
3550 4454 3670 4523 Ergo
3691 4450 3800 4505 felices

2332 4540 2404 4593 illi
2428 4540 2515 4608 qui
2540 4539 2840 4610 relinquunt
2869 4540 3003 4596 filios
3031 4540 3083 4597 in
3114 4545 3452 4614 possessione
3477 4562 3583 4614 sua,
3601 4539 3795 4616 quibussui

2331 4631 2642 4686 succedunt.
2677 4632 2866 4688 Ilahuit
2908 4634 3064 4696 filios.
3092 4651 3197 4690 non
3241 4648 3323 4693 est
3366 4649 3610 4695 mortuus.
3628 4634 3727 4705 Quid
3747 4628 3797 4682 ﬁlii
3865 4628 3868 4699 ξ

2332 4723 2529 4793 ipsius?
2557 4723 2623 4777 Et
2652 4723 2748 4793 ipsi
2778 4734 2994 4779 servant
3019 4726 3158 4796 quod
3186 4729 3264 4783 eis
3289 4730 3605 4800 reliquerunt
3638 4731 3794 4797 patente

2331 4815 2411 4869 sui
2442 4833 2456 4869 :
2487 4831 2669 4885 parum
2717 4825 2798 4871 est
2844 4816 2964 4886 quia
3005 4828 3252 4885 servant;
3283 4831 3339 4876 et
3376 4832 3580 4894 augent.
3603 4817 3790 4886 Quibnsd

2334 4905 2434 4974 ipsi
2465 4907 2719 4960 servant?
2773 4906 2917 4962 Filiis
2957 4909 3089 4975 suis,
3128 4918 3184 4965 et
3223 4910 3299 4966 illi
3345 4912 3485 4980 filiis,
3507 4922 3555 4969 et
3579 4907 3688 4966 tertii
3707 4901 3780 4956 ﬁliis

2333 4995 2466 5063 Quid
2505 4995 2752 5052 Christo?
2793 4998 2917 5068 quid
2966 4998 3156 5055 anima:
3206 5003 3350 5058 sua?
3376 5003 3552 5060 Omnia
3579 4993 3786 5056 liliis.lulo

2337 5090 2473 5144 filios
2517 5103 2642 5143 suos
2683 5105 2818 5158 quos
2861 5087 3058 5146 habent
3099 5091 3151 5146 in
3197 5101 3368 5161 terra,
3398 5098 3662 5164 computent
3691 5093 3787 5139 ωιαιη

2336 5179 2553 5236 fratrem
2583 5195 2738 5250 quem
2769 5179 2967 5236 habent
3003 5181 3055 5237 in
3091 5183 3231 5239 coelo
3256 5203 3270 5240 :
3291 5186 3375 5240 cui
3401 5193 3551 5240 totum
3573 5180 3673 5236 dare
3687 5172 3788 5228 ἀεικι-

2401 5315 2416 5347 ι
2451 5320 2580 5373 Dom,
2603 5313 2653 5363 in
2671 5311 2971 5376 thesaurario
2990 5313 3183 5366 Christi.
3211 5324 3308 5368 vos
3331 5315 3500 5370 Christi
3511 5315 3628 5376 abest
3643 5308 3688 5359 ab
3701 5301 3783 5376 περ

2337 5392 2364 5442 a
2387 5383 2516 5435 Mss,
2531 5376 2612 5437 qui
2637 5374 2857 5438 lleriqne
2884 5376 3068 5442 habent
3091 5377 3170 5428 hic
3190 5379 3436 5442 tltestuu’o,
3459 5390 3537 5442 pro
3552 5373 3780 5442 W332;

2339 5440 2428 5488 hoc
2459 5427 2579 5488 vero
2614 5427 2670 5486 s'e
2709 5449 2736 5486 a
2757 5427 2922 5499 pueris
2949 5427 3202 5490 barbarum
3526 5427 3784 5498 tam”

2337 5501 2516 5562 indicat
2539 5500 2841 5562 Augustinus.

2403 5563 2423 5593 ³
2459 5559 2646 5624 Aliquot
2668 5567 2794 5619 Mss,
2818 5559 2981 5623 prosit.

2406 5623 2427 5656 ³
2460 5629 2586 5682 Mss,
2609 5623 2691 5672 ita.

2340 5685 2431 5798 ωδ
2461 5670 2540 5734 sic
2554 5670 2656 5732 uss.
2679 5690 2733 5732 At
2755 5682 2888 5743 ωτι,
2914 5683 3035 5736 Vivit
3055 5683 3106 5736 in
3129 5685 3233 5738 iosa
3251 5689 3469 5738 memoria
3486 5683 3555 5737 ille
3572 5675 3634 5732 tibi
3647 5670 3776 5726 ραι-³

3022 5831 3098 5857 ’.⁸ῗ-
