3942 6422
496 1029 507 1066 ί

563 278 670 338 559

556 413 732 456 nare:
763 394 1126 452 dominaberis
1147 436 1162 463 ,
1205 392 1300 449 sed
1344 406 1521 448 mane.
1571 389 1640 446 Et
1685 391 1934 448 auxilium
1977 409 2150 448 eorum

563 500 826 549 setmet
848 493 901 546 in
926 493 1126 562 inferno
1151 505 1185 542 a
1209 487 1374 559 gloria
1410 503 1601 543 eorum.
1632 485 1786 542 Modo
1814 485 2012 542 habent
2033 487 2148 557 glo-

556 585 732 651 riam;
761 587 816 638 in
841 583 1048 637 inferno
1071 587 1422 636 veterascent.
1462 577 1616 645 Quod
1658 586 1742 634 est
1777 578 2027 632 auxilium
2063 595 2149 632 eo-

556 678 710 733 rum?
735 675 998 732 Auxilium
1021 673 1090 730 de
1114 672 1360 743 pecunia,
1392 671 1646 726 auxilium
1675 669 1744 726 de
1765 669 1972 735 amicis,
1998 670 2149 726 auxi-

559 771 680 828 lium
711 771 777 826 de
799 770 994 825 virtute
1035 782 1152 824 sua.
1182 765 1287 822 Sed
1327 779 1448 820 cum
1492 772 1732 819 mortuus
1757 761 1918 818 fuerit
1942 761 2102 819 homo
2125 802 2142 829 ,

550 867 604 919 in
632 864 720 918 illa
759 863 846 918 die
888 861 1138 932 peribunt
1175 873 1362 914 omnes
1402 857 1748 928 cogitationes
1791 854 1909 925 ejus
1955 853 2141 926 (Psal.

547 972 706 1022 cxxv,
728 956 818 1026 4).
845 953 1108 1022 Quantam
1133 953 1280 1008 visus
1305 959 1389 1009 est
1414 951 1636 1022 gloriam
1663 949 1861 1006 habere
1889 949 2028 1004 inter
2049 947 2145 1004 ho-

491 1043 504 1098 s’
545 1051 742 1114 mines,
773 1063 893 1104 cum
921 1049 1146 1113 viveret,
1181 1055 1381 1100 tantam
1410 1051 1731 1101 vetustatem
1761 1051 1818 1099 et
1839 1043 2141 1113 corruptio-

543 1156 668 1196 nem
694 1139 1078 1210 suppliciorum
1106 1136 1342 1204 habebit,
1371 1151 1495 1192 cum
1523 1144 1763 1191 mortuus
1792 1132 1970 1200 fuerit,
1999 1133 2140 1204 apud

544 1231 875 1396 Ιηξῗοῖξαεη.
913 1319 1038 1394 16.]
1085 1318 1440 1374 Verumtamen
1484 1317 1624 1373 Deus
1665 1319 1875 1373 redimet
1915 1317 2138 1372 animant

542 1430 729 1467 meam.
757 1412 946 1467 Videte
973 1415 1159 1467 vocem
1190 1410 1456 1480 sperantis
1495 1409 1564 1464 de
1607 1409 1786 1464 futuro
1814 1429 1828 1464 :
1875 1408 2135 1464 Verumta-

541 1522 658 1559 men
685 1503 824 1558 Deus
848 1503 1056 1558 redintet
1081 1504 1304 1556 animant
1327 1517 1508 1555 meam.
1542 1500 1702 1556 Forte
1725 1515 1828 1556 vox
1853 1509 1935 1555 est
1962 1499 2136 1555 adhuc

539 1595 770 1651 volentis
805 1595 1017 1650 liberari
1045 1594 1112 1650 de
1139 1609 1408 1665 pressura.
1447 1592 1640 1648 Nescio
1681 1593 1800 1664 quis
1841 1593 1894 1647 in
1918 1607 2134 1650 carcere

538 1699 646 1756 cst,
676 1688 824 1756 dicit,
857 1688 998 1744 Deus
1025 1688 1251 1743 redimet
1278 1688 1509 1742 animam
1540 1702 1714 1742 meam
1749 1705 1764 1743 :
1797 1687 1978 1790 nescio
2015 1687 2133 1790 quis

532 1781 593 1838 in
622 1789 828 1846 catena,
860 1779 1000 1833 Deus
1038 1778 1265 1833 redimet
1296 1779 1527 1832 animam
1555 1792 1730 1834 meam
1766 1795 1779 1830 :
1806 1778 1987 1834 nescio
2013 1780 2131 1849 quis

533 1871 832 1943 periculum
863 1869 1057 1938 patitur
1099 1868 1151 1923 in
1195 1869 1354 1936 mari,
1381 1868 1612 1936 jactatur
1657 1867 1903 1924 ﬂuctibus
1932 1877 1988 1924 et
2025 1884 2130 1924 sa:-

534 1963 800 2020 vientibus
824 1959 1246 2029 tempestatibus,
1271 1960 1398 2029 quid
1422 1960 1583 2014 dicit?
1611 1959 1750 2015 Deus
1770 1960 1994 2016 redimet
2012 1960 2130 2015 ani-

530 2069 675 2111 mam
706 2067 903 2107 meam.
931 2050 1169 2106 Liberari
1197 2051 1381 2105 volunt
1408 2049 1474 2103 ad
1503 2050 1656 2103 istam
1683 2049 1865 2104 vitam.
1904 2050 2020 2105 Non
2046 2057 2130 2106 est

531 2145 634 2201 ista
658 2160 757 2200 vox
784 2143 961 2213 hujus.
986 2141 1124 2197 Audi
1150 2141 1276 2211 quid
1300 2143 1538 2211 sequitur
1567 2158 1580 2194 :
1613 2139 1753 2195 Deus
1778 2141 1987 2195 redimet
2013 2141 2130 2195 ani-

530 2254 668 2293 mam
705 2253 868 2290 meam
897 2236 960 2288 de
997 2250 1153 2287 manu
1176 2233 1362 2301 inferni
1381 2273 1394 2296 ,
1424 2249 1536 2286 cum
1564 2233 1811 2300 acceperit
1850 2248 1948 2286 me.
1981 2232 2128 2289 Ilanc

528 2327 951 2397 redemptionem
973 2324 1124 2388 dicit,
1153 2339 1308 2392 quam
1327 2320 1691 2391 Christusjam
1716 2323 1767 2376 in
1790 2337 1848 2378 se
1871 2322 2120 2378 ostendit.

527 2419 816 2477 Descendit
851 2418 994 2472 enim
1039 2415 1106 2470 ad
1155 2415 1394 2479 inferos,
1424 2425 1478 2470 et
1525 2415 1763 2471 ascendit
1809 2417 1862 2470 in
1905 2417 2120 2472 coelum.

526 2510 682 2580 Quod
713 2509 940 2564 vidimus
974 2509 1028 2562 in
1063 2507 1256 2575 capite,
1289 2505 1588 2560 invenimus
1615 2507 1667 2561 in
1694 2521 1938 2577 corpore.
1966 2508 2120 2575 Quod

523 2603 671 2662 enim
693 2601 964 2657 credimus
988 2601 1041 2654 in
1067 2600 1261 2669 capite,
1288 2598 1376 2669 qui
1406 2599 1670 2664 viderunt,
1697 2600 1796 2669 ipsi
1820 2601 1972 2656 nobis
2019 2617 2118 2656 an-

524 2694 936 2756 nuntiaverunt;
967 2701 1022 2747 et
1047 2706 1143 2760 per
1166 2691 1312 2761 ipsos
1327 2691 1576 2756 vidimus,
1599 2692 1722 2760 quia
1744 2707 1906 2746 unum
1925 2708 2120 2764 corpus

523 2801 715 2842 omnes
744 2799 928 2840 smnus
955 2783 1012 2852 (l
1044 2782 1162 2837 Cor.
1195 2798 1266 2836 xtt
1286 2824 1302 2849 ,
1336 2781 1437 2847 i2,
1467 2793 1513 2836 et
1553 2781 1704 2836 Rom.
1737 2799 1810 2838 xu
1832 2825 1846 2848 ,
1877 2783 1968 2856 5).
2010 2784 2116 2843 Sed

519 2877 776 2934 meliores
812 2875 887 2930 illi
916 2875 1004 2945 qni
1034 2873 1318 2940 viderunt,
1346 2888 1444 2928 nos
1470 2873 1766 2931 deteriores
1796 2875 1991 2944 quibus
2014 2892 2116 2932 an-

519 2970 820 3026 nuntiatum
846 2967 972 3022 est?
1013 2966 1128 3023 Non
1168 2967 1270 3021 hoc
1308 2967 1437 3022 dicit
1476 2966 1586 3037 ipsa
1613 2968 1719 3023 vita
1741 3010 1757 3033 ,
1791 2969 1904 3040 ipse
1935 2980 2116 3041 pastor

521 3071 727 3116 noster.
757 3058 982 3114 lnsultat
1007 3059 1148 3113 enim
1176 3058 1384 3113 cuidam
1416 3058 1676 3130 discipulo
1705 3077 1803 3116 suo
1826 3063 2109 3132 dubitanti,

517 3160 578 3208 et
595 3152 874 3207 cicatrices
899 3150 1112 3219 palpare
1137 3150 1372 3220 cupienti
1403 3167 1418 3204 :
1449 3160 1500 3206 et
1529 3166 1647 3206 cum
1675 3153 1943 3222 palpasset
1965 3155 2110 3210 cica-

518 3245 702 3310 trices,
731 3252 788 3298 et
815 3242 1186 3309 exclamasset,
1214 3241 1418 3308 dicens,
1451 3241 1704 3298 Dominus
1730 3261 1868 3300 meus
1891 3255 1940 3300 et
1966 3243 2110 3301 Deus

515 3353 700 3403 meus;
727 3334 914 3390 videns
939 3333 1267 3388 dubitantem
1309 3333 1662 3404 discipulum,
1693 3347 1749 3390 et
1787 3337 1996 3392 intuens
2023 3348 2107 3392 to-

513 3439 631 3486 tum
659 3428 843 3483 orbem
868 3436 1125 3482 terrarum
1155 3426 1515 3493 crediturum,
1541 3429 1675 3494 Quia
1701 3429 1886 3496 uidisti,
1914 3430 2103 3501 inquit,

511 3518 774 3576 credidisti
815 3535 834 3574 :
878 3518 1007 3573 beati
1053 3518 1141 3585 qui
1184 3534 1284 3572 non
1325 3516 1528 3584 uident,
1585 3527 1632 3572 et
1668 3520 1878 3574 credunt
1911 3520 2102 3592 (Joau.

515 3629 610 3678 xx,
636 3612 728 3678 28,
757 3611 881 3681 29).
923 3610 1273 3664 Verumtamen
1302 3608 1443 3664 Deus
1468 3610 1676 3665 redimet
1695 3611 1918 3666 animam
1941 3630 2104 3667 meam

512 3703 575 3758 de
605 3719 755 3758 manu
796 3702 1018 3772 inferni,
1050 3717 1166 3754 cum
1209 3701 1457 3770 acceperit
1500 3717 1597 3754 me.
1640 3701 1735 3757 llic
1771 3718 1896 3774 ergo
1933 3706 2104 3775 quid?

511 3794 706 3859 Labor,
738 3807 1010 3864 pressura,
1043 3792 1330 3854 tribulatio,
1362 3793 1584 3847 tentatio
1608 3811 1621 3847 :
1649 3793 1780 3849 nihil
1809 3796 1949 3851 aliud
1981 3814 2102 3868 spe-

507 3903 618 3944 res.
644 3886 740 3944 Ubi
764 3885 1050 3956 gaudium?
1076 3883 1130 3938 in
1155 3897 1250 3953 spe
1273 3884 1465 3939 futura.
1490 3884 1622 3940 Nam
1643 3886 1773 3942 dicit
1793 3891 2098 3960 Apostolus,

509 3979 726 4050 Semper
751 3978 1044 4050 gaudentes.
1091 3977 1148 4030 In
1189 3977 1349 4031 tantis
1397 3976 1857 4048 tribulationibus,
1888 3997 2101 4054 semper

506 4071 830 4144 gaudentes,
874 4084 1084 4138 semper
1114 4067 1292 4122 tristes
1325 4085 1338 4121 :
1380 4083 1593 4139 semper
1619 4070 1943 4140 gaudentes,
1975 4075 2098 4143 quia

505 4166 622 4235 ipse
651 4163 802 4228 dixit,
837 4161 994 4226 Quasi
1019 4161 1181 4215 tristes
1200 4201 1214 4225 ,
1243 4176 1437 4230 semper
1457 4170 1625 4216 autem
1652 4163 1943 4232 gaudentes.
1974 4164 2095 4219 Tri-

506 4257 648 4313 stitia
675 4264 856 4310 nostra
879 4253 1036 4308 habet
1062 4255 1242 4322 quasi;
1268 4253 1514 4322 gaudium
1541 4265 1782 4310 nostrum
1809 4273 1913 4312 non
1937 4257 2096 4314 habet

503 4349 688 4420 quasi;
719 4347 840 4416 quia
886 4346 937 4399 in
987 4360 1082 4414 spe
1125 4353 1269 4399 certa
1312 4355 1414 4399 est.
1457 4345 1633 4414 Quare
1671 4347 1884 4402 tristitia
1912 4359 2095 4406 nostra

505 4441 652 4509 quasi
684 4437 877 4493 habet?
905 4436 1037 4505 Quia
1077 4436 1213 4489 sicut
1255 4451 1476 4490 somnus
1506 4438 1761 4502 transiet,
1789 4448 1835 4492 et
1858 4440 2093 4496 domina-

504 4533 689 4587 buntur
714 4530 833 4583 recti
871 4544 1034 4581 mane.
1080 4527 1234 4581 Novit
1274 4529 1414 4581 enim
1443 4526 1686 4583 Charitas
1716 4529 1903 4587 Vestra
1926 4573 1942 4598 ,
1969 4535 2092 4605 quia

501 4625 595 4698 qui
630 4622 894 4678 somnium
923 4620 1155 4684 indicat,
1188 4618 1333 4672 addit
1373 4620 1518 4689 quasi
1543 4636 1557 4674 ι
1589 4619 1752 4688 Quasi
1794 4623 2044 4681 sedebam
2071 4669 2086 4695 ,

503 4717 656 4788 quasi
681 4712 933 4784 loquebar
956 4753 970 4775 ,
1000 4711 1148 4781 quasi
1180 4709 1502 4781 prandebam
1525 4753 1539 4777 ,
1570 4714 1719 4784 quasi
1750 4716 2048 4785 equitaham
2068 4760 2085 4788 ,

501 4809 656 4880 quasi
677 4805 1030 4876 disputabans.
1062 4803 1252 4858 Totum
1281 4803 1467 4874 quasi;
1513 4805 1635 4876 quia
1662 4821 1780 4860 cum
1808 4807 2089 4878 cvigilavc-

501 4902 592 4966 rit,
625 4916 731 4954 non
762 4898 960 4952 invenit
985 4895 1126 4965 quod
1156 4895 1384 4950 videbat.
1415 4895 1576 4964 Quasi
1607 4897 1912 4957 thesaurum
1943 4905 2087 4962 inve-

501 5008 685 5048 neram
710 5032 727 5058 ,
756 4989 882 5044 dicit
906 4987 1198 5044 mendicus.
1226 4987 1278 5042 Si
1304 4988 1448 5058 quasi
1476 5005 1577 5043 non
1606 5003 1786 5057 esset,
1813 4997 2087 5053 mendicus

501 5100 606 5140 non
640 5090 820 5138 esset:
849 5079 941 5135 sed
971 5078 1089 5149 quia
1119 5078 1263 5147 quasi
1297 5087 1410 5132 erat
1429 5120 1444 5146 ,
1478 5081 1751 5138 mendicus
1776 5095 1877 5140 est.
1907 5085 2086 5158 itaque

460 5155 475 5210 τί
501 5177 660 5233 modo
682 5175 769 5246 qui
791 5174 858 5229 ad
884 5173 1093 5228 laetitias
1113 5173 1398 5227 saeculares
1424 5175 1606 5229 oculos
1631 5179 1894 5248 aperiunt,
1918 5192 1972 5236 et
1991 5198 2087 5239 cor

499 5267 773 5330 claudunt,
795 5265 980 5318 transit
995 5268 1139 5332 quasi
1159 5277 1365 5330 eorum,
1387 5273 1439 5318 ct
1457 5264 1598 5320 venit
1617 5283 1799 5323 verum
1822 5271 2079 5342 ipsorum.

503 5361 660 5427 Quasi
705 5361 940 5432 ipsorum
979 5355 1205 5412 felicitas
1243 5364 1328 5411 est
1372 5359 1550 5412 smculi
1580 5401 1596 5425 ,
1630 5377 1812 5417 verum
1845 5365 2078 5434 ipsorum

500 5467 656 5523 poena
677 5459 778 5508 est.
805 5449 1052 5505 Nostrum
1074 5455 1251 5504 autem
1272 5449 1436 5519 quasi,
1462 5451 1670 5506 tristitia
1692 5465 1802 5521 est;
1832 5458 2079 5528 gaudium
2099 5543 2110 5551 ~

714 5663 897 5740 Confer
919 5677 1070 5740 sera).
1095 5665 1176 5726 73,
1193 5666 1255 5716 ad
1293 5671 1483 5717 matres
1510 5669 1560 5718 in
1602 5682 1802 5736 eremo,
1837 5682 1918 5740 qui
1949 5688 2080 5733 totus

494 5728 609 5781 hinc
627 5728 902 5789 descriptus
923 5733 1017 5804 est.

1804 279 1861 334 S.
1892 277 2255 335 AUGUSTINI
2299 280 2602 339 EPISCOPI

2259 409 2363 450 non
2391 407 2475 452 est
2516 399 2684 466 quasi.
2715 396 2831 454 Non
2877 402 3020 457 enim
3065 404 3141 460 sit
3168 405 3474 478 Apostolus,
3503 415 3635 483 Quasi
3655 437 3750 493 pq.

2251 486 2472 554 dentes,
2504 503 2717 561 semper
2741 503 2919 549 autem
2951 495 3161 563 tristes;
3194 507 3320 566 aut,
3349 501 3500 570 Quasi
3525 486 3696 582 tristei,
3715 526 3753 575 et

2251 580 2401 648 quasi
2428 581 2722 652 gaudentes
2751 603 2765 640 :
2795 587 2890 641 sed
2919 588 3013 656 ait,
3043 590 3204 663 Quasi
3229 594 3420 662 tristes,
3448 616 3617 672 semper
3633 580 3752 668 ante.

2211 725 2214 728 ,
2250 673 2546 742 gaudentes.
2576 677 2722 731 Sicut
2757 681 2901 751 egeni
2920 698 2940 736 :
2966 692 3016 738 et
3044 683 3116 739 ibi
3141 685 3287 754 sicut,
3320 705 3418 760 pro
3442 698 3587 763 quasi,
3611 705 3739 770 posuit

2210 790 2214 792 -
2252 761 2444 820 Multos
2497 777 2663 822 autem
2707 771 2943 828 ditantes.
2989 775 3055 831 Et
3095 792 3214 834 cum
3269 781 3371 838 hoc
3411 761 3627 857 diceret,
3663 796 3754 853 nihil

2251 854 2482 913 habebat
2528 861 2814 930 Apostolus
2847 883 2860 919 :
2891 867 3068 924 omnia
3121 885 3219 927 sua
3263 873 3563 947 dimiserat,
3603 854 3756 946 divitias

2247 948 2421 1006 nullas
2445 952 2767 1022 possidebat.
2795 956 2864 1013 Et
2881 960 3007 1030 quid
3033 974 3248 1020 secutus
3269 968 3386 1023 ait?
3413 971 3560 1039 Quasi
3576 977 3680 1031 nihil
3693 983 3757 1035 ta-

2246 1039 2414 1097 bentes
2439 1054 2530 1100 :et
2558 1045 2730 1118 ipsum
2757 1049 2887 1105 nihil
2930 1052 3129 1111 habere
3152 1060 3300 1128 quasi
3325 1061 3552 1132 Apostoli
3577 1079 3688 1125 erat.
3713 1072 3758 1128 Et

2244 1132 2414 1186 omnia
2438 1136 2746 1204 possidentes
2766 1139 2843 1211 (ll
2869 1141 2986 1197 Cor.
3011 1161 3084 1211 v1,
3110 1146 3211 1218 10)
3242 1167 3256 1206 :
3287 1151 3358 1206 ibi
3386 1169 3488 1209 non
3507 1155 3626 1212 dixit
3640 1166 3757 1231 quasi

2241 1222 2404 1290 Quasi
2442 1226 2664 1298 egebat;
2693 1247 2798 1287 non
2825 1243 3004 1290 autem
3032 1240 3221 1309 quasi,
3254 1242 3348 1298 sed
3375 1260 3499 1303 vere
3521 1222 3684 1309 multos
3701 1255 3759 1311 dl-

2241 1313 2409 1370 tabat.
2433 1316 2594 1384 Quasi
2616 1320 2745 1376 nihil
2769 1322 3031 1382 habebat:
3059 1345 3167 1385 non
3188 1341 3367 1390 autem
3389 1339 3552 1408 quasi,
3577 1343 3655 1397 sed
3673 1361 3760 1402 ven

2239 1498 2474 1554 omnium
2505 1501 2777 1562 Conditori
2823 1509 3152 1568 adhaerebat.
3196 1498 3542 1580 Verumtamen
3562 1566 3577 1590 ,
3607 1498 3759 1600 inquit,

2240 1586 2385 1646 Deus
2405 1591 2611 1650 redimet
2641 1599 2863 1655 animam
2888 1621 3049 1661 meam
3091 1609 3156 1664 de
3179 1626 3336 1666 manu
3358 1615 3541 1687 inferni
3559 1659 3573 1685 ,
3596 1639 3691 1677 cum
3707 1639 3761 1677 ac-

2236 1685 2420 1754 ceperit
2446 1703 2544 1744 me.

2310 1778 2366 1834 6.
2400 1779 2563 1852 [vers.
2599 1784 2723 1860 l7.]
2763 1788 2899 1856 Quid
2946 1792 3103 1865 igitur
3129 1798 3218 1868 qui
3266 1798 3357 1856 hic
3382 1803 3563 1861 volunt
3587 1806 3761 1866 florere?

2236 1871 2315 1926 Tu
2351 1874 2560 1932 visurus
2604 1894 2663 1935 es
2703 1880 2976 1965 hominem
3015 1889 3294 1948 florentem
3345 1899 3539 1954 malum
3562 1943 3577 1966 ,
3603 1903 3761 1960 ctione

2235 1962 2536 2022 titubabunt
2564 1962 2727 2038 pedes
2771 1976 2842 2029 tui
2869 2018 2885 2043 ,
2916 1986 2971 2032 et
3014 1978 3256 2040 dicturus
3298 2001 3362 2043 es
3407 1988 3462 2045 in
3506 1962 3758 2065 animatus,

2229 2054 2396 2122 Deus,
2423 2075 2522 2130 ego
2547 2065 2668 2116 novi
2696 2064 2833 2121 facta
2861 2067 3017 2140 hujus
3045 2072 3297 2144 hominis,
3328 2094 3451 2148 quae
3475 2083 3657 2141 scelera
3677 2054 3760 2145 fecit

2230 2147 2331 2204 iste
2356 2149 2539 2219 homo,
2569 2163 2623 2208 et
2649 2171 2775 2214 ecce
2801 2158 2956 2216 ﬂoret
2985 2205 3000 2231 ,
3033 2173 3220 2234 terret,
3251 2147 3576 2240 dominatur,
3602 2180 3762 2235 extolli-

2231 2249 2334 2305 tur,
2369 2255 2527 2312 caput
2556 2245 2630 2300 illi
2659 2264 2765 2304 non
2797 2250 2979 2321 dolet,
3007 2256 3140 2312 nihil
3173 2260 3224 2314 in
3255 2261 3422 2320 domo
3443 2267 3556 2337 ejus
3581 2269 3758 2328 dimin-

2230 2339 2340 2386 tum
2367 2343 2453 2388 est
2481 2353 2495 2390 :
2521 2345 2574 2391 et
2598 2339 2833 2410 timebis,
2869 2346 2992 2415 quia
3017 2349 3314 2421 credidisti,
3342 2365 3400 2410 et
3429 2356 3563 2414 forte
3578 2361 3760 2420 diciteor

2229 2433 2374 2479 tuum
2401 2468 2416 2493 ,
2445 2428 2528 2485 Me
2557 2432 2847 2493 miserum!
2878 2450 3008 2510 puto
3044 2444 3161 2500 sine
3200 2461 3363 2504 causa
3410 2453 3634 2524 credidi,
3662 2458 3758 2517 Duas

2227 2532 2330 2572 non
2362 2522 2579 2590 respicit
2605 2541 2690 2580 res
2715 2525 2996 2588 humanas.
3031 2534 3240 2594 Excitat
3263 2557 3400 2613 ergo
3427 2561 3526 2600 nos
3554 2547 3759 2607 Deuszet

2223 2609 2348 2678 quid
2377 2610 2548 2667 dicit?
2573 2613 2658 2670 Ne
2694 2619 2939 2685 timueris,
2967 2640 3082 2679 eum
3111 2628 3248 2684 diues
3276 2609 3449 2703 fartus
3471 2637 3614 2704 fuerit
3633 2640 3754 2696 homo.

2222 2699 2398 2768 Quare
2423 2705 2563 2761 enim
2595 2708 2841 2780 timebas,
2868 2717 2992 2784 quia
3017 2717 3165 2775 dives
3190 2699 3364 2778 fictus
3393 2699 3483 2782 est
3499 2727 3756 2787 homoi'li-

2222 2793 2406 2850 mebas
2432 2811 2500 2852 ne
2535 2799 2652 2855 sine
2691 2818 2851 2859 causa
2879 2806 3165 2878 crederes,
3200 2829 3269 2869 ne
3315 2815 3454 2874 forte
3497 2821 3757 2889 perdidisses

2220 2883 2456 2942 laborem
2506 2889 2629 2947 fidei
2661 2901 2762 2948 tua:
2785 2937 2800 2958 ,
2830 2905 2886 2952 et
2921 2914 3070 2968 spem
3117 2908 3487 2966 conversionis
3516 2921 3608 2966 tua:
3633 2929 3648 2968 :
3671 2916 3758 2984 quis

2220 2975 2354 3032 forte
2386 2980 2606 3037 incurrit
2647 2985 2741 3040 tibi
2780 2987 2985 3044 lucrum
3011 3007 3132 3048 cum
3161 2993 3351 3054 fraude
3373 3041 3388 3065 ,
3419 3010 3473 3056 et
3498 2975 3704 3073 potuisti.
3724 3007 3755 3061 si

2217 3066 2419 3124 faceres
2449 3072 2620 3141 ipsum
2643 3075 2852 3132 lucrum
2881 3095 3003 3135 cum
3036 3082 3243 3154 fraude,
3275 3089 3427 3147 dives
3455 3108 3586 3159 esse,
3611 3105 3660 3150 et
3682 3111 3754 3152 non

2215 3158 2488 3228 laborare;
2519 3175 2575 3220 et
2601 3171 2884 3229 attendens
2924 3174 3052 3244 quid
3097 3179 3332 3238 minatus
3361 3194 3444 3240 est
3472 3158 3634 3252 Deus,
3658 3200 3752 3243 tem-

2217 3257 2412 3323 perasti
2439 3273 2468 3312 a
2492 3257 2697 3326 fraude,
2724 3272 2777 3318 ct
2805 3270 3176 3339 contempsisti
3204 3273 3414 3331 lucrum
3441 3297 3455 3334 :
3478 3280 3616 3335 vides
3630 3282 3752 3335 alium

2212 3344 2404 3404 fecisse
2430 3350 2633 3407 lucrum
2662 3353 2730 3409 de
2753 3354 2959 3428 fraude,
2987 3369 3043 3416 et
3072 3363 3198 3418 nihil
3235 3370 3363 3425 mali
3395 3371 3528 3440 pati;
3565 3382 3613 3428 et
3637 3375 3753 3429 times

2211 3454 2331 3495 esse
2357 3441 2547 3500 bonus.
2569 3443 2654 3502 Ne
2669 3449 2915 3517 timueris,
2933 3455 3008 3510 ait
3029 3457 3118 3513 tibi
3145 3457 3381 3529 Spiritus
3399 3466 3511 3533 Dei,
3529 3486 3631 3523 cum
3651 3471 3752 3524 dim

2211 3534 2377 3604 factus
2403 3537 2553 3606 fuerit
2600 3540 2772 3596 homo.
2816 3543 3009 3601 Oculos
3049 3564 3152 3604 non
3188 3553 3267 3606 vis
3313 3555 3547 3627 habere,
3592 3561 3677 3616 nisi
3713 3562 3749 3615 in

2209 3629 2526 3693 praesentia?
2555 3629 2752 3687 Futura
2793 3637 3037 3703 promisit
3065 3643 3153 3710 qui
3185 3651 3502 3716 resurrexit,
3532 3667 3689 3719 pacem
3709 3653 3745 3706 in

2209 3715 2309 3772 hac
2335 3727 2473 3776 terra
2501 3730 2556 3777 et
2580 3725 2820 3794 requiem
2847 3728 2900 3783 in
2927 3729 3024 3786 hac
3050 3733 3155 3788 vita
3186 3751 3293 3792 non
3323 3715 3581 3810 promisit.
3603 3743 3746 3801 Omnis

2206 3807 2370 3864 homo
2398 3814 2632 3883 requiem
2673 3819 2901 3888 quterit;
2934 3821 3126 3879 bonam
3157 3843 3271 3884 rem
3313 3807 3535 3903 quaerit,
3562 3839 3644 3893 sed
3667 3852 3742 3891 non

2205 3898 2261 3954 in
2287 3902 2503 3972 regione
2527 3920 2622 3961 sua
2655 3907 2800 3964 illam
2827 3914 3038 3982 qnmrit.
3060 3915 3177 3973 Non
3203 3930 3290 3977 est
3319 3941 3420 3993 pax
3453 3929 3502 3982 in
3528 3927 3620 3984 hac
3635 3930 3739 3984 vita:

2204 3990 2256 4045 in
2274 3993 2412 4048 cmlo
2433 3996 2586 4053 nobis
2608 4001 2927 4070 promissum
2949 4016 3031 4062 est
3055 4011 3196 4080 quod
3225 4015 3278 4069 in
3304 3990 3443 4074 terra
3465 4023 3738 4092 quaarimus;

2203 4083 2256 4138 in
2287 4084 2465 4142 futuro
2489 4091 2687 4146 saeculo
2731 4097 3052 4164 promissum
3082 4113 3165 4157 est
3191 4107 3334 4174 quod
3364 4110 3417 4165 in
3464 4083 3562 4168 isto
3586 4113 3740 4170 seculo

2201 4179 2506 4248 quzerimus.

2272 4269 2323 4323 7.
2353 4269 2521 4344 [uers.
2589 4275 2708 4348 l8.]
2762 4277 2842 4333 Ne
2882 4281 3109 4340 timueris
3141 4304 3255 4343 cum
3283 4291 3424 4348 dives
3447 4300 3599 4367 factus
3620 4298 3738 4370 fuerit

2199 4359 2388 4426 homo;
2415 4373 2460 4416 et
2488 4382 2600 4420 eum
2661 4367 2998 4439 multiplicata
3044 4377 3194 4444 fuerit
3235 4381 3403 4450 gloria
3431 4359 3598 4444 domus
3620 4359 3730 4460 ἐἰει

2197 4451 2373 4520 Quare
2394 4495 2410 4521 ,
2439 4472 2499 4510 ne
2527 4458 2751 4515 timueris
2777 4461 2803 4514 ?
2844 4461 3100 4528 Quoniam
3123 4488 3221 4527 non
3247 4490 3365 4532 cum
3391 4482 3638 4550 morietur,
3666 4499 3730 4538 ac-

2197 4544 2345 4612 cipiet
2397 4547 2587 4600 omnia.
2646 4548 2808 4607 Vides
2857 4555 3123 4615 viventem
3149 4603 3162 4626 ,
3215 4568 3389 4638 cogita
3441 4575 3725 4630 morientem.

2195 4634 2332 4702 Quid
2359 4635 2446 4692 hic
2471 4637 2662 4695 habeat
2688 4644 2921 4702 attendis
2941 4690 2956 4715 ,
2989 4652 3116 4721 quid
3158 4634 3341 4715 secum
3374 4663 3517 4719 tollat
3537 4665 3724 4723 attende.

2193 4724 2332 4792 Quid
2357 4742 2538 4784 secum
2569 4731 2742 4787 tollit?
2773 4735 2994 4794 Multum
3035 4743 3153 4798 auri
3198 4745 3389 4816 habet,
3434 4756 3634 4810 multum
3663 4771 3726 4811 are

2190 5113 2298 5152 non
2331 5097 2432 5154 sibi
2469 5099 2688 5159 dimissa
2722 5107 3080 5176 acquisierunt
3101 5155 3118 5180 ,
3150 5127 3206 5170 et
3242 5122 3395 5177 multi
3421 5124 3516 5180 sibi
3541 5101 3712 5180 dimissa

2189 5187 2556 5256 perdiderunt.
2591 5193 2889 5253 Remanent
2911 5216 3039 5272 ergo
3069 5203 3157 5259 illa
3196 5211 3404 5278 omnia,
3431 5225 3484 5270 et
3517 5215 3712 5272 tollitse-

2189 5293 2341 5345 cum,
2390 5281 2554 5351 quid?
2596 5283 2756 5343 Forte
2798 5288 2928 5346 dicit
2969 5293 3200 5364 aliquis:
3233 5298 3365 5358 Illud
3409 5320 3572 5361 secum
3609 5303 3710 5360 tollit

2190 5370 2328 5427 unde
2357 5373 2645 5432 involvitur
2667 5420 2685 5446 ,
2712 5388 2768 5436 et
2793 5384 2934 5454 quod
2965 5386 3041 5442 illi
3085 5402 3338 5464 erogatur
3376 5398 3441 5453 ad
3468 5399 3705 5471 pretiosum

2188 5554 2355 5622 riam,
2391 5556 2491 5613 hoc
2519 5574 2699 5615 secum
2730 5563 2883 5620 tollit.
2931 5567 3040 5639 Ego
3086 5573 3206 5631 dico
3237 5578 3390 5636 :.Nec
3429 5543 3736 5645 hoc;‘~eslli~I

2190 5649 2382 5704 bentur
2424 5653 2567 5711 enim
2613 5654 2710 5710 ista
2758 5672 2862 5713 non
2903 5664 3170 5722 sentienti.
3217 5670 3273 5726 Si
3317 5673 3628 5731 dormientem
3661 5675 3700 5724 ei

2091 5806 2096 5808 _
2190 5751 2297 5795 non
2341 5742 2641 5816 vigilantem
2690 5763 2884 5820 ornas,
2933 5754 2991 5810 in
3035 5755 3178 5815 lecto

3341 5912 3880 6397 Α
