3942 6450
256 428 352 493 ‘36!

259 554 383 610 forte
406 560 711 641 ornamenta
755 559 933 616 insunt
958 561 1013 618 in
1041 576 1268 635 corpore
1293 564 1525 636 jacentis
1549 608 1564 631 ,
1596 552 1651 622 et
1676 566 1816 623 forte

254 644 337 701 ille
354 647 405 703 in
431 649 629 705 somnis
655 649 708 706 in
736 653 926 722 pannis
967 667 1027 710 se
1056 655 1218 713 videt.
1244 656 1397 725 Quod
1428 661 1589 715 sentit
1615 660 1663 715 ei
1698 661 1815 731 plus

246 746 321 794 est
344 781 360 806 ,
385 753 541 810 quam
566 743 707 814 quod
736 759 843 800 non
874 747 1054 802 sentit.
1079 746 1395 821 Quanquam
1423 760 1478 807 et
1514 751 1646 808 illud
1690 768 1811 809 cum

240 831 553 903 cvigilaverit
598 851 703 893 non
748 837 852 894 erit
883 856 896 892 :
930 848 1105 897 tamen
1150 841 1435 900 dormienti
1483 846 1653 917 magis
1682 846 1810 902 illud

234 932 338 979 erat
369 925 509 995 quod
551 926 603 982 in
645 930 849 986 somnis
890 932 1140 1001 videbat,
1171 951 1331 1004 quam
1361 937 1488 993 illttd
1517 939 1673 1011 'quod
1702 955 1809 996 nou

231 1014 499 1071 sentiebat.
529 1017 668 1085 Qttid
708 1036 871 1095 ergo,
920 1022 1114 1081 fratres
1158 1027 1362 1098 (dicant
1390 1028 1490 1085 sibi
1520 1030 1766 1089 homines
1788 1075 1806 1100 ,

231 1105 479 1176 Erogctur
504 1110 571 1164 ad
603 1121 830 1169 mortem
870 1130 1070 1183 meam;
1117 1134 1283 1190 quare
1319 1119 1531 1178 dimitto
1565 1122 1808 1181 hzeredes

230 1214 368 1253 meos
396 1200 628 1259 divites?
661 1205 822 1263 Multa
859 1208 1130 1267 habebunt
1169 1213 1238 1269 de
1278 1230 1398 1271 meo
1420 1258 1437 1283 ,
1485 1216 1711 1275 habeam
1752 1229 1808 1277 et

227 1306 318 1361 ego
345 1292 538 1364 aliquid
575 1294 644 1351 de
689 1314 809 1354 meo
836 1341 853 1367 ,
885 1301 938 1356 in
964 1317 1191 1373 corpore
1212 1309 1376 1378 meo),
1423 1308 1549 1380 quid
1583 1308 1807 1368 habebit

226 1397 407 1455 corpus
457 1390 768 1447 mortuum?
818 1391 945 1462 quid
1004 1393 1219 1450 habebit
1265 1413 1391 1454 mro
1439 1404 1804 1469 putresccns?

227 1474 339 1545 qttid
364 1476 575 1533 habebit
618 1495 744 1536 caro
770 1496 874 1537 non
901 1486 1171 1541 sentiens?
1198 1486 1254 1543 Si
1281 1488 1478 1561 aliquid
1510 1491 1694 1549 habuit
1717 1494 1801 1550 di-

222 1848 433 1920 byssinis
451 1855 769 1923 tegumentis
795 1858 1083 1927 apparebat
1112 1857 1164 1913 in
1190 1859 1352 1930 igne?
1378 1860 1641 1934 Numquid
1664 1881 1794 1935 qua-

220 1941 278 1998 lis
300 1955 404 1999 erat
431 1945 481 1999 itt
511 1948 684 2017 epulis
707 1949 772 2003 ad
802 1967 1037 2006 mensam
1056 1992 1075 2019 ,
1105 1953 1224 2009 talis
1260 1964 1374 2010 erat
1403 1964 1457 2012 et
1480 1956 1620 2028 apud
1658 1958 1793 2015 infe-

217 2035 340 2090 ros?
380 2033 509 2092 Cum
559 2040 767 2106 sitiret,
826 2051 880 2097 et
926 2044 1122 2099 stillam
1164 2045 1522 2115 desideraret,
1564 2065 1671 2106 non
1716 2051 1788 2107 ibi

215 2139 354 2183 erant
383 2128 467 2183 illa
506 2134 706 2188 omnia.
734 2133 848 2190 Non
888 2152 1015 2209 ergo
1040 2153 1220 2194 secum
1247 2141 1437 2212 accipit
1466 2140 1628 2197 homo
1665 2158 1786 2200 om-

215 2220 290 2274 nia
312 2261 326 2285 ,
353 2235 446 2278 uec
474 2223 612 2295 quod
646 2226 777 2282 tollit
806 2229 1076 2299 sepultura
1094 2272 1110 2299 ,
1145 2232 1279 2287 tollit
1305 2249 1487 2290 secum
1518 2247 1783 2292 mortuus.

217 2310 301 2369 Ubi
331 2314 465 2370 enim
495 2331 687 2372 sensus
714 2361 727 2383 ,
757 2319 828 2376 ibi
855 2321 1015 2377 homo
1046 2341 1060 2378 :
1091 2323 1179 2379 ubi
1212 2325 1389 2380 nullus
1416 2342 1607 2383 sensus
1631 2370 1645 2393 ,
1675 2345 1780 2384 non

166 2425 175 2429 η
212 2412 283 2460 est
306 2407 479 2465 homo.
510 2408 659 2465 Jacet
688 2427 779 2467 vas
819 2414 959 2484 quod
997 2417 1302 2473 continebat
1337 2419 1647 2487 hominem,
1679 2420 1781 2477 do-

90 2482 95 2489 ’
205 2510 315 2555 mus
341 2515 455 2571 qua:
480 2499 708 2558 habebat
734 2482 1025 2563 hominem.
1047 2507 1255 2580 Corpus
1276 2507 1515 2568 dicamus
1535 2514 1771 2581 domum,

199 2590 430 2661 spiritum
505 2594 747 2651 dicamus
824 2596 1173 2656 habitatorem
1256 2602 1467 2659 domus.
1546 2605 1776 2677 Spiritus

197 2690 462 2755 torquetur
515 2689 654 2758 apud
705 2689 906 2746 inferos
953 2710 967 2746 :
1012 2694 1139 2764 quid
1198 2694 1273 2748 illi
1337 2695 1590 2767 prodest,
1648 2699 1773 2769 quia

191 2792 377 2848 corpus
408 2779 553 2851 jacet
582 2783 633 2837 in
678 2784 938 2840 cinttamis
974 2795 1029 2842 et
1070 2788 1423 2857 aromatibus,
1473 2790 1770 2848 involutum

185 2872 426 2940 pretiosis
457 2874 674 2930 linteis?
718 2874 992 2949 Tanquam
1022 2880 1065 2934 si
1094 2879 1343 2937 dominus
1371 2882 1563 2940 domus
1593 2887 1771 2941 mitta-

182 2969 264 3018 tur
287 2963 339 3019 in
361 2966 604 3021 exsilium
623 3009 637 3032 ,
665 2976 719 3024 et
747 2980 801 3024 tu
826 2986 984 3026 ornes
1008 2973 1237 3044 parietes
1257 2974 1442 3043 ipsius.
1474 2974 1566 3032 Ille
1595 2976 1647 3033 itt
1669 2993 1767 3034 ex-

175 3056 297 3112 silio
325 3068 475 3130 eget,
504 3069 557 3115 et
584 3061 721 3119 fame
747 3063 925 3120 deticit
944 3107 960 3134 ,
984 3067 1068 3121 vix
1093 3067 1193 3124 sibi
1215 3082 1372 3124 unam
1399 3071 1589 3128 cellam
1614 3074 1765 3130 iuve-

175 3150 251 3207 nit
273 3152 362 3208 ubi
392 3168 639 3210 somnum
670 3154 876 3227 Capiat,
919 3168 974 3215 et
1003 3168 1056 3215 tu
1084 3156 1219 3217 dicis
1262 3180 1275 3216 :
1306 3157 1457 3220 Felix
1483 3174 1566 3223 cst
1588 3208 1604 3235 ,
1639 3180 1760 3223 nam

170 3255 355 3303 ornata
400 3258 486 3304 est
512 3248 705 3305 domus
730 3252 889 3308 illius.
919 3253 1048 3322 Quis
1087 3265 1138 3311 te
1168 3271 1273 3313 non
1317 3267 1408 3314 aut
1438 3258 1643 3330 joeari,
1670 3271 1763 3317 aut

170 3336 403 3396 insanire
426 3339 754 3400 arbitretur?
773 3340 944 3400 Ornas
967 3360 1181 3418 corpus,
1212 3360 1490 3422 torquetur
1515 3353 1755 3423 Spiritus.

166 3428 241 3488 Da
275 3433 478 3507 aliquid
520 3440 765 3510 spiritui,
812 3451 865 3497 et
912 3442 1101 3499 dedisti
1141 3444 1340 3515 aliquid
1378 3456 1606 3502 mortuo.
1651 3447 1755 3504 Sed

166 3531 290 3603 quid
319 3533 407 3591 illi
423 3533 603 3601 dabis,
637 3537 851 3607 quando
876 3553 1034 3593 unam
1072 3548 1274 3610 guttam
1313 3539 1670 3609 desideravit,
1701 3552 1756 3598 et

166 3635 271 3683 non
296 3626 530 3699 accipit?
558 3623 652 3685 llic
680 3629 822 3685 enim
849 3630 1171 3701 contempsit
1189 3633 1401 3688 mittere
1424 3643 1549 3691 ante
1578 3650 1636 3691 se
1661 3636 1754 3691 ali-

165 3720 310 3789 quid.
340 3720 518 3788 Quare
540 3721 907 3794 contempsit?
954 3722 1089 3790 Quia
1119 3724 1235 3780 lucc
1275 3724 1358 3779 via
1388 3740 1574 3781 eorum
1602 3741 1754 3783 sean-

165 3810 343 3868 dalum
380 3824 465 3868 est
491 3812 614 3869 illis.
645 3812 762 3869 Non
800 3815 1004 3885 putavit
1041 3816 1203 3870 vitam
1246 3816 1349 3871 nisi
1396 3826 1748 3888 prmsentem,

166 3916 271 3957 nou
301 3905 550 3976 cogitavit
590 3906 689 3961 nisi
734 3908 1181 3979 quemadmodum
1220 3911 1468 3983 pretiosis
1516 3912 1751 3970 vestibus

168 3992 446 4053 obvolutus
473 4000 808 4068 sepeliretur.
837 4000 1029 4057 Ablata
1054 4011 1138 4058 est
1160 4002 1228 4058 ab
1269 4004 1361 4059 illo
1399 4005 1575 4059 anima
1599 4005 1746 4075 ejus,

171 4087 304 4146 sicut
326 4090 579 4147 Dominus
601 4092 764 4150 dicit:
796 4094 981 4161 Stulte,
1013 4096 1108 4149 hac
1132 4105 1275 4150 nocte
1300 4099 1558 4168 auferetur
1578 4098 1750 4153 anima

172 4192 255 4241 tua
272 4231 287 4254 ,
310 4196 356 4246 et
381 4204 493 4263 qua:
518 4190 839 4264 pratparasti,
864 4192 1010 4262 cujus
1035 4201 1179 4245 erunt
1210 4189 1331 4261 (Id.
1362 4207 1435 4247 xu
1454 4235 1470 4259 ,
1501 4193 1606 4264 20)
1629 4194 1653 4248 ?
1683 4194 1750 4251 Et

174 4276 437 4351 impletum
468 4295 550 4342 est
593 4286 645 4340 in
672 4285 762 4339 illo
799 4284 942 4355 quod
982 4284 1082 4340 iste
1111 4285 1346 4355 psalmus
1386 4285 1516 4343 dicit
1539 4305 1553 4341 :
1576 4286 1661 4344 Ne
1684 4290 1749 4344 ti-

174 4379 375 4444 mueris,
404 4396 515 4435 cum
541 4380 675 4434 dives
697 4379 862 4450 factus
888 4377 1038 4448 fuerit
1063 4378 1214 4433 homo
1233 4420 1250 4448 ,
1284 4388 1331 4433 et
1360 4396 1475 4434 cum
1501 4382 1748 4453 multiplio

173 4482 281 4526 cata
312 4476 457 4545 fuerit
480 4474 643 4545 gloria
670 4473 849 4528 domus
873 4475 984 4542 ejus
1004 4489 1025 4526 :
1042 4473 1278 4541 quoniam
1302 4491 1404 4528 non
1424 4490 1537 4529 cum
1558 4477 1745 4530 morie-

173 4572 249 4617 tur
267 4566 478 4638 accipiet
520 4565 691 4620 omnia
709 4606 725 4631 ,
757 4579 915 4635 neque
939 4564 1090 4619 simul
1117 4564 1381 4621 descendet
1408 4583 1525 4622 cum
1547 4584 1606 4624 eo
1633 4570 1745 4642 glo-

172 4656 242 4711 ria
270 4661 395 4730 ejus.

234 4750 286 4807 8.
319 4752 477 4825 [eers.
504 4752 624 4827 I9.]
651 4754 903 4823 Quoniam
930 4754 1103 4811 anima
1130 4758 1240 4828 ejus
1270 4760 1324 4813 in
1349 4762 1449 4814 vita
1478 4762 1636 4832 ipsius
1661 4762 1747 4818 be-

174 4843 432 4901 nedicetur.
480 4846 721 4902 Iuteudat
746 4844 989 4903 Charitas
1023 4847 1210 4905 Vestra
1242 4868 1255 4904 :
1288 4851 1539 4918 Quoniam
1576 4857 1745 4909 aninta

174 4935 347 5006 rjusin
389 4940 489 4994 vita
517 4939 679 5009 ipsius
720 4940 1056 4996 benedicetur.
1105 4943 1366 5010 Quamdiu
1402 4946 1568 5013 vixit,
1608 4946 1744 5003 bene

174 5027 260 5082 sibi
283 5029 419 5085 fecit.
448 5029 564 5086 Iloc
590 5030 776 5087 dicunt
800 5047 1019 5099 omnes,
1056 5035 1149 5089 sed
1180 5035 1311 5092 falso
1331 5037 1535 5094 dicunt.
1568 5038 1742 5095 Bene-

173 5119 318 5179 dictio
341 5133 421 5181 est
447 5124 517 5179 ab
534 5125 715 5179 animo
736 5124 1117 5191 benedicentis,
1142 5143 1246 5183 non
1266 5129 1333 5185 ab
1361 5130 1471 5201 ipsa
1497 5132 1739 5187 veritate.

175 5213 294 5279 Quid
314 5217 453 5272 enim
482 5216 617 5271 dicis
646 5216 742 5272 tu?
768 5217 902 5285 Quia
946 5220 1288 5277 manducavit
1327 5231 1382 5279 et
1423 5222 1588 5292 bibit,
1619 5225 1740 5298 quia

177 5304 284 5363 fecit
305 5309 441 5381 quod
470 5309 670 5375 voluit,
718 5311 970 5380 quoniam
1016 5314 1296 5384 splendide
1338 5317 1583 5389 epulatus
1618 5332 1742 5392 est,

178 5400 280 5459 ideo
304 5419 484 5462 secum
515 5402 639 5460 fecit
669 5403 841 5459 bene?
871 5404 984 5478 Ego
1008 5406 1129 5464 dico
1155 5425 1170 5467 :
1200 5406 1351 5478 Fecit
1372 5433 1554 5476 secum
1582 5418 1739 5475 male.

177 5492 275 5553 Νυιι
306 5514 405 5571 03°
430 5498 575 5569 die“:
605 5496 702 5557 sed
731 5497 1017 5580 Christus:
1049 5517 1198 5575 Fecit
1226 5533 1408 5574 secum
1453 5514 1611 5570 tnale.
1647 5514 1739 5569 Et-

181 5587 299 5649 enim
315 5590 472 5676 di‘f‘ps
499 5597 588 5677 me
609 5616 823 5692 quando
848 5613 1084 5689 quotidie
1110 5611 1421 5685 epulabatur
1442 5605 1743 5679 Splettdide,

186 5693 301 5769 bene
334 5728 517 5769 secum
548 5713 722 5771 facere
763 5709 1049 5783 putabatur
1080 5724 1094 5761 :
1121 5720 1239 5761 cum
1268 5712 1444 5759 autem
1471 5701 1633 5769 coepit
1661 5715 1750 5754 ar-

186 5804 291 5864 dere
311 5807 449 5879 apud
477 5807 714 5876 inferos,
742 5814 870 5863 tunc
903 5804 1178 5858 inventum
1206 5805 1293 5853 est
1320 5795 1456 5851 male
1481 5792 1622 5865 quod
1651 5806 1751 5863 pu-

184 5902 367 5960 labatur
388 5902 545 5961 bene.
567 5902 722 5974 Quod
742 5898 889 5961 enim
908 5893 1326 5954 manducaverat
1343 5888 1482 5962 apud
1504 5901 1751 5960 superos,

178 6004 268 6060 hoc
286 5994 561 6069 digth
582 5995 730 6076 apud
745 5992 967 6049 inferos.
998 5986 1331 6057 Iniquitatem
1354 5982 1502 6046 dico,
1535 5978 1748 6048 fratres,

507 6201 604 6213 .-η-ο

1325 446 1720 507 ENARRATIO
1756 448 1823 506 IN
1860 451 2182 518 PSALMUM
2222 464 2451 529 XLVIII.

3418 503 3523 561 562

1928 589 2086 679 quam
2104 583 2436 651 epulabatur.
2450 592 2797 656 Manducabat
2815 606 3073 673 pretiosas
3088 612 3272 681 epulas
3289 629 3383 672 ore
3401 632 3521 673 ear-

1922 668 2023 735 nis,
2053 676 2337 732 orecordis
2350 684 2701 744 manducabat
2724 668 3070 767 iniquitatem.
3093 668 3406 777 Quod‘ap'uvd
3425 724 3517 764 su-
3565 703 3573 709 ’

1921 775 2080 831 peros
2104 780 2198 823 ore
2222 771 2401 829 cordis
2421 778 2791 851 manducabat,
2824 786 2925 844 hoc
2941 792 3080 860 apud
3101 771 3377 853 inferos-in
3406 801 3514 857 illis

1918 856 2193 925 suppliciis
2216 859 2506 933 digerebat.
2531 869 2821 943 thuidem
2843 856 3205 951 temporaliter
3221 856 3511 947 manduca-

1916 958 2096 1050 verat,
2128 951 2180 1007 in
2207 964 2467 1014 internum
2511 963 2648 1017 male
2685 966 2977 1038 digerebat.
3007 974 3353 1036 Mauducatur
3378 999 3508 1054 ergo

1915 1036 2207 1111 iniquitas?
2256 1047 2395 1107 forte
2425 1053 2616 1125 aliquis
2644 1036 2772 1115 dicit
2803 1080 2819 1117 :
2849 1064 2984 1132 Quid
3022 1080 3107 1124 est
3147 1075 3288 1143 quod
3330 1036 3505 1148 loqtii-

1918 1134 2044 1190 tur?
2068 1136 2415 1199 Manducatur
2444 1146 2733 1218 iniquitas?
2759 1152 2873 1209 Non
2904 1171 3004 1229 ego
3034 1134 3177 1230 dico,
3204 1167 3327 1222 audi
3359 1134 3505 1225 seri-

1909 1235 2118 1296 pturam
2163 1249 2177 1286 :
2224 1232 2372 1290 Sicut
2400 1254 2497 1293 uva
2519 1246 2699 1297 acerba
2726 1245 2958 1303 dentibus
2983 1256 3177 1308 vexatio
3201 1267 3304 1323 est,
3338 1273 3385 1313 et
3415 1269 3501 1330 fu-

1908 1335 2021 1377 mus
2047 1325 2210 1380 oculis
2230 1368 2247 1394 ,
2276 1330 2351 1383 sic
2376 1331 2614 1401 iniquitas
2649 1340 2901 1395 utentibus
2942 1361 2999 1397 ea
3042 1344 3232 1415 (Prov.
3270 1367 3333 1416 x,
3454 1360 3497 1422 }.

1906 1410 2005 1482 Qui
2034 1417 2434 1478 manducaverit
2453 1427 2593 1482 enim
2617 1427 2965 1500 iniquitatem,
2994 1410 3178 1501 idest,
3204 1442 3293 1510 qui
3321 1410 3496 1498 liberi-

1907 1514 1990 1561 ter
2016 1505 2259 1565 habuerit
2285 1514 2614 1585 iniquitatem
2641 1564 2655 1586 ,
2690 1538 2794 1578 non
2837 1530 3034 1595 poterit
3063 1505 3385 1591 manducare
3409 1537 3499 1604 juo

1902 1598 2121 1655 stitiam.
2152 1602 2312 1660 Panis
2348 1610 2492 1664 enim
2526 1612 2731 1681 justitia
2760 1627 2860 1672 est.
2890 1620 3018 1687 Quis
3044 1632 3126 1677 est
3156 1627 3341 1695 panis?
3380 1598 3495 1699 Ego

1895 1892 1993 1934 ore
2020 1884 2262 1952 corporis
2289 1902 2415 1943 uvas
2444 1890 2665 1947 acerbas
2689 1937 2702 1959 ,
2749 1895 3087 1968 obrigeseunt
3135 1912 3190 1957 et
3228 1903 3487 1975 obstupe-

1893 1982 2050 2029 scunt
2074 1975 2261 2034 dentes
2280 1980 2397 2050 ejus
2417 2025 2432 2050 ,
2455 1991 2508 2038 et
2534 1986 2709 2042 minus
2733 1988 2954 2046 idoneus
2981 1991 3040 2047 fit
3062 1994 3129 2048 ad
3155 1996 3485 2054 manduean.

1891 2065 2016 2122 dum
2044 2084 2233 2139 panem
2260 2116 2277 2141 ,
2322 2084 2377 2130 et
2415 2088 2656 2135 remanet
2685 2082 2756 2136 illi
2789 2083 3010 2141 laudare
3037 2089 3178 2158 quod
3213 2090 3392 2160 videt,
3424 2103 3483 2150 et

1889 2163 2213 2221 manducare
2242 2183 2348 2223 non
2378 2185 2535 2240 posse
2562 2190 2576 2225 ε
2606 2174 2683 2228 sic
2705 2183 2759 2229 et
2782 2177 2870 2247 qui
2903 2178 3177 2250 iniquitate
3218 2199 3343 2240 usus
3370 2195 3483 2255 est,

1887 2265 1942 2311 et
1967 2269 2147 2327 pastus
2178 2264 2408 2330 peccatis
2448 2265 2497 2319 in
2537 2268 2731 2334 corde,
2765 2270 2948 2341 incipit
2987 2288 3094 2329 non
3123 2290 3282 2345 posse
3324 2294 3481 2334 man-

1884 2347 2081 2405 docure
2133 2367 2361 2422 panem,
2412 2356 2592 2411 laudat
2643 2360 2861 2416 verbum
2912 2364 3046 2429 Dei,
3078 2375 3133 2421 et
3178 2384 3284 2424 non
3327 2368 3473 2426 facit.

1885 2438 2036 2496 Unde
2079 2458 2183 2498 non
2214 2444 2381 2500 facit?
2404 2449 2535 2515 Quia
2565 2465 2685 2505 eum
2714 2455 2937 2524 emperit
2983 2455 3188 2525 facere,
3234 2460 3474 2529 laborat:

1881 2536 2149 2603 quomodo
2170 2540 2428 2596 sentimus
2454 2542 2698 2600 laborare
2720 2546 2907 2604 dentes
2929 2560 3047 2619 post
3074 2567 3199 2608 uvas
3223 2554 3471 2622 acerbas,

1878 2641 1998 2681 cum
2026 2631 2348 2700 cmperimus
2384 2650 2575 2705 panem
2606 2639 2948 2697 manducare.
2979 2643 3084 2699 Sed
3112 2647 3235 2717 quid
3268 2646 3475 2706 faciunt

1878 2718 1950 2774 illi
1978 2723 2168 2792 quibus
2198 2725 2585 2798 obstupuerunt
2622 2731 2855 2789 dentes?
2900 2736 3225 2808 Temperant
3264 2757 3326 2797 se
3369 2744 3473 2798 ali-

1874 2826 2131 2884 quantum
2158 2819 2225 2873 ab
2249 2823 2363 2876 uvis
2387 2825 2622 2889 acerbis,
2654 2836 2708 2881 et
2734 2828 2959 2884 redeunt
2988 2831 3178 2888 dentes
3202 2834 3268 2889 ad
3296 2836 3468 2891 stabi-

1872 2906 2075 2963 litatem
2107 2926 2277 2977 suam,
2301 2924 2356 2968 et
2380 2917 2693 2972 incumbunt
2710 2921 2853 2989 pani.
2875 2922 2964 2976 Sic
2983 2933 3037 2978 et
3058 2938 3157 2980 nos
3184 2924 3466 2985 laudamus

1863 2998 2123 3071 justitiam
2149 3002 2279 3062 :sed
2310 3008 2353 3061 si
2383 3009 2628 3064 volumus
2656 3013 2977 3071 manducare
2993 3016 3254 3085 justitiam
3276 3062 3292 3087 ,
3328 3028 3468 3078 tem-

1867 3108 2116 3163 pcremus
2144 3113 2243 3153 nos
2284 3099 2352 3154 ab
2379 3100 2775 3171 iniquitatibus;
2826 3118 2881 3161 et
2924 3107 3159 3165 nascitur
3198 3112 3249 3166 in
3298 3114 3467 3171 corda

1866 3202 1972 3242 non
2001 3188 2172 3245 solum
2194 3190 2480 3249 delectatio
2506 3194 2753 3252 laudandi
2776 3198 3057 3268 juStitiam,
3089 3203 3182 3260 sed
3205 3207 3365 3261 etiam
3383 3206 3462 3263 fa-

1862 3280 2035 3335 cilitas
2076 3282 2451 3341 manducaudi.
2494 3285 2624 3343 Nam
2657 3290 2700 3344 si
2746 3290 2874 3347 dicit
2898 3291 3270 3367 Christianus,
3317 3300 3462 3358 Deus

1862 3373 2010 3426 novit
2031 3376 2150 3444 quia
2174 3375 2401 3433 delectat
2424 3395 2540 3449 me,
2572 3381 2665 3436 sed
2690 3398 2796 3438 non
2820 3399 3033 3454 possum
3056 3388 3232 3446 facere
3257 3411 3270 3445 :
3297 3410 3459 3463 quas-

1861 3477 2006 3521 satos
2025 3467 2214 3524 dentes
2236 3470 2421 3537 habet,
2448 3473 2536 3528 ditt
2565 3476 2903 3534 manducavit
2930 3480 3282 3553 iniquitatem.
3311 3486 3457 3560 Ergo

1859 3568 1910 3614 et
1931 3560 2137 3630 justitia
2176 3564 2567 3621 mauducatur?
2595 3568 2651 3623 Si
2694 3587 2799 3625 non
2849 3575 3302 3646 manducaertur,
3341 3597 3453 3637 non

1859 3652 2060 3709 diceret
2090 3655 2350 3711 Dominus
2382 3674 2395 3710 :
2422 3657 2569 3713 Beati
2586 3664 2673 3730 qui
2688 3665 2915 3719 esuriant
2935 3674 2984 3720 et
3000 3670 3178 3723 sitiunt
3191 3672 3452 3740 justitiam

1858 3743 1880 3815 (
1893 3743 2076 3801 Matth.
2106 3761 2161 3812 ν,
2186 3747 2283 3820 6).
2315 3749 2457 3820 Ergo
2480 3754 2720 3822 quoniam
2740 3757 2911 3811 anima
2930 3758 3068 3815 illius
3090 3762 3143 3815 in
3171 3762 3271 3821 vita
3292 3764 3459 3833 ipsius

1856 3839 2176 3895 benedicetur
2201 3857 2222 3896 :
2249 3842 2301 3898 in
2347 3843 2450 3898 vita
2493 3844 2875 3917 benedicetur,
2926 3850 2980 3906 in
3012 3863 3185 3910 morte
3229 3863 3451 3927 torque-

1855 3926 2017 3986 bitur.

1925 4025 1979 4080 9.
2021 4024 2348 4095 Confitebitur
2374 4029 2463 4083 tibi
2480 4071 2495 4096 ,
2524 4047 2637 4084 cum
2666 4032 2788 4087 bene
2807 4033 2986 4103 feceris
3006 4036 3070 4089 ei.
3095 4038 3369 4096 Attendite
3395 4052 3452 4097 et

1856 4117 2167 4188 pascimini,
2210 4118 2410 4175 haereat
2438 4119 2492 4176 in
2530 4124 2784 4180 cordibus
2813 4125 3039 4195 vestris;
3094 4130 3446 4200 manducate,

1854 4212 2031 4267 videte
2063 4212 2195 4268 tales
2216 4254 2231 4280 ,
2262 4222 2315 4270 et
2346 4215 2510 4270 nolite
2536 4230 2655 4273 esse
2690 4217 2822 4275 tales
2853 4233 3078 4277 :cavete
3105 4221 3230 4278 talia
3260 4225 3444 4281 verba.

1854 4304 2185 4373 Confitebitur
2203 4306 2309 4375 tibi,
2326 4324 2439 4362 cum
2468 4308 2589 4364 bene
2626 4310 2804 4380 feceris
2831 4311 2896 4368 ei.
2928 4312 3097 4379 Quam
3146 4316 3297 4371 multi
3320 4330 3449 4374 sunt

1852 4398 2167 4467 christiani,
2220 4400 2452 4470 fratres,
2508 4405 2599 4475 qui
2646 4412 2774 4460 tunc
2828 4405 2937 4461 Deo
2985 4407 3182 4475 gratias
3235 4420 3441 4479 agunt,

1851 4491 2063 4562 quando
2090 4492 2192 4549 illis
2216 4494 2409 4550 accidit
2437 4496 2639 4550 lucrum
2665 4497 2678 4550 !
2709 4496 2822 4552 Hoc
2846 4506 2947 4561 est,
2978 4494 3309 4567 Conﬁtebitur
3329 4501 3445 4580 tibi,

1850 4600 1963 4641 cum
1990 4583 2114 4640 bene
2136 4586 2313 4659 feceris
2342 4588 2388 4641 ei
2414 4602 2432 4641 :
2472 4588 2706 4642 laudabit
2734 4597 2785 4644 te
2805 4632 2818 4652 ,
2850 4598 2904 4645 et
2929 4588 3099 4657 dicet,
3148 4587 3291 4645 Vere
3316 4592 3444 4661 quia

1748 4698 1753 4704 '
1850 4690 1909 4737 tu
1940 4696 1999 4738 es
2028 4682 2165 4736 Deus
2200 4696 2349 4736 meus
2376 4699 2389 4735 :
2420 4681 2663 4737 liberavit
2687 4696 2773 4735 me
2814 4679 2883 4735 de
2930 4696 3178 4748 carcere,
3219 4682 3451 4739 contite-
3514 4700 3516 4703 '

1850 4773 1950 4829 bor
1975 4774 2067 4828 illi.
2097 4771 2255 4828 Venit
2283 4772 2355 4828 illi
2398 4773 2642 4838 lucrum,
2674 4771 2994 4834 confitetur;
3027 4774 3168 4828 venit
3211 4772 3448 4829 Incredi-

1851 4878 1932 4921 tas
1953 4908 1967 4930 ,
1998 4865 2283 4921 confitetur
2311 4883 2323 4919 :
2354 4867 2547 4935 patitur
2574 4864 2826 4917 damnum
2847 4904 2863 4927 ,
2911 4863 3265 4932 blasphemat.
3294 4865 3446 4935 Qua-

1850 4959 1915 5015 lis
1944 4958 2081 5013 filius
2108 4973 2189 5025 es,
2218 4957 2307 5028 qui
2340 4958 2356 4988 ¹
2388 4957 2599 5026 quando
2627 4966 2677 5010 te
2705 4966 2855 5024 pater
2876 4957 3127 5011 emendat
3151 5000 3165 5022 ,
3198 4967 3323 5014 tunc
3349 4959 3450 5014 tibi

1849 5050 2133 5121 displicet?
2162 5048 2503 5115 Emendaret,
2524 5047 2623 5102 nisi
2651 5046 2999 5118 displiceres?
3028 5058 3118 5102 aut
3146 5048 3190 5102 si
3222 5049 3300 5103 sic
3324 5049 3440 5104 dis-
3470 5108 3474 5113 ,

1851 5146 2077 5218 plieeres
2116 5156 2173 5198 ut
2211 5142 2445 5206 odisset,
2479 5141 2638 5196 vellet
2691 5140 3065 5195 emendare”?
3095 5138 3305 5195 Gratias
3343 5155 3445 5211 age

1850 5253 1979 5311 ergo
2005 5234 2333 5294 emendatori
2355 5274 2371 5300 ,
2405 5241 2461 5287 ιιι
2502 5233 2732 5303 accipias
2761 5231 3127 5288 harretlitatem
3158 5248 3186 5284 a
3217 5231 3326 5287 Deo
3352 5235 3447 5303 qui

1854 5344 1907 5389 te
1950 5329 2218 5387 emendat.
2272 5325 2513 5382 Erudiris
2561 5325 2738 5391 enim,
2796 5340 2917 5380 cum
2962 5323 3289 5380 emendaris.
3339 5324 3445 5381 Sed

1853 5426 2074 5484 multum
2101 5422 2388 5488 emendat,
2434 5419 2557 5491 quia
2587 5434 2836 5490 magnum
2864 5427 2946 5471 est
2983 5418 3123 5486 quod
3157 5416 3320 5471 babes
3352 5433 3447 5472 ac-

1853 5522 2057 5593 cipere.
2105 5516 2238 5572 Nam
2281 5515 2325 5571 si
2369 5511 2643 5584 appendas
2687 5509 2830 5580 quod
2876 5507 3186 5564 emendaris
3214 5522 3335 5563 cum
3383 5522 3452 5564 eo

1854 5614 1997 5687 quod
2040 5620 2355 5683 accepturus
2402 5622 2484 5675 es,
2540 5604 2779 5662 invenies
2822 5603 2945 5676 quia
2998 5601 3130 5656 nihil
3177 5611 3260 5657 est
3303 5600 3449 5673 quod

1922 5800 1943 5892 ζ
2285 5797 2590 5907 ’ἔξνῇιῦξῄ
2614 5844 2706 5896 nisi
2728 5840 3015 5908 displiceres
3045 5846 3162 5892 :attt
3184 5840 3228 5891 si
3264 5839 3455 5908 {fodis-

1896 5902 2088 5979 lice—res,
2115 5902 2386 5980 vutvodisset,
2403 5924 2495 5980 non
2516 5902 2599 5960 ille
2624 5916 2668 5958 te
2686 5902 2983 5980 enmndaret.
3008 5912 3111 5956 Mss.
3140 5916 3259 5957 vero
3280 5902 3456 5959 habet:

1896 5936 2085 5979 ttceres,
2124 5936 2175 5969 ιιι
2194 5936 2386 5972 οαιδδινι,
2403 5936 2495 5961 "un
2518 5936 2598 5960 (tu:
2624 5936 2665 5958 sc-
2686 5936 2904 5980 cturusqu

1859 5936 2126 6035 rectionem
2161 5980 2251 6030 hac
2273 5978 2321 6027 iu
2362 5974 2578 6023 editione
2612 5978 2904 6023 restitutam.
