3942 6450
157 403 272 459 ωδ

153 526 297 574 stus.
326 512 567 568 Verbum
607 523 737 566 eam
766 510 986 576 factum,
1029 515 1086 562 ut
1127 502 1452 560 inhabitat-et
1488 499 1540 554 in
1572 494 1748 550 nobis.

154 610 422 667 Dominus
459 620 588 673 ergo
628 612 809 659 noster
849 602 1004 657 Jesus
1049 599 1291 655 Christus
1343 596 1479 649 Deus
1533 591 1753 644 deorum

152 715 286 767 est;
317 701 436 772 quia
467 714 560 769 per
587 699 761 768 ipsum
805 696 940 751 facta
971 705 1097 749 sunt
1129 691 1306 745 ornuia
1333 731 1348 755 ,
1393 696 1450 742 et
1481 685 1596 738 sine
1642 682 1757 749 ipso

153 799 361 854 factum
396 803 476 848 est
517 791 668 846 nihil.
715 788 945 843 Verbum
986 786 1078 840 Dei
1102 828 1115 849 ,
1149 784 1193 838 si
1242 785 1385 836 Dens
1424 787 1502 832 est
1528 821 1542 839 ,
1575 775 1758 844 utique

150 892 308 947 Deus
355 887 574 941 deorum
607 893 728 940 est:
766 891 940 935 utrum
970 889 1149 934 autem
1189 877 1256 931 sit
1298 876 1469 936 Dens,
1519 869 1778 939 Emi-me?

151 982 292 1036 lium
323 974 606 1046 respondet
624 1017 639 1040 ,
674 973 737 1028 in
764 972 1016 1044 principio
1045 977 1149 1024 erat
1189 966 1427 1026 Verbum,
1453 973 1498 1017 ct
1537 959 1759 1015 Verbum

150 1082 274 1128 erat
294 1071 430 1142 apud
459 1070 644 1133 Deum,
676 1078 721 1120 ct
753 1067 884 1120 Deus
909 1073 1012 1119 erat
1052 1061 1262 1116 Verbum
1289 1058 1468 1127 (Joan.
1494 1073 1531 1114 I,
1561 1055 1647 1117 Η,
1681 1053 1754 1120 i).

151 1165 230 1222 Et
261 1167 308 1220 si
337 1164 514 1218 omnia
545 1165 645 1231 per
672 1160 844 1230 ipsum
871 1158 1004 1212 iacta
1027 1164 1168 1214 sunt,
1200 1153 1332 1208 sicut
1361 1153 1760 1219 consequenter

151 1259 296 1315 dicit
318 1302 334 1325 ,
364 1267 418 1313 et
446 1255 520 1311 dli
547 1257 591 1310 si
626 1255 716 1326 qui
761 1253 881 1308 facti
921 1259 1079 1313 sunt,
1125 1263 1218 1320 per
1259 1248 1428 1313 ipsum
1465 1243 1583 1297 iacti
1611 1248 1756 1294 sunt.

154 1353 319 1409 Unus
345 1350 487 1410 enim
521 1348 662 1404 Dens
693 1361 798 1401 non
831 1347 1021 1408 iactus,
1049 1353 1100 1396 et
1128 1356 1250 1395 vere
1279 1339 1418 1393 Deus
1447 1337 1560 1406 ipse
1590 1334 1755 1387 salus.

155 1445 286 1515 Ipse
308 1417 486 1499 autem
512 1439 659 1495 solas
683 1439 845 1499 Deus.
877 1438 1031 1492 Pater
1052 1443 1107 1488 et
1129 1433 1293 1489 Filius
1316 1440 1368 1486 et
1388 1429 1618 1499 Spiritus
1639 1439 1763 1480 san-

155 1547 314 1602 ctns,
341 1550 479 1590 unus
509 1533 670 1588 Deus.

228 1631 294 1686 2.
327 1629 406 1685 Dii
437 1641 567 1698 ergo
594 1637 819 1696 quorum
851 1623 990 1678 Deus
1014 1625 1094 1676 est
1117 1631 1276 1675 verus
1304 1615 1464 1678 Deus,
1494 1613 1582 1684 qui
1613 1619 1757 1676 sunt,

155 1731 265 1779 aut
295 1721 383 1776 ubi
412 1719 578 1774 sunt?
609 1717 743 1772 Dicit
783 1715 918 1770 alius
949 1713 1188 1783 psalmus
1219 1728 1231 1766 :
1271 1707 1410 1763 Deus
1439 1706 1568 1760 stetit
1595 1706 1646 1759 in
1674 1720 1764 1774 sy-

152 1827 374 1887 nagoga
391 1812 638 1875 deorum;
675 1810 728 1863 in
753 1808 916 1863 medio
943 1815 1107 1859 autem
1132 1805 1252 1860 deos
1289 1800 1544 1856 discernit.
1580 1797 1766 1854 Adhuc

153 1905 445 1964 nescimus
472 1918 540 1960 uc
567 1900 705 1957 forte
741 1898 813 1956 dii
851 1898 1014 1969 aliqui
1048 1897 1098 1952 in
1131 1896 1269 1952 emlo
1299 1892 1602 1963 congregati
1635 1891 1760 1955 sint,

153 2006 217 2054 et
256 1997 313 2052 in
334 2007 521 2052 eorum
540 1991 974 2064 congregatione,
1000 1989 1103 2044 hoc
1128 1997 1210 2044 est
1231 1986 1371 2042 enim
1397 1985 1447 2038 in
1476 1997 1766 2056 synagoga,

153 2089 327 2146 stetit
353 2087 488 2142 Deus
517 2086 825 2141 discernere
857 2082 996 2137 illos.
1027 2079 1220 2135 Videte
1257 2077 1307 2133 in
1339 2077 1526 2132 eodem
1562 2075 1766 2145 psalmo

65 2243 70 2248 _
151 2180 370 2253 quibus
393 2179 530 2234 dicat
555 2195 569 2231 :
591 2175 706 2248 Ego
725 2175 852 2241 dixi,
882 2173 966 2226 Dii
989 2172 1121 2235 estis,
1149 2180 1196 2225 et
1216 2169 1310 2238 ﬁlii
1338 2167 1536 2223 δτι-ιιῖεὶ
1561 2181 1770 2220 autucs:

151 2287 272 2327 eos
291 2281 456 2326 autem
472 2277 526 2324 ut
547 2269 772 2324 homines
796 2266 1099 2330 moriemini,
1124 2273 1171 2319 et
1191 2263 1320 2318 sicut
1345 2279 1475 2315 unus
1495 2276 1556 2314 ex
1581 2258 1772 2332 princi-

154 2367 329 2436 pibus
355 2363 540 2417 cadetis
564 2360 736 2434 (ρωι.
765 2373 953 2421 Lxxxt,
987 2358 1014 2412 i
1039 2400 1052 2422 ,
1085 2355 1120 2413 ϐ
1143 2400 1158 2425 ,
1189 2356 1264 2428 τ).
1308 2351 1644 2410 Manifestum
1689 2358 1772 2407 cst

67 2471 70 2474 '
155 2470 330 2528 ergo,
356 2455 474 2525 quia
504 2451 748 2509 homines
775 2451 907 2507 dixit
935 2450 1068 2506 deos
1094 2492 1108 2513 ,
1138 2462 1200 2504 cx
1232 2448 1400 2518 gratia
1431 2460 1524 2500 sua
1549 2443 1771 2499 deifica-

155 2558 294 2615 ιω,
325 2534 426 2601 non
454 2545 523 2601 de
550 2543 844 2600 substantia
882 2557 978 2596 sua
1011 2550 1184 2595 natos.
1211 2538 1305 2593 illc
1325 2539 1467 2595 enim
1494 2535 1774 2610 justillcat,

157 2639 278 2711 qui
308 2654 397 2709 per
417 2637 763 2707 semetipsum
793 2649 897 2689 non
919 2649 983 2688 ex
1011 2631 1304 2704 aliojustus
1323 2640 1403 2685 est
1427 2646 1442 2696 ;
1472 2638 1525 2684 ct
1547 2627 1634 2682 ille
1663 2627 1776 2683 deic

164 2735 348 2794 ﬂeat,
391 2729 479 2800 qui
528 2743 624 2798 per
671 2727 906 2797 selpsum
953 2741 1058 2779 non
1099 2721 1320 2778 alterius
1370 2719 1777 2792 participatione

164 2827 331 2882 Deus
355 2835 454 2881 est.
483 2822 585 2891 Qui
611 2831 785 2876 autem
816 2820 1090 2886 justilicat,
1122 2818 1234 2887 ipse
1265 2816 1500 2879 deilicat,
1532 2814 1653 2884 quia
1687 2812 1777 2882 ju-

167 2917 484 2979 stilicando,
515 2914 654 2969 filios
683 2912 776 2968 Dei
810 2911 949 2968 facit.
983 2907 1134 2964 Dedit
1156 2909 1289 2963 enim
1313 2910 1381 2961 eis
1405 2915 1692 2977 potestatem
1716 2903 1780 2978 [i-

173 3012 289 3066 Hos
323 3009 410 3064 Dei
433 3008 544 3080 ﬁeri
571 3005 749 3080 (Joau.
783 3019 823 3076 ι,
857 3003 969 3076 12).
999 3003 1054 3058 Si
1086 3003 1175 3057 lilii
1209 3002 1301 3057 Dei
1330 3000 1454 3054 facti
1482 3013 1696 3063 smnus,
1727 3003 1781 3051 ct

173 3104 269 3160 dii
292 3103 410 3160 iacti
440 3117 626 3158 sumus
656 3117 668 3155 :
699 3099 792 3156 sed
834 3099 934 3153 boc
963 3098 1155 3170 gratim.
1189 3107 1269 3152 est
1310 3095 1643 3165 adoptantis,
1674 3108 1778 3148 non

178 3206 395 3253 natoue
435 3193 760 3270 generantis.
805 3191 1002 3246 Unicus
1041 3189 1185 3244 enim
1228 3187 1320 3244 Dei
1351 3186 1520 3244 Filius
1561 3186 1699 3240 Deus
1729 3191 1783 3240 et

181 3305 313 3346 cum
339 3291 488 3345 Patre
509 3299 647 3350 unus
667 3287 824 3351 Dens,
856 3283 1113 3345 Dominus,
1135 3291 1186 3338 et
1212 3281 1454 3338 Salvator
1480 3288 1659 3334 noster
1685 3278 1778 3334 Je-

185 3398 286 3440 sus
321 3382 598 3442 Christus,
646 3379 698 3442 in
738 3378 995 3448 principio
1024 3375 1252 3432 Verbum
1291 3384 1346 3440 et
1385 3373 1618 3429 Verbum
1645 3369 1784 3444 apud

187 3475 382 3538 Deum,
426 3471 662 3528 \‘erbnm‘
708 3470 865 3534 Deus.
919 3467 1108 3530 thteri
1162 3467 1252 3536 qui
1299 3465 1429 3520 fiunt
1471 3465 1566 3531 dii,
1617 3449 1800 3540 gratia

187 3566 361 3637 ipsius
392 3566 525 3619 fiunt
546 3605 562 3629 ,
593 3579 696 3618 non
729 3561 794 3616 de
821 3561 1112 3622 substantia
1141 3559 1257 3634 ejus
1283 3565 1574 3612 nascuntur
1600 3569 1656 3612 ιιι
1687 3557 1786 3612 hoc

192 3657 305 3713 sint
329 3656 468 3729 quod
497 3655 587 3710 ille
609 3697 627 3722 ,
668 3653 770 3719 sed
795 3662 850 3707 ιιι
877 3668 969 3722 per
1005 3649 1324 3716 beneficium
1370 3649 1680 3720 perveniant
1719 3647 1787 3708 ad

195 3764 320 3805 eum
343 3791 358 3815 ,
385 3759 435 3805 et
468 3749 577 3803 sint
601 3746 911 3803 coh:rrcdcs
938 3744 1154 3800 Clu-isti.
1191 3743 1360 3804 Tanta
1387 3742 1528 3800 enim
1557 3742 1788 3802 citat-itas

198 3850 287 3895 est
330 3841 383 3894 in
429 3841 521 3896 illo
569 3837 802 3904 Itasrede,
853 3849 909 3892 ut
950 3835 1177 3898 voiucrit
1215 3835 1414 3898 habere
1457 3833 1785 3898 coluercdes.

200 3931 334 4000 Quis
357 3935 455 3990 hoc
479 3948 670 3996 avarus
699 3932 858 3987 homo
885 3933 1042 3995 velit,
1075 3929 1270 3984 habere
1296 3927 1647 3984 colurrcdes?
1684 3926 1790 3983 Sed

205 4035 267 4081 ct
291 4029 376 4098 qui
403 4026 671 4083 invenitur
696 4025 867 4090 velle,
897 4022 1096 4083 dividet
1124 4037 1244 4078 cum
1274 4021 1352 4075 cis
1386 4020 1750 4074 lucrcditatcm
1772 4061 1792 4090 ι

210 4120 381 4174 minus
403 4120 599 4175 liabcns
624 4121 737 4189 ipse
758 4118 1001 4172 dividens
1028 4131 1184 4188 quam
1210 4115 1253 4171 si
1281 4115 1429 4170 solus
1452 4112 1750 4184 possideret
1774 4131 1787 4168 :

209 4211 488 4269 lmereditas
528 4221 707 4266 autem
755 4193 807 4264 in
843 4225 943 4280 qua
986 4207 1298 4264 colum-cdes
1337 4206 1533 4262 Christi
1564 4221 1748 4261 sumus
1772 4246 1799 4274 ,,

213 4321 321 4361 non
358 4306 605 4361 mimiitur
651 4303 802 4374 capia
845 4318 1230 4374 possessorum,
1282 4317 1380 4359 nec
1421 4302 1478 4356 lit
1520 4301 1795 4371 angustior

213 4399 584 4454 munerositate
604 4395 945 4452 collarrednm
972 4413 986 4459 ;
1010 4395 1100 4451 sed
1132 4405 1273 4450 t:mta
1296 4405 1377 4458 cst
1400 4396 1578 4450 multis
1599 4404 1795 4474 quanta

217 4492 411 4560 paucis,
440 4498 582 4546 tanta
613 4490 838 4572 singulis
865 4499 1059 4566 quanta
1088 4489 1355 4543 omnibus.
1398 4487 1598 4559 Videte,
1626 4487 1796 4560 inquit

221 4583 495 4652 apostolus,
533 4581 732 4655 qualem
766 4581 1076 4634 diicctioucm
1104 4581 1242 4635 nobis
1263 4578 1399 4632 dedit
1423 4578 1592 4642 Deus,
1624 4589 1676 4631 ut
1701 4578 1800 4652 ﬁlii

227 4673 311 4732 Dei
347 4694 572 4732 vocemur
605 4687 652 4736 et
693 4675 868 4729 simus.
913 4673 974 4727 Et
1010 4674 1062 4726 in
1101 4672 1203 4725 alio
1243 4673 1362 4726 loco
1394 4690 1406 4725 :
1438 4670 1805 4740 Dilectissimi,

227 4768 310 4838 [iiii
333 4769 422 4838 Dei
445 4785 633 4834 statuta,
667 4777 713 4822 et
743 4767 966 4824 nomium
994 4764 1233 4836 apparuit
1272 4763 1393 4836 quid
1416 4763 1627 4827 erimus.
1658 4763 1800 4840 Ergo

227 4876 394 4918 smnus
421 4861 470 4918 ιιι
498 4878 595 4931 Spe
618 4903 632 4925 ,
663 4858 902 4918 nondum
933 4855 990 4912 iu
1017 4871 1093 4909 re.
1129 4854 1329 4909 Scimus
1366 4863 1530 4908 autem
1556 4896 1569 4920 ,
1604 4854 1807 4928 inquit,

228 4955 443 5022 quoniam
480 4969 593 5007 cum
626 4949 917 5022 apparuerit
943 4991 958 5016 ,
997 4947 1183 5002 similes
1226 4947 1270 5000 ei
1306 4947 1523 5011 erimus,
1563 4946 1806 5015 quoniam~

229 5045 485 5100 ridebimus
511 5061 624 5099 cum
655 5042 800 5098 sicuti
825 5053 895 5096 est
927 5041 968 5112 (Ι
997 5039 1154 5095 Joun.
1183 5055 1237 5093 ιιι
1259 5082 1273 5104 ,
1307 5042 1354 5104 i,
1384 5038 1465 5109 9.).
1502 5039 1698 5096 Unicus
1723 5040 1801 5095 si-

231 5138 352 5191 milis
377 5135 666 5201 nasccndo,
699 5150 795 5188 unus
820 5133 1024 5188 similes
1063 5132 1290 5186 videndo
1320 5131 1367 5196 ‘,
1403 5131 1518 5186 Non
1559 5133 1701 5187 enim
1730 5133 1804 5196 ita

233 5229 410 5285 similes
439 5239 496 5284 ut
521 5229 629 5292 ille,
663 5227 750 5300 qui
799 5226 900 5283 ltoc
940 5234 1027 5281 est
1067 5225 1207 5296 quod
1252 5225 1341 5280 ille
1387 5241 1415 5282 ιι
1459 5240 1565 5295 quo
1590 5226 1805 5296 genitus

233 5331 298 5376 est
330 5339 344 5377 :
373 5337 470 5390 nos
496 5321 640 5378 enim
665 5321 885 5383 similes,
921 5334 1025 5372 non
1052 5318 1292 5392 aequales.
1314 5332 1338 5370 :'
1362 5317 1449 5372 ille
1470 5319 1591 5390 quia
1620 5332 1803 5388 :rquaq

233 5415 318 5483 lis,
350 5415 469 5472 ideo
495 5415 707 5469 similis.
741 5411 1055 5468 Andivimus
1093 5411 1180 5481 qui
1216 5412 1322 5472 sint
1347 5408 1417 5464 dii
1450 5411 1570 5464 iacti
1607 5410 1802 5481 justiti—

229 5510 334 5573 t‘ali,
365 5508 484 5578 quia
517 5506 608 5561 lilii
641 5505 733 5566 Dei
766 5504 1051 5566 dicuntur;
1085 5513 1138 5556 et
1167 5503 1237 5556 dii
1281 5503 1368 5574 qui
1401 5519 1503 5556 non
1533 5512 1656 5555 sunt
1687 5501 1756 5556 dii
1784 5543 1804 5578 η

224 5605 402 5680 quibus
445 5601 532 5656 iile
584 5599 722 5655 Dens
764 5597 987 5652 deorum
1035 5596 1288 5649 terribilis
1331 5607 1430 5649 est.
1483 5595 1616 5649 Dicit
1657 5596 1800 5648 enim

228 5704 343 5764 alius
395 5695 674 5768 psalmus:
707 5690 970 5746 Terribiiis
1015 5700 1086 5747 est
1133 5707 1282 5757 super
1331 5707 1502 5741 (nuncs-
1552 5693 1686 5740 ricam.
1737 5688 1807 5750 Et,

221 5795 357 5878 qwi
387 5803 702 5864 (Ιυωπθηιν-
719 5786 876 5854 θυαε·
893 5783 1074 5840 de”?
1094 5784 1351 5852 Quoniam
1372 5801 1544 5840 otium
1583 5783 1660 5838 dir
1680 5799 1802 5864 geu-

277 5937 300 5972 ι
323 5940 399 5984 s:.:
420 5935 528 5980 κςι.
558 5935 611 5977 At.
631 5924 760 5983 Edd.,
781 5920 995 5973 υἱυαιάο.

1263 380 1663 446 ENARRATID
1698 376 1767 435 ΙΝ
1803 374 2130 438 HALMUM
2164 383 2348 440 XLIX.

3349 389 3456 446 566

1861 497 1985 550 tium
2014 499 2265 552 tltetnouia
2290 495 2461 570 (Ρςαὶ.
2488 516 2611 564 xcv,
2641 503 2695 565 4,
2727 504 2802 570 5).
2833 501 2942 557 Diis
2965 504 3221 574 gentium,
3251 503 3456 560 dmino-

1861 591 1964 645 niis
1988 593 2238 647 terribilis
2265 609 2280 656 ;
2307 594 2408 646 diis
2438 609 2465 646 a
2495 610 2554 649 sc
2587 592 2755 661 factis,
2785 595 2906 649 ﬁliis
2929 598 3190 651 amabilis.
3221 599 3450 654 Proinde

1861 682 2176 737 conﬁtentes
2209 685 2540 751 maiestatem
2571 685 2662 741 Dei
2692 698 2949 756 utrosque
2979 690 3192 742 invenio
3215 733 3227 752 ,
3258 700 3309 743 ct
3338 691 3451 744 dac-

1861 778 2036 831 tnonia
2065 777 2309 833 confessa
2332 790 2453 832 sunt
2477 779 2844 848 Christumhct
2872 778 3055 836 fideles
3079 783 3308 837 confessi
3328 794 3448 838 sunt

1861 871 2153 927 Christum.
2202 872 2276 926 Tu
2299 892 2352 927 es
2374 872 2601 930 Christus
2632 874 2798 929 Filius
2829 878 2918 931 Dei
2948 879 3057 941 rivi,
3092 880 3222 932 dixit
3265 879 3455 932 Petrus

1863 964 2072 1034 (Matth.
2107 980 2193 1019 xv!
2219 1008 2232 1030 ,
2281 965 2386 1035 16).
2422 966 2622 1020 Scimus
2662 969 2746 1039 qui
2788 970 2856 1022 sis
2887 985 2905 1023 :
2931 982 2981 1021 tu
3027 986 3077 1023 es
3125 970 3287 1024 Filius
3321 969 3413 1024 Dei
3441 1012 3455 1031 ,

1862 1058 2104 1112 dixerunt
2137 1059 2410 1112 tlzrtnonn‘s
2439 1058 2630 1127 (Marc.
2654 1073 2706 1124 v,
2736 1063 2812 1130 τ).
2841 1061 3022 1115 Parent
3053 1063 3207 1115 audio
3237 1062 3452 1118 confes-

1863 1153 2088 1211 sfmicm,
2142 1152 2234 1206 srtl
2285 1169 2388 1205 non
2434 1168 2615 1221 parem
2667 1153 2881 1207 invenio
2927 1156 3298 1221 dilectionem;
3347 1159 3455 1212 imo

1862 1259 1992 1298 vero
2021 1244 2105 1297 hic
2136 1244 2498 1302 dilectionem.
2533 1245 2599 1298 ibi
2632 1246 2898 1300 timorem.
2928 1245 3128 1314 Quibus
3154 1263 3280 1317 ergo
3307 1262 3456 1301 ama-

1865 1336 2008 1396 bilis,
2042 1337 2134 1389 filii
2164 1347 2321 1398 sunt;
2360 1339 2552 1407 quibus
2579 1337 2856 1398 terribilis,
2892 1338 2981 1392 lilii
3009 1354 3110 1392 non
3146 1350 3266 1394 Sttnl
3297 1358 3308 1394 :
3340 1343 3453 1410 qui-

1864 1429 1966 1484 bus
1987 1431 2248 1494 amabilis,
2281 1429 2412 1486 dcos
2455 1411 2758 1497 illos‘iccit;
2793 1431 2986 1498 quibus
3013 1435 3263 1489 terribilis
3289 1479 3303 1501 ,
3348 1450 3454 1490 non

1783 1521 1786 1524 ’
1863 1535 1985 1578 esse
2008 1521 2138 1575 deos
2163 1522 2448 1577 ennviiicit.
2494 1524 2560 1576 lli‘
2583 1523 2725 1577 enim
2758 1523 2831 1578 dii
2865 1523 3023 1590 lium,
3059 1525 3129 1580 illi
3157 1526 3228 1579 dii
3261 1533 3457 1595 putan-

1869 1626 1952 1670 tur
1985 1635 1996 1669 :
2028 1614 2125 1669 bos
2153 1615 2282 1670 deos
2312 1613 2436 1672 facit
2465 1617 2688 1687 veritas,
2723 1617 2844 1672 illos
2873 1633 3027 1674 error
3057 1619 3345 1674 existimat.

1938 1709 1991 1763 5.
2039 1710 2172 1764 Deus
2216 1725 2342 1780 ergo
2390 1710 2599 1766 deorum
2653 1709 2902 1767 Dominus
2954 1713 3149 1768 locutus
3204 1723 3296 1767 est.
3345 1709 3455 1768 Lo-

1866 1810 2019 1858 cutus
2066 1813 2146 1858 cst
2189 1803 2368 1859 multis
2419 1804 2610 1859 modis.
2656 1804 2759 1861 Per
2803 1805 3036 1877 Angelos
3087 1807 3202 1877 ipse
3249 1805 3458 1864 locutus

1867 1905 1987 1960 cst,
2045 1911 2140 1964 per
2183 1896 2478 1965 Prophetas
2525 1897 2636 1966 ipse
2677 1899 2882 1953 locutus
2936 1909 3036 1961 est,
3075 1913 3172 1969 per
3213 1912 3275 1952 os
3327 1913 3457 1969 pro-

1868 1989 2040 2059 prium
2097 1987 2212 2060 ipse
2264 1988 2469 2043 locutus
2515 1998 2632 2056 est,
2687 2003 2781 2060 per
2837 1991 3123 2061 Apostolus
3170 2005 3296 2044 suos
3345 1991 3459 2060 ipse

1870 2081 2077 2137 locutus
2105 2090 2218 2147 cst,
2246 2095 2340 2151 per
2367 2080 2550 2138 lidelcs
2585 2093 2713 2139 SilOS
2754 2083 2866 2153 ipse
2913 2084 3148 2153 loquitur
3171 2127 3186 2151 ,
3228 2099 3325 2154 per
3369 2084 3460 2138 hu-

1870 2174 2146 2230 militatem
2195 2181 2467 2237 nostram,
2527 2191 2650 2230 cum
2707 2176 2904 2246 aliquid
2961 2191 3146 2232 verum
3209 2176 3458 2244 dicimus,

1871 2269 1986 2339 ipse
2031 2268 2283 2337 inquitur.
2333 2266 2520 2324 Videte
2574 2270 2770 2340 itaque,
2825 2269 3091 2341 loquendo
3150 2269 3462 2340 multiplici-

1873 2371 1972 2428 ter,
2004 2363 2181 2417 amitis
2213 2362 2403 2428 modis,
2440 2379 2535 2434 per
2556 2366 2714 2418 amita
2747 2379 2892 2429 vasa,
2920 2379 3012 2434 per
3036 2364 3199 2418 multa
3232 2377 3463 2434 organa,

1873 2457 1988 2526 ipse
2013 2465 2187 2512 tamen
2229 2447 2386 2509 sona't
2429 2455 2661 2525 ubique,
2711 2453 3016 2526 tangendo,
3065 2454 3465 2523 modilicando,

1875 2545 2186 2618 inspirando
2219 2564 2232 2601 :
2268 2546 2444 2601 videte
2470 2545 2596 2615 quid
2625 2549 2816 2616 egerit.
2849 2546 3070 2601 Lacutus
3108 2557 3180 2601 est
3223 2547 3388 2614 enim,
3421 2557 3469 2602 et

1875 2640 2067 2693 vocarit
2091 2648 2294 2692 terram.
2318 2638 2484 2703 Quam
2512 2645 2706 2691 terram
2727 2637 2754 2691 γ
2774 2638 2852 2691 An
2878 2635 3009 2692 forte
3040 2639 3072 2691 Α
3087 2637 3110 2692 Γ
3107 2639 3267 2692 ricam
3290 2639 3316 2693 ?
3341 2653 3472 2709 ριόο

1876 2740 1995 2800 ptcr
2015 2744 2111 2786 eos
2137 2730 2226 2800 qui
2258 2730 2459 2793 dicunt,
2497 2728 2733 2785 Ecclesia
2765 2727 2962 2784 Christi
2991 2745 3113 2800 pars
3143 2731 3338 2786 Donati
3365 2740 3468 2800 est,

1878 2821 2057 2879 Solam
2084 2821 2298 2893 quidem
2330 2821 2560 2876 Africam
2603 2838 2710 2877 non
2741 2823 2986 2891 vocavit,
3017 2823 3112 2878 scd
3153 2833 3208 2880 et
3234 2823 3473 2882 Africam

1879 2927 1988 2969 non
2025 2915 2310 2994 separavit.
2351 2913 2455 2982 Qui
2496 2914 2642 2968 cnim
2685 2914 2880 2968 vocavit
2915 2924 3102 2969 terram
3135 2931 3168 2968 tt
3206 2915 3332 2970 satis
3357 2926 3475 2972 ortu

1879 3022 2037 3076 usque
2063 3009 2130 3060 ad
2158 3021 2410 3070 oceasum,
2441 3006 2620 3061 nullas
2645 3005 2954 3076 relinquens
2994 3019 3176 3079 partes
3200 3023 3336 3080 quas
3367 3023 3477 3066 non

1883 3098 2085 3154 vocarit
2110 3140 2125 3162 ,
2171 3098 2225 3152 in
2265 3112 2360 3153 sua
2399 3098 2684 3154 vocatione
2708 3095 2943 3155 Africam
2985 3100 3206 3155 invenit.
3234 3099 3478 3157 Gaudeat

1883 3207 2010 3262 ergo
2042 3193 2090 3246 in
2122 3193 2325 3248 unitate
2348 3234 2362 3258 ,
2397 3205 2502 3246 non
2532 3191 2805 3261 superbiat
2829 3192 2882 3247 in
2908 3191 3188 3249 divisione.
3219 3192 3362 3250 Bene
3391 3193 3478 3250 di-

1884 3287 2055 3342 cimus
2080 3285 2200 3357 quia
2232 3300 2333 3340 vox
2363 3283 2458 3341 Dei
2489 3284 2714 3351 deorum
2741 3295 2795 3340 et
2823 3286 2877 3340 in
2907 3284 3142 3341 Africam
3169 3287 3335 3354 venit,
3368 3301 3477 3342 non

1886 3380 1939 3436 in
1969 3379 2142 3434 Africa
2174 3379 2454 3435 remansit.
2507 3376 2722 3434 Vocavit
2748 3379 2890 3435 enim
2935 3388 3121 3434 terram
3159 3396 3192 3434 a
3219 3382 3341 3437 solis
3363 3387 3480 3436 ortu

1885 3489 2040 3544 usque
2062 3472 2130 3525 ad
2155 3488 2409 3539 occasum,
2440 3470 2558 3528 Non
2581 3481 2664 3528 est
2687 3471 2777 3526 ubi
2806 3469 3007 3528 lateant
3033 3472 3238 3529 insidia:
3270 3475 3482 3530 haereti-

1887 3580 2068 3620 corum
2094 3605 2118 3631 ,,
2160 3580 2265 3619 non
2297 3565 2493 3620 habent
2534 3566 2586 3620 in
2627 3581 2727 3638 qua
2760 3579 2819 3621 se
2865 3565 3050 3622 umbra
3082 3566 3327 3624 falsitatis
3355 3568 3482 3625 abs-

1888 3658 2120 3713 condant
2167 3676 2180 3711 :
2217 3673 2313 3713 nec
2357 3659 2499 3713 enim
2544 3665 2626 3712 est
2666 3658 2759 3729 qui
2798 3673 2858 3714 se
2901 3659 3194 3714 abscondat
3232 3675 3264 3715 a
3303 3661 3482 3718 calore

1888 3749 2003 3832 ejus
2029 3748 2196 3823 (Psal.
2223 3766 2373 3815 xvm,
2400 3749 2474 3826 7).
2503 3749 2608 3828 Qui
2630 3759 2825 3806 terram
2849 3754 3076 3817 vocarit,
3105 3759 3159 3807 et
3185 3759 3348 3807 totam
3376 3760 3484 3807 ter-

1889 3860 2003 3900 ram
2046 3844 2254 3902 vocavit
2295 3862 2307 3896 :
2349 3844 2440 3922 qui
2493 3852 2688 3902 terram
2733 3847 2980 3913 vocavit,
3027 3853 3228 3902 tantam
3267 3848 3484 3904 vocavit

1891 3949 2141 4020 quantam
2185 3937 2479 3994 fabricavit.
2540 3935 2680 4012 Quid
2736 3937 2866 3997 mihi
2916 3949 3208 4012 exsurgunt
3248 3941 3482 4012 pseudo-

1891 4035 2078 4096 cliristi
2107 4042 2159 4090 et
2190 4030 2704 4103 pscudopmpbetm?
2727 4030 2854 4104 quid
2886 4031 3146 4104 estquod
3188 4047 3274 4088 me
3303 4033 3487 4098 verbis

1894 4128 2146 4197 captiosis
2170 4125 2457 4198 illaquearc
2484 4121 2794 4186 moliuntur,
2827 4103 3098 4189 dicentes,
3141 4121 3276 4179 Ecce
3301 4124 3383 4179 hic
3409 4133 3488 4181 est

1895 4223 2142 4286 Christus,
2165 4237 2277 4276 ecce
2313 4220 2420 4280 ilLic
2458 4228 2530 4274 est
2562 4216 2775 4288 (Matth.
2801 4234 2952 4291 δίκην,
2984 4219 3121 4289 ‘23)?
3157 4219 3276 4276 Non
3326 4220 3487 4277 audio

1897 4315 2237 4382 ostendentes
2266 4323 2445 4394 partes
2475 4331 2488 4367 :
2525 4313 2664 4367 Dens
2701 4311 2921 4370 deorum
2951 4320 3119 4369 totum
3147 4315 3277 4370 mihi
3305 4324 3487 4372 osten-

1897 4409 1974 4468 dit
2005 4409 2128 4484 :qui
2159 4408 2347 4470 vocavit
2378 4417 2564 4462 terram
2589 4422 2620 4459 ιι
2660 4405 2780 4462 solis
2809 4415 2922 4472 ortu
2949 4423 3106 4476 usque
3128 4407 3198 4461 ad
3221 4425 3484 4478 occasum,

1899 4512 2070 4559 totum
2111 4499 2387 4576 redemit;
2439 4506 2619 4576 partes
2675 4507 2854 4552 autem
2912 4496 3301 4558 calumniantes
3351 4477 3490 4555 con:

1898 4595 2187 4660 demutavit.

1970 4694 2025 4749 4.
2053 4691 2203 4774 [rem
2340 4686 2450 4748 Sed
2474 4688 2818 4754 audierimus,
2857 4701 2887 4741 a
2923 4685 3054 4743 solis
3081 4694 3202 4744 ortu
3226 4701 3398 4758 usque
3425 4687 3496 4743 ad

1901 4804 2154 4854 occasum
2177 4795 2420 4850 vocatam
2444 4793 2643 4846 terram
2671 4800 2686 4837 :
2713 4781 2852 4844 unde
2877 4782 3040 4854 coepit
3061 4797 3255 4838 vocare
3286 4783 3373 4854 qui
3401 4797 3498 4837 vo-

1902 4883 2084 4948 cavit?
2130 4879 2201 4939 Et.
2226 4879 2326 4934 hoc
2349 4877 2570 4940 audite:
2603 4875 2685 4932 Ea:
2726 4876 2856 4935 Sion.
2897 4876 3088 4948 specie:
3128 4875 3324 4931 decoris
3365 4876 3498 4947 ejus.

1904 4973 2064 5040 Certe
2108 4971 2400 5032 concordat
2449 4969 2692 5031 Psaimus
2744 4967 3034 5038 Evangelio
3079 4967 3279 5024 dicenti
3323 4985 3336 5020 :
3392 4965 3500 5026 I'er

1905 5083 2084 5126 clames,
2114 5073 2321 5138 gerrim,
2363 5060 2720 5132 munientibus,
2741 5059 2804 5118 ab
2831 5057 3138 5120 Jerusalem.
3171 5058 3344 5123 Audi,
3392 5054 3500 5120 Per

1905 5177 2079 5230 omnes
2103 5167 2280 5234 gentes
2303 5172 2320 5218 ξ
2359 5154 2560 5214 Vocavit
2590 5163 2780 5214 terram
2801 5168 2833 5214 α
2857 5150 2978 5210 solis
3000 5160 3113 5205 ortu
3141 5166 3298 5220 usque
3325 5147 3394 5201 ad
3415 5165 3502 5203 oc-

1905 5271 2103 5321 casum.
2129 5250 2286 5313 Audi.
2313 5245 2673 5316 incipientibus
2695 5242 2756 5310 alr
2782 5242 3067 5307 Jerusalem
3091 5257 3108 5294 :
3131 5239 3211 5294 [επ
3236 5239 3362 5296 Sion
3385 5253 3500 5310 spe-

1906 5351 2013 5414 cies.
2035 5345 2234 5412 deceris
2256 5343 2386 5418 ejus.
2419 5339 2591 5418 Erga”
2618 5335 2825 5400 Yocauit
2854 5344 3038 5390 terram
3059 5349 3090 5394 α
3120 5330 3242 5386 solis
3266 5340 3380 5384 ortu
3409 5346 3500 5384 us-

1907 5457 2004 5512 que
2030 5440 2096 5493 ad
2137 5452 2391 5502 occasum,
2421 5429 2712 5494 concordat
2755 5427 2934 5488 verbis
2972 5425 3184 5480 Domini
3223 5422 3450 5477 dicentis
3481 5438 3496 5475 :

1912 5533 2187 5602 Oportebat
2217 5529 2466 5586 Christum
2501 5525 2640 5596 pati,
2687 5531 2731 5576 et
2760 5533 3017 5591 resurgere
3053 5535 3086 5571 α
3115 5515 3328 5576 mortuis,
3354 5514 3500 5568 tertia

1909 5630 2036 5690 die,
2062 5637 2106 5681 et
2134 5621 2400 5694 pn'wdicari
2427 5619 2478 5673 in
2505 5617 2708 5671 nomine-
2738 5615 2848 5683 ejus
2878 5609 3220 5681 patuitcutiam
3250 5617 3296 5661 et
3321 5607 3501 5661 remis-

1909 5725 2095 5787 sionem
2127 5726 2439 5786 peccatorum
2471 5727 2557 5780 per
2598 5723 2766 5762 omnes
2795 5715 2964 5776 gentes
2998 5700 3145 5771 (Luc.
3179 5715 3309 5756 XXIV
3331 5741 3346 5767 ,
3388 5699 3496 5766 46,

1909 5817 2023 5885 47).
2053 5812 2252 5868 Omnes
2277 5807 2421 5865 enim
2465 5812 2652 5876 gentes
2679 5808 2806 5856 sunt
2840 5813 2871 5853 a
2911 5797 3042 5853 solis
3078 5806 3208 5852 ortu
3231 5809 3400 5866 usque
3431 5793 3496 5848 ad

1907 5920 2176 5966 occasum.
2205 5899 2357 5968 Quod
2401 5911 2533 5953 vero
2580 5892 2664 5948 Ex
2705 5891 2830 5948 Sion
2877 5889 3064 5959 species
3114 5888 3307 5943 decoris
3347 5887 3492 5956 ejus,
