3942 6436
557 340 663 400 567

556 458 699 531 quod
745 458 868 514 inde
915 459 1079 527 cmpit
1115 459 1278 512 decus
1319 457 1587 526 Evangelii
1631 456 1779 525 ejus,
1827 459 1966 528 quod
2019 460 2145 517 inde

554 555 862 610 annnatiari
892 555 1052 621 coepit
1076 552 1350 620 speci::sus
1378 550 1546 608 forma
1575 567 1687 620 pra:
1718 553 1838 606 liliis
1867 555 2144 608 hominum

556 649 728 722 (Psal.
758 663 879 703 xuv
903 688 917 712 ,
966 647 1021 715 5)
1047 688 1060 708 ,
1089 644 1380 701 concordat
1409 645 1584 700 verbis
1627 645 1833 699 Domini
1875 646 2102 702 dicentis
2127 689 2143 710 ,

550 741 917 809 Incipienttbus
947 736 1007 790 ab
1028 735 1335 790 Jerusalem.
1359 735 1660 790 Coneimmt
1685 751 1819 790 nova
1847 738 2142 804 veteribus,

552 843 733 887 vetera
762 830 913 885 novis
943 847 956 882 :
985 828 1171 883 dicunt
1195 827 1260 882 ad
1294 828 1520 884 invicem
1549 829 1818 898 serapbim
1846 829 1972 895 duo,
2010 831 2145 885 San-

547 933 676 982 ctus.
700 933 922 986 sanctus,
952 931 1156 974 sanctus
1188 919 1438 975 Dominus
1466 919 1602 975 Deus
1630 921 1854 976 Sabaoth
1879 920 2032 992 (lsai.
2062 939 2138 989 vt,
2165 971 2169 976 .

544 1013 622 1087 5).
666 1015 732 1069 Et
774 1021 1075 1067 consonant
1107 1011 1215 1066 duo
1243 1011 1626 1077 Testamenta,
1671 1021 1725 1066 ct
1763 1027 1920 1066 unam
1951 1028 2137 1116 vocent

545 1107 745 1160 habent.
767 1105 875 1159 duo
901 1105 1246 1160 Testamenta
1278 1121 1291 1156 :
1324 1103 1571 1158 audiatur
1597 1119 1695 1158 vox
1737 1104 2135 1160 concinentium

540 1199 1030 1262 Testamentorum,
1057 1214 1161 1251 non
1184 1197 1623 1252 calumniantium
1646 1197 2133 1253 exlizeredatorum.

541 1290 691 1345 Fecit
714 1305 843 1360 ergo
885 1289 983 1343 ista
1017 1290 1156 1344 Deus
1192 1288 1416 1344 deorum
1439 1331 1454 1352 ,
1500 1287 1704 1343 Vocarit
1744 1299 1928 1343 terram
1953 1307 1984 1343 a
2012 1291 2136 1345 solis

537 1394 654 1439 ortu
704 1400 862 1456 usque
898 1383 966 1436 ad
1004 1400 1235 1438 occasum
1259 1425 1274 1447 ,
1318 1398 1382 1438 ex
1427 1383 1555 1438 Sion
1597 1384 1918 1453 procedente
1955 1386 2135 1456 Specie

537 1491 657 1533 sua.
688 1476 762 1532 lbi
783 1477 926 1532 enim
949 1487 1102 1531 erant
1121 1477 1389 1549 discipuli,
1412 1476 1501 1548 qui
1523 1487 1843 1547 acceperunt
1872 1477 2130 1548 Spiritum

537 1577 783 1626 sanctum
814 1570 1253 1641 quinquagesimo
1283 1579 1401 1640 post
1428 1571 1874 1626 resurrectionem
1902 1571 2020 1641 ejus
2043 1572 2131 1628 die

536 1666 760 1720 missum
798 1663 866 1719 de
889 1666 1027 1719 etelo
1060 1665 1195 1735 (Act.
1224 1679 1297 1728 ιι,
1326 1660 1401 1736 4).
1437 1662 1563 1718 Inde
1590 1663 1956 1735 Evangelium,
2005 1665 2130 1722 inde

533 1757 873 1828 praedicatio.
912 1756 1035 1813 inde
1062 1756 1314 1826 impletus
1342 1756 1491 1812 orbis
1517 1765 1812 1824 terrarum,
1841 1768 1895 1812 et
1927 1755 2029 1814 ltoc
2072 1759 2128 1814 in

530 1851 698 1922 gratia
735 1849 876 1905 lidei.
1151 1941 1191 1953 ﬁ
1291 1941 1304 1952 ⁸
1549 1944 1558 1953 .
1660 1951 1668 1953 4
1792 1943 1804 1953 ⁸

601 1944 654 2000 5.
698 1943 826 1998 Nam
858 1958 980 1998 cum
1008 1942 1120 2012 ipse
1151 1941 1412 1996 Dominus
1440 1944 1695 2007 venisset,
1719 1943 1839 2012 quia
1864 1957 2122 2013 passurus

527 2036 696 2102 venit,
723 2035 967 2090 occultus
993 2034 1170 2090 venit:
1195 2044 1249 2088 et
1277 2049 1397 2088 cum
1425 2043 1568 2090 esset
1595 2035 1747 2089 tortis
1773 2035 1822 2088 in
1850 2050 1940 2096 se.
1971 2036 2124 2091 intir-

527 2143 649 2185 mus
680 2129 732 2182 in
757 2142 920 2184 carne
949 2127 1213 2198 apparuit.
1266 2123 1561 2196 Oportebat
1587 2127 1729 2181 enim
1758 2141 1880 2182 eum
1914 2127 2081 2183 videri
2107 2169 2123 2194 ,

527 2231 587 2276 ut
615 2235 720 2275 non
751 2219 1166 2289 intelligeretur;
1197 2219 1488 2277 contemni.
1522 2228 1577 2272 ut
1614 2219 1966 2276 occideretur.
1999 2221 2126 2278 Erat

526 2315 710 2385 gloria:
741 2314 947 2383 species
979 2311 1358 2374 indivinitate;
1385 2311 1480 2365 sed
1512 2312 1627 2367 tunc
1652 2313 1848 2368 latebat
1872 2315 1924 2368 in
1938 2329 2121 2387 carne.

524 2409 584 2468 Si
635 2409 777 2464 enim
829 2406 1224 2478 cognovissent,
1276 2420 1546 2475 nunquam
1605 2404 1887 2462 Dominum
1938 2405 2123 2478 gloria:

520 2501 918 2560 cruciﬁxissent
956 2497 1016 2570 (l
1044 2497 1163 2553 Cor.
1187 2514 1246 2566 ιι,
1273 2498 1307 2553 8
1337 2500 1376 2568 ).
1410 2497 1500 2553 Sic
1524 2513 1654 2570 ergo
1701 2499 1838 2555 inter
1870 2499 2122 2569 ludens,

522 2599 668 2654 inter
695 2595 937 2650 llllﬂllCOa
963 2592 1537 2656 ambulznitocmtltus,
1567 2593 1700 2648 mira
1729 2593 1948 2660 faciens,
1981 2598 2120 2652 tnala

523 2691 753 2763 patiens,
787 2689 960 2742 donec
1005 2686 1422 2759 suspenderetnr
1461 2687 1512 2741 itt
1547 2687 1725 2758 ligno;
1769 2689 2121 2762 videntcsqne

522 2781 850 2855 pendentem
881 2779 1048 2837 Judaei
1080 2781 1247 2851 magis
1282 2779 1556 2850 magisque
1597 2791 2034 2849 contemnerent,
2065 2794 2120 2838 et

519 2885 646 2932 ante
674 2890 887 2931 crucem
919 2883 1078 2942 caput
1110 2875 1395 2944 agitantes.
1418 2872 1658 2929 dicerent
1686 2891 1699 2927 :
1731 2875 1789 2931 Si
1822 2873 1987 2931 Filius
2019 2875 2118 2933 Dei

518 2979 616 3038 est,
645 2969 912 3023 descendat
938 2967 1001 3020 de
1023 2983 1172 3021 cruce
1203 2964 1415 3040 (Matth.
1445 2980 1618 3028 xxvu.
1653 2967 1743 3027 58.
1774 2968 1886 3038 59).
1920 2967 2116 3025 Occul-

520 3073 608 3119 tus
634 3077 761 3132 ergo
789 3071 906 3116 erat
930 3059 1069 3113 Deus
1093 3057 1341 3123 deorum,
1372 3065 1428 3113 et
1448 3073 1604 3113 vaces
1634 3057 1826 3114 edebat
1854 3061 2022 3132 magis
2048 3077 2116 3120 ex

517 3155 893 3225 compassione
924 3160 1127 3216 nostra,
1156 3165 1316 3221 quam
1359 3167 1424 3206 ex
1475 3151 1755 3221 majestate
1803 3169 1917 3208 sua.
1961 3153 2116 3214 Unde

516 3247 661 3304 enim
689 3246 792 3300 illa:
818 3259 998 3310 voces,
1031 3243 1130 3298 nisi
1161 3258 1224 3298 ex
1256 3243 1410 3299 nobis
1438 3257 1748 3316 assumpta},
1783 3244 1938 3313 Deus,
1969 3246 2110 3304 Deus

517 3354 677 3404 mens,
703 3337 879 3405 utquid
904 3351 982 3388 me
1010 3332 1319 3405 dereliquisti
1361 3333 1380 3404 (
1418 3331 1559 3387 Psal.
1597 3348 1715 3400 XXI,
1743 3334 1780 3390 9..
1799 3378 1814 3401 ,
1843 3347 1890 3390 et
1921 3336 2110 3396 Matth.

515 3444 685 3493 xxvii,
717 3427 783 3481 46
813 3425 850 3498 ).
884 3424 1106 3493 Quando
1149 3432 1327 3478 autem
1373 3423 1530 3478 Pater
1574 3423 1766 3478 Filium
1807 3426 2112 3498 dereliquit,

515 3531 609 3578 aut
629 3520 797 3576 Filius
826 3516 1074 3572 Patrem?
1099 3515 1284 3570 Nonne
1314 3529 1450 3569 unus
1472 3515 1630 3579 Deus,
1657 3514 1824 3573 Filius
1844 3526 1897 3572 ct
1919 3517 2114 3575 Pater?

517 3626 697 3669 nonne
728 3608 1087 3673 verissimum,
1118 3606 1230 3678 Ego
1253 3617 1298 3660 et
1336 3603 1492 3659 Pater
1519 3623 1675 3660 unum
1699 3609 1917 3678 snnms(
1948 3609 2108 3664 Joaa.

516 3719 577 3768 ι,
602 3704 671 3758 50
689 3701 752 3773 )?
777 3699 930 3756 Unde
958 3714 1109 3770 ergo,
1133 3695 1290 3762 Deus,
1334 3695 1471 3750 Detts
1500 3713 1660 3759 mens.
1687 3699 1868 3768 utquid
1894 3717 1973 3753 me
2017 3699 2114 3754 de-

514 3795 778 3867 reliquisti,
814 3791 912 3848 nisi
944 3793 1066 3862 quia
1096 3790 1148 3844 in
1177 3804 1338 3844 ειη-ηρ
1368 3787 1692 3843 inﬁrmitatis
1723 3790 2115 3857 agnoscebatur

513 3903 621 3943 vox
649 3883 979 3957 peccatoris?
1002 3882 1102 3952 Qui
1125 3883 1268 3938 enim
1292 3881 1526 3950 suscepit
1551 3881 1952 3986 similitudinem
1967 3899 2110 3986 “ear-

513 3980 600 4034 nis
627 3977 826 4048 peccati
855 3975 1028 4048 (liam.
1050 3989 1163 4035 vnt.
1184 3971 1262 4044 ὅ),
1285 3986 1383 4026 cur
1412 3987 1518 4027 non
1546 3972 1842 4042 susciperet
1862 3973 2113 4030 similitu-

513 4071 694 4127 dinem
728 4069 874 4123 vncis
904 4066 1147 4138 peccati?
1174 4065 1426 4120 Occultos
1451 4080 1579 4135 ergo
1625 4065 1764 4119 Deus
1806 4066 2027 4121 deorum
2055 4077 2111 4123 et

512 4183 634 4223 cmn
665 4165 801 4220 inter
833 4163 1076 4218 bom'nes
1105 4159 1415 4222 ambulavit,
1449 4170 1502 4214 et
1539 4173 1660 4214 cum
1700 4159 1921 4216 esurivit
1951 4170 2005 4216 et
2030 4161 2109 4216 si-

513 4261 647 4324 tivit,
685 4267 737 4312 et
763 4273 882 4311 eum
907 4255 1152 4326 fatigatus
1196 4251 1356 4318 sedit,
1386 4261 1442 4308 et
1475 4268 1599 4308 cum
1644 4253 1840 4308 lassate
1882 4269 2110 4325 corpore

512 4350 784 4409 dormivit,
810 4358 863 4402 et
889 4363 1008 4402 cum
1040 4344 1410 4418 apprehensus
1430 4384 1447 4409 ,
1479 4353 1532 4398 et
1559 4358 1679 4398 cum
1712 4343 2027 4414 ﬂagellatus,
2054 4355 2110 4402 et

513 4458 632 4501 cum
663 4451 784 4495 ante
808 4439 1037 4510 jndicem
1069 4437 1291 4508 positus,
1309 4444 1364 4491 et
1387 4449 1506 4490 cum
1533 4435 1857 4511 superbienti
1887 4452 2111 4507 respon-

511 4537 609 4602 dit,
647 4535 767 4589 Non
791 4535 996 4588 haberes
1025 4535 1076 4586 in
1105 4549 1184 4586 me
1211 4540 1522 4601 potestatem,
1551 4531 1649 4585 nisi
1678 4531 1798 4584 data
1819 4532 1994 4626 fuisset
2013 4534 2121 4626 deo)

509 4645 663 4698 super
694 4625 888 4699 (Joan.
918 4640 1032 4689 χιχ,
1063 4624 1122 4678 ll
1159 4624 1178 4693 )
1213 4637 1230 4677 :
1258 4621 1474 4692 etquod
1494 4620 1686 4677 ductus
1713 4622 1778 4676 ad
1811 4623 2099 4690 victimam,

507 4735 688 4775 coram
714 4715 965 4770 tondente
992 4729 1049 4769 se
1075 4729 1182 4768 non
1206 4712 1414 4782 aperuit
1439 4726 1500 4766 os
1518 4727 1674 4766 suum
1704 4709 1854 4787 (Isai.
1888 4729 1993 4776 LIII.
2025 4715 2100 4785 7),

507 4824 559 4868 et
589 4811 728 4878 quod
754 4809 1060 4872 cruciﬁxus,
1088 4814 1141 4860 et
1171 4803 1311 4875 quod
1337 4805 1597 4874 sepultus.
1622 4819 1836 4873 semper
1863 4807 2102 4909 occultus

512 4903 655 4958 Dens
705 4899 944 4954 deorum.
977 4895 1116 4966 Quid
1146 4904 1326 4966 postea
1357 4911 1515 4965 quam
1563 4897 1888 4950 resurrexit?
1931 4895 2102 4951 Mirati

508 4993 777 5064 discipuli.
799 5000 851 5045 et
880 4991 1050 5060 primo
1073 4991 1086 5021 ³
1119 5006 1222 5042 non
1249 4987 1615 5054 crediderunt,
1639 4988 1810 5044 donec
1828 4998 2104 5060 tangerent

507 5099 670 5158 atque
699 5087 972 5156 palparent
999 5085 1017 5155 (
1048 5080 1172 5136 an.
1203 5097 1326 5135 xxiv
1351 5077 1395 5153 ).
1423 5079 1529 5136 Sed
1555 5095 1682 5134 caro
1710 5091 2099 5147 resurrcxerat,

509 5185 631 5254 quia
658 5197 785 5235 caro
817 5191 1020 5232 mortua
1049 5186 1162 5232 erat
1193 5174 1480 5232 :divinitas
1509 5191 1630 5247 qua:
1660 5176 1795 5279 mori
1849 5191 1952 5279 non

510 5283 668 5334 terat.
699 5271 872 5325 adhuc
897 5270 1057 5325 etiam
1087 5269 1137 5321 in
1177 5281 1339 5322 carne
1389 5266 1716 5335 resurgentis
1757 5266 1972 5323 latebat.
2009 5267 2102 5322 Vi-

510 5366 622 5421 deri
655 5365 822 5419 forma
856 5361 1044 5430 potuit,
1076 5358 1245 5413 teneri
1277 5359 1535 5417 membra.
1556 5359 1762 5430 pdpart
1782 5358 2098 5461 cicatrices:

515 5457 745 5512 Verbum
778 5469 870 5524 per
891 5451 1029 5522 quod
1079 5449 1213 5506 facta
1242 5459 1367 5506 sunt
1405 5451 1606 5511 omnia,
1639 5451 1757 5519 quis
1782 5449 1958 5505 videt?
1981 5449 2100 5521 quis

511 5549 693 5604 tenet?
720 5546 841 5619 quis
873 5543 1081 5614 palpat?
1141 5543 1198 5597 Ιὶι
1247 5552 1422 5596 tamen
1475 5539 1709 5596 Verbum
1749 5556 1876 5597 caro
1902 5541 2098 5600 factum

511 5648 610 5701 est,
640 5649 692 5691 et
724 5636 974 5690 tiabitaxit
1003 5636 1052 5687 in
1085 5634 1237 5686 nobis
1264 5630 1441 5704 (Joan.
1471 5647 1509 5698 ι,
1543 5631 1650 5702 14).
1681 5631 1748 5685 Ει
1771 5634 1860 5702 qui
1888 5633 2102 5689 tenebat

575 5775 592 5834 ξ
627 5769 758 5821 Coll).
781 5777 868 5829 us.
892 5807 907 5822 .
927 5769 1017 5831 Qui
1035 5774 1344 5834 posteth
1363 5764 1634 5821 resurrexit
1649 5801 1666 5828 ,
1688 5765 1854 5820 mirati
1874 5766 2101 5832 discipuli

509 5833 807 5900 primonete.

1801 342 1857 398 S.
1902 344 2272 404 .\UGUSTlNl
2314 350 2620 414 EPlSCOPl
2706 393 2710 398 ι
3670 389 3744 450 ω

2261 463 2531 526 hominem
2553 472 2803 541 Thomas,
2833 477 3157 554 intrlligebat
3190 499 3247 542 ut
3273 501 3469 560 poterat
3491 494 3644 554 Deum.
3665 503 3746 562 PaL

2257 560 2392 626 palis
2410 565 2551 617 enim
2579 566 2934 638 cicatricibus,
2960 579 3276 636 GSt‘lJllmVll
3301 600 3316 636 :
3347 582 3569 643 Dominus
3601 610 3749 654 totum

2253 647 2393 705 Deus
2417 671 2553 710 meus
2577 657 2750 732 (Joa‘n.
2786 679 2878 728 xx,
2896 666 3011 737 i8).
3036 669 3357 731 Ostendebat
3383 685 3544 735 tamen

2253 757 2370 798 eam
2403 745 2662 817 formam,
2707 769 2932 828 eamque
2976 776 3190 818 carnem
3219 781 3375 836 quam
3413 769 3463 824 in
3498 787 3633 833 cruce
3653 782 3752 838 vide.

2252 845 2392 901 rant,
2420 854 2538 908 quae
2564 841 2615 898 in
2642 849 2910 916 sepultura
2949 855 3121 921 posita
3163 855 3350 914 fuerat.
3397 861 3535 921 Fecit
3557 867 3687 927 ‘cutn
3702 878 3754 933 eis

2251 929 2598 1002 quadraginta
2627 937 2759 994 dies.
2790 941 2967 1011 lmpiis
2991 945 3188 1005 Judzeis
3209 966 3312 1006 non
3335 967 3394 1008 se
3419 954 3755 1024 demonstravit:

2251 1021 2356 1078 illis
2380 1023 2762 1086 demonstravit
2787 1048 2862 1094 se.
2883 1039 2972 1107 qui
2995 1039 3045 1093 in
3060 1056 3180 1095 cum
3198 1044 3529 1103 crediderant
3543 1062 3758 1124 antequam

2249 1116 2681 1187 crucitigeretnr;
2716 1133 2772 1178 ut
2811 1143 2947 1196 quos
2978 1133 3264 1191 cruciﬁxus
3288 1136 3556 1196 dimiserat
3589 1116 3758 1204 titulun-

2251 1210 2352 1268 tes,
2385 1222 2666 1280 resurgens
2710 1213 2908 1273 faceret
2957 1221 3138 1279 fortes.
3195 1221 3398 1286 Deinde
3433 1231 3762 1306 quadragesimo

2245 1293 2335 1351 die
2363 1304 2746 1359 commendans
2788 1308 3082 1368 Ecclesium
3126 1331 3302 1384 suam,
3358 1320 3410 1376 id
3455 1335 3537 1380 est
3577 1340 3760 1388 vocatam

2247 1395 2443 1446 terram
2473 1409 2502 1446 a
2528 1395 2656 1450 solis
2695 1409 2817 1454 ortu
2846 1418 3014 1474 usque
3055 1405 3120 1460 ad
3147 1422 3430 1478 occasum,
3463 1429 3529 1472 ne
3569 1417 3763 1476 baberent

2241 1485 2636 1541 excusationem
2662 1492 2749 1560 qtti
2778 1493 2963 1548 Volunt
2988 1495 3041 1550 in
3060 1496 3349 1556 schismate
3373 1503 3620 1574 deperire,
3632 1524 3763 1568 ascen.

2242 1569 2319 1626 dit
2348 1572 2398 1628 in
2426 1575 2642 1642 coelum.
2675 1581 2858 1638 dicens
2884 1584 2984 1654 eis,
3029 1585 3187 1644 Erilis
3218 1593 3346 1648 mihi
3378 1569 3520 1652 testes
3543 1597 3592 1654 in
3612 1601 3780 1658 λειω-η

2242 1661 2361 1734 Ιευι(
2397 1669 2536 1723 unde
2563 1673 2750 1741 species
2779 1677 2974 1732 decoris
3001 1680 3156 1752 ejus),
3180 1693 3229 1738 et
3259 1685 3312 1739 in
3344 1697 3498 1743 totam
3522 1689 3762 1754 Judaamtt

2242 1752 2556 1826 Samariam,
2580 1774 2628 1816 et
2655 1780 2812 1834 usque
2848 1767 2900 1822 in
2928 1780 3084 1826 totam
3115 1783 3323 1834 terram.
3358 1779 3453 1836 llis
3486 1785 3617 1840 enim
3638 1789 3761 1858 diuis,

2241 1848 2411 1905 nubes
2439 1855 2672 1924 Suscepit
2691 1872 2835 1915 eum.
2870 1861 3214 1924 lntuebantur
3239 1870 3315 1929 illi
3343 1890 3502 1944 quem
3527 1895 3760 1944 noverant:

2239 1953 2501 1998 noverant
2542 1955 2718 2005 tamen
2749 1950 2800 2006 in
2830 1951 3164 2027 humilitate,
3197 1965 3438 2024 nondum
3472 1969 3526 2026 in
3567 1973 3760 2034 claritate.

2238 2031 2309 2087 Et
2333 2051 2453 2088 eum
2497 2040 2566 2094 ab
2605 2041 2685 2096 eis
2729 2044 2829 2102 iret
2871 2047 2923 2103 in
2964 2053 3181 2125 calum,
3233 2058 3496 2118 admoniti
3531 2076 3642 2123 sunt
3676 2086 3762 2131 voce

2237 2126 2477 2192 angelica
2504 2130 2751 2189 dicente:
2783 2135 2920 2204 Quid
2958 2144 3125 2212 statis,
3155 2147 3251 2203 viri
3273 2149 3520 2210 Galilei?
3547 2156 3637 2214 Hic
3655 2126 3762 2218 lculi

2235 2231 2382 2287 quem
2413 2219 2588 2276 videtis
2621 2224 2716 2290 ire,
2744 2227 2818 2282 sie
2844 2231 3002 2288 veniet
3034 2240 3462 2304 quemadmodum
3507 2248 3760 2310 ridistima

2233 2318 2431 2362 euntem
2458 2312 2510 2365 in
2535 2315 2738 2371 athon.
2790 2321 3051 2380 Ascendit
3072 2341 3238 2398 ergo:
3273 2339 3506 2406 regressi
3540 2340 3608 2395 illi
3632 2342 3762 2398 heur-

2234 2407 2346 2460 tes.
2397 2416 2702 2462 manserunt
2751 2409 2804 2464 in
2847 2411 3083 2484 civitate,
3133 2424 3430 2481 secundum
3472 2430 3581 2498 ejus
3620 2447 3762 2502 pmo-

2233 2499 2406 2560 ptnm,
2429 2494 2599 2552 donec
2627 2499 2975 2570 implerentur
2997 2507 3196 2578 Spiritu
3219 2525 3410 2571 saneto
3433 2494 3560 2590 (Act.
3586 2494 3759 2596 ιίὸοιὲ).

2231 2580 2279 2654 ρ
2300 2583 2368 2638 :id
2392 2599 2569 2642 autem
2593 2589 2792 2648 dictum
2829 2606 2947 2652 crat
2974 2598 3194 2656 Tliomze
3233 2580 3508 2676 palpandi?
3536 2580 3653 2680 Quia
3674 2580 3760 2669 riti-

2228 2676 2315 2736 stt',
2347 2679 2641 2746 credidisti;
2660 2683 2790 2738 beati
2816 2689 2904 2758 qui
2930 2706 3030 2745 non
3062 2693 3250 2760 uident,
3283 2707 3333 2751 et
3361 2676 3572 2757 credunt
3587 2707 3605 2736 ⁸
3632 2705 3758 2776 (loci.

2231 2780 2328 2832 xx,
2354 2767 2472 2839 29).
2516 2770 2761 2831 Prtedieti
2806 2795 3012 2835 sumus.
3065 2781 3231 2841 Terra
3276 2788 3368 2845 illa
3413 2804 3590 2849 vocata
3614 2767 3760 2854 a‘sulis

2229 2867 2350 2913 ortu
2379 2876 2546 2933 usque
2571 2864 2637 2919 ad
2662 2880 2910 2926 occasum
2939 2888 3044 2928 non
3073 2876 3235 2945 videt,
3258 2890 3315 2935 et
3338 2884 3528 2940 credit.
3570 2885 3760 2945 Occultos

2227 2962 2358 3020 ergo
2387 2949 2527 3008 Deus
2551 2953 2797 3027 deerunt,
2822 2969 2878 3016 et
2896 2963 2976 3018 eis
3003 2963 3142 3022 inter
3166 2984 3307 3040 quos
3321 2973 3620 3044 ambulavit,
3651 2990 3694 3034 et
3708 2980 3760 3036 eis

2225 3053 2258 3096 a
2283 3043 2477 3114 quibus
2505 3047 2792 3106 erncillxus
2819 3061 2932 3121 est,
2960 3064 3013 3110 et
3040 3057 3118 3113 eis
3147 3059 3216 3114 ad
3248 3077 3482 3133 quorum
3525 3043 3681 3126 oculos
3700 3088 3758 3127 re-

2225 3137 2481 3203 surrexit,
2519 3146 2573 3192 et
2621 3139 2774 3197 nobis
2811 3144 2900 3214 qui
2945 3148 3215 3207 credimus
3257 3153 3316 3210 in
3359 3158 3497 3214 ccelo
3523 3161 3757 3232 sedentem,

2223 3239 2384 3296 quem
2408 3243 2512 3282 non
2543 3229 2776 3288 vidimus
2801 3235 2855 3290 in
2888 3245 3027 3294 terra
3053 3241 3444 3306 ambulantem.
3476 3250 3576 3307 Sed
3601 3254 3682 3308 etsi
3701 3229 3758 3310 vi;

2222 3314 2493 3382 duremus.
2524 3335 2703 3378 nonne
2738 3324 2840 3380 ltoc
2875 3328 3178 3389 videremus
3197 3339 3344 3408 quod
3377 3339 3544 3400 Judaei
3571 3346 3759 3403 viderunt

2221 3417 2280 3464 et
2300 3411 2718 3468 erucilixerunt?
2739 3415 2864 3472 Plus
2885 3431 2964 3476 est
2983 3425 3124 3494 quod
3154 3443 3259 3483 non
3288 3431 3532 3491 videntes
3547 3435 3756 3493 Christum

2221 3500 2493 3557 credimus
2523 3504 2714 3575 Deum,
2733 3524 2892 3580 quam
2921 3515 3062 3584 quod
3096 3517 3169 3573 illi
3202 3521 3448 3581 videntes
3472 3530 3664 3584 nonnisi
3687 3528 3758 3585 lte-

2220 3590 2421 3647 minem
2467 3603 2803 3665 putaverunt.
2838 3601 2916 3657 llli
2944 3603 3175 3678 denique
3212 3615 3356 3670 male
3395 3609 3616 3688 putando
3648 3635 3751 3678 tuor-

2222 3683 2576 3751 titicaverunt.
2601 3705 2700 3744 nos
2727 3693 2863 3750 bene
2889 3697 3159 3756 credendo
3180 3699 3529 3766 viviticamur.

2292 3775 2347 3830 6.
2380 3776 2529 3849 [vers.
2572 3779 2652 3854 5.]
2680 3781 2816 3852 Quid
2843 3800 2993 3858 ergo,
3024 3788 3249 3849 fratres?
3274 3795 3370 3855 Ille
3404 3800 3539 3858 Deus
3563 3803 3748 3869 deorum,

2218 3876 2275 3923 et
2297 3877 2421 3923 tunc
2450 3873 2712 3939 occultus,
2745 3887 2798 3930 et
2838 3878 2997 3934 modo
3023 3885 3285 3952 occultus,
3317 3892 3566 3963 numquid
3594 3909 3751 3965 semper

2217 3962 2496 4018 occultus?
2531 3963 2644 4020 Non
2674 3967 2832 4037 plane
2861 3989 2874 4025 :
2903 3972 3026 4028 audi
3061 3983 3340 4048 sequentia
3371 4002 3386 4039 :
3417 3962 3550 4041 Deus
3589 3962 3749 4061 auauife-

2216 4062 2325 4108 stus
2351 4056 2529 4110 veniet.
2573 4057 2673 4124 Qui
2721 4063 2865 4116 venit
2907 4066 3176 4135 occultus,
3224 4074 3405 4131 veniet
3447 4078 3746 4139 manifestus:

2217 4150 2364 4203 venit
2391 4151 2629 4206 occultus
2654 4152 2995 4226 jndicandus,
3026 4163 3204 4217 veniet
3247 4169 3558 4227 manifestus
3588 4172 3749 4242 judica-

2217 4245 2398 4306 turns;
2477 4243 2622 4297 venit
2702 4249 2940 4302 occultus
3003 4261 3058 4305 ut
3120 4265 3246 4311 ante
3313 4258 3544 4328 judicent
3591 4273 3746 4330 stam,

2214 4333 2394 4388 Veniet
2447 4334 2759 4392 manifestus
2815 4349 2872 4392 ut
2916 4343 3076 4396 etiam
3127 4345 3195 4402 de
3242 4347 3508 4420 judicibus
3551 4353 3744 4423 judicet:

2226 4421 2399 4479 Veniet
2445 4429 2743 4498 manifestus
2784 4440 2830 4485 et
2884 4449 2984 4488 non
3023 4437 3206 4494 silebit.
3253 4443 3394 4511 Quid
3418 4421 3598 4502 enim?
3625 4445 3744 4503 nullo

2213 4517 2375 4573 silet?
2415 4518 2481 4575 Et
2525 4520 2664 4578 unde
2713 4535 2833 4579 sunt
2881 4542 3000 4596 quae
3047 4531 3320 4589 dicimus?
3351 4539 3488 4596 unde
3531 4540 3618 4595 ista
3639 4554 3737 4610 pre-

2211 4610 2401 4682 cepta?
2436 4613 2576 4670 unde
2628 4614 2728 4670 ista
2769 4619 3008 4674 monita?
3050 4624 3189 4680 unde
3237 4627 3336 4682 ista
3375 4633 3493 4686 tuba
3539 4628 3739 4688 terrorisl

2211 4703 2327 4758 Non
2355 4704 2496 4770 silet,
2527 4715 2585 4762 et
2608 4708 2729 4763 silet
2756 4726 2768 4762 :
2795 4727 2901 4766 non
2930 4712 3053 4770 silet
3093 4732 3122 4770 a
3155 4721 3445 4791 monendo,
3478 4725 3586 4781 silet
3605 4742 3632 4780 a
3656 4725 3735 4778 vin-

2209 4793 2470 4862 dicando;
2504 4812 2610 4853 non
2642 4799 2767 4856 silet
2803 4817 2833 4855 a
2880 4818 3169 4878 prteccpto,
3198 4811 3320 4867 silet
3348 4831 3378 4868 a
3399 4815 3601 4885 judicio.
3630 4815 3732 4871 Pati-

2209 4895 2296 4941 tur
2324 4888 2465 4941 enim
2491 4898 2798 4957 peccatores
2838 4895 3075 4962 quotidie
3117 4900 3254 4955 mala
3302 4903 3580 4972 facientes,
3610 4905 3730 4961 ltettm

2207 4993 2315 5034 non
2346 4991 2616 5047 curantes,
2663 4998 2771 5038 non
2815 4984 2864 5040 in
2905 4989 3230 5048 conscientia
3270 5010 3386 5063 sua,
3418 5015 3517 5054 non
3547 5000 3591 5052 in
3613 4997 3728 5059 celo.

2207 5087 2314 5129 non
2342 5074 2394 5129 in
2419 5083 2558 5130 terra
2586 5093 2600 5130 :
2629 5091 2732 5130 non
2750 5093 2872 5132 etnn
2899 5080 3064 5138 latent
3083 5084 3195 5140 lucc
3224 5091 3422 5158 omnia,
3443 5101 3494 5147 et
3519 5091 3726 5146 universa-

2210 5169 2334 5225 liter
2360 5185 2550 5225 omnes
2597 5169 2870 5240 admonet,
2895 5184 2949 5229 et
2974 5177 3187 5246 quando
3230 5183 3436 5253 aliquos
3463 5185 3658 5256 ﬂagellat
3687 5180 3724 5233 in

2209 5269 2377 5325 terra,
2408 5259 2701 5318 admonitio
2727 5273 2828 5327 est,
2850 5267 3085 5323 nondum
3114 5269 3404 5330 damnatio.
3429 5276 3552 5332 Silet
3585 5283 3721 5344 ergo!

2203 5349 2425 5421 judicio,
2450 5352 2692 5408 occultus
2724 5355 2775 5410 in
2817 5358 2954 5413 caelo
3003 5370 3108 5428 est,
3151 5363 3322 5423 adhuc
3368 5367 3631 5439 interpellat
3655 5378 3722 5435 pro

2207 5443 2365 5500 nobis
2395 5461 2409 5497 :
2437 5447 2644 5516 patiens
2672 5457 2756 5503 est
2796 5464 2961 5520 super
2991 5463 3333 5525 peccatores,
3379 5473 3478 5515 non
3518 5465 3716 5516 exercent

2207 5535 2363 5599 iram.
2389 5536 2484 5593 sed
2510 5549 2827 5609 exspectans
2876 5545 3260 5612 ptenitentiam.
3311 5550 3439 5607 Dicit
3475 5551 3567 5606 alio
3597 5547 3713 5604 loco:

2271 5651 2297 5728 ξΔ
2323 5650 2460 5713 ωδ,
2483 5651 2590 5715 run.
2617 5660 2863 5708 Atomnes
2895 5662 3020 5720 uss.
3041 5659 3186 5723 fecit;
3210 5675 3304 5716 nec
3326 5663 3470 5724 male»
3491 5675 3569 5728 ικο
3597 5665 3712 5711 m’

2203 5721 2620 5844 ιΨέέῑίίίιλβιαιί
2654 5777 2739 5842 qui
2759 5793 2853 5844 non
2892 5781 3117 5836 tidenatt
3135 5791 3182 5837 et
3218 5787 3532 5840 creditur“.
3549 5789 3596 5836 At
3618 5786 3711 5844 Πιι

2208 5835 2292 5900 qui
2312 5849 2406 5888 non
2427 5836 2588 5890 rident
2609 5845 2654 5891 et
2667 5835 2890 5896 credunt.
