3942 6412
106 382 208 449 569

104 502 285 570 Tacui,
312 507 563 574 numquid
572 524 773 582 semper
786 500 956 566 tacebo
977 504 1132 580 ('Isa'i.
1155 516 1291 578 ηιμ
1320 511 1406 581 Η)
1422 512 1449 564 ‘l
1471 512 1697 599 Quando

104 615 230 671 ergo
257 615 365 656 non
393 603 609 667 tacebit,
655 604 795 660 Deus
834 606 1130 678 manifestus
1163 606 1336 661 veniet.
1362 605 1492 675 Quis
1521 606 1699 662 Deus?

103 691 240 747 Deus
269 706 458 748 noster.
483 694 549 750 Et
575 694 690 765 ipse
718 697 880 761 Deus,
912 698 1001 769 qui
1032 699 1169 754 Deus
1197 705 1407 754 noster:
1428 714 1531 753 non
1554 699 1697 753 enim

103 787 244 841 Deus
272 794 374 849 est,
407 788 496 855 qni
532 804 638 843 non
664 804 747 846 ρει
777 801 963 847 noster
991 793 1149 847 Deus.
1182 791 1261 847 Dii
1277 792 1421 848 enim
1444 790 1697 848 Gentium

100 878 364 933 dzrmouia
390 895 404 931 :
438 879 578 936 Dens
599 882 1048 950 Christianorum,
1072 901 1233 942 verus
1279 887 1436 941 Deus.
1466 886 1582 956 Ipse
1602 902 1694 942 vc-

99 970 230 1036 niet,
262 969 357 1025 sed
380 970 721 1035 manifestus.
753 990 861 1031 non
888 976 1064 1032 adlute
1109 976 1431 1039 illmlendus,
1467 992 1572 1032 non
1600 977 1697 1032 ad-

102 1060 204 1116 huc
233 1061 600 1133 exolapandus
629 1075 682 1120 et
703 1065 1086 1137 ﬂagellandns;
1115 1071 1314 1133 veniet,
1347 1069 1442 1123 sed
1474 1062 1696 1124 manife-

94 1164 233 1219 stus,
266 1170 372 1209 non
409 1155 586 1211 adhuc
611 1158 818 1214 calamo
855 1159 908 1215 iu
947 1162 1120 1231 capite
1149 1159 1544 1231 percutieudus,
1586 1174 1695 1215 non

92 1248 274 1304 :nlltuc
304 1250 728 1323 cruciﬂgcndus,
774 1256 1121 1323 occidendus,
1170 1253 1694 1328 ερρΕΙῘιίΙιΙιιετίιυίθ

96 1342 212 1396 lucc
241 1344 421 1398 numia
459 1346 705 1402 occultus
734 1346 880 1403 Deus
902 1349 1009 1419 pati
1037 1348 1225 1405 voluit.
1281 1347 1450 1404 Veniet
1478 1349 1694 1418 uianife-

83 1443 222 1493 stas.
252 1444 425 1489 etnon
444 1436 626 1492 silebit.

168 1526 219 1582 7.
261 1525 396 1594 Quia
426 1542 558 1584 vero
584 1529 651 1584 ad
668 1529 927 1600 judicium
949 1532 1149 1599 veniet,
1171 1535 1450 1604 sequentia
1472 1531 1683 1588 docent.

80 1616 237 1685 Ignis
265 1628 391 1674 ante
439 1630 562 1675 eum
595 1621 843 1693 priribit(
880 1621 1024 1678 I’sal.
1057 1638 1206 1686 xcvi,
1230 1625 1265 1680 5
1293 1624 1332 1695 ).
1371 1622 1690 1679 Timemus‘t

82 1708 382 1777 Slutemur,
427 1719 483 1766 et
529 1727 635 1767 non
674 1713 1000 1772 timebimus.
1053 1714 1230 1787 Ignem
1278 1716 1425 1786 palea
1459 1716 1686 1771 timeat:

83 1819 226 1856 auro
276 1802 405 1874 quid
456 1804 616 1860 facit?
646 1804 741 1861 Est
765 1817 947 1863 autem
987 1823 1131 1864 nunc
1179 1809 1231 1864 in
1264 1816 1528 1878 potestate
1560 1808 1687 1880 quid

87 1896 279 1961 lacius,
310 1911 378 1952 nc
407 1896 533 1952 illud
564 1898 705 1969 quod
730 1908 784 1954 ct
804 1908 857 1956 te
875 1901 1091 1956 nolente
1117 1912 1402 1956 venturum
1430 1910 1513 1956 est
1531 1944 1545 1966 ,
1578 1918 1684 1956 non

83 1996 373 2042 correctus
401 1989 713 2058 experiaris.
742 1989 798 2046 Si
826 1992 967 2046 enim
1016 2008 1299 2063 possemus
1343 1992 1540 2057 facere,
1573 1993 1684 2049 fra-

88 2091 225 2143 tres,
257 2091 314 2134 ut
343 2080 460 2135 dies
480 2080 667 2152 judicii
697 2098 803 2138 non
834 2083 1081 2150 veniret,
1125 2095 1255 2155 puto
1284 2088 1409 2157 quia
1465 2100 1563 2141 nec
1606 2086 1685 2143 sic

84 2183 203 2228 erat
229 2173 372 2229 male
397 2175 701 2231 vivendum.
748 2177 804 2232 Si
837 2193 941 2232 non
969 2179 1174 2235 veniret
1207 2180 1342 2251 ignis
1365 2180 1452 2235 die
1472 2180 1680 2250 judicii,

86 2274 141 2319 et
165 2264 282 2319 sola
314 2266 686 2336 peccatoribus
713 2267 1017 2326 immineret
1041 2272 1357 2341 separation
1398 2270 1535 2328 facie
1562 2272 1679 2340 Dei,

86 2358 138 2412 in
183 2358 422 2429 qualibet
450 2368 632 2416 essent
656 2361 927 2417 aliluentia
964 2362 1274 2420 deliciarum
1303 2407 1317 2428 ,
1350 2383 1453 2420 non
1484 2368 1677 2419 viden-

86 2459 171 2504 tes
194 2467 221 2501 a
248 2464 356 2521 quo
402 2452 566 2507 creati
609 2463 754 2517 sunt.
787 2464 843 2510 et
879 2456 1110 2526 separati
1143 2457 1212 2511 ab
1256 2458 1341 2513 illa
1388 2458 1678 2517 dulcedine

87 2540 371 2597 inel'labilis
398 2546 574 2598 vultus
599 2544 736 2614 ejus,
768 2547 820 2601 iu
849 2547 1085 2617 qualibet
1108 2549 1409 2606 :cternitate
1422 2560 1478 2608 et
1506 2552 1682 2623 impu-

84 2633 249 2687 uiuite
280 2634 503 2703 peccati,
525 2635 776 2705 plangere
795 2652 854 2694 se
874 2637 1150 2697 deberent.
1181 2639 1287 2697 Sed
1309 2644 1436 2713 quid
1467 2644 1676 2715 loquar,

82 2738 175 2781 aut
225 2729 417 2797 quibus
456 2729 680 2800 loquar?
711 2731 835 2787 llaze
876 2733 1180 2790 amantibus
1229 2750 1385 2806 ptena
1412 2746 1534 2805 est,
1567 2755 1677 2795 non

78 2820 569 2878 cnutcmuentibus.
598 2820 697 2891 Qui
728 2823 1065 2881 dulcedinem
1087 2827 1364 2898 sapientia:
1392 2839 1448 2886 et
1473 2832 1675 2887 verita-

79 2912 150 2965 tis
182 2922 464 2983 utcumque
491 2916 694 2971 seutire
722 2927 1025 2986 co'perunt,
1055 2930 1321 2976 noverunt
1358 2923 1499 2993 quod
1526 2924 1672 2993 dico,

75 3013 279 3072 quanta
312 3018 466 3074 paena
513 3006 582 3060 sit
622 3009 989 3063 tantummodo
1014 3024 1044 3064 a
1086 3008 1221 3067 facie
1252 3010 1350 3068 Dei
1387 3015 1625 3085 separari
1655 3035 1670 3070 :

76 3096 175 3166 qui
202 3105 374 3150 autem
406 3097 549 3151 illam
575 3097 916 3154 dulcedinem
941 3115 1046 3155 non
1067 3111 1435 3172 gustaverunt,
1464 3105 1511 3162 si
1534 3122 1673 3163 non-

75 3188 215 3243 dum
239 3188 545 3246 desiderant
568 3190 663 3247 Dei
686 3191 897 3261 faciem,
925 3194 1148 3251 timeant
1175 3197 1261 3253 vel
1302 3198 1515 3270 ignem;
1538 3216 1665 3269 sup-

74 3281 242 3350 plicia
263 3290 493 3337 terreant
519 3298 678 3354 quem
720 3284 937 3354 prmmia
989 3302 1094 3341 non
1144 3287 1387 3347 invitant.
1420 3290 1537 3349 Vile
1576 3295 1669 3352 tibi

71 3381 181 3429 est.
204 3373 332 3442 quod
363 3374 503 3429 Deus
529 3374 829 3444 pollicetur,
858 3380 1215 3437 contremisce
1236 3383 1379 3453 quod
1410 3386 1663 3444 minatur.

70 3462 271 3519 Veniet
293 3465 523 3520 dulcedo
560 3467 891 3537 prmsentiac;
919 3486 1024 3525 non
1062 3473 1306 3541 mutaris,
1333 3491 1440 3531 non
1471 3480 1669 3534 excita-

70 3556 184 3619 ris,
208 3570 305 3610 non
331 3556 591 3626 suspiras,
624 3574 729 3613 non
752 3560 1027 3618 desideras
1059 3580 1075 3617 :
1102 3565 1425 3635 amplcxaris
1450 3579 1667 3638 peccata

78 3659 178 3703 tua
208 3659 257 3704 et
290 3650 510 3706 delicias
546 3653 724 3707 carnis
753 3662 877 3721 [0:13,
908 3655 1158 3725 stipulam
1190 3658 1257 3712 ad
1303 3668 1356 3715 te
1395 3664 1664 3732 congeris,

71 3742 255 3798 vestiet
281 3744 436 3813 ignis.
482 3742 628 3816 Ignis
654 3747 707 3801 in
735 3757 1006 3817 conspectu
1028 3750 1142 3819 ejus
1166 3752 1382 3807 ardebit.
1424 3753 1539 3810 Non
1566 3759 1669 3814 erit

72 3834 188 3887 istc
212 3834 343 3903 ignis
371 3836 507 3892 sicut
537 3835 686 3892 focus
714 3849 869 3904 tuus;
897 3855 1003 3908 quo
1026 3848 1203 3897 tamen
1232 3844 1276 3898 si
1301 3859 1517 3902 manum
1544 3850 1668 3904 mit-

71 3936 199 3982 tere
236 3928 462 3998 eogaris,
492 3927 655 3984 facies
678 3929 935 4001 quidquid
964 3933 1191 3988 voluerit
1226 3934 1319 4005 qui
1354 3936 1456 3993 hoc
1496 3941 1668 3998 mina-

73 4028 187 4073 tur.
234 4018 285 4075 Si
327 4020 423 4074 tibi
469 4020 637 4085 dicat,
689 4019 877 4077 Scribe
905 4033 1088 4078 contra
1136 4036 1294 4096 caput
1347 4030 1512 4099 patris
1568 4035 1662 4102 tui,

71 4111 248 4166 scribe
269 4122 456 4169 contra
485 4114 656 4183 capita
683 4114 913 4170 liliornm
945 4125 1192 4184 tuorum;
1225 4133 1347 4174 nam
1374 4122 1418 4176 si
1459 4137 1566 4179 non
1588 4124 1668 4181 fe-

74 4201 234 4267 ces-is,
266 4217 485 4258 manum
517 4215 661 4258 tuam
708 4204 862 4260 mitto
892 4207 944 4261 in
970 4205 1146 4263 focum
1181 4218 1327 4265 tuum
1353 4226 1367 4266 :
1400 4211 1566 4269 facies
1595 4233 1665 4275 ne

78 4294 255 4349 ardeat
280 4309 467 4350 manus
498 4304 619 4363 tua,
657 4311 726 4352 ne
762 4296 947 4353 ardeat
990 4298 1057 4354 ad
1096 4308 1311 4373 tempus
1355 4306 1661 4364 membrum

83 4394 219 4443 tuum
247 4429 263 4451 .
303 4404 409 4443 non
440 4402 655 4458 semper
681 4390 734 4444 in
761 4388 946 4447 dolore
974 4390 1229 4449 futurum.
1277 4396 1507 4453 Minatur
1531 4415 1662 4472 ergo

87 4477 318 4534 inimicus
347 4489 453 4535 tam
486 4479 611 4536 leve
636 4482 867 4547 malum,
897 4493 952 4538 et
980 4482 1111 4540 facis
1140 4487 1343 4543 malum
1376 4505 1391 4542 :
1427 4491 1661 4549 minatur

86 4567 213 4624 Deus
236 4581 493 4627 :eteruum
536 4572 756 4637 malum,
789 4583 974 4630 etnon
1007 4577 1138 4632 facis
1165 4579 1394 4637 bonum!
1425 4582 1507 4639 Ad
1540 4600 1658 4641 ma-

86 4660 180 4718 lum
217 4664 511 4722 faciendum
541 4682 640 4722 nec
680 4667 841 4722 mium
877 4677 927 4723 te
940 4670 1265 4739 compellere
1291 4672 1551 4733 deberent
1581 4695 1596 4732 :
1624 4694 1658 4735 ι

81 4753 212 4811 bono
254 4758 493 4815 faciendo
529 4774 630 4814 nec
670 4759 829 4815 mina:
860 4769 912 4816 te
939 4760 1215 4818 deterrere
1247 4764 1523 4822 deberent.
1558 4767 1657 4824 Μὶ-

82 4851 153 4906 nis
175 4862 345 4907 autem
380 4853 495 4918 Dei,
532 4852 689 4907 minis
718 4853 903 4908 :cterni
930 4854 1066 4924 ignis
1096 4856 1397 4924 prohiberis
1435 4875 1463 4913 a
1493 4861 1652 4925 malo,

84 4945 306 5001 imitaris
332 4946 398 5001 ad
424 4947 639 5000 bonum.
673 4944 821 5001 Unde
838 4947 1000 5018 piget,
1024 4947 1127 5002 nisi
1153 4949 1277 5018 quia
1304 4964 1408 5004 non
1444 4950 1656 5007 credis?

88 5038 311 5094 Excutiat
335 5055 465 5109 ergo
494 5041 863 5109 unusquisque
905 5053 1001 5094 eor
1024 5054 1201 5107 suum,
1240 5051 1295 5095 et
1330 5042 1506 5098 videat
1526 5046 1653 5114 quid

89 5130 145 5183 tbi
170 5129 292 5186 ﬁdes
318 5138 499 5186 teneat
525 5130 567 5183 ⁸.
588 5128 643 5185 Si
661 5128 929 5184 credimus
962 5131 1197 5187 futurum
1222 5131 1516 5202 judicium,
1544 5134 1647 5191 fra-

90 5229 202 5287 tres,
228 5224 356 5279 bene
386 5222 649 5277 vivamus.
678 5219 914 5292 Tempus
943 5222 1326 5279 misericordiae
1359 5242 1501 5282 nunc
1542 5238 1646 5293 est,

94 5322 274 5384 tetnpus
294 5314 480 5386 iudicii
505 5323 632 5367 tunc
666 5313 788 5367 erit.
839 5312 1007 5369 Nemo
1035 5313 1195 5369 dicet.
1229 5314 1439 5371 Revoca
1469 5333 1555 5373 me
1581 5318 1647 5375 ad

94 5413 269 5471 mures
287 5425 473 5466 annos.
509 5408 795 5465 Ptnnitcbit
813 5419 864 5464 et
892 5417 1039 5477 tunc,
1067 5409 1162 5466 sed
1192 5410 1386 5467 frustra
1421 5415 1645 5483 paenite-

95 5498 155 5552 bit
200 5520 211 5557 :
259 5501 419 5558 modo
462 5502 737 5572 pcenitcat,
791 5515 914 5556 cum
957 5498 1162 5557 fructus
1190 5510 1275 5557 est
1318 5504 1643 5574 pmnitendi;

83 5589 216 5649 modo
249 5595 567 5651 adhibeatur
616 5592 682 5648 ad
709 5592 917 5648 radices
964 5592 1172 5648 arboris
1210 5594 1475 5666 cophinus
1500 5606 1642 5654 ster-

83 5695 147 5735 cm
164 5685 227 5760 is,
276 5688 453 5744 cordis
487 5690 659 5744 luctus
702 5695 757 5742 et
801 5685 1181 5758 lacrymarum,
1224 5701 1293 5743 ne
1331 5686 1508 5745 veniat
1536 5691 1557 5722 ¹
1585 5700 1643 5747 et

52 5892 55 5895 η
105 5796 130 5890 ἔ
177 5801 1045 5932 gnifi‘isiaszcwﬁiiisﬁéii'rﬂgéx.
1072 5865 1220 5917 Abest
1237 5869 1402 5929 verum
1420 5879 1452 5919 ιι
1471 5875 1575 5920 uss.
1625 5898 1631 5915 .

1192 386 1590 447 ENARRATIO
1628 389 1695 447 lN
1734 390 2054 454 PSALMUM
2092 395 2279 457 XLIX.

3291 420 3395 478 570

1804 508 2041 573 eradicet
2071 519 2092 589 (
2120 518 2246 577 Luc.
2272 530 2387 592 xui,
2418 527 2518 600 8).
2560 529 2690 589 Cum
2717 522 2860 593 enim
2886 538 3261 611 eradicarerit,
3285 547 3398 613 jam

1804 608 1943 679 ignis
1968 624 2326 681 exspectatur.
2358 619 2512 677 Modo
2541 627 2641 681 etsi
2669 627 2819 686 fracti
2845 645 2968 688 sunt
2997 637 3152 696 rami.
3175 654 3397 706 possunt:

1804 714 1990 756 rursus
2022 704 2221 761 inseri:
2254 718 2380 765 tunc
2424 719 2600 773 omnis
2624 720 2785 775 arbor
2811 740 2929 792 qua:
2969 742 3073 781 non
3124 704 3249 785 facit
3289 731 3397 786 Γι-ιιο

1804 801 1946 847 ctum
1977 794 2195 863 bonum,
2220 802 2515 872 excidetur,
2542 817 2597 863 ct
2626 810 2678 865 iu
2708 812 2881 884 ignem
2911 817 3152 875 mittetur
3178 821 3394 891 (Matth.

1803 899 1883 951 ιιι,
1915 886 1999 952 l0,
2035 888 2181 960 Ignis
2201 893 2252 947 in
2275 910 2542 967 conspectu
2569 903 2679 973 ejus
2702 908 2921 964 ardebit.

1871 978 1928 1035 8.
1962 979 2028 1035 Et
2048 984 2101 1037 in
2130 986 2344 1041 circuitu
2370 992 2480 1061 ejus
2518 1003 2784 1066 tempestas
2808 1004 2997 1059 valida.
3031 1007 3213 1064 Valida
3248 1022 3384 1068 tem-

1803 1078 2001 1138 pestas,
2042 1076 2361 1134 vcntilatura
2392 1090 2497 1138 tam
2540 1102 2783 1159 magnam
2813 1108 3014 1151 aream.
3045 1098 3153 1157 liae
3184 1112 3391 1174 tempe-

1800 1168 1938 1219 state
1980 1166 2081 1220 crit
2128 1168 2215 1224 illa
2264 1175 2560 1241 ventilatio,
2611 1196 2713 1251 qua
2754 1189 3089 1252 separabitur
3118 1209 3145 1245 a
3191 1166 3391 1254 sanctis

1801 1269 1960 1313 omne
1998 1257 2351 1331 immundum,
2381 1260 2417 1321 a
2440 1268 2684 1327 lidelilms
2710 1278 2885 1332 omnis
2913 1280 3203 1352 simulatio,
3232 1304 3260 1340 a
3290 1289 3391 1358 piis

1800 1354 1855 1400 et
1881 1351 2230 1407 trementibus
2256 1356 2476 1413 Verbum
2525 1361 2616 1417 Dei
2642 1366 2817 1420 omnis
2847 1381 3183 1442 contemptor
3210 1390 3260 1433 et
3290 1351 3385 1435 su-

1799 1441 2015 1510 perbus.
2046 1444 2203 1501 Modo
2246 1451 2389 1505 cnim
2437 1455 2666 1512 mixtura
2712 1462 2955 1529 quaedam
2994 1441 3139 1535 jacet
3181 1486 3211 1523 a
3264 1476 3392 1529 solis

1796 1541 1915 1587 ortu
1959 1550 2130 1606 usque
2172 1540 2238 1596 ad
2286 1556 2558 1602 occasum.
2605 1548 2895 1609 Videamus
2948 1572 3079 1629 ergo
3120 1569 3391 1630 quomodo

1796 1621 1950 1681 faciet
1993 1628 2081 1697 qui
2127 1640 2382 1690 venturus
2427 1647 2529 1704 est,
2569 1648 2887 1711 tempestate
2926 1621 3178 1721 illa'quid
3221 1654 3391 1713 factu-

1793 1728 1906 1782 rus,
1933 1734 2053 1788 qua:
2078 1721 2179 1776 erit
2208 1723 2260 1778 in
2286 1725 2495 1783 circuitu
2520 1732 2628 1800 ejus
2668 1743 2935 1804 tempestas
2972 1742 3159 1799 ualida.
3194 1746 3387 1808 Procul

1792 1807 1954 1864 dubio
1981 1812 2079 1868 ista
2106 1823 2392 1887 tempestas
2433 1823 2717 1891 quamdam
2758 1832 3152 1899 scparationem
3182 1836 3385 1898 factura

1790 1910 1895 1961 est.
1921 1903 2023 1961 Ista
2048 1917 2132 1962 est
2161 1908 2246 1964 illa
2279 1916 2566 1982 separatio,
2598 1933 2756 1987 quam
2805 1937 2911 1978 non
2936 1939 3387 1996 chpeetaverunt

1789 1996 1879 2065 qui
1925 2008 2211 2069 antequam
2254 2003 2322 2058 ad
2365 2006 2512 2063 littus
2554 2012 2817 2077 venirent,
2864 2017 2997 2073 retia
3040 2020 3385 2094 disrnperunt

1789 2084 1944 2153 (Luc.
1976 2105 2030 2153 ν.
2058 2089 2136 2165 6).
2166 2093 2220 2148 lu
2249 2095 2336 2151 illa
2362 2112 2490 2152 vero
2527 2104 2864 2170 separatione
2891 2107 2949 2163 iit
2992 2114 3235 2181 qttaulam
3265 2134 3382 2174 ma-

1788 2178 1961 2235 lorum
1989 2192 2045 2238 et
2070 2183 2331 2241 bonorum
2361 2188 2651 2248 distinctio.
2685 2196 2787 2251 Alii
2814 2209 2940 2254 sunt
2980 2178 3121 2258 enim
3149 2222 3383 2278 sequen-

1790 2278 1871 2326 tes
1909 2290 2050 2330 nunc
2089 2273 2379 2344 Christum,
2413 2284 2678 2353 expeditis
2726 2287 2965 2347 humeris
3011 2296 3126 2351 sine
3170 2273 3381 2361 sarcina

1786 2377 2034 2422 curarum
2072 2371 2429 2437 smeularimn,
2476 2378 2566 2445 qui
2611 2394 2715 2434 non
2750 2381 2946 2441 frustra
2990 2389 3289 2462 audierunt,
3320 2397 3381 2455 Si

1786 2456 1862 2510 vis
1888 2473 1995 2512 esse
2025 2462 2291 2531 perfectus.
2319 2466 2464 2533 vade,
2494 2470 2651 2524 vende
2674 2475 2843 2529 omnia
2871 2493 2984 2546 qua:
3023 2482 3197 2549 habes,
3238 2498 3286 2541 et
3312 2488 3381 2546 da

1785 2550 2111 2619 pauperibus,
2141 2564 2188 2608 et
2217 2555 2418 2611 habebis
2466 2560 2758 2616 thesaurum
2784 2564 2836 2617 in
2880 2567 3025 2635 ca'lo,
3061 2582 3110 2625 et
3135 2576 3268 2643 teni,
3297 2595 3381 2635 se-

1782 2658 1935 2712 quere
1958 2662 2038 2699 me
2063 2661 2083 2700 :
2105 2648 2349 2717 qualibus
2387 2650 2603 2719 dicitur,
2643 2656 2892 2713 Sedebitis
2934 2679 3085 2731 super
3111 2666 3381 2729 duodecim

1782 2736 1943 2799 sedes,
1962 2737 2252 2807 judicantes
2294 2741 2558 2799 duodecim
2599 2746 2756 2801 tribus
2798 2747 2965 2807 Israel
3003 2752 3218 2825 (Matth.
3262 2777 3373 2832 nx,

1780 2826 1875 2893 2|,
1898 2827 2013 2899 28).
2045 2831 2148 2886 Alii
2178 2848 2305 2904 ergo
2333 2846 2489 2890 erunt
2510 2837 2811 2905 judicantes
2841 2857 2961 2897 cum
2993 2846 3217 2905 Domino
3241 2870 3255 2907 :
3284 2826 3376 2912 alii

1781 2933 1915 2975 vero
1947 2922 2240 2990 judicandi.
2272 2926 2365 2981 sed
2407 2927 2473 2981 ad
2500 2928 2776 2985 dexteram
2808 2936 3064 3001 ponendi.
3092 2939 3222 2996 Nam
3252 2947 3376 3016 quia

1779 3023 1939 3068 erunt
1957 3015 2170 3085 quidam
2191 3018 2493 3087 judicantes
2516 3038 2637 3079 cum
2663 3024 2909 3093 Domino,
2944 3028 3203 3089 habemus
3227 3015 3373 3108 aper-

1780 3104 2043 3162 tissimum
2102 3109 2463 3165 testimonium
2510 3115 2654 3184 quod
2702 3118 2862 3173 modo
2911 3104 3369 3185 commemora-vi:

1778 3196 2032 3251 Sedcbitis
2071 3216 2224 3270 super
2270 3201 2539 3257 duodecim
2580 3206 2742 3272 sedes,
2777 3208 3071 3279 judicantes
3108 3214 3373 3275 duodecim

1777 3287 1937 3341 tribus
1969 3286 2154 3346 Israel.

1848 3378 1900 3433 9.
1932 3378 2034 3435 Sed
2065 3380 2194 3435 dicit
2234 3382 2425 3454 aliquis
2458 3403 2471 3439 :
2500 3385 2782 3445 duodecim
2829 3392 2935 3448 illic
2964 3395 3203 3465 Apostoli
3231 3415 3366 3459 con-

1774 3469 2056 3538 sedebant,
2087 3489 2190 3528 non
2219 3476 2467 3545 amplius.
2499 3478 2595 3534 Ubi
2638 3496 2767 3554 ergo
2797 3487 2899 3540 erit
2927 3492 3200 3557 apostolus
3227 3495 3369 3552 Pau-

1773 3558 1896 3615 lus?
1924 3561 2190 3633 Numquid
2220 3564 2341 3621 inde
2368 3580 2645 3637 separatus
2672 3574 2817 3628 erit?
2848 3576 3001 3632 Absit
3022 3590 3081 3634 ut
3104 3582 3204 3637 hoc
3229 3585 3371 3643 dies.

1773 3666 1915 3716 mus,
1945 3653 2083 3709 absit
2112 3664 2170 3709 ut
2197 3655 2299 3710 hoc
2325 3659 2410 3714 vel
2442 3660 2600 3716 tacite
2626 3664 2942 3731 cogitemus.
2991 3671 3127 3737 Quid
3166 3675 3211 3730 si
3242 3691 3372 3748 ergo

1772 3742 1829 3800 ιη
1873 3744 1992 3799 loco
2019 3745 2170 3801 .luda:
2212 3747 2325 3818 ipse
2366 3752 2656 3809 residebit?
2684 3754 2791 3812 Sed
2834 3761 3193 3822 manifestavit
3220 3742 3370 3826 Scri-

1773 3843 1929 3905 ptura
1957 3836 2154 3901 divina,
2184 3839 2305 3908 quis
2349 3841 2400 3895 in
2442 3840 2594 3898 Juda:
2642 3846 2761 3902 loco
2791 3850 2861 3903 sit
2886 3851 3161 3913 ordinatus
3189 3876 3203 3913 :
3232 3860 3368 3917 Mat-

1773 3927 1913 3982 tltias
1938 3930 2079 3984 enim
2109 3939 2192 3985 est
2216 3947 2468 4002 expresse
2492 3939 2794 3996 nominatus
2821 3944 2872 3998 in
2892 3945 3116 4004 Actibus
3141 3951 3368 4022 Apostoo

1773 4018 1969 4087 lorum,
2002 4030 2059 4074 ut
2096 4020 2161 4076 dc
2191 4022 2283 4076 illo
2309 4023 2550 4081 dubitare
2575 4044 2679 4084 non
2711 4047 2990 4101 possemus
3018 4039 3152 4107 (Act.
3184 4018 3223 4108 ἱ,
3250 4043 3365 4116 26).

1771 4108 2009 4167 Cadcute
2048 4128 2176 4184 ergo
2216 4113 2387 4181 Juda,
2418 4116 2667 4188 impletus
2706 4134 2788 4178 est
2814 4141 3065 4184 numerus
3088 4108 3367 4193 duodena-

1770 4204 1904 4259 rius.
1931 4202 2066 4260 Cum
2096 4221 2224 4276 ergo
2253 4208 2342 4264 ille
2371 4226 2623 4269 numerus
2648 4214 3006 4276 duodeuarius
3026 4232 3368 4297 occupaverit

1768 4295 2053 4353 duodecim
2084 4299 2262 4369 sedes,
2295 4318 2399 4358 non
2421 4304 2679 4373 judicabit
2712 4310 2903 4367 Paulus
2932 4295 3242 4385 apostolus?
3280 4327 3364 4382 An

1769 4385 1908 4444 forte
1928 4399 2075 4444 stans
2101 4390 2401 4458 judicabit?
2431 4395 2547 4451 Non
2577 4398 2645 4452 ita
2672 4411 2752 4455 est
2783 4421 2795 4456 :
2828 4419 2932 4465 non
2962 4406 3115 4466 faciet
3151 4413 3249 4469 hoc
3275 4417 3365 4474 ille

1762 4477 1983 4549 justitize
2026 4484 2312 4541 retributor
2344 4505 2357 4541 :
2392 4503 2496 4544 non
2540 4492 2758 4548 omnino
2800 4504 2949 4553 stans
2979 4499 3239 4568 judicabit
3270 4512 3358 4580 qui

1765 4569 1887 4641 plus
1912 4573 2158 4629 omnibus
2189 4575 2293 4631 illis
2314 4576 2570 4636 laboravit
2598 4582 2639 4656 (Ι
2672 4583 2788 4639 Cor.
2819 4603 2916 4653 XV,
2952 4592 3058 4663 l0).
3088 4595 3247 4654 Certe
3276 4569 3360 4659 \l'el

1766 4659 1867 4718 iste
1897 4679 2031 4717 unus
2058 4668 2332 4735 apostolus
2360 4670 2553 4726 Paulus
2582 4676 2721 4745 cogit
2751 4693 2849 4733 nos
2876 4680 3182 4753 diligentius
3216 4694 3361 4763 cogi.

1764 4763 1880 4810 tare
1904 4766 1958 4810 et
1984 4761 2324 4826 perscrutari,
2356 4779 2518 4830 quare
2549 4764 2703 4824 dicta:
2734 4769 2839 4825 sint
2868 4772 3146 4833 duodecim
3178 4761 3355 4839 sedes.

1765 4843 2065 4902 Invenimus
2094 4850 2234 4903 enim
2263 4861 2317 4906 et
2339 4854 2472 4907 alios
2503 4872 2755 4911 numeros
2786 4860 2838 4914 in
2866 4861 3154 4934 Scripturis
3181 4877 3351 4928 multi-

1763 4937 1999 4993 tudinem
2026 4942 2410 5011 signilicantes.
2438 4946 2683 5017 Quinque
2725 4951 2956 5022 virgines
2984 4959 3282 5016 admittuuh
3305 4982 3353 5033 r,

1758 5030 1992 5100 quinque
2033 5033 2388 5090 excluduntur
2417 5037 2627 5105 (Matth.
2673 5057 2801 5111 xxv,
2849 5046 2936 5112 lO,
2970 5049 3085 5122 12).
3121 5030 3356 5113 υὲιίιειιοι

1760 5119 1994 5191 intelligo
2037 5124 2267 5193 virgines
2296 5144 2309 5180 :
2338 5127 2451 5183 sive
2480 5129 2535 5184 in
2562 5133 2807 5190 castitate
2849 5148 3010 5210 atque
3043 5119 3353 5216 integritate

1755 5215 1953 5279 cordis,
1987 5216 2074 5273 ubi
2124 5218 2283 5274 debet
2311 5221 2460 5293 virgo
2497 5239 2617 5281 esse
2662 5237 2771 5284 tota
2801 5230 3058 5303 Ecclesia,
3100 5215 3182 5292 cui
3214 5242 3349 5295 diei-

1758 5316 1862 5369 tur,
1894 5304 2207 5378 Desponsari
2232 5328 2315 5365 vos
2341 5315 2427 5369 uni
2468 5316 2593 5385 viro,
2621 5320 2865 5391 uirginem
2887 5336 3079 5380 castam
3118 5330 3351 5387 exhibere

1755 5397 1953 5455 Christo
1979 5400 2045 5470 (ll
2070 5401 2188 5456 Cor.
2232 5419 2308 5470 xt,
2333 5405 2425 5475 2);
2458 5408 2570 5466 sive
2607 5414 2658 5466 in
2688 5412 2771 5468 his
2799 5414 3009 5471 feminis
3038 5434 3156 5488 qua:
3184 5421 3345 5479 etiam

1751 5491 2108 5561 integritatem
2137 5497 2309 5551 carnis
2338 5497 2567 5557 dicatam
2599 5502 2795 5559 habent
2825 5507 2934 5563 Deo
2964 5527 2976 5563 :
3010 5513 3261 5582 tuunquid
3294 5516 3346 5572 in

1753 5593 1829 5639 tot
1858 5584 2089 5641 millibus
2118 5587 2246 5642 sola:
2273 5591 2503 5661 quinque
2546 5596 2711 5649 sunt?
2738 5595 2842 5651 Sed
2873 5598 2925 5653 in
2969 5600 3215 5671 quinario
3243 5622 3344 5661 nu-

1752 5692 1902 5733 mero
1924 5678 2235 5745 intelligitur
2259 5684 2583 5740 continentia
2605 5689 2839 5758 quinque
2860 5706 3110 5750 sensuum
3138 5703 3338 5758 carnis.

1750 5768 1959 5837 Etenim
1990 5772 2169 5828 multis
2214 5775 2357 5829 venit
2382 5780 2651 5848 corruptio
2678 5797 2772 5850 per
2795 5784 3002 5855 oculos,
3035 5790 3216 5847 multis
3246 5808 3346 5866 per

1749 5876 1953 5931 aurem,
2002 5864 2182 5922 multis
2209 5884 2303 5935 per
2329 5868 2571 5923 illicitum
2611 5871 2889 5943 olfactunl,
2918 5878 3098 5937 multis
3126 5897 3223 5954 per
3245 5864 3343 5944 ite-
