3942 6460
595 423 706 486 876

600 543 867 614 gabuntur
905 541 955 598 ei
981 541 1110 611 justi
1148 539 1284 610 ejus.
1320 538 1540 594 Vocavit
1579 545 1796 604 terram,
1841 547 1901 592 ut
1922 537 2190 592 discernat

602 637 855 706 populum
881 650 1057 689 suum.

675 728 757 782 14.
798 724 949 800 (vers.
980 722 1249 798 7.]Audi,
1303 727 1522 798 populus
1569 743 1727 789 naeus,
1771 735 1816 778 rt
1860 724 2036 794 loquar
2083 720 2188 776 tibi.

598 820 694 874 Ille
719 819 808 888 qui
836 820 1010 874 veniet
1032 829 1086 872 et
1114 834 1218 873 non
1241 819 1414 873 silebit
1440 862 1455 884 ,
1487 819 1664 874 vilctc
1689 818 1806 886 quia
1837 829 1887 872 et
1919 815 2116 878 modo,
2147 813 2192 868 si

598 912 828 972 auditis,
876 928 982 965 non
1026 911 1145 967 silet
1189 929 1202 964 :
1254 912 1415 976 Audi,
1459 912 1673 979 populus
1725 927 1900 973 meus,
1941 919 1983 960 et
2015 910 2193 977 loquar

595 1005 703 1058 (ibi.
741 1003 868 1058 Nam
899 1005 942 1058 si
973 1021 1076 1058 non
1095 1002 1266 1064 audis,
1299 1019 1402 1058 non
1437 1006 1618 1074 loquar
1643 1004 1754 1056 tibi.
1779 1002 1912 1055 Audi
1938 1011 1984 1053 et
2013 1002 2192 1069 loquar

595 1098 700 1149 tibi.
739 1097 866 1150 Nam
900 1097 944 1150 si
971 1113 1074 1150 non
1105 1096 1278 1163 audis,
1307 1097 1402 1150 etsi
1434 1097 1639 1164 loquar,
1684 1109 1788 1148 non
1823 1093 1934 1147 tibi.
1967 1090 2190 1158 Quando

597 1205 724 1257 ergo
749 1191 840 1243 tibi
868 1189 1058 1257 loquar
1076 1194 1100 1241 ζ’
1125 1187 1179 1243 Si
1207 1187 1381 1242 audis.
1418 1186 1640 1256 Quando
1666 1185 1854 1240 audis?
1877 1186 1930 1241 Si
1964 1183 2190 1254 populus

595 1302 750 1340 meus
778 1302 855 1340 es.
891 1285 1024 1338 Audi
1051 1286 1215 1350 cuitu,
1247 1284 1464 1355 papulas
1491 1300 1628 1337 meus
1653 1298 1672 1337 :
1699 1296 1801 1337 non
1823 1281 1998 1346 audis,
2026 1279 2070 1333 si
2098 1294 2192 1347 po-

600 1381 759 1449 pntus
797 1380 1020 1433 alienus.
1073 1379 1228 1443 Audi,
1292 1379 1693 1448 papnlusnteus,
1741 1386 1788 1430 et
1831 1376 2011 1445 loquar
2061 1373 2194 1438 tibi;

599 1472 789 1539 Israel,
820 1484 865 1528 et
901 1474 1205 1544 testificabor
1242 1474 1348 1527 tibi.
1372 1471 1551 1537 Israel,
1574 1470 1695 1525 audi
1721 1487 1737 1536 ;
1767 1469 1993 1541 pepulus
2020 1483 2192 1533 meus,

597 1566 746 1619 audi.
802 1565 963 1620 lsrael
1013 1581 1203 1621 nomen
1241 1565 1517 1622 electionis
1561 1572 1644 1619 est
1685 1580 1698 1617 :
1750 1560 1872 1616 Non
1920 1560 2191 1624 vocaberis,

600 1657 698 1717 ait,
728 1654 911 1721 Iacob,
941 1656 1029 1710 sed
1058 1655 1309 1711 vocaberis
1336 1653 1499 1710 Israel
1521 1653 1672 1726 (Gen.
1702 1669 1886 1719 xxxu,
1906 1652 2022 1721 28).
2053 1651 2196 1721 Ergo

602 1749 728 1804 audi
768 1750 905 1804 sicut
950 1748 1131 1815 Israel,
1175 1750 1310 1804 sicut
1353 1748 1540 1803 videns
1589 1748 1791 1811 Deum;
1823 1745 1924 1800 etsi
1961 1743 2195 1799 nondum

603 1841 805 1908 specie,
835 1842 926 1896 sed
953 1841 1064 1912 jam
1097 1841 1219 1897 lide.
1251 1841 1363 1898 Iloc
1401 1841 1544 1896 enim
1590 1841 1968 1908 interpretatur
2012 1835 2195 1902 Israel,

604 1932 804 1987 Videas
853 1933 1038 1988 Deum.
1104 1933 1202 2002 Qui
1260 1933 1418 1988 habet
1473 1947 1630 1986 aures
1674 1929 1957 1993 audiendi,
2018 1928 2198 1983 audiat

603 2023 819 2095 (Matth.
855 2041 926 2089 st,
961 2025 1086 2095 15):
1127 2035 1180 2079 et
1209 2026 1296 2093 qui
1329 2023 1488 2078 habet
1513 2023 1697 2079 oculos
1724 2020 1936 2077 videndi
1957 2062 1971 2083 ,
1999 2020 2195 2076 videat.

601 2116 762 2181 Audi,
782 2114 970 2180 Israel,
1011 2125 1058 2170 et
1099 2115 1404 2184 testiﬁcabor
1434 2115 1541 2168 tibi.
1589 2112 1742 2181 Quod
1788 2128 1998 2166 sursum
2041 2109 2195 2178 dixit,

605 2206 831 2279 papulas
863 2223 1036 2272 meus;
1079 2207 1182 2262 hoc
1224 2207 1274 2260 iu
1319 2207 1701 2277 consequenti,
1735 2203 1896 2261 Israel
1931 2222 1951 2260 :
1979 2215 2030 2260 et
2057 2206 2199 2275 quod

604 2301 743 2352 dixit
767 2314 1000 2359 sursum,
1031 2297 1211 2367 loquar
1241 2298 1363 2362 tibi;
1409 2298 1509 2352 hoc
1536 2298 1588 2352 in
1617 2297 1990 2368 consequenti,
2020 2297 2198 2366 testi/i-

602 2390 760 2444 cabor
784 2391 888 2444 tibi.
919 2390 1056 2458 Quid
1086 2391 1330 2460 loquetur
1359 2391 1612 2444 Dominus
1645 2391 1782 2446 Deus
1804 2399 1985 2445 noster
2006 2389 2201 2459 populo

602 2485 748 2537 suo?
773 2480 957 2537 lsracli
986 2497 1083 2536 suo
1107 2483 1232 2552 quid
1261 2483 1664 2539 tcstilicabitur'l
1692 2482 1979 2536 Audiamus
2005 2498 2017 2534 :
2041 2479 2195 2545 Deus,

604 2573 750 2630 Deus
772 2585 887 2629 tuus
910 2593 1002 2646 ego
1027 2592 1159 2630 sum.
1196 2575 1334 2630 Deus
1361 2590 1460 2646 ego
1489 2590 1630 2641 sum,
1671 2582 1727 2630 et
1758 2573 1894 2629 Deus
1917 2583 2034 2628 tuus
2060 2588 2198 2627 sum.

603 2666 892 2735 Quomodo
919 2666 1061 2721 Deus
1081 2684 1172 2738 ego
1189 2668 1344 2722 sum?
1369 2665 1518 2724 Sicut
1548 2667 1713 2739 Moysi
1737 2666 1934 2720 dictum
1958 2674 2060 2729 est,
2091 2663 2200 2735 Ego

609 2777 723 2814 sum
766 2759 850 2829 qui
894 2775 1004 2814 sum
1053 2760 1248 2830 (Exod.
1290 2776 1364 2825 Ill,
1414 2761 1528 2833 H).
1575 2758 1854 2828 Quomodo
1901 2755 2042 2812 Deus
2085 2767 2201 2811 tuus

608 2867 719 2904 sum
737 2852 763 2905 l
792 2849 901 2920 Ego
929 2866 1047 2905 sum
1077 2850 1214 2906 Deus
1240 2849 1529 2916 Abraham,
1553 2859 1608 2905 et
1631 2850 1769 2906 Deus
1795 2848 1962 2914 Isaac,
1985 2858 2036 2903 et
2063 2847 2202 2904 Deus

611 2942 798 2998 Jacob.
829 2943 958 2998 Sum
986 2943 1146 3008 Deus,
1175 2953 1230 2999 et
1259 2953 1382 2999 tuus
1409 2959 1525 2998 sum
1555 2943 1694 3000 Deus
1725 2961 1737 2996 :
1779 2951 1834 2996 et
1867 2941 1912 2996 si
1941 2951 2063 2997 tttus
2089 2956 2196 2997 non

610 3034 900 3122 situpeus,
927 3047 1048 3088 sum
1078 3034 1237 3088 Deus.
1267 3033 1416 3090 Bono
1444 3049 1564 3089 meo
1590 3050 1707 3090 sum
1737 3034 1910 3098 Deus,
1942 3034 2082 3088 malo
2113 3043 2203 3089 tuo

608 3142 714 3180 non
743 3140 862 3180 sum
896 3125 1034 3180 Deus
1061 3134 1200 3180 tuus.
1231 3125 1440 3180 Etenim
1467 3124 1609 3181 Deus
1635 3136 1770 3191 tuus,
1796 3125 1845 3181 ei
1877 3125 2089 3197 proprie
2124 3125 2206 3180 di-

606 3218 748 3272 citur
772 3233 930 3288 quem
959 3215 1268 3271 familiarius
1295 3218 1453 3273 habet
1481 3219 1640 3284 Deus,
1679 3228 1928 3287 tanquam
1958 3219 2010 3272 in
2048 3233 2204 3273 man-

599 3310 751 3378 cipio
795 3323 912 3372 suo,
943 3317 1190 3379 tanquam
1235 3308 1286 3363 in
1326 3309 1531 3377 peculio
1571 3324 1688 3365 suo.
1734 3305 1895 3374 Deus,
1921 3307 2062 3364 Deus
2087 3318 2205 3365 tuus

605 3413 724 3478 sum
752 3417 862 3472 ego.
891 3399 1026 3477 Quid
1059 3401 1136 3454 vis
1159 3400 1424 3472 amplius?
1450 3401 1734 3457 Prmmium
1772 3403 1969 3472 qumris
2008 3418 2037 3457 a
2071 3403 2199 3469 Deo,

609 3502 672 3546 ιιι
720 3491 918 3563 aliquid
955 3491 1046 3546 tibi
1088 3493 1179 3549 det
1209 3494 1366 3558 Deus,
1415 3505 1473 3549 ut
1515 3494 1656 3565 quod
1701 3495 1792 3550 tibi
1821 3494 2029 3550 dederit
2059 3507 2204 3552 tuum

613 3585 714 3638 sit?
745 3583 883 3640 Ecce
914 3584 1027 3654 ipse
1056 3585 1193 3641 Deus
1221 3586 1310 3658 qui
1352 3585 1518 3654 dabit,
1554 3596 1674 3643 tuus
1711 3594 1812 3641 cst.
1846 3585 1992 3657 Quid.
2020 3603 2086 3642 eo
2120 3588 2192 3642 di-

615 3675 818 3730 tius‘?
875 3675 1023 3733 Dona
1075 3680 1390 3749 qua'rebas,
1445 3680 1616 3750 ipsum
1674 3681 2202 3742 donatorembabes.

609 3765 772 3834 Deus,
804 3766 944 3824 Deus
968 3779 1082 3824 tuus
1107 3787 1196 3842 ego
1221 3787 1354 3824 sum.
1873 3754 1878 3758 ἢ

686 3861 772 3916 l5.
817 3857 965 3932 [vers
1000 3859 1076 3933 8.]
1119 3861 1256 3930 Quid
1299 3863 1488 3932 qumrit
1532 3864 1600 3920 ab
1645 3864 1884 3933 homine,
1907 3868 2201 3926 videamus.

611 3953 755 4007 Deus
779 3962 981 4016 noster,
1014 3955 1304 4022 imperator
1328 3964 1377 4009 et
1421 3971 1514 4010 rex
1543 3968 1726 4012 noSter
1747 4000 1759 4021 ,
1794 3959 1934 4030 quod
1979 3961 2204 4032 vectigal

610 4045 770 4099 nobis
791 4045 1011 4110 indicit;
1041 4046 1288 4117 tptouiatn
1333 4048 1498 4103 voluit
1529 4065 1646 4104 esse
1676 4066 1767 4106 rex
1795 4062 1996 4115 noster,
2033 4063 2088 4109 et
2113 4070 2206 4109 vo-

610 4139 712 4193 luit
737 4155 834 4193 nos
859 4155 979 4216 esse
1006 4141 1335 4210 provinciam
1358 4145 1547 4199 suam?
1569 4145 1862 4202 Audiamus
1889 4135 2205 4206 indictioncs

607 4235 750 4302 ejus.
799 4233 912 4288 Non
942 4236 1171 4305 trepidet
1213 4253 1412 4309 pauper
1439 4240 1536 4293 sub
1568 4241 1856 4297 indictione
1889 4244 1982 4299 Dei
2015 4263 2027 4298 :
2063 4246 2205 4314 quod

613 4325 716 4380 sibi
756 4325 896 4381 Deus
935 4326 1047 4380 dari
1080 4327 1281 4391 indicit,
1317 4331 1430 4398 ipse.
1474 4331 1620 4399 prius
1645 4332 1808 4386 donat
1847 4335 1935 4402 qui
1976 4334 2200 4390 indicit:

612 4431 711 4470 vos
735 4425 936 4472 tantum
973 4417 1149 4472 devoti
1177 4429 1366 4474 estote.
1396 4419 1509 4475 Non
1548 4421 1710 4491 exigit
1741 4423 1879 4478 Deus
1913 4425 2055 4494 quod
2097 4441 2204 4483 non

613 4507 781 4575 dedit,
810 4518 864 4564 et
895 4508 1142 4564 onmibus
1181 4509 1328 4566 dedit
1363 4511 1502 4580 quod
1541 4513 1721 4582 exigit.
1750 4514 1886 4581 Quid
1910 4516 2050 4572 enim
2087 4520 2203 4574 exi-

612 4599 732 4668 git?
759 4599 1051 4654 Audiamus
1075 4599 1184 4670 jam
1212 4618 1224 4654 :
1261 4600 1381 4655 Non
1412 4618 1564 4674 super
1589 4606 1840 4676 sacriﬁcia
1873 4619 1961 4662 tua
1991 4626 2203 4681 arguam

613 4703 676 4744 te.
706 4689 821 4744 Non
854 4690 949 4745 tibi
978 4691 1150 4746 dicam
1177 4708 1190 4746 :
1223 4689 1399 4759 Quare
1425 4709 1528 4748 non
1559 4697 1688 4752 mihi
1715 4697 1962 4770 pinguem
1992 4712 2204 4761 taurum

613 4782 894 4836 mactasti?
932 4797 1100 4853 quare
1140 4799 1245 4838 non
1289 4783 1356 4838 de
1393 4801 1553 4856 grege
1593 4797 1684 4842 tuo
1709 4793 1965 4860 optimum
1996 4792 2203 4853 hircum

610 4873 858 4943 elegisti?
883 4889 1048 4944 quare
1069 4875 1210 4930 aries
1238 4875 1328 4931 ille
1357 4877 1591 4933 ambulat
1621 4879 1671 4934 in
1699 4883 1886 4936 ovibus
1911 4886 2032 4949 tuis,
2066 4895 2118 4940 et
2147 4887 2202 4943 in

608 4980 700 5019 ara
728 4980 844 5019 mea
870 4981 974 5019 non
1004 4966 1258 5034 ponitur?
1289 4966 1404 5023 Non
1427 4969 1599 5024 dicam
1626 4989 1639 5024 :
1679 4971 1883 5044 Inspice
1904 4991 2058 5044 agros
2084 4986 2202 5032 tuos

607 5066 660 5110 et
699 5055 942 5110 chortem
986 5064 1151 5122 tuam,
1198 5067 1252 5113 et
1296 5059 1525 5129 parietes
1565 5069 1703 5130 tuos,
1744 5066 2034 5132 quaareudo
2074 5069 2201 5136 quid

609 5145 737 5199 tnihi
773 5145 891 5202 des.
944 5144 1066 5202 Non
1101 5164 1253 5218 super
1292 5151 1542 5221 sacriﬁcia
1584 5162 1673 5207 tua
1699 5171 1911 5226 arguam
1953 5167 2018 5210 te.
2063 5159 2200 5227 Quid

603 5241 776 5307 ergo?
804 5236 917 5292 Non
940 5247 1188 5309 acceptas
1215 5241 1473 5296 sacriﬁcia
1504 5244 1659 5299 mea?
1692 5243 2008 5302 Ilo/ocausta
2033 5235 2203 5305 autent

605 5339 692 5382 tua
730 5329 782 5382 in
827 5340 1098 5400 conspectu
1125 5347 1235 5386 meo
1275 5345 1392 5388 sunt
1432 5349 1647 5403 semper.
1696 5335 2013 5393 llolocansta
2053 5319 2205 5413 quze-I

603 5421 750 5486 dam,
772 5419 840 5478 de
864 5422 1057 5494 quibus
1083 5423 1135 5478 in
1165 5423 1272 5479 alio
1293 5426 1497 5495 psalmo
1521 5425 1735 5495 dicitur,
1769 5428 1829 5482 Si
1856 5431 2094 5488 voluisses
2114 5453 2198 5489 sa-

603 5513 875 5584 criﬁcium,
915 5514 1163 5571 dedissem
1201 5517 1406 5586 utique;
1450 5517 1757 5574 holocaustis
1785 5537 1886 5576 non
1914 5524 2194 5582 delectabeo

604 5608 677 5661 ris
709 5622 727 5661 :
755 5615 808 5660 et
852 5620 1036 5661 rursus
1075 5609 1342 5663 convertit
1384 5624 1464 5674 se,
1503 5610 1824 5682 Sacriﬁcium
1850 5613 1962 5671 Deo
1989 5593 2205 5688 ερὶιοιιιιί

603 5698 1008 5764 etmtribulatus;
1048 5716 1136 5754 cor
1164 5703 1432 5756 contritum
1469 5711 1515 5758 et
1556 5705 1878 5761 humiliatum
1915 5707 2059 5764 Deus
2086 5729 2188 5767 non

609 5844 706 5954 “ut:
723 5844 816 5888 1·ηά
841 5835 964 5897 Quid
1001 5849 1060 5888 eo
1078 5835 1311 5890 dulcius?
1331 5838 1552 5900 Melioris
1577 5850 1705 5894 noue
1736 5851 1865 5900 uss:
1890 5845 2012 5909 Quid
2043 5855 2090 5900 te
2113 5850 2189 5902 di.

1844 421 1903 479 s.
1945 419 2305 478 AUGUSTINI
2347 417 2649 500 EPISCOPI
3745 430 3815 490 sa

2299 535 2510 603 spernit.
2539 533 2668 602 Qua:
2692 543 2816 590 sunt
2843 547 2974 607 ergo
3006 535 3314 593 holocausta
3343 543 3468 607 qua”
3503 551 3602 592 non
3635 530 3815 612 spernit?

2298 630 2429 696 Quae
2459 629 2763 685 holocausta
2793 646 2913 700 qua:
2935 631 2986 684 in
3011 640 3301 701 conspectu
3331 630 3453 701 ejus
3480 641 3599 686 sunt
3621 642 3820 704 semp"?

2298 719 2542 792 Benigne,
2557 722 2744 790 inquit.
2762 725 2864 794 fac.
2880 721 3114 784 Domine,
3129 724 3182 776 in
3198 723 3333 777 bona
3350 721 3608 778 uoluntate
3621 735 3695 778 tua
3713 728 3815 798 Sion,

2300 825 2347 869 et
2375 816 2686 883 wdi/icentur
2713 818 2843 869 nturi
2869 815 3152 870 Jerusalem
3178 834 3197 872 :
3227 827 3352 870 tunc
3378 819 3655 884 arcepmliis
3678 826 3818 889 sacriﬁ-

2300 906 2432 960 rimn
2448 909 2663 975 jnstitia:
2690 908 2964 962 oblationes
2991 917 3038 961 et
3066 891 3369 962 holocausta
3398 907 3570 978 (Psal.
3593 925 3637 972 L,
3669 912 3816 983 l8-2l,.

2303 1000 2439 1054 Dicit
2479 1000 2720 1070 qua-dam
2765 1001 3072 1055 holocausta
3104 1001 3266 1056 Deum
3298 1013 3708 1072 aCC'L'l'tlalllrttm.
3729 1007 3816 1075 Qud

2300 1105 2380 1148 est
2422 1104 2599 1149 autem
2641 1095 3045 1149 holocaustum?
3090 1093 3281 1150 Totum
3336 1097 3466 1166 igne
3521 1097 3818 1170 absumptum-

2301 1190 2462 1250 καῦσις
2490 1189 2726 1243 incensio
2745 1197 2845 1254 est,
2886 1196 2992 1243 ιλω
3030 1199 3198 1244 totum
3225 1199 3311 1244 est
3345 1205 3361 1242 :
3402 1190 3737 1245 holocaustum
3761 1211 3819 1246 au-

2304 1291 2409 1336 tem
2440 1293 2521 1338 est
2569 1293 2736 1337 totum
2781 1285 2901 1353 igne
2944 1283 3309 1352 absumptum.
3368 1281 3470 1336 Est
3507 1282 3701 1352 quidam
3737 1287 3823 1355 ignis

2303 1373 2726 1445 ﬂagrantissima:
2764 1375 3083 1430 charitatis:
3123 1376 3339 1430 aninms
3384 1373 3822 1431 inﬂamtncuuctn.

2303 1467 2497 1529 ritate,
2551 1466 2771 1535 arripiat
2824 1465 3012 1522 eadem
3060 1466 3295 1521 charitas
3345 1468 3590 1522 membra
3637 1467 3680 1521 in
3724 1485 3819 1524 "sua

2302 1573 2456 1612 suum
2480 1598 2496 1624 ,
2545 1573 2646 1612 non
2678 1573 2740 1612 ea
2769 1558 3044 1628 permittat
3070 1559 3301 1612 militare
3331 1558 3631 1627 cupiditati,
3668 1570 3715 1614 ut
3734 1573 3816 1617 tua

2303 1650 2613 1705 exardescat
2664 1651 2783 1721 igne
2824 1650 3021 1705 amoris
3045 1650 3212 1704 divini
3254 1651 3349 1721 qui
3396 1652 3513 1704 vult
3556 1650 3730 1708 ol'ierrc
3755 1653 3806 1712 [ιν

2304 1741 2690 1798 holocaustum.
2734 1741 2880 1797 Talia
2931 1743 3226 1797 holocausta
3267 1753 3364 1796 tua
3392 1742 3450 1796 in
3489 1754 3805 1814 conspectus
3838 1761 3839 1814 ξ

2303 1847 2419 1892 sunt
2442 1853 2658 1900 semper.
3838 1841 3839 1900 ξ

2376 1929 2462 1986 16.
2505 1927 2654 2003 [vim
2684 1926 2766 2003 9.]
2804 1930 2994 1985 Adhuc
3018 1929 3118 1985 iste
3144 1927 3309 1983 Israel
3350 1927 3496 1984 forte
3529 1943 3629 1983 non
3649 1929 3812 1998 intelligit

2303 2035 2424 2090 quzc
2449 2021 2752 2074 holocausta
2781 2019 2898 2089 ejus
2927 2020 2978 2075 in
3005 2015 3296 2088 conspectu
3320 2033 3427 2074 suo
3459 2018 3645 2075 habeat
3663 2035 3812 2089 sempr,

2303 2124 2358 2170 et
2382 2113 2555 2170 adhuc
2579 2113 2647 2168 de
2677 2113 2866 2177 bobus,
2900 2112 2967 2169 de
2991 2113 3198 2175 ovibus,
3229 2113 3297 2168 de
3329 2111 3501 2167 hircis
3527 2113 3699 2180 cogitat
3723 2131 3732 2164 :
3753 2129 3814 2165 mm

2304 2205 2532 2275 cogitet;
2565 2204 2685 2260 Non
2709 2205 2957 2275 accipiant
2978 2204 3042 2258 de
3061 2204 3212 2260 domo
3234 2215 3324 2258 tua
3349 2205 3560 2258 vitulos.
3590 2204 3812 2259 llolocinsu

2305 2297 2570 2352 nominavi
2594 2313 2610 2362 ;
2635 2297 2743 2367 jam
2770 2298 2948 2352 animo
2979 2305 3031 2352 ct
3056 2297 3384 2366 cogitatione
3411 2298 3480 2351 ad
3509 2307 3719 2352 terrenos
3739 2315 3809 2368 gn.
3838 2295 3839 2368 ἦ

2303 2403 2398 2458 ges
2420 2390 2696 2453 currebas,
2727 2389 2848 2445 inde
2872 2389 3064 2461 pingue
3086 2389 3214 2442 mihi
3241 2388 3452 2459 aliquid
3480 2390 3719 2460 eligebat:
3744 2388 3812 2442 Ne:

2307 2481 2550 2550 accipiam
2579 2481 2643 2535 de
2683 2481 2834 2535 domo
2862 2491 2948 2534 tua
2979 2481 3180 2535 vitulos.
3216 2481 3554 2536 Prmnuntiat
3591 2481 3810 2535 Testimut-

2308 2582 2418 2626 tum
2447 2587 2662 2635 novum,
2693 2559 2794 2626 ubi.
2819 2573 2996 2627 omnia
3025 2573 3112 2627 illa
3145 2573 3417 2628 Sacrificia
3450 2583 3622 2627 vetera
3645 2581 3814 2629 cessate

2305 2672 2449 2716 runt.
2481 2663 2644 2717 Erant
2677 2663 2819 2718 enim
2863 2671 2987 2717 tunc
3018 2663 3435 2732 praenuntiantia
3464 2663 3679 2718 futurum
3704 2664 3806 2733 qual-

2306 2751 2428 2806 dam
2459 2752 2800 2818 sacriﬁcium,
2842 2754 2994 2822 cujus
3037 2754 3297 2823 sanguine
3341 2752 3717 2809 mandarentur.
3743 2753 3810 2806 lia:

2307 2847 2552 2917 accipiam
2589 2845 2654 2901 de
2679 2845 2830 2901 domo
2870 2857 2958 2900 tua
2994 2846 3198 2914 vitulos,
3226 2863 3393 2916 neque
3431 2847 3496 2902 de
3533 2846 3728 2919 gregibus
3753 2850 3805 2901 ait

2307 2939 2494 2997 hircos.

2380 3035 2467 3089 17.
2511 3033 2660 3107 [vers
2691 3032 2804 3108 10.]
2847 3033 3102 3102 Quoniam
3126 3050 3250 3090 mea:
3273 3044 3395 3090 sunt
3425 3051 3591 3090 onum
3612 3034 3740 3090 bestia
3755 3032 3804 3086 silc

2307 3143 2400 3182 ore.
2432 3126 2570 3195 Quid
2601 3143 2631 3182 a
2662 3136 2714 3182 te
2737 3142 2972 3197 t|ll:I‘.|‘3m
2999 3127 3140 3198 quod
3164 3142 3265 3199 ego
3286 3127 3543 3183 condidi?
3563 3127 3808 3198 Magisneest

2310 3219 2412 3275 hoc
2441 3229 2586 3274 tuum
2613 3220 2698 3274 cui
2731 3218 3003 3289 possidere
3027 3218 3148 3274 dedi
3173 3249 3203 3284 ,-
3231 3235 3399 3290 quam
3431 3234 3600 3276 meum
3624 3220 3696 3288 qui
3723 3214 3807 3269 hci?

2313 3312 2562 3381 Quoniam
2600 3327 2725 3367 mea
2762 3321 2881 3368 sunt
2917 3327 3090 3366 omnes
3128 3311 3299 3366 bestia!
3327 3313 3492 3368 silete.
3525 3310 3620 3365 Sed
3644 3309 3744 3362 forte
3766 3307 3804 3357 ait

2309 3405 2399 3461 ille
2426 3404 2609 3469 Israel,
2633 3406 2825 3461 Bestia:
2856 3405 2948 3461 Dei
2979 3415 3122 3470 sunt,
3151 3404 3256 3460 illae
3280 3406 3467 3462 bestize
3489 3404 3608 3459 ferte
3623 3409 3794 3472 quastus

2310 3498 2525 3554 include
2555 3499 2616 3554 in
2661 3497 2848 3557 chorte
2879 3513 2993 3578 mea
3020 3544 3038 3572 ,
3080 3513 3212 3575 quas
3243 3515 3353 3559 non
3382 3497 3540 3572 alligo
3565 3493 3624 3552 ad
3651 3503 3790 3567 prata

2311 3611 2486 3654 meum
2513 3613 2525 3653 :
2557 3605 2809 3655 eceteram
2839 3598 2936 3652 bos
2963 3600 3051 3654 ille
3079 3609 3134 3655 et
3171 3602 3287 3657 ovis
3318 3611 3375 3657 et
3403 3599 3592 3668 hircus,
3618 3610 3710 3652 mea
3729 3595 3791 3647 sui

2312 3687 2446 3745 haec.
2495 3690 2692 3746 Pecora
2715 3693 2768 3746 in
2795 3690 3049 3747 montibus
3073 3701 3118 3748 et
3145 3691 3310 3749 boves.
3347 3691 3460 3750 Mea
3503 3701 3617 3748 sont
3651 3687 3795 3755 illaqu

2309 3797 2414 3837 non
2460 3783 2698 3852 possides
2720 3827 2735 3849 ,
2765 3799 2884 3839 mea
2915 3795 3039 3840 sunt
3081 3787 3176 3840 ista
3208 3801 3329 3857 qua-
3362 3775 3688 3858 possides.,5i
3714 3776 3791 3833 alii!

2309 3889 2500 3952 servus
2527 3891 2676 3931 meus
2702 3891 2774 3954 es,
2792 3884 2846 3930 tu
2865 3920 2880 3940 ,
2915 3886 3082 3932 totum
3115 3879 3385 3948 peculium
3414 3889 3558 3932 tuum
3585 3888 3720 3928 meum
3737 3871 3793 3921 est

2309 3968 2491 4040 Neque
2534 3970 2678 4025 enim
2725 3978 2808 4025 est
2847 3970 3112 4041 peculium
3143 3971 3354 4027 Domini
3401 3970 3537 4043 quod
3564 3960 3648 4024 sibi
3678 3971 3791 4018 servas

2308 4066 2666 4132 comparavit,
2701 4071 2754 4117 et
2786 4078 2892 4117 non
2930 4063 3034 4118 erit
3071 4051 3339 4134 peculium
3380 4061 3580 4119 Domini
3603 4054 3711 4130 quod
3729 4054 3792 4121 ῖβε

2311 4155 2567 4211 Dominus
2586 4171 2745 4211 servo
2778 4157 2998 4212 creavit.
3025 4153 3166 4228 Ergo
3201 4173 3335 4213 mea:
3371 4165 3492 4213 sunt
3526 4151 3680 4208 bestia:
3705 4143 3789 4200 sibi

2309 4265 2440 4320 quas
2469 4261 2522 4305 tu
2553 4265 2656 4306 non
2685 4251 2872 4320 cepisti
2897 4268 2910 4314 ;
2940 4265 3056 4306 mea
3082 4262 3206 4306 sunt
3228 4259 3284 4308 et
3320 4265 3505 4324 pecora
3533 4245 3578 4300 in
3606 4233 3782 4299 montibl

2309 4357 2427 4410 qua:
2456 4353 2577 4397 sunt
2608 4353 2693 4398 tua
2714 4386 2729 4411 ,
2771 4353 2825 4399 et
2863 4345 3026 4399 boves
3055 4345 3144 4415 qui
3189 4355 3314 4400 sunt
3339 4345 3404 4398 ad
3436 4351 3646 4415 pncscpc
3668 4341 3784 4386 ωυωτ

2309 4436 2486 4490 omnia
2518 4451 2633 4491 mea
2664 4447 2811 4503 sunt,
2835 4437 2956 4507 quia
2986 4453 3086 4508 ego
3114 4440 3290 4494 creavi
3317 4456 3402 4496 ca.
3492 4435 3493 4438 “

2382 4527 2467 4582 18.
2511 4525 2660 4600 [vers.
2705 4479 2818 4602 {Li
2854 4469 3078 4600 lCognatiii
3113 4469 3290 4584 ξηῗιΐὶαι
3317 4469 3535 4586 :zlatilia
3567 4520 3673 4578 cali.
3697 4515 3782 4583 οικν

2310 4619 2468 4674 modo
2491 4619 2778 4690 cognovit?
2818 4621 3106 4691 Appcndit,
3147 4623 3460 4678 muneravit.
3488 4617 3601 4687 Quis
3629 4615 3782 4667 ιιοιιηιιτι

2310 4712 2451 4766 novit
2480 4712 2656 4766 omnia
2700 4712 2929 4767 volatilia
2970 4713 3133 4769 cmli'!
3168 4712 3273 4769 Sed
3310 4716 3408 4771 etsi
3446 4708 3585 4766 alicui
3615 4693 3780 4778 Drusi“

2309 4803 2547 4857 notitiam
2579 4804 2814 4856 omnium
2844 4805 3137 4860 volatilium
3169 4807 3311 4870 coeli,
3347 4823 3447 4862 non
3473 4804 3542 4857 sic
3568 4785 3776 4868 ipscnovit,

2307 4905 2364 4948 ut
2388 4895 2476 4949 dat
2504 4909 2661 4950 nosse
2692 4895 2911 4950 homini.
2955 4897 3074 4952 Alia
3115 4907 3197 4953 est
3238 4900 3419 4954 notitia
3446 4876 3774 4962 Ochum

2307 4987 2428 5040 nis:
2467 4988 2604 5041 sicut
2629 4989 2727 5040 alia
2761 4989 3026 5057 posseSsio
3072 4990 3204 5058 Dei,
3243 4975 3610 5048 am;
3643 4975 3795 5062 mihi

2305 5078 2445 5132 aliud
2472 5089 2554 5134 est
2580 5080 2856 5149 possidere
2891 5082 3006 5150 Dei,
3032 5083 3171 5138 aliud
3201 5086 3464 5156 possidere
3485 5067 3681 5134 hominis.
3701 5057 3769 5117 Νυο
3793 5083 3798 5156 ll!

2305 5172 2445 5226 enim
2474 5182 2528 5225 tu
2558 5173 2696 5242 quod
2729 5175 2991 5245 possides,
3019 5186 3186 5233 totum
3215 5179 3379 5236 babes
3404 5180 3450 5233 in
3481 5157 3766 5245 potest:~.lc,attt
3797 5165 3802 5232 ἶ

2304 5264 2555 5334 quamdiu
2585 5267 2724 5320 vivat
2767 5267 2863 5323 bos
2895 5278 3016 5324 tuus
3055 5270 3106 5325 in
3139 5281 3224 5326 tua
3256 5259 3502 5344 potestate
3534 5269 3628 5321 est.
3653 5249 3764 5334 ρυιυί

2307 5374 2408 5411 non
2436 5367 2638 5428 pereat,
2661 5369 2752 5413 aut
2780 5375 2886 5415 non
2914 5372 3180 5432 pascatur.
3205 5366 3355 5437 Apud
3379 5377 3517 5436 quem
3539 5349 3756 5410 sumunt”

2306 5460 2466 5504 testas
2493 5461 2596 5515 est,
2625 5468 2833 5506 summa
2870 5465 2924 5509 et
2953 5468 3156 5514 secreta
3182 5459 3407 5529 cognitio
3432 5462 3517 5511 est.
3543 5437 3759 5520 Tullianus
3782 5463 3786 5529 Ι

2306 5544 2405 5597 hoc
2453 5543 2579 5605 Deo,
2630 5544 2910 5602 laudantes
2950 5549 3136 5606 Deum.
3186 5527 3298 5608 Non
3328 5553 3578 5609 audeamus
3599 5527 3786 5606 dicm

2301 5633 2580 5704 Quomodo
2623 5641 2769 5694 novit
2816 5641 2991 5697 Deus?
3030 5644 3108 5701 Ne
3148 5645 3284 5704 forte
3328 5650 3419 5702 hoc
3451 5661 3477 5699 τι
3505 5652 3592 5696 πῖθ’
3616 5628 3777 5726 ΗΜ(

2299 5734 2624 5799 exspectetis
2678 5743 2734 5788 ut
2782 5738 3044 5806 explicem
3093 5742 3240 5796 vobis
3285 5738 3526 5815 quomodo
3561 5722 3769 5816 αῑιιιοεθιῚ

2301 5822 2472 5889 Deus;
2509 5823 2610 5879 hoc
2634 5827 2806 5883 solum
2842 5828 2963 5886 dico
3005 5851 3017 5885 :
3051 5850 3154 5890 non
3181 5837 3259 5892 sic
3285 5834 3524 5910 cognoscit
3549 5837 3592 5881 ut
3617 5819 3740 5912 Ῑιυνεςο

2298 5929 2404 5968 non
2435 5916 2512 5970 sic
2539 5921 2814 5989 cognoscit
2841 5933 2898 5978 ut
2931 5925 3184 5996 angelus;
3215 5940 3268 5985 et
3297 5907 3530 6001 quomodo
3546 5907 3744 5988 60M.
