3942 6440
58 373 152 439 577

56 487 220 551 'dicere
262 502 367 543 non
410 484 605 549 audeo,
652 481 905 555 quoniam
946 489 1003 537 et
1041 480 1181 537 scire
1229 496 1334 534 non
1379 493 1619 549 possum.

72 586 214 644 Unttnt
246 590 421 634 tamen
466 576 577 632 seio
599 618 615 640 ,
646 575 769 645 quia
801 584 853 630 et
892 584 1177 644 antequam
1223 581 1405 627 essent
1446 571 1625 625 omnia

71 674 266 728 volatilia
313 670 458 736 cmli,
506 675 732 724 noverat
775 667 915 721 Deus
952 666 1093 734 quod
1131 665 1299 719 fuerat
1327 675 1623 719 creaturos.

70 772 171 839 ριιιυ
190 777 269 821 est
295 766 382 822 illa
407 763 631 818 notitia?
657 760 701 817 Ο
727 762 907 827 Ιιοηιο,
933 760 1113 815 videre
1138 759 1345 829 empiin
1374 759 1624 824 volatilia,

68 869 223 937 postea
250 873 407 929 quam
451 855 742 925 plasmatus
770 868 830 907 es
849 894 863 917 ,
898 861 1079 921 postea
1109 866 1268 921 quam
1299 865 1515 905 sensum
1546 850 1627 933 vi.-

44 926 197 1041 1ιΙιτιιιΙί
240 949 510 1017 accepisti.
542 947 669 1002 Ilzcc
707 946 942 1002 volatilia
982 944 1050 1000 de
1079 960 1213 1014 aqua
1259 954 1379 999 nata
1409 950 1535 998 sunt
1561 926 1630 997 ad

66 1048 260 1100 verbum
295 1043 408 1105 Dei,
437 1040 668 1095 dicentis
693 1057 706 1092 :
738 1036 1032 1091 Producant
1056 1051 1201 1106 aqua:
1226 1032 1453 1089 volatilia
1475 1032 1627 1104 (Gen.

64 1158 89 1204 t,
115 1138 214 1207 20).
250 1135 350 1192 Ubi
379 1143 597 1189 noverat
622 1133 760 1187 Deus
779 1148 898 1201 qum
932 1129 1227 1199 imperabat
1259 1139 1315 1182 ιιι
1339 1143 1475 1197 aqua
1501 1142 1630 1196 pro-

63 1228 239 1284 ferret!
268 1227 384 1282 .lam
411 1237 557 1281 certe
584 1232 803 1278 noverat
825 1221 968 1293 quod
997 1228 1238 1283 crearat,
1269 1230 1323 1274 et
1347 1228 1629 1289 antequam

58 1329 247 1376 Crearrl.
276 1326 516 1373 noverat.
546 1315 712 1370 Tanta
743 1324 824 1369 est
854 1328 983 1383 ergo
1022 1312 1205 1367 notitia
1238 1310 1365 1377 Dei,
1408 1319 1465 1364 ιιι
1490 1309 1631 1380 apud

58 1412 214 1483 ipsum
234 1419 416 1466 essent
438 1407 667 1480 quodam
692 1405 942 1461 ineffabili
966 1404 1126 1459 modo
1144 1413 1427 1474 antequam
1453 1410 1630 1458 creata

54 1514 221 1559 essent
243 1520 255 1554 :
280 1513 336 1556 et
372 1515 401 1553 ιι
436 1508 487 1553 te
522 1506 799 1567 exspectat
828 1506 887 1550 ιιι
911 1495 1135 1563 accipiat
1165 1493 1307 1566 quod
1346 1503 1632 1563 antequam

53 1604 249 1652 crearet
276 1593 544 1649 habebat?
573 1590 792 1663 Cognovi
818 1591 988 1644 omnia
1014 1589 1237 1643 volatilia
1260 1587 1373 1642 coeli
1390 1628 1404 1651 ,
1436 1600 1555 1656 qua)
1578 1596 1633 1639 tu

54 1691 168 1744 mihi
202 1704 311 1743 non
354 1697 508 1759 potes
543 1670 693 1740 dare.
730 1684 861 1751 Qua:
901 1692 956 1737 tu
997 1680 1127 1736 tnilti
1173 1688 1500 1734 mactaturus
1545 1692 1624 1744 es,

51 1796 142 1851 ego
168 1779 390 1849 cognovi
418 1776 597 1831 omnia
623 1793 637 1829 :
670 1790 779 1830 non
804 1773 927 1844 quia
955 1772 1052 1828 feci
1076 1770 1321 1841 cognovi,
1351 1768 1446 1825 sed
1474 1777 1531 1822 ut
1557 1766 1635 1821 fa-

52 1888 242 1929 cerem.
289 1868 359 1923 Et
403 1870 593 1941 species
628 1868 738 1939 agri
778 1882 974 1920 mecum
1003 1875 1095 1919 est.
1127 1863 1472 1919 Pulchritudo
1498 1862 1632 1933 agri,

57 1964 259 2021 ubertas
297 1964 534 2016 omnium
562 1961 616 2014 in
644 1968 784 2014 terra
814 1956 1167 2028 gignentium,
1197 1971 1391 2008 mecum
1420 1962 1513 2017 εει,
1550 1954 1645 2027 ιιι--

54 2058 175 2129 quit.
200 2054 480 2123 Quomodo
505 2069 625 2108 cum
648 2052 770 2106 illo?
801 2050 988 2107 Utrum
1010 2062 1064 2105 et
1092 2059 1376 2119 antequam
1410 2048 1637 2104 tierent?

53 2149 173 2205 Cum
208 2147 298 2201 illo
328 2148 472 2203 enim
503 2154 656 2200 erant
682 2145 862 2199 omnia
890 2143 1062 2197 futura
1083 2184 1097 2208 ,
1136 2152 1190 2197 et
1227 2157 1347 2196 cum
1377 2141 1470 2194 illo
1512 2149 1637 2195 sunt

52 2241 224 2296 omnia
255 2237 525 2311 prmterita
569 2253 583 2290 :
621 2236 799 2291 futura
832 2236 936 2299 ita,
972 2243 1162 2289 utnon
1203 2235 1251 2288 ei
1292 2233 1640 2288 detrahantur

55 2334 222 2389 omnia
268 2331 561 2403 pneterita.
616 2330 753 2385 Cum
797 2328 889 2383 illo
931 2338 1056 2383 sunt
1102 2327 1280 2381 omnia
1333 2326 1640 2397 cegnitioae

58 2428 274 2497 quadam
308 2424 590 2481 inell'abilis
609 2423 895 2491 Sapientia:
925 2422 1018 2477 Dei
1045 2423 1099 2475 itt
1121 2420 1299 2475 Verbo
1324 2420 1636 2485 constituta,

63 2530 107 2577 et
140 2522 315 2591 ipsum
348 2518 583 2574 Verbum
613 2518 628 2549 ⁸
656 2516 857 2571 omnia.
892 2516 973 2570 An
1013 2515 1189 2585 aliquo
1214 2512 1374 2568 modo
1396 2528 1517 2567 cum
1550 2512 1641 2566 illo

69 2624 132 2671 at
156 2612 272 2685 agri
296 2611 529 2681 species,
564 2608 685 2680 quia
716 2609 828 2677 ipse
858 2602 1053 2677 ubique
1080 2614 1184 2670 est,
1226 2615 1278 2658 et
1318 2604 1431 2672 ipse
1457 2602 1592 2657 dixit
1624 2620 1637 2656 :

65 2706 242 2761 Ctrlmn
268 2712 315 2758 et
344 2713 531 2757 terram
557 2717 647 2771 ego
685 2699 871 2770 impleo
897 2698 914 2765 (
936 2697 1126 2752 Jerem.
1161 2711 1309 2759 χχιιι,
1336 2695 1479 2765 ‘24)?
1505 2694 1643 2761 Quid

62 2814 172 2854 cum
206 2798 303 2853 illo
333 2811 438 2849 non
466 2802 568 2857 est,
598 2792 665 2847 de
694 2806 799 2862 quo
823 2790 1016 2844 dicitur
1045 2808 1058 2842 :
1086 2788 1147 2844 Si
1171 2789 1440 2841 ascendere
1469 2788 1520 2839 in
1548 2804 1639 2839 εαξη

62 2892 197 2957 litat,
245 2900 301 2943 tu
333 2888 438 2942 illic
480 2903 568 2950 es,
599 2884 718 2939 etsi
767 2882 1066 2936 descendero
1110 2881 1161 2934 in
1201 2878 1485 2949 infernum,
1527 2882 1645 2932 ades

64 2980 231 3053 (Ptol.
257 2994 515 3040 cxxxvnt,
554 2975 649 3047 8)?
679 2976 810 3030 Cum
843 2973 1043 3028 illoest
1073 2981 1239 3027 totntn
1272 2973 1402 3026 :sed
1436 2988 1539 3026 non
1569 2973 1647 3026 sic

44 3088 176 3131 tcum
207 3072 295 3127 illo
322 3080 425 3129 est.
451 3079 507 3124 ut
526 3068 757 3138 aliquam
789 3081 857 3121 ex
888 3066 971 3120 bis
998 3080 1117 3135 qua:
1141 3064 1343 3120 ereavit
1370 3064 1644 3133 contagio-

66 3183 207 3232 uetu.
228 3173 526 3220 auteorum
557 3150 900 3230 indigentiam
933 3159 1182 3227 patiatur.
1207 3156 1335 3212 Nam
1369 3165 1540 3211 tecum
1568 3164 1650 3211 est

38 3246 39 3249 “
65 3257 199 3314 forte
224 3256 469 3312 columna
492 3254 643 3324 juxta
669 3267 826 3322 quam
857 3261 988 3314 stas,
1013 3258 1068 3303 et
1094 3264 1213 3304 cum
1257 3247 1502 3318 fatigatus
1533 3247 1648 3301 fue-

61 3351 152 3415 ris,
185 3348 451 3406 incumbis
478 3348 529 3402 in
558 3361 699 3401 eam.
720 3344 928 3414 Indiges
956 3358 1022 3397 eo
1050 3341 1191 3413 qttod
1218 3351 1393 3397 tecum
1414 3349 1517 3405 est,
1543 3357 1648 3395 non

65 3440 270 3511 hdiget
306 3439 444 3495 Deus
481 3452 609 3508 agro
647 3435 736 3506 qui
774 3450 894 3490 cum
938 3434 1028 3489 illo
1065 3441 1169 3489 est.
1197 3433 1331 3488 Cum
1373 3433 1464 3488 illo
1500 3448 1646 3503 ager,

62 3550 185 3592 eum
218 3535 302 3591 illo
326 3533 536 3604 species
559 3541 736 3596 terrm,
759 3545 880 3584 cum
906 3528 998 3583 illo
1023 3527 1229 3597 species
1249 3527 1391 3585 cmli.
1415 3542 1535 3583 cum
1561 3526 1652 3581 illo

65 3614 247 3683 omnia
290 3625 561 3689 volatilia,
605 3623 727 3694 quia
776 3622 888 3691 ipse
930 3620 1146 3690 ubique.
1194 3618 1263 3674 Et
1308 3633 1471 3689 quare
1513 3618 1652 3688 apud

70 3721 242 3791 ipsum
275 3718 497 3774 omnia?
532 3717 666 3784 Quia
708 3724 760 3770 et
790 3723 1072 3781 antequam
1108 3721 1290 3770 essent
1326 3712 1530 3777 omnia,
1562 3720 1656 3767 aut

68 3820 400 3875 crearentur,
421 3810 470 3865 ei
496 3818 618 3863 nota
639 3816 792 3863 erant
812 3805 1009 3859 omnia.

137 3902 235 3960 i9.
271 3902 431 3976 [verm
474 3900 588 3971 ιιι]
627 3899 756 3969 Quis
797 3897 1067 3967 ettplieat,
1106 3896 1226 3966 quis
1262 3896 1481 3965 exponit
1526 3894 1655 3950 illud

65 3993 218 4067 quod
259 3995 307 4051 ci
355 3993 552 4048 dicitur
596 3991 647 4044 in
692 3990 796 4044 alio
840 3990 1066 4060 psalmo,
1114 3987 1365 4051 Quoniam
1412 3989 1659 4043 bonorum

65 4103 294 4145 nieorum
323 4102 422 4140 non
446 4100 561 4155 eges
585 4081 757 4155 (Psal.
790 4096 882 4144 xv,
908 4080 1003 4151 ‘2)?
1034 4078 1148 4133 Non
1176 4093 1235 4133 se
1261 4093 1418 4149 egere
1442 4094 1471 4131 a
1505 4078 1658 4134 nobis

65 4180 251 4251 aliquo
293 4176 596 4233 necessario
638 4173 793 4230 dixit.
839 4172 899 4228 Si
930 4172 1186 4238 esui-iero,
1225 4188 1326 4225 nou
1355 4172 1521 4225 dicam
1547 4171 1654 4224 tibi.

63 4262 189 4329 Non
218 4258 438 4332 esuriat.
464 4284 637 4337 neque
660 4267 824 4331 sitiet,
850 4279 1021 4333 neque
1051 4264 1331 4329 laborabit,
1361 4278 1533 4333 neque
1557 4263 1659 4318 ob-

70 4356 306 4421 damnet
330 4362 419 4432 qui
448 4358 679 4416 custodit
710 4357 868 4414 Israel
896 4354 1084 4430 (Psal.
1114 4371 1244 4421 cxx,
1274 4355 1308 4411 4
1333 4365 1370 4424 ).
1402 4353 1507 4411 Sed
1534 4369 1662 4409 ecce

75 4454 368 4525 secundum
413 4452 779 4507 carnalitatcm
817 4459 957 4504 tuam
994 4450 1189 4519 loquor
1230 4464 1244 4502 :
1286 4448 1409 4517 quia
1444 4455 1497 4501 tu
1539 4461 1662 4502 cum

38 4534 183 4669 res
224 4544 658 4609 manducaveris,
706 4541 899 4597 famem
949 4541 1192 4612 patieris.
1237 4540 1375 4594 forte
1413 4548 1566 4609 putas
1610 4548 1665 4593 et

78 4638 241 4669 lo...—
295 4639 501 4669 Apllo-:l-A
530 4646 581 4669 nl
620 4634 901 4669 nxnnilnonl
960 4631 1073 4669 Plui
1118 4629 1360 4669 (saturior-il
1434 4645 1538 4669 mm
1572 4630 1662 4669 ΙΗιί

52 4629 244 4699 [Delum
294 4639 501 4697 esurire
529 4646 586 4691 ut
620 4634 926 4689 manducet.
960 4631 1076 4686 Etsi
1118 4629 1399 4695 esuriet-it,
1434 4645 1538 4684 non
1572 4630 1663 4684 tibi

69 4731 209 4793 dicit
242 4747 262 4788 :
306 4730 485 4786 omnia
524 4737 648 4783 ante
678 4726 823 4780 illum
855 4732 980 4779 sunt
1000 4764 1016 4786 ,
1045 4722 1186 4777 unde
1213 4722 1325 4776 vult
1355 4721 1494 4777 tollit
1523 4720 1666 4790 quod

68 4824 151 4881 illi
177 4824 541 4883 necessarium
565 4832 666 4877 est.
694 4821 841 4874 Dicta
861 4827 987 4871 suttt
1013 4815 1126 4870 haec
1154 4814 1219 4869 ad
1245 4814 1665 4870 convincendum

68 4921 358 4989 parvulum
389 4932 623 4980 sensum,
658 4930 763 4970 non
794 4912 914 4984 quia
956 4909 1229 4981 professus
1268 4917 1351 4964 est
1379 4909 1519 4962 Deus
1543 4922 1668 4961 esu-

67 5013 214 5069 riem
240 5025 414 5065 suam.
444 5010 756 5078 Quanquam
791 5013 1010 5075 propter
1039 5016 1136 5056 nos
1166 5002 1306 5055 licus
1333 5000 1419 5054 ille
1449 4999 1669 5052 deorum

68 5111 131 5159 el.
179 5103 389 5160 esurire
415 5102 664 5171 dignatus
703 5107 806 5153 est.
836 5095 996 5153 Venit
1039 5094 1246 5149 esurire
1294 5103 1344 5146 et
1392 5092 1669 5162 Sagittare,

70 5197 233 5252 venit
250 5195 401 5251 sitire
424 5204 479 5249 et
505 5202 686 5260 potum
713 5190 861 5252 dare,
891 5190 1034 5243 venit
1057 5185 1240 5241 vestiri
1270 5184 1594 5239 mortalitate
1620 5190 1674 5236 et

60 5264 284 5352 hostire
312 5285 709 5342 immortalitate
727 5325 742 5339 .
786 5282 936 5337 venit
964 5296 1167 5352 panper
1193 5280 1389 5334 divites
1417 5277 1672 5331 lat-tutus.

132 5378 299 5435 tenim
326 5394 433 5434 non
465 5377 693 5450 perdidit
712 5374 926 5430 divitias
948 5388 1074 5443 suas
1094 5371 1419 5427 assumenda
1451 5385 1675 5438 pauper-

78 5476 254 5527 tatem
302 5482 570 5537 nostram,
622 5471 744 5541 quia
798 5468 853 5521 in
907 5466 1000 5522 illo
1029 5476 1153 5521 sunt
1204 5480 1392 5520 omnes
1443 5463 1674 5518 thesauri

78 5562 365 5635 Sapientia:
395 5573 451 5620 et
494 5562 732 5619 scientia:
764 5558 1062 5617 absconditi
1108 5557 1326 5631 (Coloss.
1379 5573 1439 5622 ιι,
1489 5557 1568 5625 5).
1616 5556 1678 5609 Si

73 5657 335 5726 auriam,
379 5675 480 5713 non
508 5656 676 5711 dicam
716 5652 825 5709 tibi.
858 5651 1005 5707 Meus
1041 5663 1114 5708 est
1139 5654 1271 5709 enim
1299 5652 1437 5708 orbis
1466 5662 1612 5706 terra:
1633 5663 1679 5705 et

74 5811 745 5925 ὢιωιψυιιιιιαλιιί.
769 5776 817 5863 ά
835 5809 889 5861 ιιι
914 5809 1035 5873 ipso.
1058 5809 1206 5873 add,
1239 5818 1285 5861 et
1306 5810 1359 5862 in
1377 5807 1535 5873 ipsum
1563 5817 1680 5859 ra-

1135 361 1535 419 ENARRM‘ID
1572 361 1639 418 IN
1676 361 1999 420 Ρελιιιυιι
2036 363 2226 422 XLIX.

3210 370 3317 430 578

1734 480 1991 549 plenitudo
2020 481 2148 551 ejus.
2178 480 2294 536 Noli
2319 496 2447 553 ergo
2474 481 2719 539 laborare
2741 481 2867 555 quid
2893 483 3024 539 mihi
3049 482 3168 551 des,
3201 486 3321 545 sine

1729 572 1915 630 labore
1944 573 2115 629 habeo
2137 574 2279 645 quod
2311 576 2454 628 volo.

1801 668 1892 723 ‘20.
1934 665 2083 741 [ven
2131 665 2246 741 13.]
2283 666 2420 731 Quid
2450 682 2580 738 ergo
2603 666 2672 723 de
2710 667 2958 739 gregibus
2999 669 3105 724 tuis
3147 669 3322 726 adhuc

1732 760 1974 831 cogitas?
2019 757 2285 829 Numquid
2326 759 2641 813 manducabo
2682 776 2859 814 carnes
2905 771 3187 825 taurorum,
3232 768 3322 817 aut

1732 852 2029 923 sanguinem
2050 852 2305 915 hircorum
2326 851 2508 923 potabo
2524 852 2550 905 1’
2574 850 2806 905 Audistis
2826 852 2955 921 quid
2982 868 3011 906 a
3037 853 3191 907 nobis
3215 870 3321 908 non

1734 954 1956 1015 quarrat,
1988 945 2074 1015 qtti
2108 945 2288 1000 nescio
2312 943 2438 1014 quid
2470 943 2621 999 nobis
2649 945 2759 999 vult
2788 944 3039 1001 indicere.
3068 945 3122 1001 Si
3149 946 3215 1001 de
3248 957 3324 1001 ta-

1736 1036 1873 1091 libus
1898 1035 2235 1106 cogitahatis,
2274 1035 2385 1103 jam
2430 1034 2634 1089 auferte
2662 1035 3011 1105 cogitationes
3055 1046 3263 1092 vestras
3292 1054 3323 1094 a

1738 1128 1933 1183 talibus
1963 1128 2124 1183 rebus
2153 1144 2168 1181 :
2200 1126 2333 1181 nihil
2365 1126 2468 1181 tale
2497 1126 2605 1181 Deo
2632 1126 2829 1181 olTerre
2854 1127 3116 1197 cogitetis.
3147 1128 3201 1185 Si
3229 1127 3326 1184 Ita-

1738 1219 1834 1275 bes
1864 1229 2071 1274 taurum
2107 1219 2377 1289 pinguem,
2400 1218 2586 1275 occide
2618 1219 2939 1288 pauperibus
2964 1236 2978 1272 :
3003 1219 3328 1277 manducent

1739 1311 1837 1382 ipsi
1864 1326 2053 1367 carnes
2079 1321 2374 1377 taurorum,
2404 1311 2503 1365 etsi
2535 1327 2638 1365 non
2668 1310 2849 1366 bibent
2874 1312 3185 1383 sanguinem
3211 1313 3325 1367 Itir-

1737 1419 1942 1458 corum.
1984 1402 2138 1470 Quod
2186 1417 2306 1457 cum
2357 1403 2577 1461 feceris.
2630 1402 2909 1471 imputabit
2956 1403 3049 1457 tibi
3098 1403 3188 1459 ille
3234 1403 3330 1473 qui

1738 1496 1890 1559 dixit,
1926 1497 1987 1551 Si
2012 1497 2232 1551 esuriero
2253 1537 2265 1557 ,
2297 1511 2399 1548 non
2428 1495 2596 1548 dicam
2622 1494 2747 1556 tibi;
2776 1503 2829 1549 et
2855 1494 2996 1550 dicet
3027 1495 3119 1549 tibi
3141 1535 3156 1559 ,
3190 1493 3331 1550 Esu-

1738 1589 1851 1654 rivi,
1902 1598 1948 1643 et
1997 1588 2183 1642 dedisti
2228 1588 2352 1641 milii
2394 1587 2702 1641 manducare
2744 1586 2972 1658 (Matth.
3022 1604 3150 1655 xxv,
3199 1589 3327 1659 55).

1742 1682 2007 1753 Numquid
2041 1680 2355 1735 mandueabo
2383 1697 2561 1735 carnes
2590 1689 2884 1747 taurorum,
2916 1690 3005 1733 aut
3032 1682 3332 1754 sanguinem

1740 1776 1993 1830 hircorum
2023 1774 2203 1847 potabo
2220 1775 2247 1829 .’

1809 1868 1901 1922 2|.
1943 1864 2104 1939 [vers.
2152 1864 2267 1939 14.]
2311 1867 2405 1922 Dic
2451 1880 2616 1936 ergo,
2666 1864 2892 1920 Domine
2938 1864 3078 1921 Deus
3127 1874 3367 1937 noster,

1741 1962 1866 2033 quid
1900 1961 2090 2015 indicis
2121 1961 2316 2030 p0pulo
2345 1969 2458 2024 tuo,
2490 1958 2674 2014 lsraeli
2705 1957 2833 2011 tuo?
2866 1955 3081 2011 lunnola
3110 1955 3221 2012 Deo
3248 1975 3335 2014 sa-

1742 2052 1988 2121 eri/icium
2034 2052 2224 2105 laudis.
2273 2051 2520 2106 Dicamus
2566 2048 2642 2103 illi
2686 2058 2741 2104 ct
2783 2054 2881 2104 nos
2927 2066 2941 2103 :
2983 2048 3051 2103 In
3090 2065 3167 2104 me
3191 2060 3332 2117 sicut,

1742 2144 1902 2210 Deus,
1934 2154 2047 2199 vota
2076 2154 2183 2208 tua,
2210 2160 2324 2216 quce
2351 2143 2560 2198 reddam
2587 2144 2754 2197 laudis
2781 2143 2870 2196 tibi
2902 2140 3071 2214 (Psal.
3101 2160 3187 2211 LV,
3217 2144 3332 2216 1‘2).
3400 2134 3403 2159 ³

1743 2238 2077 2306 Expaveram
2105 2251 2171 2291 ne
2198 2236 2395 2307 aliquid
2426 2235 2690 2291 indicercs
2714 2234 2857 2305 quod
2882 2244 3024 2290 esset
3047 2248 3195 2291 extra
3227 2251 3334 2301 nte,

1743 2328 1884 2399 quod
1916 2328 2291 2397 cmnputabam
2324 2328 2376 2381 in
2404 2326 2592 2382 chorte
2613 2341 2757 2391 mea,
2783 2334 2835 2381 et
2865 2342 2893 2378 a
2926 2324 3042 2381 fure
3065 2325 3174 2396 jam
3202 2326 3339 2383 forte

1744 2421 1979 2476 ablatum
2010 2432 2149 2476 erat.
2195 2420 2330 2490 Quid
2363 2420 2493 2476 mihi
2526 2418 2756 2475 indicis?
2797 2418 3016 2474 lmmola
3047 2418 3157 2475 Deo
3180 2422 3340 2477 sacri-

1746 2515 1917 2583 [icium
1946 2514 2136 2569 laudis.
2170 2513 2251 2569 Ad
2282 2528 2367 2568 me
2392 2511 2628 2577 redeam,
2657 2512 2744 2567 ubi
2778 2512 3042 2567 inveniam
3071 2513 3213 2583 quod
3243 2515 3342 2568 im-

1748 2607 1941 2661 molem
1974 2624 1987 2660 :
2019 2605 2086 2660 ad
2128 2620 2214 2660 me
2241 2605 2493 2669 redeam,
2531 2604 2582 2658 in
2613 2618 2698 2657 me
2744 2604 3008 2659 inveniam
3037 2603 3209 2659 laudis
3236 2604 3341 2659 im-

1748 2700 2093 2755 molationem
2124 2716 2137 2752 :
2169 2700 2240 2754 sit
2264 2714 2354 2751 ara
2389 2705 2475 2752 tua
2496 2739 2511 2762 ,
2540 2696 2869 2753 conscientia
2901 2712 3019 2754 mea
3045 2698 3085 2753 ⁸.
3119 2697 3342 2752 lmmola

1751 2790 1859 2846 Deo
1902 2792 2212 2860 sacri/icium
2259 2789 2447 2843 laudis.
2496 2788 2681 2844 Securi
2727 2804 2931 2853 sumus,
2981 2805 3086 2844 non
3119 2789 3260 2845 imus
3288 2790 3343 2846 in

1752 2886 2004 2938 Arabiam
2039 2885 2158 2938 tlttts
2181 2897 2448 2954 qumrere,
2480 2898 2583 2937 non
2614 2883 2851 2937 sarcinas
2873 2883 3018 2937 avari
3049 2884 3347 2955 negotiato-

1751 2977 1826 3031 ris
1873 2976 2171 3029 excutimus
2213 2992 2226 3027 :
2279 2973 2600 3029 sacrificium
2652 2972 2826 3028 laudis
2869 2973 3061 3044 qnzerit
3108 2988 3139 3027 a
3187 2975 3345 3031 nobis

1756 3069 1912 3123 Dens.
1963 3066 2204 3122 Ilabebat
2246 3066 2349 3121 hoc
2393 3065 2711 3121 sacrilicium
2757 3066 2930 3121 laudis
2959 3065 3245 3122 Zaccltzeus
3294 3069 3345 3124 in
3402 3044 3413 3061 Χ

1754 3162 2074 3232 patrimonio
2098 3178 2216 3226 suo,
2250 3160 2478 3215 habebat
2504 3160 2665 3215 vidua
2698 3160 2749 3214 in
2777 3161 3007 3217 saccello
3031 3176 3150 3228 suo,
3183 3163 3348 3219 habe-

1754 3258 1843 3312 bat
1872 3257 2195 3328 nescioquis
2223 3273 2423 3328 pauper
2449 3257 2645 3327 hospes
2675 3258 2726 3313 iu
2757 3259 2901 3314 dolio
2928 3275 3062 3327 suo;
3087 3260 3222 3315 alius
3248 3275 3349 3317 nec

1755 3350 1809 3404 in
1839 3349 2181 3420 plll'lllltmltt,
2223 3366 2321 3405 nec
2353 3350 2404 3403 in
2444 3350 2695 3416 saccello,
2741 3366 2841 3406 nec
2871 3351 2923 3407 in
2963 3351 3108 3407 dolio
3146 3352 3346 3424 aliquid

1757 3441 2007 3505 habebat,
2053 3451 2220 3496 totum
2257 3441 2491 3497 habebat
2533 3442 2585 3495 in
2611 3443 2792 3496 animo
2817 3458 2916 3497 suo
2946 3461 2958 3496 ε
2992 3445 3139 3499 salus
3166 3445 3350 3501 dontui

1756 3533 1998 3589 Zaceluei
2028 3532 2177 3603 (Luc.
2209 3550 2319 3599 nux,
2350 3534 2428 3602 8);
2460 3545 2512 3588 et
2547 3533 2664 3601 plus
2696 3534 2837 3587 misit
2871 3534 2985 3588 ltarc
3010 3535 3163 3589 vidua
3190 3552 3351 3605 quant

1756 3627 1947 3682 divites
1977 3627 2047 3680 illi
2077 3625 2271 3696 (Marc.
2304 3640 2398 3688 xu,
2432 3624 2521 3694 42)
2547 3642 2561 3686 ;
2596 3625 2692 3679 iste
2717 3624 2936 3680 Calicem
2962 3641 3117 3696 aquie
3147 3625 3353 3696 frigidae

1761 3720 2037 3790 porrigens
2083 3716 2315 3788 (Matth.
2364 3718 2428 3781 χ’,
2479 3716 2611 3785 42),
2664 3733 2767 3770 non
2814 3716 3003 3787 perdet
3045 3718 3349 3774 mercedem

1758 3829 1908 3866 suam
1932 3827 1947 3874 ;
1976 3810 2069 3865 sed
2094 3821 2146 3864 et
2174 3825 2273 3880 pax
2307 3809 2357 3863 in
2388 3819 2525 3864 terra
2556 3808 2862 3864 hominibus
2889 3811 3040 3863 bona:
3069 3812 3354 3866 voluntatis

1762 3903 1910 3975 (Luc.
1935 3919 1991 3965 ll,
2017 3904 2127 3970 ιι).
2158 3899 2379 3955 luuuola
2409 3900 2523 3954 Deo
2543 3900 2851 3969 sacri/icium
2879 3901 3065 3954 laudis.
3086 3901 3130 3956 Ο
3152 3904 3354 3957 sacrili-
3406 3888 3409 3893 ’

1763 3999 1903 4052 cium
1933 3996 2242 4066 gratuitum,
2271 3994 2437 4065 gratia
2471 3994 2687 4047 dalttttt!
2723 3992 2837 4047 Non
2873 3993 3085 4063 quidem
3120 3994 3219 4047 lure
3249 3997 3352 4050 emi

1763 4090 1903 4163 quod
1923 4089 2194 4150 olferrem,
2219 4089 2310 4142 ενι]
2336 4097 2389 4140 tu
2411 4086 2619 4141 donasti
2648 4105 2659 4139 :
2688 4104 2807 4140 nam
2835 4102 2932 4142 nec
2955 4086 3053 4140 ltoc
3081 4088 3351 4143 haberem,

1765 4181 1989 4237 lmmola
2016 4179 2125 4235 Deo
2154 4180 2460 4248 sacri/icium
2490 4178 2677 4232 laudis.
2713 4179 2780 4233 Ει
2809 4182 2923 4235 lta'c
2953 4180 3245 4233 immolalio
3271 4198 3354 4233 sa-

1765 4275 1949 4331 crilirii
1979 4273 2166 4335 laudis,
2201 4272 2398 4342 gratias
2427 4287 2586 4341 agere
2616 4270 2687 4325 illi
2718 4288 2744 4324 ιι
2775 4286 2881 4341 ιιιιο
2910 4271 3074 4325 habes
3100 4273 3353 4340 quidquid

1767 4370 1890 4426 boni
1922 4368 2106 4431 habes,
2132 4377 2186 4423 et
2210 4365 2359 4434 cuius
2387 4364 2747 4419 misericordia
2774 4365 2863 4418 tibi
2886 4363 3174 4419 dimittitur
3197 4364 3354 4432 quid-

1768 4462 1893 4535 quid
1918 4471 2063 4516 tnnm
2090 4460 2211 4515 mali
2242 4458 2424 4513 habes.
2451 4456 2668 4510 Inmtola
2691 4455 2800 4510 Deo
2822 4458 3125 4526 sacriﬁcimn
3148 4458 3315 4510 laudis
3338 4472 3355 4512 .'

1770 4568 1815 4609 et
1841 4555 1992 4608 redde
2014 4552 2270 4607 Altissimo
2300 4566 2467 4619 preces
2494 4559 2624 4602 tuas.
2653 4548 2761 4603 Iloc
2783 4549 2949 4602 odore
2977 4549 3231 4603 Doménus
3255 4548 3357 4603 deo

1771 4648 2015 4704 lcctatur.
2046 4644 2219 4699 Redde
2243 4642 2500 4695 Altissimo
2525 4655 2694 4710 preces
2720 4650 2855 4693 tuas.
3372 4641 3375 4644 ‘

1843 4741 1934 4795 2‘2.
1978 4737 2132 4811 [τινε.
2188 4733 2298 4808 15.]
2340 4733 2407 4787 Et
2453 4734 2629 4786 invoca
2678 4748 2755 4784 nte
2797 4732 2848 4783 in
2899 4731 2981 4785 die
3025 4732 3363 4788 tribulationis

1775 4842 1876 4886 tua:
1902 4848 1920 4885 .'
1946 4841 1992 4885 et
2022 4831 2241 4883 eximam
2266 4836 2313 4880 te
2330 4867 2345 4886 ,
2376 4834 2423 4879 et
2447 4824 2753 4895 glori/icabis
2779 4838 2874 4876 me.
2903 4820 3019 4876 Non
3048 4824 3190 4879 enim
3218 4840 3362 4895 pra:-

1775 4938 1989 4977 smnere
2018 4921 2183 4975 debes
2207 4918 2274 4972 de
2300 4916 2500 4970 viribus
2522 4916 2646 4980 tuis,
2671 4914 2846 4967 tunnia
2872 4914 3066 4968 auxilia
3098 4924 3183 4969 tua
3213 4933 3365 4970 uten-

1776 5018 1924 5072 dacia
1955 5024 2097 5069 sunt.
2150 5010 2235 5065 Me
2260 5012 2435 5065 invoca
2475 5008 2526 5061 in
2554 5009 2635 5062 die
2661 5006 2998 5062 tribulationis
3026 5023 3045 5061 :
3075 5026 3247 5063 eruam
3279 5020 3360 5073 te,

1778 5120 1820 5164 et
1847 5108 2154 5181 glori/ienbis
2181 5121 2278 5160 nte.
2312 5104 2388 5157 Ad
2418 5103 2518 5156 hoc
2546 5101 2685 5154 enim
2722 5100 2935 5170 permisi
2963 5100 3104 5155 diem
3139 5101 3361 5154 tribula-

1780 5202 1939 5257 tionis
1970 5202 2061 5254 tibi
2097 5199 2207 5253 lieri
2253 5214 2265 5249 :
2309 5196 2431 5265 quia
2478 5194 2612 5249 futh
2656 5192 2699 5248 si
2728 5208 2832 5248 non
2862 5193 3224 5257 tribulareris,
3257 5206 3363 5247 nou

1780 5297 2055 5351 invocares
2075 5308 2186 5355 me;
2211 5306 2329 5346 cum
2354 5290 2621 5342 tribularis
2640 5297 2840 5348 autem,
2864 5287 3212 5349 invocasme;
3240 5301 3361 5341 cum

1782 5390 1998 5443 invocas
2030 5403 2134 5446 mu,
2163 5384 2392 5437 eximam
2423 5391 2502 5441 te;
2534 5396 2653 5434 cum
2687 5380 2916 5433 eximam
2945 5388 3015 5435 te.
3042 5376 3366 5446 glorilicahis

1782 5498 1887 5545 me,
1930 5490 1986 5533 ut
2006 5480 2112 5549 jam
2148 5493 2251 5530 non
2283 5474 2522 5529 di~cedas
2554 5490 2581 5525 a
2615 5488 2717 5527 me.
2767 5472 3121 5541 Obturpuerat
3152 5468 3366 5540 quidam

1783 5584 1837 5629 et
1860 5574 2109 5647 friguetat
2134 5588 2162 5621 a
2190 5569 2395 5625 fervore
2408 5565 2686 5630 orationis,
2709 5573 2765 5620 et
2782 5562 2947 5617 dixit:
2971 5560 3371 5617 Tribulationent

1783 5678 1830 5723 et
1858 5668 2081 5722 dolorem
2111 5664 2310 5729 inveni,
2350 5670 2398 5716 et
2445 5675 2627 5716 nomen
2670 5657 2877 5714 Domini
2914 5655 3139 5711 invocavi
3181 5652 3370 5727 (Ρωι.

1850 5808 1867 5840 ¹
1903 5810 1969 5853 tta
1992 5802 2168 5852 lnttss.
2194 5800 2315 5850 Atio
2338 5796 2452 5847 ΕΜ.
2477 5792 2808 5846 omittitursil.
2830 5792 3375 5853 ethabeturzxratuo,

1787 5863 2074 5920 cattscieulia
2092 5870 2193 5915 tua.
