3942 6430
576 418 807 475 faciam?
829 416 983 472 Modo
1006 427 1056 472 te
1084 430 1187 471 non
1209 415 1357 470 vides
1376 431 1391 479 ;
1416 414 1552 471 facio
1571 425 1628 471 ιιι
1648 416 1831 473 videas
1858 428 1929 473 te.
1955 414 2089 485 Quia
2119 416 2165 471 si

575 512 789 568 videres
809 522 879 573 te,
899 521 949 564 et
973 508 1283 577 displiceres
1305 509 1415 571 tibi,
1443 509 1681 577 placeres
1708 510 1837 565 mihi
1862 528 1874 564 :
1896 510 2016 579 quia
2040 524 2167 565 vero

576 620 682 658 non
712 612 764 658 te
789 602 973 657 videns
1000 600 1237 670 placuisti
1267 600 1377 660 tibi.
1398 600 1704 671 displicebis
1724 612 1778 657 et
1807 600 1934 655 mihi
1958 610 2013 655 ct
2033 600 2163 666 tibi;

576 696 705 752 mibi
727 694 1215 764 cumjudicalwris;
1240 696 1353 757 tibi,
1370 680 1491 748 cum
1508 696 1742 751 ardebis.
1757 696 1892 765 Quid
1914 696 2056 751 enim
2075 694 2166 751 tibi

576 786 763 843 faciam
781 828 795 850 ,
830 784 1035 855 inquit?
1060 782 1375 841 Constituam
1400 795 1447 840 te
1482 800 1601 840 aute
1626 788 1811 859 facient
1839 798 1999 841 tuum.
2028 784 2166 857 Quid

573 868 715 933 enim
740 881 818 932 vis
848 878 1012 933 latere
1040 878 1306 947 teipsum?
1330 877 1387 933 lu
1430 877 1593 935 dorso
1620 888 1712 933 tuo
1741 878 1834 934 tibi
1855 893 1914 933 es
1933 920 1949 943 ,
1981 893 2085 932 non
2118 888 2168 931 te

574 970 760 1026 vides:
796 969 929 1024 facio
951 978 1010 1047 ut
1040 980 1091 1023 te
1110 968 1327 1031 videas;
1359 969 1498 1038 quod
1528 978 1649 1038 post
1676 970 1894 1024 dorsum
1921 968 2166 1041 posuisti,

574 1074 698 1120 ante
730 1063 914 1117 faciem
945 1077 1176 1133 ponam;
1204 1060 1411 1115 videbis
1440 1060 1731 1116 faulitatem
1763 1071 1906 1115 tuam
1927 1102 1943 1125 ,
1976 1074 2079 1114 non
2112 1066 2171 1115 ut

573 1156 832 1227 corrigas,
853 1153 947 1209 sed
970 1162 1027 1208 ut
1056 1153 1361 1209 erubescas.
1384 1151 1499 1207 Jam
1522 1153 1643 1223 quia
1663 1152 1791 1205 dicit
1811 1152 1930 1213 ista,
1953 1149 2166 1219 fratres,

574 1246 938 1319 desperaudus
965 1254 1049 1301 est
1074 1246 1162 1300 ille
1187 1246 1269 1299 cui
1300 1244 1532 1300 dicitur?
1564 1244 1748 1300 Nonne
1779 1244 1865 1298 illa
1888 1244 2076 1299 civitas
2101 1242 2169 1298 de

573 1358 678 1411 qua
700 1342 897 1395 dictum
924 1351 1027 1405 est,
1051 1338 1316 1402 Triduum,
1342 1348 1386 1392 et
1411 1336 1595 1392 Ninire
1616 1346 1878 1404 evertetur,
1903 1336 2035 1390 intra
2070 1334 2169 1390 tri—

578 1433 740 1489 duum
773 1433 962 1488 idonea
995 1431 1089 1486 fuit
1114 1431 1375 1497 converti,
1406 1445 1582 1493 orare,
1617 1430 1886 1501 plangere,
1921 1429 1988 1484 de
2011 1442 2166 1497 paena

576 1526 877 1583 imminenti
906 1524 1322 1579 misericordiam
1342 1522 1636 1594 promereri
1658 1522 1845 1591 (Jonas
1861 1539 1940 1584 ιιι.
1970 1521 2121 1592 t-to)
2145 1520 2169 1575 τ

579 1619 812 1675 Audiaut
859 1633 986 1688 ergo
1015 1618 1101 1687 qui
1133 1616 1266 1672 tales
1293 1626 1416 1671 sunt
1438 1658 1452 1679 ,
1485 1616 1609 1670 dmn
1639 1616 1764 1672 licet
1798 1617 1984 1671 audire
2010 1625 2063 1671 et
2094 1624 2171 1670 ta-

578 1720 808 1767 centem.
838 1707 1027 1764 Veniet
1048 1709 1209 1770 enim,
1234 1719 1287 1761 et
1308 1725 1413 1762 non
1433 1708 1626 1773 silebit,
1655 1720 1705 1763 et
1726 1718 1935 1776 arguet,
1958 1708 2170 1778 quando

578 1802 895 1858 correctioni
926 1800 1073 1854 locus
1105 1800 1282 1854 nullus
1309 1800 1430 1854 erit.
1461 1799 1696 1853 Statuunt
1738 1810 1802 1865 te,
1837 1800 2027 1871 inquit,
2054 1808 2172 1854 ante

578 1898 758 1968 [aciem
786 1908 945 1949 tuam.
967 1894 1123 1949 Modo
1143 1910 1271 1964 ergo
1298 1904 1351 1947 tu
1377 1895 1479 1959 fac,
1503 1894 1745 1964 quisquis
1775 1892 1895 1948 talis
1920 1908 2001 1958 es,
2027 1892 2168 1961 quod

579 1989 673 2043 tibi
704 1988 937 2042 minatur
966 1988 1140 2041 facere
1172 1986 1329 2041 Deus.
1357 1984 1509 2039 Tolle
1540 1995 1590 2038 te
1617 2001 1645 2036 ιι
1680 1995 1829 2054 tergo
1860 1994 1971 2049 tuo,
2005 1983 2090 2037 ubi
2120 1993 2171 2039 te

578 2081 766 2135 videre
798 2095 903 2133 non
933 2080 1033 2143 vis,
1062 2078 1403 2132 dissimulans
1428 2076 1636 2129 a-l'aetis
1674 2077 1799 2141 tuis,
1829 2086 1883 2131 et
1908 2076 2171 2131 eonstitnc

580 2180 633 2227 te
659 2181 782 2226 ante
810 2180 880 2227 te.
912 2169 1158 2224 Asceude
1182 2168 1412 2223 tribunal
1440 2168 1632 2223 mentis
1666 2178 1800 2233 tuae,
1823 2179 1939 2222 esto
1966 2168 2057 2222 tibi
2080 2168 2170 2237 ju-

579 2265 703 2330 dex,
734 2273 977 2335 torqueat
1004 2272 1054 2317 te
1078 2262 1254 2326 timor,
1284 2271 1526 2330 erumpat
1553 2276 1583 2313 a
1614 2269 1666 2316 te
1690 2260 1980 2323 confessio,
2012 2272 2063 2315 et
2085 2260 2171 2316 dic

580 2358 692 2413 Deo
722 2366 814 2411 tuo
844 2372 857 2409 :
886 2354 1138 2422 Quoniam
1179 2353 1489 2423 iniquitatem
1520 2368 1679 2405 meum
1707 2368 1799 2423 ego
1826 2367 2094 2422 cegnosco,
2124 2360 2171 2406 et

581 2450 815 2504 delictum
845 2463 1008 2499 meum
1038 2455 1154 2499 ante
1178 2461 1255 2498 me
1277 2454 1350 2499 est
1369 2445 1606 2515 semper(
1643 2440 1786 2497 I’sal.
1818 2459 1868 2502 ι..
1896 2442 1991 2510 5).
2019 2440 2169 2509 Quod

581 2551 698 2598 erat
748 2550 868 2610 post
894 2549 944 2593 te
971 2579 985 2602 ,
1034 2536 1124 2592 fiat
1148 2546 1272 2591 autc
1305 2546 1355 2591 te
1387 2555 1399 2590 :
1432 2552 1499 2590 ne
1531 2546 1582 2589 ιιι
1616 2535 1729 2605 ipse
1761 2544 1945 2604 postea
1983 2550 2013 2587 a
2061 2534 2172 2588 Deo

575 2635 754 2707 judice
783 2633 879 2687 tias
908 2641 1029 2685 ante
1056 2642 1127 2693 te,
1158 2640 1212 2685 et
1241 2646 1345 2684 non
1371 2630 1564 2699 sitquo
1592 2627 1764 2699 fugias
1794 2643 1823 2681 a
1855 2638 1927 2681 te.

649 2726 739 2781 29.
784 2721 953 2797 [υενε.
980 2718 1096 2793 22.]
1122 2719 1400 2792 Intelligite
1449 2726 1627 2773 autem
1654 2718 1763 2772 liwc
1790 2717 1876 2787 qui
1914 2716 2171 2770 oblirisci-

578 2819 705 2874 mini
732 2817 913 2872 Deum.
944 2814 1131 2870 Videte
1169 2814 1289 2886 quia
1335 2814 1532 2869 clamat
1558 2854 1574 2879 ,
1604 2822 1657 2867 ct
1687 2828 1791 2867 nou
1824 2820 1982 2875 tacet,
2016 2826 2120 2865 non
2151 2811 2167 2843 ⁸

579 2911 767 2984 parcit.
800 2908 1007 2965 Oblitus
1036 2922 1154 2960 eras
1182 2906 1466 2960 Dominum
1491 2947 1505 2969 ,
1540 2922 1643 2959 non
1671 2903 1944 2976 cogitabas
1969 2903 2037 2959 de
2066 2904 2170 2958 vita

580 3014 667 3057 tua
720 3002 879 3057 mala.
911 2999 1144 3067 Intellige
1192 2997 1314 3066 quia
1362 2997 1558 3051 oblitus
1610 3012 1669 3051 es
1727 2992 2029 3049 Dominum.
2062 2993 2167 3048 Ne-

577 3096 779 3167 quaudo
803 3095 968 3162 rapiat
998 3094 1125 3145 sicut
1155 3091 1253 3153 leo,
1285 3100 1334 3143 et
1373 3106 1471 3141 non
1498 3089 1561 3142 sit
1587 3089 1673 3156 qui
1699 3098 1862 3142 eruat.
1892 3088 2028 3156 Quid
2056 3098 2165 3154 est,

578 3190 708 3244 sicut
730 3186 806 3240 leo
828 3186 853 3239 .7
872 3183 1012 3240 Sicut
1040 3182 1214 3247 fortis,
1237 3183 1373 3236 sicut
1397 3187 1605 3250 puteus,
1632 3180 1767 3234 sicut
1789 3180 1876 3234 ilfe
1904 3178 1989 3233 cui
2014 3194 2170 3235 neruo

580 3278 833 3333 resistere
862 3282 1055 3344 potest.
1088 3272 1167 3327 Ad
1214 3271 1313 3325 hoc
1354 3270 1569 3336 retulit,
1601 3281 1655 3323 ut
1693 3268 1895 3324 diceret
1947 3272 2039 3323 leo.
2069 3269 2170 3325 Po-

581 3372 727 3427 nitur
746 3369 888 3424 enim
917 3368 967 3421 in
999 3364 1152 3421 laude
1171 3406 1185 3426 ,
1215 3363 1428 3433 ponitur
1464 3371 1517 3418 et
1547 3363 1597 3417 in
1636 3363 2041 3431 vituperatione.
2085 3362 2170 3416 Di-

580 3462 699 3519 ctus
735 3470 817 3516 cst
865 3460 949 3513 leo
990 3456 1232 3512 diabulns
1266 3473 1279 3509 :
1312 3455 1643 3509 Adversarius
1672 3465 1865 3520 uester,
1896 3456 1970 3509 ait
1998 3496 2013 3518 ,
2051 3464 2167 3509 tan-

580 3570 728 3624 quam
753 3552 829 3605 leo
850 3552 1050 3622 rugiens
1075 3548 1301 3602 circumit
1322 3564 1548 3619 (μανι-ειη
1563 3564 1707 3618 quem
1732 3547 1928 3601 devoret
1952 3548 2005 3617 (ι
2028 3546 2165 3603 l’etr.

583 3661 639 3709 ν,
669 3645 748 3715 8).
770 3641 1034 3712 Numquid
1058 3642 1177 3711 quia
1206 3641 1293 3695 ille
1322 3642 1404 3695 leo
1433 3638 1605 3694 dictus
1636 3650 1717 3695 est
1747 3650 1961 3711 propter
1983 3642 2170 3695 imma-

582 3756 701 3795 nem
727 3737 1005 3799 srevitiam,
1031 3735 1273 3790 Christus
1295 3751 1397 3787 non
1421 3732 1616 3787 dicitur
1640 3733 1724 3788 leo
1752 3743 1968 3803 propter
1987 3735 2169 3804 ingen-

582 3842 689 3888 tem
718 3828 1118 3887 fortitudinem?
1142 3827 1208 3882 Et
1248 3828 1332 3880 ubi
1364 3837 1446 3882 est
1486 3826 1614 3880 illud
1644 3868 1659 3892 ,
1700 3825 1825 3879 Vicit
1852 3827 1929 3879 leo
1953 3827 2016 3878 de
2036 3828 2167 3879 tribu

578 3925 719 3982 Juda
751 3924 947 3994 (Apoc.
987 3938 1038 3983 v,
1062 3920 1175 3989 5)?
1202 3918 1444 3974 intendat
1491 3918 1757 3988 paululum
1789 3918 2034 3972 Charitas
2058 3914 2166 3973 Vc-

579 4029 687 4075 stra
705 4015 879 4072 adhuc
899 4014 1162 4070 modicum
1183 4014 1324 4084 quod
1354 4020 1518 4066 restat
1538 4029 1551 4066 :
1573 4010 1797 4065 obsecro
1820 4027 1911 4064 vos
1934 4020 1989 4064 ιιι
2008 4025 2170 4064 excu-

581 4110 723 4166 tiatis
749 4109 1138 4180 fatigationem;
1162 4105 1329 4161 aderit
1360 4106 1451 4160 ille
1470 4107 1558 4174 qni
1584 4104 1732 4158 vobis
1754 4119 1921 4173 usque
1936 4102 2000 4156 ad
2032 4103 2168 4158 lianc

582 4203 768 4260 horam
800 4204 938 4255 vires
962 4200 1130 4254 dedit.
1164 4200 1324 4253 Paulo
1354 4208 1478 4252 ante
1504 4198 1750 4262 dixerat,
1801 4206 2051 4267 tauquam
2084 4197 2168 4251 in-

579 4296 765 4355 dicens
813 4293 965 4346 nobis
992 4332 1009 4357 ,
1042 4300 1098 4344 ιιι
1124 4291 1345 4344 audistis
1376 4332 1391 4356 ,
1420 4290 1643 4359 vectigal
1695 4288 1959 4361 quoddam
1999 4289 2168 4345 laudis

580 4404 692 4445 sua:
718 4405 731 4440 :
757 4384 974 4440 Immola
995 4383 1099 4439 Deo
1122 4384 1425 4452 sacri/icium
1447 4384 1635 4446 laudis,
1664 4394 1709 4437 et
1736 4383 1887 4437 redde
1912 4384 2168 4437 Altissimo

581 4497 750 4552 preces
779 4489 909 4533 tuus.
936 4477 1121 4531 Postea
1154 4487 1329 4529 autem
1356 4494 1370 4529 :
1398 4475 1659 4531 I’eccatori
1674 4487 1839 4529 autem
1857 4476 1985 4530 dixit
2009 4475 2162 4543 Deus,

582 4570 776 4643 thuid
798 4580 853 4623 tu
878 4584 1083 4623 eum-rus
1098 4566 1325 4636 justitias
1356 4583 1491 4620 meas
1516 4607 1530 4630 ,
1560 4574 1607 4620 et
1634 4567 1848 4621 assumis
1875 4565 2168 4622 Testamen-

580 4676 685 4720 tum
718 4679 881 4716 meunt
912 4676 999 4731 per
1028 4677 1085 4714 os
1129 4662 1308 4713 tuum?
1348 4658 1622 4731 Tanquam
1675 4658 1876 4714 diceret
1906 4660 1954 4715 ei
1981 4702 1995 4725 ,
2025 4659 2164 4715 Nihil

582 4760 672 4814 tibi
695 4756 911 4829 prodest
932 4754 1071 4825 quod
1096 4752 1278 4807 laudas
1303 4771 1316 4809 :
1339 4768 1439 4825 ego
1465 4753 1629 4807 indixi
1654 4752 1823 4807 laudis
1848 4754 2165 4809 sacriﬁcium

582 4852 686 4907 illis
713 4850 801 4921 qui
832 4850 965 4904 bene
988 4847 1202 4912 vivunt;
1226 4848 1304 4902 eis
1326 4847 1466 4902 enim
1497 4846 1711 4917 prodest
1736 4846 1876 4916 quod
1908 4846 2163 4902 laudant:

580 4954 635 4999 tu
688 4950 867 4996 autem
915 4940 959 4993 si
1006 4939 1188 4994 laudas
1215 4981 1231 5003 ,
1281 4938 1408 4995 nihil
1451 4939 1544 4993 tibi
1588 4938 1835 5007 prodest;
1868 4938 2048 5008 utquid
2080 4954 2167 4994 inc

582 5035 808 5093 laudas?
835 5032 946 5089 Non
974 5042 1056 5087 est
1084 5034 1323 5103 speciosa
1356 5033 1467 5086 laus
1497 5032 1547 5085 in
1581 5049 1672 5085 ore
1701 5029 2036 5103 peceatoris(
2069 5030 2168 5085 Ec-

579 5128 661 5182 tli.
694 5141 783 5191 xv,
810 5125 899 5195 9).
934 5124 1121 5179 Postea
1149 5122 1418 5179 cimcludit
1459 5139 1491 5192 ιι
1506 5123 1608 5176 ιιιδί
1652 5123 1717 5176 ad
1771 5135 2084 5191 utrumque,
2112 5132 2165 5177 ct

579 5232 807 5291 arguens
858 5217 1026 5271 malos
1055 5216 1144 5284 qui
1184 5214 1564 5267 tlilllVerllllllll‘
1601 5212 1761 5266 [lenm
1807 5214 1881 5266 ait
1913 5231 1925 5265 :
1956 5212 2163 5267 Intelli-

584 5312 671 5386 ιὶιε
702 5312 810 5366 lucc
838 5310 920 5377 qui
948 5306 1293 5363 obliviscimiui
1325 5304 1505 5367 Deum,
1548 5305 1812 5375 nequando
1843 5306 2008 5373 rapiat
2038 5306 2165 5359 sicut

580 5402 674 5464 leo,
702 5413 746 5456 et
773 5418 872 5456 non
901 5401 963 5453 sit
991 5399 1079 5467 qui
1109 5411 1268 5450 rruat.

644 5495 734 5550 50.
777 5498 943 5568 {vers
972 5489 1104 5563 ‘25]
1146 5490 1467 5557 Sacri/icium
1499 5488 1665 5543 laudis
1714 5488 2014 5559 glori/imbit
2061 5505 2157 5543 me.

583 5586 854 5654 Quomodo
876 5584 1181 5653 sacri/icium
1207 5582 1372 5635 laudis
1392 5582 1693 5653 glori/imbit
1716 5582 1834 5634 me?
1854 5582 2009 5636 Cei'te
2031 5581 2159 5638 nihil

583 5678 790 5751 prodest
822 5678 974 5733 malis
1001 5674 1315 5732 sacrificium
1346 5674 1515 5729 laudis
1544 5714 1559 5738 ,
1588 5673 1708 5743 quia
1753 5683 2029 5728 assumunt
2052 5673 2159 5729 Te-

640 5791 657 5821 ί
695 5789 883 5850 Aliquot
904 5798 1029 5851 Mss,
1057 5801 1185 5849 cun...

1783 296 1849 355 3.
1883 295 2255 357 AUGUSTINI
2297 297 2603 360 EPISCOPI
3680 319 3752 383 su

2272 428 2596 475 stamentum
2625 430 2771 475 tuum
2817 435 2912 490 per
2935 436 3000 478 os
3022 437 3177 479 suum
3206 465 3221 489 ,
3249 434 3305 481 et
3328 424 3511 485 faciunt
3538 430 3752 493 damnarat:

2272 527 2391 581 qme
2416 512 2702 580 displicent
2723 514 2893 570 oculis
2919 516 3042 571 tuis.
3071 516 3310 578 νυνι-δικ,
3340 518 3517 590 ἰιιιιιιιι.
3538 536 3580 579 et
3599 525 3676 582 illis
3692 530 3756 589 huc

2272 604 2395 658 dico
2418 645 2433 667 ,
2465 605 2789 674 Sacri/icium
2837 607 3008 662 laudis
3032 608 3334 680 glori/icttbit
3362 627 3457 665 tlt’.
3482 611 3584 671 iam
3608 622 3759 683 patulus

2274 696 2365 750 tibi
2411 696 2621 753 laudem
2675 714 2782 754 min
2826 699 3084 771 prodesse
3114 720 3127 755 :
3163 701 3314 758 lauda
3344 745 3361 765 .
3393 704 3603 775 proderit
3626 711 3759 768 libbﬁ

2274 786 2416 841 enim
2454 787 2594 842 male
2622 788 2755 843 vivis
2774 799 2826 845 et
2855 790 2992 844 bona
3020 792 3156 847 dicis
3178 834 3197 859 ,
3229 794 3461 850 nondum
3500 796 3653 850 laudas
3676 822 3684 852 -.
3706 810 3761 857 ωλι

2274 895 2459 936 rursus
2488 882 2529 934 si
2559 897 2680 936 cum
2720 883 2951 952 caperis
2981 884 3117 938 bene
3159 885 3340 942 vivere
3361 925 3377 951 ,
3411 888 3591 942 meritis
3615 891 3692 946 luis
3710 898 3764 947 tti-

2274 971 2406 1027 buas
2453 972 2592 1037 quod
2644 974 2779 1027 bene
2805 974 2940 1029 vivis
2959 1014 2975 1037 ,
3010 974 3244 1030 nondum
3274 975 3474 1031 laudas.
3499 977 3613 1031 Nolo
3636 990 3673 1033 ιν
3694 1000 3767 1035 εχει»

2277 1062 2537 1118 latronem
2568 1064 2910 1120 insultantem
2946 1068 3088 1123 cruci
3121 1066 3332 1123 Domini
3360 1066 3505 1140 (Luc.
3531 1073 3717 1132 ιιιιι.5ι
3740 1085 3767 1131 ις

2274 1156 2367 1212 sed
2392 1172 2491 1211 nec
2516 1166 2567 1211 te
2594 1158 2739 1212 illum
2769 1158 2890 1213 volo
2914 1173 3036 1214 esse
3064 1160 3115 1214 in
3144 1161 3347 1231 templo
3364 1163 3625 1226 jactanteiu
3647 1170 3771 1217 merit:

2274 1261 2372 1301 sua
2401 1289 2418 1311 ,
2450 1258 2503 1303 et
2528 1250 2887 1305 occultantem
2918 1251 3135 1306 vulnera
3163 1267 3256 1304 sua
3282 1249 3305 1321 (
3335 1250 3418 1304 Id.
3446 1267 3596 1318 svnt,
3627 1256 3668 1308 ιι
3694 1260 3705 1323 ι
3741 1260 3772 1312 Si

2275 1337 2441 1392 fueris
2481 1340 2692 1409 iniquus
2719 1351 2770 1395 et
2805 1357 3156 1411 perseverans
3197 1343 3251 1398 in
3279 1341 3368 1397 illa
3400 1342 3675 1411 iniquitate.
3710 1363 3773 1398 ltuit

2275 1431 2394 1486 dico
2425 1431 2559 1497 tibi,
2590 1431 2705 1488 Nuu
2738 1434 2974 1503 proderit
3017 1434 3164 1501 laus;
3207 1433 3301 1489 sed
3327 1473 3343 1497 ,
3385 1433 3497 1488 Non
3526 1450 3602 1488 me
3624 1435 3774 1504 bullas,

2277 1523 2485 1578 laudem
2516 1524 2668 1577 istam
2695 1538 2815 1579 esse
2846 1540 2952 1579 non
2978 1524 3177 1594 deputo
3209 1541 3224 1578 :
3255 1539 3444 1580 rursus
3466 1525 3508 1579 si
3535 1526 3671 1579 fueris
3684 1530 3773 1595 illud

2269 1614 2449 1684 justus
2478 1616 2623 1685 (nam
2652 1631 2810 1670 nemo
2834 1616 3009 1686 justus
3038 1616 3137 1671 nisi
3168 1617 3385 1671 Immitis
3419 1625 3475 1672 et
3499 1618 3621 1687 piu-)
3645 1660 3658 1679 .
3682 1630 3719 1672 et
3740 1622 3770 1676 is

2270 1707 2471 1777 justitia
2506 1717 2591 1761 tua
2638 1706 2855 1762 inﬂatus
2885 1708 3206 1775 incesseris,
3233 1721 3289 1766 et
3327 1708 3464 1764 alios
3506 1712 3553 1765 in
3593 1722 3665 1767 tua
3687 1728 3766 1765 cns-

2276 1799 2551 1868 paratione
2572 1800 2983 1870 contempseris,
3006 1809 3061 1856 ct
3086 1801 3511 1871 superextuleris
3537 1813 3583 1857 te
3609 1810 3771 1872 ιιιιιιιιιιι

2273 1890 2508 1960 glorians
2532 1892 2600 1946 de
2637 1893 2841 1947 meritis
2864 1893 2988 1956 tuis.
3026 1908 3130 1946 non
3158 1907 3244 1948 me
3283 1892 3490 1949 laudas.
3516 1891 3615 1949 Nec
3635 1893 3701 1947 ille
3729 1911 3774 1949 ιιιι

2276 1984 2458 2039 laudat
2484 1986 2573 2054 qui
2606 1987 2744 2042 male
2770 1986 2930 2051 vivit;
2963 2001 3061 2041 nec
3088 1986 3177 2040 ille
3207 2002 3294 2042 tne
3318 1986 3499 2040 laudat
3514 1987 3597 2056 qui
3619 1987 3777 2055 quasilla

2275 2090 2374 2130 suo
2405 2076 2538 2131 bene
2570 2076 2715 2131 vivit.
2739 2076 2844 2133 Sed
2876 2076 3132 2147 numquid
3160 2078 3250 2132 ille
3278 2077 3589 2141 Pbarimrus,
3614 2079 3778 2145 quasidt

2277 2182 2377 2221 suo
2403 2167 2526 2221 talis
2548 2178 2683 2233 erat,
2717 2184 2838 2223 cum
2867 2168 3090 2233 diceret,
3120 2166 3329 2222 Gratias
3357 2168 3447 2222 tibi
3479 2184 3590 2239 ago,
3611 2169 3703 2237 quis
3723 2186 3777 2220 na

2276 2275 2387 2312 sunt
2420 2259 2548 2313 sicut
2590 2260 2757 2313 ueteri
2803 2260 3071 2313 homines?
3096 2256 3307 2315 Gratias
3355 2258 3465 2313 Deo
3500 2258 3779 2329 ageliatetm

2277 2350 2419 2421 quod
2445 2351 2640 2406 bonum
2670 2351 2721 2404 in
2745 2366 2805 2405 se
2834 2350 3082 2405 habebat.
3113 2350 3376 2417 Quamvis
3402 2365 3529 2421 ergo
3548 2350 3707 2418 aliquid
3725 2350 3780 2401 bo-

2277 2461 2403 2498 num
2430 2446 2480 2499 in
2510 2455 2559 2499 te
2583 2445 2673 2509 sit,
2701 2446 2949 2515 quamvis
2994 2444 3104 2514 jam
3135 2444 3407 2516 intelligas
3436 2459 3538 2498 non
3562 2458 3617 2497 es
3653 2453 3777 2497 totast

2274 2535 2416 2605 quod
2442 2537 2637 2590 boiuun
2664 2548 2767 2601 est,
2794 2535 2890 2593 sed
2912 2554 2941 2589 a
2975 2536 3084 2591 Deo
3112 2545 3162 2591 te
3185 2536 3492 2605 accepisse;
3518 2545 3669 2589 tamen
3689 2534 3779 2587 inet

2277 2628 2415 2697 ipso,
2437 2629 2480 2682 si
2510 2640 2561 2683 te
2584 2628 2839 2685 extuleris
2860 2642 3023 2698 super
3048 2628 3211 2684 alium
3252 2643 3363 2682 non
3396 2628 3673 2689 habentem.
3696 2626 3777 2680 iuri-

2274 2719 2376 2774 dus
2402 2722 2620 2782 teneris.
2655 2720 2889 2775 uoiidum
2923 2720 3167 2775 laudator
3202 2735 3361 2775 meus
3387 2720 3514 2795 eris.
3541 2719 3780 2789 Primoerp

2274 2812 2546 2886 corrigere
2575 2830 2603 2865 a
2637 2814 2720 2867 via
2750 2813 3001 2883 pessima,
3027 2812 3201 2881 incipe
3223 2813 3410 2868 vivere
3438 2813 3600 2867 bene:
3625 2812 3779 2880 lutetle

2274 2908 2396 2973 quia
2422 2922 2525 2960 non
2542 2906 2827 2978 corrigeris
2841 2907 2941 2961 nisi
2963 2904 3107 2960 dono
3120 2905 3215 2962 Dei
3230 2920 3247 2969 ;
3265 2920 3293 2957 a
3316 2905 3543 2961 Domino
3559 2905 3679 2961 enim
3694 2918 3777 2973 gris

2274 3015 2366 3056 sus
2382 3000 2614 3055 hominis
2633 2999 2934 3069 diriguntur
2954 2998 3126 3072 (l’sal.
3150 3013 3336 3063 xxxvi,
3360 2997 3480 3071 25).
3510 2998 3611 3055 Iluc
3628 3013 3718 3053 cum
3738 2998 3780 3049 is

2276 3091 2563 3157 telleaeris,
2591 3092 2707 3147 fave
2727 3099 2780 3147 et
2802 3090 2941 3155 aliis,
2968 3100 3029 3147 ιιι
3051 3091 3158 3145 siut
3180 3090 3326 3163 quod
3356 3101 3411 3147 ct
3432 3100 3487 3147 tu
3508 3105 3566 3149 es
3584 3110 3597 3145 :
3617 3088 3781 3161 quialnt

2273 3196 2396 3245 eras
2419 3191 2475 3236 et
2502 3192 2578 3244 tu,
2600 3182 2742 3252 quod
2767 3182 2840 3237 illi
2868 3191 3014 3237 sunt.
3038 3178 3180 3237 Fave
3203 3191 3468 3252 quantum
3491 3190 3647 3253 ιιιιιος,
3665 3177 3781 3235 etuoli

2273 3275 2594 3343 desperare;
2627 3289 2732 3329 non
2776 3275 2920 3329 enim
2977 3288 3144 3344 usque
3196 3272 3265 3328 ad
3307 3283 3367 3331 te
3415 3274 3563 3331 dives
3590 3283 3661 3328 est
3683 3272 3781 3327 [ius

2272 3366 2388 3423 Non
2411 3383 2539 3438 ergo
2567 3367 2763 3431 laudat,
2793 3370 2880 3437 qui
2902 3367 3039 3423 male
3062 3366 3286 3424 vivendo
3312 3367 3537 3423 offendit
3560 3366 3779 3425 υιιιιιίιιιιωε

2274 3474 2378 3511 non
2413 3459 2612 3523 laudat,
2644 3459 2732 3529 qni
2761 3474 2881 3513 eum
2904 3459 3015 3528 jam
3041 3460 3268 3529 θωνα-ιι
3287 3459 3430 3515 bene
3450 3460 3634 3524 vivere,
3655 3458 3708 3513 de
3728 3472 3773 3508 se

2275 3562 2424 3622 putat
2450 3568 2569 3607 esse
2594 3552 2737 3629 quod
2768 3552 2903 3607 bene
2931 3552 3079 3619 vivit,
3111 3568 3217 3608 non
3246 3562 3526 3624 acceptum
3551 3567 3578 3607 a
3596 3551 3774 3605 Detulit:

2276 3644 2364 3698 ille
2415 3645 2632 3707 laudat,
2661 3644 2749 3715 qui
2799 3659 2918 3698 cum
2945 3644 3078 3698 sciat
3123 3657 3182 3699 sc
3228 3644 3376 3714 quod
3406 3644 3539 3701 bene
3559 3643 3778 3698 vivitacce

2275 3736 2416 3804 pisse
2461 3752 2492 3791 a
2542 3737 2685 3801 Deo,
2720 3746 2897 3791 nuncii
2947 3751 3115 3807 usque
3152 3734 3217 3789 ad
3262 3750 3322 3791 se
3366 3737 3477 3791 vult
3502 3748 3613 3791 esse
3634 3733 3775 3787 divitem

2275 3827 2462 3880 Deum.
2490 3824 2583 3881 l'le
2612 3828 2787 3896 itaque
2816 3826 2902 3896 ιιιιὶ
2930 3827 3161 3891 dicebat,
3194 3824 3407 3883 Gratias
3429 3827 3516 3881 tibi
3538 3842 3656 3896 ago,
3678 3822 3777 3881 Βιῑιο

2271 3919 2407 3988 quod
2433 3935 2531 3972 non
2560 3935 2672 3972 sunt
2696 3919 2823 3972 sicut
2851 3919 3019 3972 ca'teri
3047 3918 3292 3982 lto-uiues,
3325 3919 3506 3991 injust:
3526 3958 3543 3985 ,
3586 3923 3776 3987 raptam,

2271 4010 2488 4063 adulteri
2515 4052 2526 4071 .
2560 4010 2689 4065 sicut
2739 4020 2788 4064 et
2838 4008 3149 4064 Publicanus
3176 4011 3305 4075 iste;
3330 4027 3511 4067 nonne
3535 4011 3597 4065 ibi
3624 4005 3777 4064 hahcltll

2275 4103 2415 4157 unde
2442 4104 2646 4159 diceret
2674 4121 2687 4157 :
2725 4104 2867 4157 lloua
2894 4113 2945 4158 et
2973 4103 3264 4160 Publicano
3291 4104 3418 4160 bnic
3445 4105 3577 4175 quod
3598 4101 3700 4157 mihi
3718 4099 3777 4152 ilo—

2274 4196 2411 4251 uasti
2436 4238 2453 4261 ,
2484 4198 2672 4267 supple
2695 4205 2750 4251 et
2773 4196 2900 4251 milii
2929 4213 3047 4268 qua:
3076 4198 3308 4253 nondum
3351 4198 3542 4254 dedisti
3562 4200 3584 4251 ἲ
3608 4192 3776 4260 Salia!

2271 4289 2420 4360 quasi
2474 4299 2742 4343 saturatus
2784 4290 3027 4344 ructabat
3068 4306 3217 4345 :non
3263 4290 3514 4356 dicebat,
3544 4289 3640 4359 Ego
3659 4293 3777 4339 ante!

2272 4396 2475 4451 egenus
2500 4390 2557 4437 ct
2588 4397 2788 4451 pauper
2817 4384 2836 4453 (
2870 4380 3015 4436 Psal.
3045 4397 3193 4446 uix,
3217 4385 3250 4438 (i
3266 4394 3321 4454 );
3348 4383 3491 4455 quod
3518 4382 3695 4437 dicebat
3715 4375 3777 4430 Pn-

2273 4474 2510 4530 blieauus
2537 4475 2660 4539 ille,
2697 4474 2909 4530 Domine
2935 4516 2951 4535 ,
2982 4476 3233 4545 propitius
3272 4487 3381 4531 esto
3428 4475 3546 4529 milii
3578 4461 3773 4546 peccatori-

2275 4565 2397 4621 ldeo
2423 4564 2700 4620 descendit
2735 4565 3056 4635 justitieatus
3098 4565 3454 4631 Publicauus,
3482 4567 3631 4635 magis
3666 4568 3774 4631 qua!

2273 4658 2361 4713 ille
2388 4658 2689 4713 Pharisa-us
2738 4656 2757 4730 (
2784 4656 2905 4711 Luc.
2929 4672 3079 4723 xvitt,
3112 4658 3280 4713 lt-H
3301 4657 3342 4727 ).
3379 4658 3516 4730 Ergo
3540 4655 3688 4709 audite
3717 4644 3774 4717 uti

2272 4751 2408 4805 bene
2437 4749 2632 4817 vivitis,
2655 4748 2835 4803 audite
2863 4750 2951 4819 qui
2985 4749 3123 4805 male
3150 4750 3327 4803 vivitis
3353 4768 3370 4805 :
3398 4740 3773 4819 Sacriﬁcium-

2270 4844 2351 4898 dis
2376 4843 2679 4914 gloriﬁcabit
2720 4859 2817 4897 nte.
2861 4841 3031 4898 Nemo
3056 4840 3185 4896 mibi
3231 4841 3386 4899 oll‘ert
3416 4844 3513 4898 hoc
3535 4832 3772 4896 sacriﬁcium

2272 4939 2461 5002 laudis,
2492 4950 2546 4994 et
2571 4938 2742 4992 malus
2772 4947 2875 4994 est.
2903 4936 3022 4993 Non
3040 4936 3161 4993 dco
3180 4979 3195 5003 ,
3222 4936 3338 4994 Non
3374 4938 3472 4992 hoc
3513 4932 3622 4990 mihi
3643 4925 3771 4984 «idem

2270 5032 2478 5096 malus;
2520 5029 2613 5085 sed
2636 5070 2651 5096 ,
2676 5028 2843 5083 Nemo
2875 5029 3001 5083 mihi
3035 5030 3137 5085 hoc
3179 5028 3337 5085 oll’ert
3367 5028 3548 5084 malus.
3573 5022 3654 5093 Qui
3673 5017 3769 5077 αιὶω

2273 5122 2485 5188 laudat,
2520 5123 2690 5177 bonus
2734 5131 2814 5177 est
2840 5138 2852 5174 :
2880 5122 3002 5194 quia
3033 5122 3078 5177 si
3107 5122 3306 5188 laudat,
3334 5122 3487 5177 etiam
3514 5118 3632 5174 bene
3650 5110 3767 5168 sirit;

2268 5218 2388 5287 quiia
2417 5217 2461 5270 si
2488 5214 2665 5270 laudat
2689 5256 2704 5280 ,
2736 5231 2841 5270 non
2868 5216 3039 5271 solum
3068 5215 3243 5287 lingua
3272 5215 3447 5270 laudat
3471 5255 3487 5281 ,
3515 5209 3598 5267 sed
3628 5214 3672 5263 et
3697 5200 3767 5253 τίιλ

2269 5327 2389 5366 cum
2421 5311 2596 5381 lingua
2622 5309 2906 5365 consentit.

2337 5406 2427 5462 3|.
2470 5403 2791 5472 Sacri/icium
2817 5402 2984 5457 laudis
3004 5402 3303 5473 glori/ical'it
3333 5417 3409 5456 me
3432 5416 3452 5457 :
3473 5408 3516 5454 ει
3537 5395 3595 5451 ibi
3620 5390 3682 5446 sit!
3701 5390 3761 5443 αι

2267 5516 2366 5570 qua
2394 5496 2655 5552 ostendam
2696 5496 2773 5550 illi
2798 5498 3020 5550 salutare
3050 5494 3162 5551 Dei.
3213 5495 3267 5551 ln
3299 5491 3543 5552 sacriﬁcio
3566 5475 3761 5545 laudis!“

2268 5602 2361 5656 est,
2391 5608 2490 5661 qua
2515 5590 2589 5644 illi
2627 5588 2888 5644 ostendant
2936 5588 3161 5643 salutare
3198 5588 3312 5642 Dei.
3348 5583 3489 5656 Quod
3516 5574 3762 5668 cslstlllff‘

2273 5658 2415 5743 Dei?
2438 5682 2684 5739 Christus
2708 5680 2886 5738 Jesus.
2921 5679 2992 5737 Et
3030 5680 3297 5753 quomodo
3323 5681 3374 5736 in
3394 5671 3622 5735 sacrificio
3639 5658 3758 5759 Ιδυάξε

2268 5776 2423 5836 nobis
2467 5776 2764 5833 ostenditur
2789 5771 3035 5830 Christus
3056 5771 3071 5789 '
3106 5773 3236 5842 Quia
3260 5771 3492 5842 Christus
3513 5777 3615 5825 cum
3639 5760 3752 5849 stall!
