3942 6446
160 483 282 539 venit
296 478 359 534 ad
377 491 496 534 nos.
518 473 645 534 llzcc
662 471 791 529 dicit
809 468 1096 542 Apostolus
1115 485 1130 523 :
1152 466 1277 523 Vivo
1298 475 1463 521 autem
1478 466 1591 534 jam
1609 478 1714 519 non

160 593 253 648 ego.
273 571 382 628 sivit
400 585 518 626 vero
536 568 589 623 in
611 582 691 621 me
705 563 935 622 Christus
954 578 975 618 :
997 560 1131 633 quod
1150 569 1318 616 autem
1336 560 1389 613 in
1409 573 1560 612 carne
1583 557 1712 622 uiso,

158 670 201 723 in
217 666 308 733 ﬁde
320 663 427 717 vivo
447 659 573 715 Filii
589 657 705 723 Dei,
719 656 805 729 qui
820 673 899 710 me
916 654 1091 709 dilexit
1106 662 1153 707 et
1166 651 1375 707 tradidit
1398 649 1717 720 semetipsum

154 776 236 832 pro
262 773 333 811 me
360 752 503 829 (Cat.
528 768 587 816 ιι.
609 751 724 821 20).
753 753 1060 820 Agnoscant
1083 762 1210 816 ergo
1240 754 1568 816 peccatores,
1594 742 1719 814 quia

151 866 245 907 non
265 862 396 917 opus
416 853 559 901 esset
580 842 836 906 medicus,
862 841 907 896 si
931 839 1045 895 sani
1071 846 1252 895 essent
1270 836 1482 907 (Matth.
1508 851 1582 901 Ix,
1608 834 1719 902 l2).

148 940 348 998 Etenim
373 935 618 992 Christus
648 947 747 1005 pro
766 931 942 1002 impiis
961 937 1202 986 mortuus
1225 937 1308 985 est
1326 927 1346 995 (
1366 926 1517 982 Rom.
1543 941 1598 991 v,
1628 924 1720 995 6).

142 1031 269 1087 Cum
297 1040 428 1097 ergo
468 1030 764 1095 agnoscunt
793 1022 1090 1091 impietates
1115 1033 1240 1075 suas
1267 1060 1284 1087 ,
1323 1028 1377 1073 et
1408 1017 1578 1087 primo
1607 1014 1727 1070 imi-

144 1129 325 1177 tantur
353 1116 694 1172 Publicannm
722 1114 871 1169 illum
899 1112 1186 1175 dicentem,
1216 1109 1450 1173 Domine,
1477 1107 1726 1179 propitius

138 1220 243 1268 esto
268 1207 396 1263 mihi
423 1204 674 1279 peccaturi
696 1202 1020 1260 :ostendunt
1042 1202 1282 1268 vulnera,
1311 1200 1594 1269 implorant
1618 1212 1729 1251 me-

135 1301 322 1358 dicum
349 1316 365 1365 ;
392 1306 446 1355 et
470 1297 591 1367 quia
624 1311 732 1352 non
760 1311 817 1351 se
847 1295 1081 1359 laudant,
1113 1294 1206 1350 sed
1234 1290 1625 1363 reprehendunt
1646 1304 1725 1353 se,

142 1403 200 1450 ut
225 1393 324 1463 qui
353 1390 634 1463 gloriatur,
664 1404 767 1444 non
798 1389 849 1442 in
877 1400 935 1442 se
962 1428 976 1451 ,
1009 1384 1103 1441 sed
1146 1385 1202 1440 in
1228 1384 1451 1439 Domino
1476 1381 1732 1453 glorietur

140 1485 203 1556 (ι
228 1482 358 1541 Cor.
379 1498 417 1547 I,
447 1483 512 1539 3!
536 1479 582 1554 ),
625 1488 919 1552 agnoscunt
942 1493 1156 1535 causam
1203 1476 1462 1533 adventus
1488 1474 1685 1530 Christi
1714 1514 1730 1538 ,

140 1576 268 1648 quia
317 1573 441 1629 ideo
468 1573 614 1628 venit
656 1580 713 1626 ut
759 1580 1066 1642 peccatores
1112 1570 1290 1625 salvos
1327 1567 1567 1623 faceret:
1602 1566 1735 1634 Quia

142 1668 299 1724 Iesus
332 1666 559 1722 Christus
587 1665 716 1719 venit
740 1706 753 1727 ,
777 1664 980 1734 inquit,
1007 1663 1061 1716 in
1086 1663 1219 1716 hunc
1243 1660 1488 1715 mundum
1510 1667 1737 1728 peceato-

146 1776 227 1815 res
250 1758 423 1814 salvos
452 1756 639 1826 facere,
663 1770 879 1825 quorum
907 1754 1102 1825 primus
1138 1767 1230 1823 ego
1256 1767 1371 1805 sum
1418 1750 1438 1819 (
1466 1747 1485 1806 1
1513 1748 1646 1803 Tim.
1679 1764 1733 1813 ι,

152 1850 282 1921 l5).
314 1847 544 1905 Proinde
570 1847 689 1902 illos
726 1845 939 1900 Iudaeos
956 1885 974 1912 ,
1004 1844 1073 1899 de
1096 1857 1259 1913 opere
1287 1856 1386 1897 suo
1408 1839 1700 1911 gloriantes
1720 1881 1736 1907 ,

153 1941 229 1997 sic
252 1938 430 2011 arguit
457 1936 600 1994 idem
628 1935 919 2008 Apostolus
939 1975 957 2003 ,
991 1943 1050 1989 ut
1090 1947 1184 1989 eos
1208 1933 1410 1989 diceret
1427 1930 1493 1985 ad
1516 1930 1739 2001 gratiam

159 2049 264 2090 non
284 2032 577 2104 pertinere,
604 2029 694 2100 qui
721 2027 929 2084 meritis
955 2037 1011 2083 et
1032 2025 1286 2096 operibus
1304 2023 1414 2080 suis
1439 2022 1743 2080 mercedem

165 2124 340 2181 deberi
369 2120 766 2180 arbitrabantur
788 2118 931 2191 (Cat.
958 2132 1013 2185 v,
1038 2116 1118 2189 4).
1149 2116 1248 2186 Qui
1274 2130 1404 2186 ergo
1431 2115 1497 2171 ad
1522 2114 1743 2187 gratiam

172 2230 227 2272 se
246 2213 347 2271 scit
360 2213 647 2286 pertinere,
664 2209 807 2282 quod
824 2218 909 2266 est
925 2207 1191 2274 Christus,
1203 2216 1257 2262 et
1270 2205 1410 2277 quod
1430 2216 1512 2261 est
1526 2204 1741 2271 Christi,

175 2306 309 2363 novit
333 2305 455 2376 quia
481 2303 681 2373 indiget
709 2301 897 2372 gratia.
923 2299 980 2357 Si
1003 2298 1171 2370 gratia
1201 2306 1437 2361 vocatur,
1466 2296 1629 2367 gratis
1651 2295 1747 2350 da-

182 2406 289 2462 tur;
312 2396 356 2452 si
377 2394 545 2466 gratis
567 2393 745 2459 datur,
769 2390 913 2447 nulla
944 2390 1131 2447 merita
1162 2397 1249 2444 tua
1277 2394 1665 2460 praecesserunt
1691 2396 1747 2442 ut

184 2486 336 2542 detur.
366 2484 499 2540 Nam
542 2483 587 2539 si
615 2491 1007 2554 praecesserunt
1032 2480 1221 2535 merita
1245 2486 1333 2533 tua
1358 2518 1376 2545 ,
1409 2491 1615 2532 merces
1640 2490 1747 2533 non

190 2576 456 2648 imputatur
474 2572 767 2631 secundum
795 2571 1019 2644 gratiam
1039 2610 1055 2635 ,
1082 2569 1178 2625 sed
1200 2568 1491 2625 secundum
1514 2566 1747 2623 debitum

197 2668 361 2740 (Rom.
389 2683 461 2735 1v,
488 2668 524 2725 4
541 2665 587 2739 ).
613 2665 671 2722 Si
701 2679 830 2736 ergo
869 2663 1001 2720 dicis
1046 2660 1387 2733 prmeessisse
1414 2659 1602 2716 merita
1628 2666 1715 2713 tua
1731 2699 1748 2725 ,

202 2769 244 2816 te
264 2760 333 2816 vis
356 2758 593 2826 laudari,
638 2772 742 2813 non
789 2756 958 2813 Deum
991 2773 1006 2810 :
1034 2753 1157 2811 ideo
1184 2769 1290 2809 non
1329 2752 1575 2825 agnoscis
1598 2750 1756 2808 Chri-

207 2862 337 2918 stum,
361 2854 450 2925 qui
479 2852 624 2908 venit
648 2865 769 2906 cum
797 2848 969 2922 gratia
995 2847 1110 2905 Dei.
1154 2847 1420 2904 Converte
1446 2861 1576 2917 ergo
1603 2855 1656 2901 te
1684 2843 1752 2900 ad

210 2947 366 3005 attrita
386 2955 492 3013 tua,
512 2944 633 3000 vide
659 2943 746 2999 illa
772 2941 910 2998 mala
930 2939 1116 3007 fuisse,
1140 2948 1198 2995 ut
1220 2954 1330 2995 non
1351 2937 1444 2993 tibi
1471 2936 1754 2992 deberetur

217 3037 295 3093 nisi
315 3036 638 3110 supplicium,
671 3048 777 3090 non
807 3031 1104 3104 praemium.
1133 3031 1202 3086 Et
1241 3044 1363 3085 cum
1392 3027 1587 3083 videris
1626 3025 1755 3098 quid

218 3127 292 3184 tibi
310 3142 396 3199 per
422 3126 666 3183 meritum
694 3123 974 3187 debeatur,
991 3120 1237 3192 agnoscis
1256 3119 1383 3189 quid
1413 3134 1509 3189 per
1529 3118 1754 3190 gratiam

219 3219 432 3286 donetur;
461 3227 517 3275 et
538 3215 800 3274 sacriﬁcio
843 3212 1016 3270 laudis
1049 3210 1315 3283 glorificas
1353 3210 1542 3266 Deum.
1572 3208 1649 3265 lbi
1673 3216 1758 3265 est

221 3310 330 3366 enim
347 3309 447 3379 via,
472 3310 525 3365 in
547 3324 648 3380 qua
676 3305 891 3364 noveris
917 3304 1191 3361 Christum
1219 3302 1454 3358 salutare
1479 3300 1593 3357 Dei.

652 3514 735 3579 IN
775 3510 1157 3576 PSALMUM
1195 3508 1248 3571 L

765 3629 1182 3690 ENARRATIO.

814 3758 986 3801 διειιο
1027 3741 1127 3815 (a).

280 3862 323 3918 l.
356 3859 697 3919 Multitudinis
738 3858 936 3930 hujus,
984 3870 1086 3913 nec
1130 3853 1428 3926 frequentia
1470 3852 1763 3909 fraudanda

226 3961 322 4020 est,
343 3970 437 4013 nec
472 3955 751 4012 infirmitas
792 3949 1087 4008 oneranda.
1129 3949 1407 4006 Silentium
1446 3948 1676 4020 petimus
1710 3957 1767 4006 et

223 4045 421 4117 quietem
441 4089 459 4115 ,
490 4054 549 4103 ut
566 4060 670 4102 vox
692 4051 874 4101 nostra
898 4048 1019 4113 post
1045 4039 1353 4097 hesternum
1380 4038 1616 4095 laborem
1644 4053 1769 4110 pos-

221 4135 281 4192 sit
300 4137 565 4210 aliquantis
592 4134 795 4193 viribus
822 4132 1132 4206 perdurare.
1157 4129 1496 4187 Credendum
1523 4137 1607 4185 est
1628 4129 1772 4186 Cha-

200 4225 404 4287 ritatem
433 4228 670 4285 Vestram
699 4241 806 4282 non
831 4224 903 4281 ob
928 4222 1071 4279 aliud
1101 4220 1360 4278 hodierno
1388 4219 1475 4276 die
1501 4220 1771 4290 copiosius

192 4320 506 4376 convenisse
529 4358 544 4385 ,
577 4317 680 4375 nisi
703 4324 764 4372 ut
790 4314 956 4372 oretis
982 4327 1077 4385 pro
1104 4312 1184 4369 eis
1207 4325 1341 4383 quos
1367 4309 1618 4367 absentes
1646 4308 1773 4366 facit

190 4409 402 4467 alienus
417 4420 470 4469 et
487 4424 769 4485 pervorsus
786 4406 1027 4463 affectus.
1050 4403 1236 4474 Neque
1255 4403 1397 4460 enim
1417 4402 1686 4475 loquimur
1704 4402 1773 4460 de

191 4503 422 4574 Paganis
443 4544 462 4572 ,
485 4517 657 4575 neque
681 4500 749 4557 de
765 4498 967 4556 Iudaeis
987 4539 1005 4566 ,
1025 4497 1119 4553 sed
1138 4496 1207 4553 de
1225 4496 1574 4563 Christianis;
1600 4510 1776 4568 neque

192 4589 273 4648 de
298 4593 377 4649 his
402 4592 573 4650 adhuc
600 4588 1001 4649 catechumenis
1020 4630 1037 4655 ,
1068 4586 1162 4644 sed
1188 4585 1257 4643 de
1282 4586 1465 4642 multis
1490 4584 1649 4643 etiam
1676 4586 1775 4642 ba-

194 4684 411 4755 ptizatis
432 4725 448 4752 ,
485 4698 516 4738 a
558 4696 784 4755 quorum
818 4680 1032 4735 lavacro
1069 4676 1201 4733 nihil
1237 4675 1445 4732 distatis
1466 4715 1483 4739 ,
1514 4686 1568 4732 et
1591 4691 1775 4732 eorum

196 4783 379 4831 tamen
404 4774 550 4832 cordi
568 4772 856 4830 dissimiles
874 4770 1024 4828 estis.
1045 4768 1214 4838 Quam
1240 4766 1435 4823 multos
1452 4767 1594 4822 enim
1616 4766 1780 4824 hodie

189 4867 274 4924 fra
282 4877 393 4923 tres
416 4876 627 4923 nostros
645 4865 940 4935 cogitamus
962 4869 1018 4918 et
1033 4859 1330 4932 plangimus
1349 4858 1427 4914 ire
1446 4858 1499 4913 in
1518 4857 1781 4916 vanitates

182 4969 249 5037 et
277 4957 511 5014 insanias
526 4957 810 5013 mendaces
831 4997 848 5025 ,
875 4954 1142 5027 negligere
1165 4966 1273 5025 quo
1294 4950 1467 5007 vocati
1490 4960 1617 5008 sunt
1638 4953 1653 5008 !
1677 4950 1779 5020 Qui

179 5053 234 5108 si
267 5048 410 5106 forte
434 5048 488 5105 in
512 5050 629 5121 ipso
662 5047 805 5104 circo
848 5046 1025 5118 aliqua
1068 5060 1137 5101 ex
1179 5058 1340 5102 causa
1381 5052 1739 5115 expavescant
1762 5084 1778 5110 ,

177 5141 456 5200 continuo
483 5156 542 5197 se
569 5142 782 5212 signant
803 5179 819 5205 ,
850 5148 906 5196 et
928 5145 1074 5195 stant
1105 5137 1216 5194 illic
1252 5144 1527 5209 portantes
1555 5136 1608 5192 in
1634 5136 1781 5194 fron-

180 5244 244 5290 te
272 5271 294 5298 ,
325 5230 467 5287 unde
493 5230 844 5288 abscederent
869 5230 916 5285 si
944 5229 1127 5286 hocin
1153 5226 1318 5285 corde
1344 5237 1637 5299 portarent.
1677 5229 1782 5287 De-

178 5319 468 5393 precanda
493 5328 577 5377 est
603 5318 964 5377 misericordia
994 5319 1088 5376 Dei
1112 5360 1129 5386 ,
1158 5328 1218 5374 ut
1252 5317 1416 5374 donet
1453 5318 1781 5377 intellectum

176 5412 263 5469 ad
298 5412 402 5466 ista
427 5410 726 5467 damnanda
749 5451 764 5477 ,
793 5418 849 5466 et
869 5408 1118 5466 affectum
1141 5408 1210 5465 ad
1235 5405 1481 5481 fugienda
1504 5450 1519 5475 ,
1548 5419 1602 5465 et
1625 5411 1784 5467 mise-

175 5500 489 5561 ricordiam
516 5502 583 5558 ad
607 5500 949 5574 ignoscenda.
988 5499 1297 5573 Opportune
1332 5514 1463 5574 ergo
1500 5500 1572 5558 de
1608 5503 1782 5574 poeni-

182 5594 370 5651 tentia
398 5592 643 5651 Psalmus
668 5592 828 5650 hodie
852 5600 1095 5649 cantatus
1122 5600 1227 5649 est.
1253 5590 1557 5663 Loquamur
1583 5602 1783 5651 etcum

188 5686 513 5743 absentibus
542 5704 556 5743 :
584 5687 689 5744 erit
714 5685 782 5742 ad
818 5700 914 5743 eos
949 5698 1052 5742 vox
1089 5692 1272 5743 nostra
1298 5685 1557 5746 memoria
1583 5695 1783 5746 vestra.

261 5821 345 5884 (α)
373 5820 437 5875 td
461 5821 687 5886 pupillum
708 5818 1152 5883 Carthaginem
1173 5818 1273 5873 vid.
1299 5818 1441 5883 intra,
1460 5832 1511 5872 ιι.
1540 5820 1617 5875 il.

490 5904 713 5967 Sacr.
748 5904 1024 5966 Ausus'r.
1052 5902 1159 5965 ιν.

1298 339 1703 411 ENARRATIO
1739 345 1806 405 IN
1844 346 2182 408 PSALMUM'
2208 350 2271 408 ιι.

3286 346 3391 410 586

1817 461 1897 519 Ne
1919 462 2128 520 saucios
2154 474 2210 521 et
2236 461 2509 535 languidos
2539 464 2815 537 negligatis
2838 507 2856 532 ,
2881 464 2977 520 sed
3000 474 3056 521 ut
3084 462 3283 520 facilius
3308 483 3395 522 sa-

1818 555 1956 612 netis
1978 598 1994 623 ,
2027 557 2141 612 sani
2173 572 2485 627 permanere
2507 556 2733 615 debetis.
2770 559 3031 630 Corrigite
3059 561 3331 630 arguendo
3376 604 3392 627 ,

1818 646 2165 702 consolamini
2212 647 2569 717 alloquendo,
2619 651 2920 721 exemplum
2972 652 3208 721 praebete
3260 654 3401 712 bene

1820 738 2047 794 vivendo
2072 780 2088 804 ,
2118 739 2290 795 aderit
2326 741 2404 795 eis
2442 739 2531 811 qui
2572 740 2741 796 adfuit
2780 750 2835 797 et
2870 742 3042 799 vobis.
3073 743 3189 800 Non
3213 746 3357 801 enim
3380 786 3399 814 ,

1820 830 1972 917 vobis
1996 828 2106 899 jam
2136 830 2233 885 ista
2257 831 2484 899 pericula
2507 834 2895 903 przetergressis
2918 876 2933 901 ,
2964 833 3081 889 fons
3103 835 3406 892 misericor-

1822 919 1926 976 dia:
1964 920 2054 976 Dei
2096 921 2348 991 praecisus
2393 932 2492 978 est.
2546 922 2658 992 Qua
2704 924 2964 993 venistis,
3015 928 3269 991 venient;
3300 943 3408 999 qua

1825 1014 2091 1069 transistis
2114 1056 2129 1079 ,
2179 1015 2496 1069 transibunt.
2538 1014 2815 1070 Molestum
2856 1026 2940 1072 est
2966 1018 3178 1088 quidem
3204 1061 3220 1087 ,
3248 1029 3303 1075 et
3328 1021 3409 1076 ni-

1828 1110 1990 1164 mium
2020 1108 2375 1178 periculosum
2402 1149 2417 1172 ,
2446 1108 2555 1162 imo
2582 1109 2939 1178 perniciosum
2964 1152 2980 1178 ,
3031 1121 3084 1167 et
3122 1128 3220 1183 pro
3256 1122 3409 1171 certo

1827 1199 2095 1256 exitiabile
2119 1239 2135 1265 ,
2166 1198 2305 1269 quod
2332 1200 2563 1254 scientes
2589 1209 2828 1269 peccant.
2858 1201 3028 1257 Aliter
3052 1202 3193 1258 enim
3218 1204 3284 1258 ad
3313 1204 3411 1261 has

1828 1291 2086 1346 vanitates
2114 1289 2283 1345 currit
2309 1289 2399 1361 qui
2429 1305 2614 1346 vocem
2644 1290 2842 1346 Christi
2885 1295 3178 1349 contemnit
3199 1336 3214 1360 ,
3256 1296 3414 1354 aliter

1832 1383 1919 1439 ille
1947 1382 2034 1454 qui
2064 1382 2211 1437 novit
2234 1381 2358 1453 quid
2386 1382 2568 1453 fugiat.
2590 1383 2693 1438 Sed
2716 1400 2815 1439 nec
2838 1384 2906 1440 de
2929 1386 3119 1442 talibus
3139 1387 3417 1460 desperari

1831 1472 2029 1530 debere
2052 1514 2067 1538 ,
2100 1473 2199 1528 iste
2224 1473 2460 1544 psalmus
2486 1474 2739 1528 ostendit.

1902 1565 1960 1621 2.
2000 1564 2171 1640 [vers.
2217 1567 2243 1620 1
2274 1606 2290 1632 ,
2337 1565 2438 1640 2.]
2478 1565 2791 1622 luscribitur
2836 1569 2981 1625 enim
3027 1570 3212 1627 titulus
3263 1573 3420 1643 ejus,

1836 1654 2076 1712 Psalmus
2099 1656 2201 1728 ipsi
2227 1655 2393 1710 David
2412 1699 2428 1724 ,
2459 1673 2575 1711 cum
2618 1658 2749 1713 venit
2788 1660 2857 1713 ad
2898 1677 3015 1715 eum
3058 1662 3269 1718 Nat/tan
3298 1682 3423 1737 pro-

1837 1748 1989 1821 pheta
2010 1789 2027 1814 ,
2051 1746 2255 1818 quando
2284 1748 2485 1803 intravit
2508 1764 2574 1801 aa
2600 1747 2861 1805 Bersabee.
2890 1751 3154 1808 Bersabee
3174 1764 3291 1810 erat
3308 1772 3427 1812 mu-

1839 1838 1938 1893 lier
1966 1853 2101 1893 uxor
2123 1838 2315 1893 aliena.
2345 1838 2479 1893 Cum
2506 1839 2693 1894 dolore
2718 1840 2930 1911 quidem
2961 1842 3184 1900 dicimus
3223 1857 3278 1901 et
3316 1855 3426 1903 tre-

1840 1944 1990 1984 more
2012 1970 2029 1995 ,
2058 1927 2156 1985 sed
2184 1937 2361 1983 tamen
2392 1928 2531 1984 Deus
2556 1930 2725 1985 noluit
2758 1933 2915 1987 taceri
2937 1934 3076 2003 quod
3103 1936 3269 1991 voluit
3294 1937 3428 1993 scri-

1842 2020 1918 2077 bi.
1946 2021 2127 2077 Dicam
2171 2035 2300 2091 ergo
2347 2036 2453 2076 non
2500 2022 2643 2092 quod
2690 2024 2848 2090 volo,
2894 2025 2991 2081 sed
3033 2026 3175 2097 quod
3222 2043 3425 2101 cogor;

1844 2112 2016 2169 dicam
2046 2127 2151 2168 non
2182 2111 2474 2171 exhortans
2508 2113 2574 2168 ad
2606 2114 2953 2173 imitationem
2977 2158 2994 2185 ,
3034 2118 3127 2173 sed
3162 2120 3430 2180 instruens

1844 2203 1913 2259 ad
1941 2204 2205 2259 timorem.
2241 2203 2411 2273 Hujus
2438 2203 2676 2260 mulieris
2700 2207 2881 2261 uxoris
2914 2208 3101 2264 aliena:
3133 2211 3429 2279 pulchritu-

1846 2297 1971 2354 dine
1996 2305 2182 2367 captus
2210 2312 2303 2352 rex
2332 2308 2386 2353 et
2410 2298 2671 2368 pr0pheta
2700 2298 2863 2355 David
2888 2341 2902 2366 ,
2951 2315 3019 2357 ex
3045 2302 3197 2373 cujus
3225 2304 3432 2363 semine

1846 2388 2140 2446 secundum
2171 2404 2386 2444 carnem
2416 2389 2669 2444 Dominus
2710 2400 2967 2449 venturus
3002 2404 3117 2449 erat
3143 2396 3162 2466 (
3190 2395 3341 2452 Rom.
3370 2414 3390 2455 ι
3413 2439 3431 2464 ,

1846 2485 1883 2542 5
1910 2485 1953 2554 ).
1984 2482 2303 2540 adulteravit
2330 2497 2468 2537 eam.
2499 2482 2610 2538 Hoc
2640 2484 2692 2539 in
2725 2485 2829 2539 isto
2852 2486 3055 2555 psalmo
3083 2502 3185 2543 non
3216 2490 3429 2561 legitur,

1848 2576 1943 2632 sed
1973 2575 2025 2630 in
2058 2574 2210 2630 titulo
2238 2576 2355 2643 ejus
2384 2584 2639 2645 apparet;
2670 2575 2723 2629 in
2755 2577 2891 2631 libro
2919 2586 3096 2634 autem
3126 2580 3434 2652 Regnorum

1851 2667 2061 2739 plenius
2088 2667 2300 2736 legitur.
2326 2665 2559 2737 Utraque
2582 2666 2855 2736 Scriptura
2881 2670 3133 2726 canonica
3159 2684 3239 2727 est
3263 2715 3279 2741 ,
3306 2673 3436 2730 utri-

1852 2774 1959 2831 que
1977 2760 2094 2815 sine
2112 2758 2219 2813 ulla
2240 2757 2567 2814 dubitatione
2589 2774 2617 2811 a
2638 2759 2957 2816 Christianis
2978 2762 3110 2819 lich
3134 2765 3435 2823 adhibenda

1852 2857 1954 2906 est.
1982 2848 2334 2906 Commissum
2364 2856 2522 2918 atque
2551 2850 2909 2920 conscriptum
2937 2862 3038 2907 est.
3084 2854 3249 2925 llujus
3274 2858 3436 2919 etiam

1853 2938 2104 2995 maritum
2157 2939 2210 2994 in
2256 2939 2397 2995 bello
2448 2940 2795 2995 occidendum
2842 2944 3045 2999 curavit
3090 2963 3103 3000 :
3152 2945 3438 3005 homicidio

1853 3032 2001 3089 auxit
2027 3031 2350 3087 adulterium
2379 3048 2394 3085 :
2425 3042 2479 3087 et
2504 3043 2622 3102 post
2653 3033 2755 3088 hoc
2799 3033 2991 3091 factum
3038 3038 3233 3094 missus
3261 3050 3343 3097 est
3369 3042 3438 3100 ad

1850 3114 1980 3185 eum
2007 3125 2215 3183 Nathan
2245 3125 2503 3197 propheta
2528 3168 2544 3192 ,
2592 3128 2785 3181 missus
2828 3143 2861 3184 a
2908 3128 3133 3186 Domino
3156 3172 3171 3197 ,
3198 3132 3289 3204 qui
3316 3114 3441 3193 eum

1854 3226 2104 3290 argueret
2122 3216 2190 3274 de
2212 3226 2359 3272 tanto
2378 3218 2663 3273 commisso
2689 3218 2761 3287 (ll
2788 3218 2917 3292 Reg.
2946 3237 2997 3276 χι
3019 3264 3034 3290 ,
3058 3234 3100 3277 et
3124 3240 3195 3279 xu
3222 3266 3239 3292 ,
3258 3226 3380 3282 l-M
3393 3226 3441 3301 ).

1928 3311 1983 3367 5.
2023 3308 2159 3377 Quid
2188 3319 2413 3365 caveant
2438 3309 2681 3365 homines
2704 3351 2719 3374 ,
2751 3310 3023 3378 diximus;
3063 3314 3189 3384 quid
3231 3331 3360 3373 vero
3396 3318 3446 3378 si

1858 3401 1996 3474 lapsi
2022 3401 2221 3459 fuerint
2248 3402 2523 3457 imitentur
2544 3441 2560 3467 ,
2592 3402 2887 3468 audiamus.
2916 3404 3061 3461 Multi
3086 3407 3228 3462 enim
3249 3409 3446 3468 cadere

1858 3494 2047 3550 volunt
2093 3508 2213 3549 cum
2264 3493 2429 3548 David
2455 3534 2468 3557 ,
2512 3501 2568 3548 et
2606 3493 2793 3550 nolunt
2830 3509 3048 3567 surgere
3090 3514 3212 3554 cum
3255 3500 3445 3557 David.

1860 3584 1975 3641 Non
1998 3599 2128 3654 ergo
2153 3583 2376 3639 cadendi
2404 3583 2706 3654 exemplum
2744 3587 3071 3657 propositum
3114 3599 3195 3645 est
3216 3630 3234 3659 ,
3275 3592 3372 3649 sed
3396 3594 3446 3651 si

1860 3673 2157 3741 cecideris,
2198 3672 2532 3743 resurgendi.
2577 3674 2848 3742 Attende,
2893 3692 2962 3733 ne
3002 3678 3182 3734 cadas.
3226 3679 3344 3737 Non
3377 3684 3451 3739 sit
3486 3692 3492 3701 ‘

1863 3765 2143 3822 delectatio
2183 3764 2447 3819 minorum
2491 3764 2668 3835 lapsus
2701 3766 2961 3836 majorum
2985 3808 3001 3835 ,
3047 3769 3140 3824 sed
3178 3770 3249 3825 sit
3291 3785 3451 3830 casus
3474 3762 3519 3840 \

1863 3856 2127 3927 majorum
2156 3864 2356 3911 tremor
2382 3856 2669 3912 minorum.
2712 3857 2791 3912 Ad
2834 3858 2936 3914 hoc
2965 3863 3297 3931 propositum
3323 3873 3408 3921 est
3429 3906 3447 3934 ,

1864 3950 1933 4006 ad
1960 3949 2060 4005 hoc
2088 3949 2342 4019 scriptum
2370 3957 2452 4005 est
2472 3989 2489 4015 ,
2521 3948 2587 4003 ad
2616 3949 2717 4004 hoc
2748 3948 2799 4004 in
2830 3951 3051 4005 ecclesia
3084 3968 3226 4023 saepe
3252 3955 3449 4012 lectum

1865 4050 2027 4114 atque
2051 4048 2323 4097 cantatum
2357 4057 2373 4096 :
2402 4039 2619 4095 audiant
2639 4041 2727 4111 qui
2756 4056 2862 4096 non
2888 4042 3231 4112 ceciderunt,
3263 4062 3331 4103 ne
3355 4062 3452 4104 ca-

1867 4133 1999 4190 dant
2023 4173 2040 4198 ,
2070 4131 2292 4186 audiant
2318 4130 2408 4202 qui
2438 4131 2783 4198 ceciderunt,
2816 4139 2874 4186 ut
2902 4142 3134 4205 surgant.
3167 4135 3322 4192 Tanti
3351 4139 3455 4196 viri

1869 4233 2146 4299 peccatum
2187 4237 2291 4279 non
2330 4231 2572 4289 tacetur,
2611 4223 2927 4292 praedicatur
2970 4225 3020 4280 in
3063 4227 3306 4284 ecclesia.
3334 4231 3453 4287 Au-

1871 4317 2023 4375 diunt
2048 4317 2189 4373 male
2235 4315 2512 4372 audientes
2539 4316 2580 4381 ¹,
2625 4326 2676 4371 et
2724 4324 2968 4386 quaerunt
3010 4319 3110 4374 sibi
3158 4322 3455 4393 patrocinia

1873 4406 2130 4480 peccandi
2150 4422 2167 4473 ;
2191 4405 2472 4461 attendunt
2491 4403 2633 4461 unde
2652 4404 2938 4461 defendant
2958 4408 3097 4479 quod
3119 4394 3473 4471 committere?
3494 4396 3563 4405 Ἥ

1875 4506 2232 4570 paraverunt,
2260 4512 2366 4553 non
2404 4495 2545 4550 unde
2581 4503 2803 4552 caveant
2835 4497 2976 4566 quod
3021 4514 3125 4553 non
3166 4502 3459 4559 commise-

1875 4597 2036 4655 runt,
2063 4596 2118 4644 et
2140 4586 2326 4644 dicunt
2347 4586 2452 4643 sibi
2476 4606 2492 4643 :
2514 4586 2571 4643 Si
2600 4587 2761 4644 David
2784 4629 2801 4656 ,
2828 4603 2925 4643 cur
2950 4606 3055 4643 non
3081 4600 3135 4646 et
3162 4594 3307 4664 ego?
3333 4593 3462 4651 lude

1877 4682 2052 4738 anima
2081 4680 2311 4752 iniquior
2332 4720 2348 4747 ,
2378 4694 2499 4750 quae
2525 4695 2647 4735 cum
2677 4688 2959 4750 propterea
2987 4680 3178 4738 fecerit
3203 4685 3326 4754 quia
3353 4685 3460 4741 Dav

1877 4772 1967 4829 vid
1992 4772 2158 4837 fecit,
2197 4772 2318 4827 ideo
2357 4770 2509 4842 pejus
2547 4786 2705 4842 quam
2748 4771 2913 4827 David
2954 4771 3098 4829 fecit.
3144 4774 3330 4833 Dicam
3359 4778 3464 4835 hoc

1880 4866 2054 4937 ipsum
2077 4905 2094 4932 ,
2121 4864 2169 4920 si
2194 4874 2381 4935 potero
2408 4905 2421 4927 ,
2450 4863 2677 4933 planius.
2710 4863 2880 4919 David
2910 4866 3111 4923 nullum
3141 4867 3244 4925 sibi
3283 4869 3355 4925 ita
3392 4871 3464 4928 ad

1880 4957 2181 5028 exemplum
2207 4964 2559 5027 proposuerat
2586 4996 2600 5019 ,
2628 4962 2687 5011 ut
2713 4965 2769 5009 tu
2797 4973 2811 5009 :
2841 4956 3108 5014 ceciderat
3134 4960 3288 5031 lapsu
3315 4963 3465 5032 cupi-

1881 5049 2063 5106 ditatis
2086 5089 2105 5117 ,
2134 5063 2240 5103 non
2266 5047 2563 5119 patrocinio
2590 5046 2884 5104 sanctitatis
2912 5065 2927 5102 :
2973 5060 3029 5104 lu
3074 5050 3170 5106 tibi
3210 5060 3462 5124 tanquam

1883 5149 2125 5199 sanctum
2153 5141 2407 5212 proponis
2436 5148 2493 5194 ut
2522 5153 2744 5211 pecces;
2792 5154 2897 5196 non
2943 5140 3168 5197 imitaris
3196 5143 3313 5212 ejus
3341 5159 3466 5199 san-

1883 5232 2121 5291 ctitatem
2146 5273 2162 5299 ,
2193 5230 2289 5287 sed
2319 5230 2543 5286 imitaris
2572 5230 2799 5285 ruinam.
2832 5230 2946 5286 Hoc
2978 5246 3126 5287 amas
3167 5232 3225 5289 in
3254 5233 3422 5290 David
3446 5276 3466 5304 ,

1884 5324 2028 5395 quod
2058 5324 2111 5379 in
2139 5335 2199 5379 se
2225 5321 2342 5377 odit
2361 5320 2525 5377 David
2546 5322 2567 5354 ’
2593 5338 2608 5375 :
2634 5334 2903 5392 prmparas
2928 5331 2979 5377 te
3003 5322 3071 5376 ad
3099 5322 3423 5392 peccandum
3448 5366 3465 5392 ,

1886 5414 2125 5485 disponis
2176 5426 2439 5485 peccare:
2485 5410 2680 5468 librum
2732 5411 2827 5468 Dei
2873 5419 2931 5466 ut
2974 5426 3162 5481 pecces
3209 5412 3467 5486 inspicis;

1953 5572 1988 5641 ί,
2007 5568 2287 5641 εΔᾱηῃιᾳιθ
2322 5568 2542 5641 viventes.
2569 5576 2626 5622 At
2657 5576 2763 5641 uss.
2798 5579 2981 5641 magno
3007 5568 3467 5641 consensuterunt,

1887 5607 2300 5708 πηιςῖἱῧὲίᾶῖέξ-
2324 5607 2547 5708 ῖόἷὲἷᾘέ
2565 5607 3472 5708 ἱῖἓβῖῗὲιξῖἔξιῖιῇεῗοεῖἕῦἶεῖιιίιῖἰτὲῑ

1888 5697 1974 5764 qui
1995 5695 2045 5748 id
2068 5691 2283 5759 exempli
2306 5707 2402 5745 non
2419 5689 2680 5745 salubriter
2701 5689 2870 5742 audire
2890 5689 3067 5742 solent.
3161 5689 3187 5694 '
3337 5689 3349 5693 '

1952 5759 1976 5793 ν
2008 5756 2231 5816 Plerique
2252 5752 2699 5807 Nasamonium
2722 5750 3053 5816 David,un
3082 5765 3177 5813 non
3209 5754 3260 5806 in
3298 5756 3436 5809 seed

1893 5763 3051 5875 ὣαὴυθωεεοσωπαυιῡαυωηιφα
3082 5765 3177 5813 non
3209 5763 3260 5806 tn
3298 5763 3474 5809 seeds]

2850 5892 3278 5980 (nix-mu

3493 5969 3533 5990 ul
