3942 6446
639 565 768 632 cati,
805 561 934 619 nihil
967 571 1139 618 morte
1169 559 1410 632 dignum,
1454 557 1587 613 nihil
1611 555 1954 612 damnatione
1977 551 2219 624 dignum.

637 656 707 712 Et
736 665 982 725 tanquam
1006 652 1057 708 ei
1092 651 1379 717 diceretur,
1433 649 1540 706 Cur
1579 662 1710 720 ergo
1737 646 2000 702 moreris?
2035 643 2226 716 Sequi-

638 755 747 813 tur,
785 754 840 800 et
885 744 1013 799 dicit
1045 760 1058 796 :
1091 741 1197 799 Sed
1235 752 1289 796 ut
1331 742 1494 796 sciant
1543 756 1717 795 ontnes
1757 739 1877 809 quia
1914 737 2225 791 voluntatem

635 836 814 893 Patris
841 838 939 891 mei
968 835 1124 907 facio,
1165 835 1376 908 surgite,
1425 850 1598 889 eamus
1624 833 1740 888 hinc
1764 829 1942 905 (Joan.
1970 845 2082 897 xw,
2128 828 2221 896 30,

633 929 752 1003 51).
783 930 983 997 Patior,
1009 928 1201 1000 inquit,
1229 927 1476 998 indignus
1494 940 1590 996 pro
1614 924 1808 997 dignis,
1835 933 1895 978 ut
1914 937 2010 978 eos
2034 921 2224 993 dignos

631 1022 828 1079 faciam
855 1023 960 1077 vita
984 1036 1124 1087 mea,
1154 1035 1254 1091 pro
1281 1021 1472 1092 quibus
1513 1019 1730 1090 indigne
1773 1017 1948 1088 patior
1993 1023 2220 1071 mortem

632 1115 873 1170 illorum.
931 1112 1066 1167 Huic
1094 1111 1272 1182 itaque
1301 1110 1504 1165 nullum
1534 1109 1751 1164 habenti
1781 1117 2055 1178 peccatum
2094 1105 2224 1161 dicit

631 1205 686 1260 in
733 1203 1017 1275 prmsentia
1059 1201 1318 1272 propheta
1360 1200 1524 1256 David
1557 1217 1571 1255 :
1603 1199 1716 1254 Tibi
1758 1198 1857 1254 soli
1888 1197 2123 1269 peccavi,
2173 1205 2224 1250 et

629 1295 917 1365 malignum
956 1310 1132 1348 coram
1175 1301 1222 1346 te
1263 1293 1360 1364 feci
1385 1307 1403 1346 :
1426 1301 1480 1346 ut
1491 1290 1794 1363 justiﬁceris
1821 1290 1876 1343 in
1913 1287 2223 1343 sermonibus

603 1391 755 1482 $tuis,
801 1398 848 1443 et
875 1388 1049 1442 vincas
1088 1404 1204 1442 cum
1252 1386 1526 1458 iudicaris.
1569 1384 1802 1456 Superas
1846 1382 1988 1438 enim
2031 1394 2223 1437 omnes

608 1475 900 1543 ihomiues,
933 1477 1368 1549 omnesjudices,
1410 1485 1466 1532 et
1491 1477 1582 1548 qui
1607 1491 1667 1532 se
1701 1483 1848 1547 putat
1866 1475 2091 1546 justum,
2123 1487 2220 1528 co-

627 1585 749 1630 ram
774 1580 826 1628 te
865 1570 1096 1642 injustus
1135 1581 1220 1625 est
1251 1587 1263 1624 :
1293 1578 1351 1626 tu
1379 1569 1526 1624 solus
1563 1569 1708 1638 juste
1747 1567 1978 1639 judicas,
2026 1566 2220 1637 injuste

623 1665 933 1738 judicatus,
982 1664 1072 1734 qui
1115 1669 1434 1733 potestatem
1488 1661 1656 1718 habes
1705 1660 1941 1733 ponendi
1984 1659 2217 1714 animam

626 1766 798 1825 tuam,
829 1766 884 1814 et
911 1764 1229 1828 potestatem
1259 1756 1424 1812 habes
1447 1755 1638 1812 iterum
1665 1754 1911 1811 sumendi
1943 1769 2062 1810 eam
2103 1751 2214 1824 (Id.

623 1863 683 1916 ι,
710 1849 824 1923 18).
852 1847 1034 1904 Vincis
1073 1863 1203 1919 ergo
1245 1861 1367 1902 cum
1404 1846 1680 1917 iudicaris.
1726 1846 1927 1902 Omnes
1971 1844 2216 1901 homines

624 1955 868 2011 superas,
898 1940 1020 2010 quia
1053 1939 1171 2010 plus
1208 1953 1269 1996 es
1294 1953 1452 2010 quam
1489 1937 1754 2005 homines,
1800 1946 1856 1992 et
1883 1951 1982 2007 per
2006 1944 2059 1991 te
2088 1935 2214 1991 facti

623 2043 750 2088 sunt
777 2033 1051 2088 homines.

696 2121 786 2178 10.
818 2121 839 2196 [
863 2138 994 2178 vers.
1024 2119 1103 2194 7.]
1141 2120 1258 2176 Tibi
1283 2121 1379 2175 soli
1407 2122 1629 2193 peccaui,
1661 2130 1710 2175 et
1741 2121 2018 2192 malignum
2043 2135 2214 2174 coram

620 2223 671 2270 te
708 2214 808 2287 feci
842 2228 862 2268 :
910 2224 964 2267 ut
997 2213 1298 2285 justiﬁceris
1334 2213 1388 2266 in
1425 2214 1738 2268 sermonibus
1768 2213 1904 2279 tuis,
1955 2223 2001 2265 et
2042 2212 2214 2267 uincas

619 2321 738 2360 cum
770 2303 1047 2375 judicaris.
1100 2302 1230 2358 Ecce
1280 2304 1413 2358 enim
1461 2303 1516 2357 in
1559 2303 1902 2374 iniquitatibus
1941 2311 2212 2374 conceptus

617 2415 757 2454 sum.
789 2397 1066 2469 Tanquam
1091 2396 1382 2462 diceretur,
1417 2395 1717 2451 Vincuntur
1744 2396 1818 2450 illi
1841 2397 1930 2466 qui
1971 2395 2212 2452 fecerunt

617 2487 764 2559 quod
816 2496 872 2543 et
917 2497 972 2543 tu
1013 2486 1189 2542 David
1221 2504 1235 2540 :
1266 2501 1371 2541 non
1416 2487 1560 2542 enim
1609 2488 1709 2541 hoc
1742 2501 1963 2558 parvum
2009 2487 2208 2543 malum

618 2593 954 2652 parvumque
1000 2585 1301 2648 peccatum,
1345 2577 1670 2633 adulterium
1711 2587 1766 2631 et
1811 2576 2205 2633 homicidium:

617 2669 750 2748 quid
777 2669 854 2725 illi
883 2669 976 2741 qui
1001 2683 1067 2724 ex
1094 2683 1202 2740 quo
1228 2668 1339 2724 nati
1366 2676 1491 2724 sunt
1516 2667 1584 2724 de
1606 2676 1798 2725 ventre
1837 2668 2025 2724 matris
2071 2684 2203 2736 sure,

613 2759 751 2817 nihil
777 2759 881 2815 tale
906 2757 1197 2816 fecerunt?
1236 2759 1400 2816 etiam
1427 2759 1558 2829 ipsis
1605 2759 1836 2830 imputas
1875 2760 2050 2831 aliqua
2081 2775 2206 2830 pec-

613 2861 758 2921 cata,
777 2861 836 2908 ut
860 2852 950 2908 ille
977 2867 1165 2908 omnes
1181 2852 1359 2907 vincat
1381 2866 1504 2907 cum
1538 2853 1764 2923 coeperit
1777 2851 2007 2922 jndicari
2029 2853 2054 2906 τ
2075 2853 2205 2910 Sus-

612 2946 759 3016 cepit
798 2960 1086 3016 personam
1128 2945 1342 3016 generis
1397 2944 1619 3000 humani
1666 2945 1853 3011 David,
1883 2955 1937 3000 et
1978 2945 2205 3002 attendit

613 3036 856 3094 omnium
902 3036 1133 3104 vincula,
1181 3037 1531 3108 propaginem
1580 3037 1770 3093 mortis
1809 3037 2200 3104 consideravit,

611 3128 875 3199 originem
932 3127 1224 3199 iniquitatis
1267 3127 1514 3194 advertit,
1555 3137 1610 3184 et
1655 3129 1764 3183 ait:
1795 3127 1930 3185 Ecce
1978 3131 2113 3185 enim
2148 3130 2202 3184 in

609 3219 960 3291 iniquitatibus
982 3228 1253 3289 conceptus
1276 3236 1410 3274 sum.
1452 3218 1720 3290 Numquid
1751 3219 1920 3276 David
1947 3220 2016 3277 de
2042 3220 2200 3276 adul-

610 3314 751 3370 terio
798 3320 955 3368 natus
988 3321 1143 3377 erat,
1197 3311 1264 3367 de
1301 3312 1453 3368 Jcsse
1499 3312 1616 3368 viro
1676 3313 1822 3383 justo
1869 3321 1926 3369 et
1975 3313 2201 3385 conjuge

609 3405 1029 3482 ipsius(lReg.
1079 3423 1206 3473 ενι,
1259 3404 1409 3480 l8)?
1471 3406 1610 3475 Quid
1638 3415 1722 3462 est
1766 3406 1909 3478 quod
1961 3423 2021 3464 se
2071 3408 2202 3464 dicit

607 3497 666 3555 in
707 3495 985 3568 iniquitate
1024 3507 1375 3568 conceptum,
1430 3496 1531 3551 nisi
1567 3496 1691 3566 quia
1719 3496 1948 3552 trahitur
1999 3497 2197 3569 iniqui-

609 3597 694 3646 tas
737 3605 802 3645 ex
850 3581 1302 3644 Adam‘IEtiam'
1331 3587 1504 3658 ipsum
1553 3586 1822 3643 vinculum
1874 3587 2199 3645 mortiscum

608 3681 724 3754 ipsa
755 3681 1030 3754 iniquitate
1081 3686 1393 3736 concretum
1431 3686 1534 3734 est.
1579 3676 1750 3735 Nemo
1803 3680 2042 3736 nascitur
2089 3681 2193 3737 nisi

609 3776 831 3834 trahens
859 3789 1072 3845 poenam
1095 3814 1113 3839 ,
1145 3771 1362 3828 trahens
1391 3772 1640 3828 meritum
1672 3787 1859 3842 ptenm.
1903 3774 2036 3829 Dicit
2067 3783 2122 3828 et
2143 3774 2194 3829 in

606 3869 714 3926 alio
743 3868 862 3924 loco
905 3865 1162 3938 propinata
1193 3883 1208 3920 :
1240 3862 1407 3920 Nemo
1444 3866 1664 3920 mundus
1705 3865 1757 3920 in
1793 3876 2061 3936 conspectu
2088 3877 2192 3934 tuo,

606 3977 700 4018 nec
722 3961 896 4033 infans
936 3959 1082 4031 cujus
1112 3965 1182 4012 est
1209 3957 1361 4012 unius
1385 3956 1485 4010 diei
1526 3957 1628 4010 vita
1654 3973 1806 4028 super
1835 3967 2018 4012 terram
2062 3942 2194 4031 (J'ob

604 4069 719 4120 nv,
749 4053 807 4119 4,
834 4067 935 4107 sec.
959 4049 1128 4120 LXX)
1149 4050 1174 4103 i
1196 4047 1451 4104 Novimus
1471 4048 1611 4103 enim
1633 4058 1688 4104 et
1708 4046 1980 4119 Baptismo
1999 4047 2194 4105 Christi

604 4143 740 4202 solvi
765 4151 1006 4214 peccata,
1046 4149 1099 4196 et
1122 4137 1452 4211 Baptismum
1475 4136 1675 4194 Christi
1706 4137 1886 4193 valere
1912 4138 1978 4192 ad
2005 4141 2197 4194 remis-

602 4236 814 4292 sionem
842 4242 1201 4305 peccatorum.
1225 4231 1281 4287 Si
1299 4230 1526 4286 infantes
1542 4229 1688 4284 omni
1711 4228 1870 4284 modo
1885 4229 2197 4287 innocentes

604 4335 765 4393 sunt,
785 4341 882 4382 cur
910 4333 1109 4381 matres
1123 4322 1192 4378 ad
1219 4321 1512 4377 Ecclesiam
1536 4336 1656 4377 cum
1685 4320 2057 4391 languentibus
2085 4337 2199 4378 cur-

605 4427 732 4475 runt
751 4417 777 4473 't
799 4416 938 4485 Quid
962 4416 1056 4472 illo
1080 4414 1352 4486 Baptismo
1373 4455 1387 4480 ,
1419 4413 1544 4484 quid
1572 4413 1659 4467 illa
1686 4413 2001 4470 remissione
2028 4413 2199 4470 dimit-

605 4510 785 4567 titur?
811 4509 1154 4567 lnnocentem
1180 4505 1348 4578 magis
1368 4503 1525 4560 video
1541 4503 1754 4560 ﬂentem
1777 4520 1934 4576 quam
1960 4505 2195 4561 irascen-

604 4612 740 4660 tem.
783 4601 924 4671 Quid
962 4601 1091 4657 eluit
1135 4598 1474 4670 Baptismus?
1503 4597 1630 4669 quid
1674 4597 1832 4654 solvit
1860 4598 1946 4654 illa
1991 4599 2196 4670 gratia?

613 4697 851 4756 Solvitur
889 4710 1125 4768 propago
1142 4693 1368 4767 peccati.
1397 4692 1532 4762 Quia
1549 4694 1592 4748 si
1613 4693 1755 4764 loqui
1786 4693 1877 4749 tibi
1909 4703 2090 4764 posset
2107 4694 2196 4750 ille

605 4790 809 4860 infans,
835 4790 1057 4854 diceret;
1084 4788 1207 4844 etsi
1246 4786 1355 4858 jam
1405 4785 1729 4842 intellectum
1777 4785 2014 4854 haberet,
2035 4803 2194 4858 quem

606 4883 840 4940 habebat
869 4880 1032 4937 David
1056 4922 1070 4946 ,
1099 4878 1450 4950 responderet
1500 4877 1594 4932 tibi
1627 4894 1640 4932 :
1676 4877 1814 4945 Quid
1857 4893 1936 4931 me
1978 4877 2196 4933 attendis

607 4974 858 5045 infantem
879 4975 906 5029 ?
929 4971 1045 5029 Non
1070 4969 1284 5043 quidem
1314 4969 1462 5025 vides
1489 4967 1721 5025 facinora
1753 4984 1871 5024 mea
1905 4985 1919 5022 :
1961 4968 2056 5025 sed
2095 4983 2196 5040 ego

606 5070 664 5125 in
690 5067 969 5139 iniquitate
997 5075 1287 5136 conceptus
1314 5078 1454 5132 sum,
1488 5061 1554 5117 Et
1574 5063 1627 5117 in
1656 5063 1870 5135 peccatis
1898 5072 2058 5117 mater
2085 5080 2197 5119 mea

543 5191 555 5204 ι
611 5177 693 5217 me
715 5161 770 5216 in
797 5169 940 5215 utero
969 5159 1114 5214 aluit.
1149 5158 1349 5213 Prteter
1374 5157 1477 5211 hoc
1515 5156 1780 5212 vinculum
1808 5156 2194 5227 concupiscen-

609 5255 698 5308 tia:
721 5253 952 5308 carnalis
980 5252 1000 5284 ³
1027 5258 1184 5306 natus
1209 5259 1291 5305 est
1319 5248 1563 5304 Christus
1581 5249 1697 5304 sine
1718 5249 1974 5314 masculo,
2005 5263 2070 5304 ex
2089 5249 2199 5305 vir-

610 5346 734 5413 gine
777 5343 1116 5413 concipiente
1145 5340 1212 5397 de
1238 5340 1439 5412 Spiritu
1469 5349 1674 5396 sancto.
1719 5338 1835 5396 Non
1880 5350 2053 5410 potest
2095 5343 2195 5400 iste

609 5437 714 5492 dici
744 5437 795 5490 in
835 5436 1113 5505 iniquitate
1136 5441 1457 5503 conceptus;
1489 5448 1592 5486 non
1621 5440 1794 5502 potest
1831 5430 1956 5498 dici,
1987 5431 2041 5485 In
2071 5447 2196 5504 pec-

609 5529 744 5583 catis
773 5535 945 5582 mater
963 5524 1079 5596 ejus
1104 5523 1157 5579 in
1198 5532 1351 5580 utero
1373 5539 1494 5580 eum
1517 5524 1683 5592 aluit,
1715 5524 1796 5579 cui
1842 5524 2039 5580 dictum
2079 5535 2192 5581 est:

614 5622 840 5695 Spiritus
874 5629 1080 5675 sanctus
1120 5617 1432 5690 superveniet
1476 5617 1529 5670 in
1577 5626 1640 5683 te,
1681 5628 1730 5672 et
1769 5619 1926 5673 virtus
1953 5617 2197 5673 Altissinti

609 5713 924 5774 obumbrabit
954 5714 1043 5770 tibi
1069 5711 1223 5785 (Luc.
1251 5729 1290 5782 ι,
1312 5713 1425 5785 35).
1455 5710 1571 5767 Non
1611 5727 1738 5784 ergo
1766 5711 1887 5769 ideo
1911 5713 1961 5768 in
2002 5711 2195 5784 iniqui.

675 5849 703 5912 '_
729 5845 919 5909 Aliquot
939 5851 1066 5902 Mss.
1092 5863 1156 5899 ea:
1189 5851 1346 5904 «tam.
1369 5864 1400 5899 a
1423 5862 1513 5900 auo
1535 5849 1687 5912 ἰρςεηυι
1709 5847 1966 5911 vinculum,
1991 5859 2089 5903 etc.

683 5910 706 5941 ’
736 5919 914 5966 Omnes
935 5931 1087 5984 prope
1108 5928 1229 5977 “$5.,
1252 5921 1482 5971 mortalis.

2268 5795 2272 5799 ·
2364 5786 2390 5856 ξ
2417 5783 2586 5856 sines
2604 5781 3174 5856 mandaveram-
3196 5781 3294 5856 ᾼιίίη
3317 5759 3629 5856 enim“

1879 435 1937 499 s.
1979 431 2342 495 annosum
2385 428 2687 489 EPISCOl’l
3705 446 3770 504 ες,
3828 459 3829 472 χ

2331 553 2440 602 tate
2461 546 2834 618 concipiuntur
2875 547 3155 615 homines,
3185 545 3318 605 etin
3343 549 3544 619 peccatis
3570 551 3612 606 in
3635 562 3769 617 atem
3828 549 3829 552 “

2329 640 2590 697 matribus
2608 641 2846 710 aluntur,
2871 642 2996 714 quia
3017 652 3291 716 peccatum
3313 652 3391 700 est
3418 645 3596 702 misceri
3619 650 3770 724 coniugi.
3828 677 3829 680 η

2328 732 2465 802 bus;
2490 733 2588 791 sed
2617 735 2740 807 quia
2771 734 2899 792 illud
2924 735 3066 808 quod
3090 735 3181 803 iit,
3225 737 3402 808 utique
3425 736 3554 793 fitdc
3578 754 3772 814 campo:-
3828 743 3829 814 ξ

2328 827 2457 883 nali.
2485 828 2650 884 Poena
2670 828 2814 884 enim
2837 829 3017 885 carnis
3037 843 3183 885 mors
3201 832 3389 896 estfct
3409 829 3567 902 utique
3595 831 3694 888 inest
3708 835 3773 905 ipsa

2328 919 2644 976 mortalitas.
2693 918 2844 976 Unde
2874 918 3159 989 Apostolus
3198 934 3304 975 non
3346 919 3620 976 moriturum
3658 939 3775 996 corpus

2327 1011 2483 1079 dixit,
2506 1012 2600 1068 sed
2627 1021 2894 1068 mortuum
2921 1029 2936 1066 :
2963 1012 3159 1083 Corpus
3177 1013 3375 1083 quidem
3401 1022 3619 1068 mortuum
3638 1025 3708 1080 at,
3727 1018 3772 1072 in-

2327 1101 2463 1171 quit,
2494 1112 2701 1174 propter
2725 1111 2981 1172 peccatum
3003 1119 3024 1170 ,°
3047 1103 3257 1175 spiritus
3274 1113 3435 1158 autent
3465 1103 3554 1158 cita
3576 1113 3633 1158 est
3653 1121 3774 1178 propter

2317 1192 2574 1263 justitiam
2612 1193 2786 1265 (Rom.
2818 1209 2935 1261 vm,
2959 1194 3074 1262 i0).
3100 1195 3377 1264 Quomodo
3402 1210 3519 1268 ergo
3540 1197 3633 1253 sine
3651 1197 3778 1254 vinculo

2326 1283 2530 1353 peccati
2581 1285 2838 1352 nascitur,
2884 1285 3027 1356 quod
3068 1285 3367 1358 concipitur
3388 1287 3404 1318 ί
3427 1294 3478 1342 et
3511 1287 3777 1345 semimturde

2325 1386 2552 1445 corpore
2580 1385 2794 1431 mortuo
2821 1385 3041 1448 propter
3069 1385 3340 1448 peccatum
3357 1377 3382 1432 ‘l
3400 1375 3533 1448 Opus
3554 1376 3637 1434 hoc
3652 1389 3776 1434 castum

2327 1463 2376 1520 in
2399 1465 2627 1538 conjuge
2651 1483 2758 1523 non
2786 1467 2950 1526 habet
2973 1469 3185 1542 culpam
3209 1510 3228 1538 ,
3258 1469 3353 1525 sed
3388 1469 3527 1540 origo
3556 1471 3706 1540 pecuni
3719 1480 3777 1525 tn-

2325 1555 2405 1612 hit
2427 1572 2610 1615 secum
2638 1559 2874 1618 debitam
2905 1577 3140 1632 prauam.
3165 1561 3284 1618 Non
3311 1562 3451 1619 enim
3476 1563 3688 1628 maritus,
3711 1565 3776 1635 quia

2323 1649 2546 1706 maritus
2587 1661 2692 1720 est,
2722 1655 2970 1710 mortalis
3005 1670 3109 1712 non
3139 1663 3221 1711 est
3240 1697 3258 1722 ,
3286 1663 3378 1710 aut
3406 1653 3596 1711 aliunde
3617 1654 3693 1710 nisi
3712 1670 3772 1724 ptr-

2322 1750 2443 1820 cato
2472 1744 2716 1800 mortalis
2761 1747 2865 1802 est.
2907 1746 3040 1802 Erat
3066 1746 3210 1804 enim
3241 1756 3298 1804 ct
3343 1747 3577 1804 Dominus
3613 1749 3764 1812 mortali

2320 1831 2417 1888 sed
2459 1849 2568 1890 non
2594 1833 2663 1891 de
2706 1846 2967 1906 peccato:
2997 1837 3233 1910 suscepit
3272 1853 3478 1909 poenam
3519 1846 3724 1903 nostram,
3745 1846 3770 1891 et

2320 1924 2443 1980 ideo
2487 1926 2650 1982 solvit
2688 1928 2901 1998 culpam
2940 1941 3199 1986 nostram.
3235 1929 3425 1986 Merito
3452 1944 3569 2002 ergo
3606 1929 3650 1984 in
3682 1926 3771 1984 Adin

2319 2031 2509 2074 omnes
2539 2019 2860 2089 moriuntur,
2900 2021 2952 2076 in
2998 2020 3215 2079 Christo
3242 2032 3421 2078 autem
3451 2037 3617 2079 omnes
3639 2021 3772 2076 virilia-

2317 2107 2518 2166 buntur
2549 2109 2596 2182 (Ι
2623 2109 2743 2167 Cor.
2773 2127 2872 2178 xv,
2899 2111 3018 2183 22).
3051 2112 3154 2168 Per
3181 2129 3344 2168 unum
3363 2112 3596 2168 hominem
3612 2110 3774 2177 enimut

2315 2199 2632 2272 Apostolus,
2665 2213 2922 2275 peccatum
2946 2206 3000 2260 in
3025 2205 3158 2261 hunc
3185 2205 3435 2262 mundum
3458 2204 3661 2270 intrarit,
3680 2215 3710 2258 et
3726 2219 3770 2273 pr

2317 2304 2577 2363 peccatum
2601 2312 2758 2364 mors,
2786 2307 2834 2353 et
2875 2299 2947 2353 ita
2974 2299 3027 2353 in
3054 2315 3226 2354 omnes
3257 2298 3481 2353 homines
3507 2293 3771 2369 pertransiitit

2314 2400 2414 2455 quo
2437 2403 2611 2443 omnes
2633 2399 2964 2457 peccaverunt
2994 2388 3170 2460 (Rom.
3195 2404 3254 2456 v,
3284 2390 3398 2460 i2).
3424 2388 3772 2445 Deﬁnitaestsen-

2316 2480 2520 2537 tentia:
2549 2481 2606 2536 in
2645 2481 2838 2550 Adam,
2867 2482 3080 2554 inquit,
3127 2497 3320 2540 omnes
3345 2479 3771 2556 peccaverunt.Solu

2312 2587 2434 2630 esse
2462 2574 2721 2632 innocens
2764 2575 2939 2633 infans
2986 2580 3200 2648 potuit,
3253 2578 3347 2650 qui
3376 2577 3444 2634 de
3487 2575 3770 2649 operc'Adan

2312 2681 2420 2724 non
2449 2677 2605 2724 natus
2630 2676 2732 2724 ρει.

2383 2759 2470 2815 Η.
2501 2759 2653 2833 [verm
2697 2759 2778 2835 8.]
2803 2761 2938 2818 Ecce
2981 2763 3112 2818 enim
3136 2763 3394 2820 ueritatem
3416 2763 3615 2820 dilexisti
3633 2764 3769 2818 :incatt

2309 2859 2358 2906 et
2376 2852 2573 2907 occulta
2591 2855 2851 2926 sapientia:
2875 2864 2977 2911 tua:
3003 2857 3345 2927 manifestasti
3367 2859 3505 2914 nti/ti.
3527 2856 3768 2914 Veritatatti-

2309 2943 2478 2999 texisti
2506 2959 2527 2999 :
2552 2945 2603 3000 id
2623 2955 2707 3001 est
2724 2988 2740 3014 ,
2772 2945 3028 3019 impunita
3059 2959 3276 3019 peccata
3310 2949 3469 3006 etiam
3489 2965 3644 3007 eorum
3665 2949 3765 3020 quite
3799 2943 3830 3020 Ι

2309 3034 2561 3106 ignoscis,
2615 3052 2722 3093 non
2766 3038 3048 3110 reliquisti.
3082 3038 3362 3098 Veritatem
3389 3042 3594 3100 dilexisti
3619 3039 3706 3097 :sic
3719 3039 3768 3093 ni-
3799 3034 3829 3110 Ι

2308 3127 2656 3184 sericordiam
2704 3131 3013 3201 μηνί-σεδειί
3034 3172 3048 3196 .
3097 3141 3158 3187 ut
3200 3146 3450 3190 servares
3487 3143 3537 3190 et
3578 3132 3768 3188 veritatem.
3793 3127 3829 3202 l3

2308 3216 2544 3288 ignoscis
2569 3219 2868 3286 conﬁtenti,
2911 3222 3144 3292 ignoscis
3163 3263 3178 3288 ,
3229 3224 3328 3280 sed
3354 3224 3572 3297 seipsum
3597 3216 3829 3297 puniettitl

2305 3306 2379 3365 ita
2420 3319 2670 3366 servatur
2705 3311 3070 3369 misericordia
3109 3323 3168 3370 et
3209 3315 3443 3384 veritas;
3487 3306 3829 3384 misericordiul

2304 3402 2428 3472 quia
2461 3402 2621 3459 homo
2650 3403 2926 3471 liberatur;
2953 3404 3177 3473 veritas,
3200 3408 3327 3479 quia
3356 3415 3611 3479 peccatum
3629 3403 3762 3477 puniit
3797 3402 3829 3479 I3

2303 3493 2442 3550 Ecce
2469 3498 2604 3550 enim
2631 3497 2891 3552 veritatem
2936 3497 3160 3554 dilexisti
3189 3515 3208 3554 :
3237 3500 3432 3556 incerta
3467 3509 3514 3556 ct
3547 3499 3698 3555 occulta
3719 3509 3752 3548 ι·
3799 3493 3829 3564 Ιτ

2305 3585 2510 3656 pientiat
2556 3594 2658 3642 tua:
2691 3588 3030 3658 niani/estain
3070 3590 3214 3644 mihi.
3243 3591 3378 3658 Quze
3404 3590 3614 3646 occulta?
3633 3583 3752 3659 qusi
3793 3583 3829 3659 Ι

2301 3687 2437 3733 certa
2453 3680 2480 3734 2
2504 3677 2637 3746 Quia
2666 3679 2808 3736 Deus
2834 3681 3062 3752 ignoscit
3088 3691 3144 3738 et
3168 3682 3385 3740 talibus.
3410 3682 3541 3739 Nihil
3561 3689 3647 3736 tam
3664 3672 3759 3732 coal-

2303 3777 2438 3836 tum,
2461 3769 2596 3825 nihil
2622 3780 2729 3825 tam
2758 3771 3040 3828 incertum.
3083 3772 3166 3828 Ad
3207 3771 3314 3830 hoc
3348 3774 3593 3832 incertum
3619 3764 3760 3826 hiauit

2302 3860 2672 3931 pmnitentiam
2717 3870 2962 3932 egerunt.
2995 3862 3257 3920 Dixerunt
3295 3865 3470 3928 enim,
3499 3858 3763 3934 quamvis?”

2303 3954 2475 4009 minas
2505 3953 2779 4026 prophetae
2798 3997 2813 4021 ,
2845 3956 3088 4026 quamvis
3112 3967 3234 4028 post
3262 3957 3404 4014 illam
3426 3971 3620 4023 vocem,
3639 3949 3762 4014 ΐήιυι

2302 4055 2351 4101 et
2379 4045 2566 4101 Ninive
2614 4046 2925 4102 subvertetur
2953 4063 2973 4104 :
3001 4049 3251 4106 dixerunt
3293 4049 3432 4122 apud
3473 4065 3557 4118 se,
3587 4040 3762 4120 petenda

2301 4155 2424 4197 esse
2446 4141 2868 4198 misericordiam
2901 4159 2914 4197 :
2939 4141 3198 4199 dixerunt
3223 4145 3297 4200 ita
3331 4143 3468 4217 apud
3493 4157 3550 4200 se
3571 4140 3761 4208 discet!"-

2303 4243 2410 4301 tes,
2445 4234 2571 4303 Quis
2613 4236 2777 4302 novit,
2824 4236 2870 4292 si
2910 4234 3056 4292 Deus
3092 4237 3266 4308 ﬂectat
3293 4238 3348 4293 in
3377 4238 3541 4293 melius
3572 4228 3754 4290 nutanti

2301 4347 2467 4395 suam,
2499 4339 2546 4386 et
2589 4330 2852 4384 miseretur
2870 4331 2896 4385 ?
2922 4329 3185 4386 Incertum
3217 4340 3356 4399 erat,
3380 4346 3495 4389 cum
3513 4315 3751 4388 dicitur.“

2302 4423 2458 4478 novit.
2488 4422 2563 4477 De
2602 4421 2807 4478 incerto
2831 4421 3200 4493 paenitentiam
3228 4431 3470 4496 egerunt,
3494 4429 3656 4480 certam
3673 4409 3756 4469 βίη·

2301 4513 2587 4570 ricordiam
2619 4524 2932 4569 meruerunt
2963 4521 3482 4584 :prostraveruntse
3503 4511 3551 4569 in
3572 4499 3756 4578 lacryﬂ'io

2300 4607 2357 4663 in
2396 4605 2614 4677 jejuniis
2635 4645 2652 4672 ,
2685 4606 2738 4660 in
2776 4605 2955 4661 cilicio
2984 4613 3040 4662 et
3069 4605 3125 4662 in
3154 4605 3339 4663 cinere
3364 4601 3756 4677 prostraverunt”:

2300 4706 2638 4769 gemuerunt,
2667 4695 2928 4752 ﬂeverunt
2949 4736 2965 4763 ,
2995 4697 3235 4769 pepercit
3263 4698 3401 4754 Deus
3428 4695 3558 4771 (Ion.
3580 4678 3757 4757 unwi-

2302 4789 2463 4846 Stetit
2504 4787 2715 4854 Ninive,
2764 4804 2832 4845 an
2861 4803 3048 4844 eversa
3072 4797 3159 4846 est
3197 4788 3428 4847 Ninive?
3453 4785 3600 4845 Aliter
3628 4771 3756 4851 quid”

2301 4881 2511 4938 videtur
2548 4878 2856 4936 hominibus
2878 4922 2894 4948 ,
2949 4889 3003 4936 et
3044 4879 3198 4937 aliter
3226 4882 3399 4938 visum
3439 4887 3514 4936 est
3545 4863 3756 4932 Βωῑείο

2301 4984 2478 5032 autem
2503 4981 2630 5046 puto
2669 4972 2944 5043 impletum
2973 4971 3140 5030 fuisse
3167 4974 3309 5046 quod
3335 4970 3568 5044 propheta
3588 4955 3754 5036 Imb"

2302 5078 2402 5124 rat.
2433 5067 2660 5139 Respice
2673 5081 2793 5138 qute
2820 5066 2918 5123 fuit
2943 5066 3154 5135 Ninive,
3178 5077 3233 5124 et
3259 5067 3379 5124 vide
3403 5063 3517 5138 quia
3532 5069 3671 5119 eversa
3685 5051 3752 5139 (ξίν
3787 5063 3798 5076 ³

2302 5174 2490 5218 eversa
2518 5138 2572 5215 in
2603 5157 2764 5226 malo,
2791 5157 3052 5215 aediﬁcata
3068 5159 3120 5215 in
3147 5160 3326 5216 bono:
3352 5159 3483 5216 sicut
3497 5138 3752 5210 eventis“:

2302 5255 2387 5310 lus
2427 5262 2757 5324 persecutor,
2797 5251 3091 5309 aediﬁcatus
3138 5252 3336 5310 Paulus
3382 5247 3649 5323 praedicator
3673 5227 3748 5301 (Μ’

2304 5365 2379 5417 Ix,
2404 5345 2484 5420 4).
2504 5346 2637 5414 Quis
2661 5362 2766 5402 non
2801 5345 2999 5402 diceret
3015 5346 3282 5402 civitatem
3313 5347 3477 5410 istam,
3500 5339 3547 5395 in
3576 5342 3650 5406 qui
3669 5329 3750 5420 “ii

2302 5418 2506 5505 sumus,
2544 5436 2770 5494 feliciter
2791 5452 3056 5506 eversam,
3083 5439 3131 5492 si
3158 5452 3344 5494 omnes
3371 5433 3441 5490 illi
3473 5422 3636 5488 insani.
3660 5418 3746 5478 "‘3"

2303 5535 2415 5590 suis
2439 5532 2688 5600 desertis,
2731 5531 2799 5588 ad
2823 5532 3103 5589 ecclesiam
3126 5537 3436 5604 compnncto
3456 5519 3588 5581 corde

2302 5635 2503 5694 rerent,
2520 5627 2611 5682 Dei
2639 5625 3057 5683 miscricordiam
3087 5625 3154 5681 de
3175 5626 3286 5682 suis
3313 5621 3454 5679 lactis
3701 5607 3745 5647 ’θ’

3823 995 3830 1306 γ

3823 1306 3830 1581 l

3815 1581 3830 1949 l

3801 1949 3830 2221 Ι

3787 2873 3830 3238 ι

3629 5554 3745 5660 iisin-
3799 5554 3830 5915 1

2369 5850 2392 5882 ³
2421 5847 2553 5908 πω..
2574 5845 2789 5910 opere_in
2811 5845 2982 5895 Admn.
3007 5845 3168 5906 Abest,
3190 5845 3258 5907 in,
3279 5855 3308 5894 a
3323 5849 3418 5894 Ms.
