3942 6450
114 455 228 515 893

121 569 419 628 vocarent?
446 567 635 627 Nonne
661 566 963 624 diceremus
987 582 1002 621 :
1026 561 1129 622 Ubi
1158 568 1243 620 est
1284 559 1373 616 illa
1398 554 1712 626 Carthago?

125 662 259 731 Quia
287 677 395 717 non
420 669 503 718 est
530 659 671 731 quod
698 666 814 715 erat
832 699 847 724 ,
875 670 1061 713 eversa
1085 664 1170 711 est
1200 671 1214 707 :
1242 650 1335 709 sed
1362 651 1407 706 si
1437 656 1539 716 est,
1568 644 1709 717 quod

133 770 235 809 non
251 763 386 820 erat,
412 750 667 808 :cdilicata
689 760 789 806 est.
817 748 892 805 Ita
906 747 1100 805 dicitur
1114 744 1365 803 Jeremize
1391 759 1406 797 :
1430 740 1562 797 Ecce
1582 740 1712 793 dabo

137 846 218 900 tibi
244 844 519 911 eradicare,
549 840 824 909 su/Todere,
855 849 1091 906 evertere,
1115 836 1425 908 disperdere,
1460 841 1509 888 et
1536 849 1712 888 rursus

138 934 402 1007 aediﬁcare,
437 945 486 990 et
512 936 745 1006 plautare
773 933 987 1004 (Jerem.
1017 948 1056 998 ι,
1086 931 1197 999 10).
1224 927 1352 984 lnde
1380 934 1464 983 est
1491 939 1593 980 vox
1622 922 1713 978 illa

144 1032 340 1089 Domini
372 1050 384 1086 :
416 1029 532 1101 Ego
560 1031 857 1102 percutiant,
884 1038 931 1082 et
950 1043 1040 1098 ego
1074 1023 1263 1080 sonabo
1300 1021 1484 1094 (Deut.
1514 1032 1668 1072 xxx"
1696 1056 1713 1083 ,

145 1124 247 1194 59).
298 1123 532 1179 Percutit
583 1120 916 1192 putredinem
957 1116 1241 1184 facinoris,
1274 1124 1425 1169 sanat
1469 1109 1711 1165 dolorem

145 1216 377 1271 vulneris.
411 1211 637 1268 Faciunt
668 1211 858 1267 medici
882 1226 1003 1265 cum
1049 1216 1272 1271 secant,
1317 1202 1623 1276 percutiunt
1660 1207 1715 1254 et

147 1316 356 1371 sanant;
387 1315 599 1360 armant
628 1318 687 1357 se
716 1310 775 1358 ut
811 1300 1042 1362 feriant,
1078 1300 1274 1354 ferrum
1303 1304 1511 1368 gestant
1540 1300 1595 1348 et
1620 1306 1713 1348 cu-

149 1414 253 1454 rare
283 1395 518 1451 veniunt.
550 1392 657 1449 Sed
688 1392 808 1463 quia
849 1400 1063 1461 peccata
1091 1403 1281 1459 magna
1322 1394 1477 1442 erant
1506 1383 1713 1439 Ninivi-

153 1500 325 1553 tarum,
355 1482 627 1540 dixerunt.
662 1483 789 1551 Quis
808 1482 941 1535 novit
962 1481 988 1535 ?
1014 1479 1127 1535 Hoc
1155 1481 1419 1534 incertum
1448 1475 1715 1546 patefece-

152 1588 222 1635 rat
246 1579 376 1632 Deus
402 1590 559 1632 servo
585 1589 683 1629 suo
707 1572 889 1628 David.
922 1569 1056 1627 Cum
1085 1571 1226 1626 enim
1257 1569 1504 1632 dixisset,
1540 1574 1715 1621 stante

153 1678 199 1725 et
219 1674 462 1738 urguente
500 1681 558 1721 se
609 1664 895 1735 Propheta,
948 1660 1164 1717 Peccavi
1199 1677 1217 1716 :
1260 1660 1437 1715 statim
1460 1656 1713 1713 audivita

154 1759 418 1829 Propheta,
448 1754 503 1811 id
528 1763 611 1811 est
636 1770 665 1809 a
691 1753 894 1825 Spiritu
922 1752 1015 1807 Dei
1055 1752 1144 1823 qui
1174 1760 1291 1807 erat
1320 1750 1374 1804 in
1408 1746 1669 1819 Propheta
1696 1788 1712 1814 ,

161 1847 413 1905 Dimissunt
438 1856 510 1902 est
546 1846 634 1900 tibi
659 1854 915 1917 peccatum
951 1853 1095 1897 tuum
1122 1841 1188 1914 (ιι
1219 1842 1345 1913 Reg.
1366 1856 1467 1904 xu,
1500 1840 1609 1911 l3).
1640 1836 1717 1892 ln-

155 1950 280 1997 certa
305 1949 358 1995 et
380 1937 588 1993 occulta
611 1935 886 2007 sapientiae
912 1948 1024 1990 sua:
1054 1931 1412 1989 mauifestavit
1431 1930 1499 1987 ei.

213 2033 291 2089 12.
315 2029 467 2105 [vers.
498 2028 578 2102 9.]
615 2030 862 2101 Asperges
883 2045 980 2093 me,
1013 2028 1206 2098 inquit,
1239 2027 1480 2097 hyssopo,
1502 2034 1545 2079 et
1570 2040 1718 2077 mun-

148 2125 310 2181 ἄπιοι.
363 2124 663 2195 llyssomtm
696 2122 917 2177 herbam
974 2120 1222 2175 novimus
1278 2118 1575 2184 humilem,
1623 2116 1718 2173 sed

136 2218 501 2277 medicinalem
537 2237 547 2271 :
578 2230 708 2271 saxo
732 2216 937 2271 haerere
958 2213 1228 2269 radicibus
1247 2212 1460 2269 dicitur.
1492 2211 1619 2268 lude
1665 2212 1719 2268 in

136 2312 388 2384 mysterio
416 2309 706 2365 mandandi
745 2307 923 2364 cordis
970 2307 1264 2363 similitudo
1307 2316 1580 2378 assumpta
1612 2316 1719 2362 est;

38 2422 41 2425 λ
137 2402 485 2475 Apprehcnde
527 2412 581 2455 et
611 2409 665 2455 tu
688 2399 920 2455 radicem
946 2399 1247 2455 dilectionis
1288 2409 1493 2469 petram
1530 2407 1714 2454 tuam:

137 2506 252 2553 esto
267 2495 479 2551 humilis
507 2494 559 2549 in
594 2493 780 2549 humili
803 2493 915 2548 Deo
941 2502 1048 2558 tuo,
1080 2501 1137 2548 ut
1156 2494 1231 2549 sis
1257 2494 1505 2549 excelsus
1534 2494 1585 2547 in
1601 2494 1720 2563 glo-

36 2588 48 2621 έλ
138 2587 337 2644 rificato
357 2585 468 2641 Deo
499 2594 610 2640 tuo;
642 2584 954 2655 Aspergeris
975 2583 1229 2656 hyssopo,
1258 2583 1531 2640 humilitas
1554 2583 1717 2640 Chri-

139 2679 206 2733 sti
233 2687 281 2733 te
318 2676 609 2732 mundabit.
645 2675 762 2731 Noli
786 2675 1007 2731 herbam
1031 2685 1378 2731 contemnere
1407 2716 1423 2741 ,
1456 2675 1566 2730 vim
1596 2690 1716 2731 me-

38 2798 47 2807 ~
138 2769 413 2826 dicamenti
443 2768 680 2824 attende.
710 2767 922 2840 Aliquid
956 2768 1116 2823 etiam
1147 2766 1322 2823 dicam
1364 2765 1506 2839 quod
1543 2782 1573 2821 a
1600 2782 1717 2823 me-

41 2873 49 2881 '
138 2861 267 2917 dicis
300 2862 535 2918 solemus
578 2860 762 2916 audire
783 2902 798 2926 ,
829 2861 912 2916 vel
958 2860 1190 2931 experiri
1221 2860 1272 2914 in
1316 2860 1546 2931 aegrotis.
1579 2859 1719 2932 Hys-

38 2964 49 2997 ῖ
136 2967 319 3023 aopum
348 2952 531 3008 dicunt
561 2951 848 3022 purgandis
890 2950 1229 3021 pulmonibus
1265 2960 1447 3022 aptum
1474 2966 1608 3007 esse.
1658 2951 1717 3008 In

136 3046 381 3114 pulmone
423 3044 560 3098 solet
590 3044 761 3098 netari
791 3042 1039 3112 superbia
1072 3059 1087 3097 :
1134 3042 1239 3097 illic
1292 3042 1435 3098 enim
1468 3042 1674 3099 inflatio
1694 3080 1716 3111 ,

136 3134 245 3190 illic
296 3134 581 3191 anhelitus.
649 3132 934 3189 Dicebatur
998 3132 1068 3189 de
1122 3132 1284 3189 Sanlo
1331 3144 1715 3204 persecutore,

50 3238 53 3269 i
138 3233 378 3297 tanquam
430 3224 499 3281 de
538 3222 703 3280 Saulo
732 3223 996 3295 superbo,
1041 3222 1184 3295 quod
1227 3223 1337 3279 ibat
1387 3224 1453 3280 ad
1478 3224 1717 3280 vincien-

135 3316 237 3372 dos
283 3317 613 3373 Christianos
657 3317 870 3387 spirans
914 3316 1113 3372 cedem
1161 3318 1300 3385 (Act.
1326 3318 1518 3388 tx,l):
1547 3316 1718 3374 anhe-

42 3424 49 3457 :
135 3406 283 3462 labat
323 3408 537 3474 ca‘des,
592 3406 875 3463 anhelabat
928 3406 1263 3478 sanguinem,
1310 3408 1550 3463 nondum
1602 3425 1720 3478 pur-

48 3520 59 3547 ι
134 3509 260 3571 gata
281 3500 545 3571 pulmone.
578 3498 714 3555 Audi
742 3508 796 3554 et.
820 3497 905 3554 hic
931 3498 1299 3567 humiliatum,
1326 3501 1451 3570 quia
1482 3500 1718 3572 hyssopo

139 3601 410 3663 purgatum
440 3611 454 3647 :
481 3592 731 3664 Asperges
760 3608 838 3646 me
864 3591 1106 3662 hyssopo,
1151 3599 1200 3645 et
1222 3590 1508 3645 ntundabor
1525 3607 1545 3655 ;
1579 3592 1719 3646 lava-

42 3726 49 3735 .
149 3680 228 3736 bis
248 3699 339 3746 me,
371 3683 422 3739 id
448 3691 553 3749 est,
585 3681 865 3738 mundabis
904 3697 991 3737 me
1018 3691 1101 3737 :et
1134 3697 1290 3753 super
1315 3683 1477 3736 nivem
1504 3684 1717 3736 dealba-

142 3774 253 3829 ιον.
284 3773 390 3830 Etsi
429 3775 653 3848 fuerint,
700 3774 907 3845 inquit,
948 3782 1153 3845 peccata
1176 3782 1341 3827 vestra
1369 3772 1499 3827 sicut
1517 3773 1717 3841 phoeni-

38 3886 47 3919 ;
142 3866 296 3935 cium,
323 3878 553 3938 tanquam
578 3867 740 3921 niuem
768 3865 1011 3920 dealbabo
1040 3864 1189 3939 (lsai.
1218 3879 1256 3930 ι,
1290 3862 1400 3936 18);
1426 3864 1501 3919 De
1525 3864 1720 3919 talibus

140 3958 250 4014 sibi
282 3960 490 4016 exhibet
542 3959 787 4014 Christus
832 3966 1036 4014 vestem
1088 3958 1205 4013 sine
1246 3957 1455 4012 maeula
1484 3965 1540 4012 et
1585 3972 1717 4027 ruga

145 4045 357 4123 (Ephes.
382 4068 434 4116 v,
460 4051 572 4122 Ἦ).
626 4049 857 4106 Proinde
898 4051 1065 4105 vestis
1091 4049 1207 4117 ejus
1237 4048 1288 4103 in
1336 4059 1518 4104 monte
1539 4090 1553 4112 ,
1602 4062 1721 4119 quae

144 4148 391 4212 tanquam
413 4142 500 4198 nix
531 4142 776 4198 dealbata
820 4140 1017 4196 effulsit
1044 4139 1255 4213 (Matth.
1283 4155 1415 4203 xvn,
1444 4139 1527 4211 2),
1558 4141 1722 4210 signi-

148 4232 320 4289 ﬁcavit
350 4234 636 4291 Ecclesium
668 4235 811 4289 omni
844 4233 1051 4289 macula
1082 4233 1283 4304 peccati
1316 4233 1645 4288 mandatam.

222 4325 304 4380 i5.
330 4324 471 4399 [verm
506 4323 620 4399 10.]
646 4325 750 4381 Sed
774 4325 858 4380 ubi
890 4325 1159 4379 humilitas
1182 4340 1245 4378 ex
1278 4324 1514 4395 hyssopo
1534 4322 1559 4377 ἲ
1581 4322 1720 4380 Audi

62 4454 65 4457 -
155 4417 416 4483 sequentia
442 4437 456 4475 :
479 4418 687 4471 Auditui
704 4432 813 4470 meo
838 4418 982 4470 dabis
1006 4415 1386 4469 exsultationem
1405 4425 1451 4468 et
1470 4413 1719 4483 la'titiam,

155 4514 199 4558 et
221 4509 503 4563 exultabant
524 4524 638 4561 ossa
662 4508 944 4561 humiliata.
967 4506 1177 4560 Λιιάὶιαὶ
1196 4522 1326 4570 meo,
1358 4507 1547 4576 inquit,
1577 4508 1722 4563 dabis

156 4599 524 4653 multationem
555 4606 602 4651 et
628 4596 858 4651 latitiam
882 4612 900 4649 :
927 4595 1171 4667 gaudebo
1206 4595 1474 4651 audiendo
1504 4606 1576 4663 te,
1614 4612 1723 4652 non

156 4680 405 4757 loquendo
432 4700 614 4745 contra
640 4698 712 4744 te.
757 4688 989 4743 Peccasti
1009 4730 1024 4755 ,
1055 4686 1182 4758 quid
1205 4687 1448 4743 defendis
1484 4686 1578 4744 te?
1628 4689 1725 4745 Lo-

156 4782 236 4847 qui
260 4786 335 4840 vis
366 4803 379 4840 :
411 4795 620 4856 patere,
646 4781 768 4836 audi
797 4823 811 4845 ,
850 4780 982 4836 cede
1006 4780 1200 4835 divinis
1225 4780 1475 4845 vocibus,
1509 4796 1577 4836 ne
1603 4796 1725 4852 per-

158 4873 372 4932 turberis
400 4885 455 4933 et
482 4875 711 4946 amplius
736 4875 1035 4929 vulnereris
1067 4892 1080 4927 :
1109 4873 1457 4927 commissum
1488 4883 1590 4939 est,
1618 4889 1723 4929 non

94 5012 109 5027 ,η
157 4958 475 5029 defendatur:
504 4970 557 5024 in
580 4968 976 5022 confessionem
1004 4966 1220 5031 veniat,
1251 4981 1357 5019 non
1376 4966 1429 5019 in
1456 4963 1725 5020 defensio-

62 5065 287 5181 Xnem.
318 5060 552 5116 Adltibes
578 5071 632 5114 te
679 5056 1017 5113 defensorem
1066 5056 1270 5127 peccati
1297 5055 1413 5120 tui,
1454 5056 1722 5113 vinceris:

156 5158 252 5181 ne...
282 5154 615 5181 ζηηΑηΛηιηη.
656 5160 937 5181 nne-mnum
986 5148 1273 5181 mihihnicli
1344 5161 1449 5181 nnn
1498 5157 1578 5181 nu
1632 5148 1722 5181 ιςιιι

142 5158 253 5239 Χιιοη
282 5154 618 5208 innocentem
656 5160 938 5222 patronum
986 5148 1310 5214 adhibuisti,
1344 5161 1450 5203 non
1498 5157 1582 5203 est
1632 5148 1725 5205 tibi

156 5237 292 5298 utilis
318 5242 559 5300 defensio
589 5251 697 5297 tua.
730 5240 861 5309 Quis
907 5255 967 5296 es
1014 5241 1156 5295 enim
1186 5239 1274 5310 qui
1328 5249 1381 5294 te
1428 5238 1726 5295 defendas?

64 5322 71 5329 ’
154 5322 373 5393 ldoneus
396 5353 455 5393 es
484 5344 539 5391 tu
562 5334 629 5391 ad
650 5333 1006 5390 accusandum
1037 5343 1109 5388 te.
1133 5331 1255 5388 Noli
1279 5332 1480 5398 dicere,
1511 5344 1621 5401 aut,
1641 5334 1728 5390 Ni-

144 5414 212 5471 hil
251 5430 377 5495 feci;
423 5438 546 5494 aut,
574 5427 713 5498 Quid
754 5441 1003 5496 maguum
1036 5426 1173 5491 feci;
1204 5436 1333 5488 aut,
1377 5426 1644 5482 Fecerunt
1672 5435 1728 5482 et

137 5506 263 5576 alii.
290 5523 343 5578 Si
367 5519 608 5577 faciendo
630 5527 905 5590 peccatum
928 5518 1059 5572 nihil
1097 5526 1147 5572 te
1173 5517 1309 5572 dicis
1330 5516 1524 5573 fecisse
1546 5559 1562 5584 ,
1594 5516 1728 5573 nihil

134 5603 283 5695 ftis,
317 5617 448 5673 nihil
472 5616 733 5686 accipies;
765 5625 977 5685 paratus
1003 5622 1087 5670 est
1115 5613 1258 5669 Deus
1286 5613 1417 5668 dare
1448 5612 1728 5683 indulgeu-

129 5693 207 5745 ηδ
223 5718 304 5773 ιιι,
321 5707 522 5763 claudis
547 5715 732 5762 contra
755 5713 841 5771 te;
872 5703 960 5759 ille
983 5714 1198 5775 paratus
1219 5714 1301 5760 est
1321 5704 1472 5771 dare,
1496 5704 1604 5758 noli
1633 5718 1731 5775 0p-

122 5788 349 5875 Pmere
374 5802 583 5857 obicem
613 5798 945 5855 defensionis
969 5839 985 5863 ,
1017 5792 1113 5853 sed
1142 5798 1290 5868 aperi
1314 5799 1489 5853 sinum
1513 5796 1730 5853 confes-

117 5877 338 5949 "Quis.
371 5890 582 5948 Λιιάὶιαὶ
632 5905 741 5946 meo
795 5889 939 5945 dabis
965 5890 1352 5947 exsultationem
1377 5899 1427 5945 et
1475 5890 1726 5945 latinam.

106 5206 111 5217 ι

1291 437 1688 503 ENABRATIU
1704 460 1709 461 ί
1726 435 1791 492 IN
1830 436 1952 495 PSA
1961 436 2147 494 LMUM
2187 438 2248 493 L.

3296 438 3405 500 εει

1824 549 1944 620 ipse
1965 551 2128 608 donet
2152 562 2211 609 ut
2232 552 2406 610 dicam
2445 552 2585 625 quod
2613 554 2803 611 sentio.
2838 553 3129 612 Feliciores
3153 563 3280 613 sunt
3304 557 3399 629 qui

1819 642 2062 709 audiunt,
2093 659 2252 715 quam
2281 646 2369 715 qui
2419 646 2727 717 loquuntur.
2754 646 2856 715 Qui
2904 647 3047 704 enim
3080 648 3261 716 discit,
3293 649 3397 705 hu-

1820 732 1963 787 milis
1988 742 2103 788 est:
2136 734 2225 805 qui
2252 745 2429 791 autem
2456 736 2632 803 docet,
2664 738 2872 793 laborat
2894 748 2954 793 ut
2971 754 3077 795 non
3103 739 3175 795 sit
3202 755 3396 812 super-

1819 822 1922 878 bus
1945 865 1960 888 ,
2013 840 2079 880 ne
2108 826 2245 880 male
2273 827 2511 896 placendi
2540 828 2762 884 affectus
2807 830 3027 901 irrepat,
3052 845 3122 887 ne
3151 830 3262 887 Deo
3289 830 3404 889 dis-

1821 916 2013 988 pliceat
2041 919 2131 989 qui
2159 918 2270 973 vult
2311 921 2522 989 placere
2560 921 2881 977 hominibus.
2928 921 3146 995 Magnus
3190 932 3400 981 tremor

1818 1018 1903 1063 est
1928 1009 1979 1064 in
1997 1009 2239 1076 docente,
2273 1010 2465 1066 fratres
2488 1014 2614 1076 mei,
2642 1028 2864 1084 magnus
2885 1021 3086 1071 tremor
3110 1024 3194 1072 est
3216 1025 3400 1073 noster

1819 1101 1874 1156 in
1897 1102 1980 1157 his
2005 1103 2222 1160 vocibus
2248 1105 2467 1162 nostris.
2495 1105 2712 1162 Credite
2755 1106 2905 1163 cordi
2934 1117 3123 1165 nostro
3156 1110 3298 1180 quod
3323 1111 3404 1167 vi-

1819 1195 1948 1251 dere
1975 1210 2081 1251 non
2106 1196 2329 1267 potestis
2360 1214 2374 1251 :
2403 1197 2505 1253 scit
2550 1198 2663 1267 ipse
2703 1198 2791 1269 qui
2819 1198 3065 1255 mitescat
3102 1200 3276 1268 nobis,
3308 1202 3402 1273 qui

1819 1289 2081 1359 propitius
2104 1290 2175 1344 sit
2202 1289 2377 1354 nobis,
2400 1305 2523 1346 cum
2551 1298 2750 1361 quanto
2795 1291 2896 1348 sub
2927 1292 3019 1347 illo
3065 1301 3298 1350 tremore
3336 1295 3404 1351 ad

1818 1396 1916 1437 vos
1943 1383 2228 1452 loquimur.
2272 1381 2406 1439 Cum
2461 1393 2637 1438 autem
2671 1383 2846 1453 ipsum
2885 1383 3085 1455 aliquid
3110 1399 3405 1458 suggeren-

1821 1481 1927 1528 tem
1953 1482 2008 1528 et
2032 1472 2313 1530 docentem
2335 1474 2477 1529 intus
2499 1473 2766 1541 audimus,
2789 1476 2967 1531 securi
2991 1491 3201 1544 sumus,
3224 1479 3402 1535 securi

1818 1564 2112 1636 gaudemus
2140 1584 2152 1620 :
2181 1566 2281 1621 sub
2305 1566 2560 1636 magistro
2586 1566 2729 1622 enim
2761 1581 2967 1635 sumus,
3006 1568 3148 1623 illius
3176 1567 3402 1641 gloriam

1819 1658 2143 1728 quatrimus,
2172 1657 2319 1713 illum
2354 1657 2635 1713 docentem
2679 1657 2960 1713 laudamus
2991 1675 3005 1713 :
3036 1658 3269 1717 delectat
3303 1678 3405 1720 nos

1820 1749 2018 1804 veritas
2051 1749 2167 1819 ejus
2221 1749 2387 1815 intus,
2442 1748 2529 1804 ubi
2564 1764 2720 1804 nemo
2751 1747 2877 1804 facit
2916 1749 3001 1805 vel
3030 1750 3181 1806 audit
3211 1754 3405 1825 strepi—

1822 1847 1933 1894 tum
1964 1856 1977 1893 :
2009 1838 2082 1894 ibi
2110 1837 2245 1894 dixit
2284 1838 2385 1894 iste
2405 1852 2523 1894 esse
2558 1838 2794 1893 lmtitiam
2826 1853 2976 1894 suam
3008 1848 3063 1895 et
3088 1843 3406 1900 exsultatio-

1823 1953 1945 1993 nem
1974 1953 2146 1993 suam.
2179 1938 2390 1992 Auditui
2414 1954 2525 1993 meo
2549 1981 2564 2002 ,
2598 1939 2800 2009 inquit,
2847 1938 2994 1993 dabis
3019 1938 3407 1993 exsultationem

1821 2038 1869 2083 et
1895 2030 2139 2085 lwtitiam.
2183 2029 2252 2085 Et
2295 2030 2413 2085 ideo
2452 2031 2574 2101 quia
2608 2031 2844 2095 humilis,
2870 2031 3041 2087 audit.
3074 2030 3191 2099 Qui
3221 2029 3406 2098 audit,

1822 2123 1912 2193 qui
1944 2139 2067 2179 vere
2103 2124 2249 2179 audit
2276 2134 2331 2180 et
2368 2124 2507 2181 bene
2537 2125 2711 2193 audit,
2760 2125 2977 2182 humilis
3016 2126 3166 2181 audit
3196 2145 3209 2181 :
3237 2126 3407 2198 gloria

1823 2214 1964 2270 enim
1994 2216 2046 2270 in
2078 2216 2167 2270 illo
2194 2224 2276 2271 est
2309 2230 2340 2270 a
2371 2231 2478 2287 quo
2511 2216 2658 2272 audit
2686 2216 2830 2287 quod
2855 2217 3019 2272 audit.
3052 2217 3410 2288 Posteaquam
3508 2227 3511 2230 '

1822 2305 1995 2371 dixit,
2025 2307 2237 2361 Auditui
2271 2325 2381 2362 meo
2424 2309 2567 2363 dabis
2608 2310 2994 2364 exsultationem
3047 2319 3095 2364 et
3140 2309 3411 2375 laetitiam;

1824 2399 2077 2453 continuo
2091 2398 2475 2454 demonstravit
2495 2400 2620 2471 quid
2646 2398 2797 2456 faciat
2817 2400 3037 2467 auditio,
3063 2399 3411 2456 Exsultabunt

1822 2508 1938 2548 ossa
1966 2492 2249 2548 humiliata.
2286 2493 2568 2549 Humiliata
2622 2502 2749 2549 sunt
2778 2508 2935 2558 ossa,
2981 2508 3102 2548 ossa
3146 2492 3411 2549 audientis

1822 2598 1931 2639 non
1958 2582 2158 2641 habent
2192 2585 2415 2650 fastum,
2448 2601 2552 2640 non
2588 2585 2788 2641 habent
2840 2594 3128 2651 tumorem,
3166 2602 3323 2657 quem
3353 2586 3409 2642 in

1822 2690 1881 2731 se
1909 2675 1995 2730 vix
2032 2676 2197 2731 vincit
2235 2677 2324 2747 qui
2376 2677 2627 2747 loquitur.
2670 2676 2797 2733 Inde
2825 2686 2880 2732 et
2911 2677 2999 2733 ille
3041 2677 3257 2733 humilis
3290 2691 3411 2732 ma-

1822 2780 1977 2837 gnus,
2023 2782 2129 2837 quo
2156 2767 2208 2822 in
2259 2770 2395 2824 natis
2426 2770 2708 2823 mulierum
2761 2784 2917 2823 nemo
2961 2771 3133 2839 major
3169 2768 3411 2825 surrexit

1827 2858 2037 2933 (Matth.
2058 2876 2131 2923 χι,
2151 2860 2261 2930 Η),
2290 2861 2377 2916 ille
2393 2861 2481 2931 qui
2504 2861 2572 2915 ita
2592 2875 2651 2917 se
2670 2860 2963 2916 humiliavit
2983 2870 3039 2915 nt
3055 2876 3113 2916 se
3129 2860 3407 2932 indignum

1822 2949 2028 3007 diceret
2073 2952 2287 3006 solvere
2330 2950 2612 3022 corrigiam
2661 2952 3006 3007 calceamenti
3064 2951 3275 3007 Domini
3320 2952 3409 3008 sui

1826 3041 2015 3116 (Marc.
2046 3059 2083 3109 ι,
2109 3043 2188 3113 7),
2210 3042 2442 3097 Joannes
2472 3043 2561 3097 ille
2593 3043 2850 3113 Baptista,
2878 3044 3012 3099 dans
3038 3044 3261 3113 gloriam
3284 3060 3405 3100 ma-

1821 3133 1989 3203 gistro
2014 3148 2111 3189 suo
2144 3142 2198 3189 et
2238 3133 2359 3189 ideo
2408 3135 2581 3189 amico
2610 3150 2736 3201 suo,
2768 3135 2870 3201 ait;
2900 3150 3020 3190 cum
3041 3134 3284 3192 Christus
3306 3152 3411 3208 pu-

1823 3233 2043 3289 taretur,
2076 3234 2131 3281 et
2162 3240 2227 3281 ex
2252 3241 2318 3280 eo
2340 3226 2617 3296 superbire
2646 3236 2860 3296 posset,
2890 3237 2944 3283 et
2975 3243 3036 3283 se
3068 3228 3362 3285 extendere
3388 3247 3409 3286 :

1822 3331 1929 3371 non
1973 3316 2113 3372 enim
2155 3316 2268 3386 ipse
2295 3331 2354 3371 se
2380 3316 2587 3371 dixerat
2624 3316 2932 3383 Christum;
2966 3316 3059 3373 sed
3084 3327 3291 3388 poterat
3318 3333 3411 3376 ac-

1821 3406 2001 3476 cipere
2028 3406 2299 3461 hominum
2325 3421 2561 3462 errorem
2592 3406 2691 3462 hoc
2720 3407 3037 3478 putantium,
3077 3409 3219 3464 ultro
3246 3410 3409 3466 istum

1824 3497 2079 3554 honorem
2116 3496 2328 3553 deferre
2376 3499 2665 3553 volentium
2706 3498 2856 3569 (Luc.
2884 3515 2963 3567 lli,
2998 3498 3088 3573 l5)
3124 3519 3137 3555 :
3169 3500 3263 3557 sed
3318 3518 3411 3559 re-

1822 3590 1964 3659 spuit
1988 3589 2178 3644 falsum
2201 3589 2456 3645 honorem
2484 3598 2541 3643 ut
2557 3589 2817 3646 inveniret
2833 3605 3011 3646 veram
3037 3591 3257 3662 gloriam
3282 3594 3299 3625 ¹
3320 3613 3335 3649 :
3353 3604 3415 3652 et

1822 3681 1944 3735 vide
1970 3681 2320 3735 humilitatem
2363 3680 2431 3735 de
2490 3681 2671 3736 auditu
2698 3699 2712 3736 :
2740 3684 2853 3748 ait,
2896 3682 2997 3750 Qui
3050 3683 3197 3738 habet
3248 3702 3409 3757 spon-

1822 3787 1950 3834 sam,
1969 3786 2183 3840 sponsus
2211 3781 2283 3825 est
2302 3786 2320 3833 ;
2344 3772 2538 3825 amicus
2552 3779 2719 3825 autem
2742 3772 2916 3843 sponsi
2928 3781 3030 3827 stat
3048 3782 3095 3828 et
3110 3774 3251 3828 audit
3270 3790 3409 3831 eum.

1825 3861 2063 3917 Stantem
2093 3876 2153 3917 se
2175 3861 2295 3916 fecit
2321 3871 2374 3916 et
2400 3861 2734 3929 audientem,
2766 3878 2874 3918 non
2911 3863 3192 3920 cadentem
3228 3874 3285 3922 et
3325 3865 3410 3921 lo-

1826 3961 2097 4022 quentem,
2122 3952 2261 4017 Stat,
2290 3951 2479 4022 inquit,
2498 3961 2543 4005 et
2570 3953 2713 4007 audit
2736 3970 2870 4008 eum.
2888 3954 3127 4011 Audistis
3145 3955 3407 4023 auditum;

1826 4046 1913 4101 ubi
1942 4056 2024 4100 est
2049 4045 2331 4100 exsultatio
2354 4054 2409 4099 et
2437 4044 2615 4100 laetitia
2635 4046 2659 4100 Ἰ
2680 4044 2945 4102 Continuo
2970 4046 3213 4117 sequitur
3240 4065 3257 4103 :
3292 4048 3415 4106 Stat

1826 4149 1871 4192 et
1912 4138 2052 4191 audit
2104 4154 2238 4204 eum,
2288 4147 2335 4192 et
2360 4138 2544 4208 gaudio
2573 4139 2759 4211 gaudet
2798 4150 3003 4211 propter
3044 4155 3213 4196 vocem
3237 4142 3416 4212 sponsi

1828 4228 2004 4299 (Joan.
2036 4246 2091 4285 lli
2112 4272 2128 4296 ,
2158 4230 2273 4299 29).
2300 4230 2509 4285 Auditui
2540 4248 2647 4286 meo
2676 4232 2820 4287 dabis
2847 4233 3228 4288 exsultationem
3252 4242 3297 4288 et
3317 4233 3412 4289 lte-

1826 4324 2006 4387 titiam,
2030 4334 2076 4377 et
2100 4324 2420 4377 exsultabant
2449 4340 2563 4377 ossa
2588 4324 2872 4379 humiliata.

1898 4415 1984 4470 Μ.
2005 4413 2155 4488 [υεη.
2184 4412 2297 4487 11.]
2324 4414 2504 4469 Averte
2523 4416 2705 4486 facient
2730 4423 2869 4469 tuam
2896 4432 2927 4469 a
2943 4415 3162 4487 peccatis
3184 4417 3308 4472 meis
3326 4458 3341 4483 ,
3364 4426 3414 4472 et

1828 4524 2000 4564 omnes
2026 4507 2312 4577 iniquitates
2332 4523 2469 4562 meas
2494 4507 2622 4562 dele.
2651 4507 2767 4563 Jam
2799 4510 2940 4564 enim
2979 4510 3249 4564 exsultant
3289 4525 3414 4567 ossa

1828 4598 2271 4668 humiliata,jam
2323 4599 2556 4670 hyssopo
2613 4600 2935 4667 mundatus,
2988 4599 3204 4655 humilis
3242 4600 3413 4657 factus

1828 4706 1971 4746 sum.
2004 4690 2183 4745 Averte
2222 4690 2405 4752 faciem
2442 4700 2583 4744 tuam
2606 4732 2622 4755 ,
2672 4708 2776 4745 non
2806 4706 2836 4746 a
2866 4708 2952 4747 me
2971 4733 2985 4756 ,
3023 4691 3114 4747 sed
3141 4709 3173 4745 a
3198 4695 3410 4762 peccatis

1828 4782 1971 4836 meis.
2004 4780 2142 4836 Alibi
2162 4782 2358 4852 quippe
2384 4796 2542 4835 orans
2563 4781 2693 4836 dicit
2718 4799 2731 4837 :
2757 4780 2841 4835 Ne
2859 4792 3055 4836 avertas
3076 4784 3258 4853 [aciem
3274 4794 3408 4839 tuam

1827 4890 1860 4927 a
1885 4890 1964 4927 me
1986 4871 2157 4945 (Psal.
2181 4887 2329 4937 xxvt,
2358 4871 2438 4943 9).
2468 4872 2567 4939 Qui
2598 4887 2700 4927 non
2738 4872 2854 4926 vult
2878 4887 2907 4926 a
2944 4888 3003 4927 se
3028 4873 3195 4929 averti
3223 4876 3406 4932 faciem

1832 4962 1949 5030 Dei,
1978 4963 2095 5019 vult
2121 4962 2289 5018 averti
2318 4960 2505 5017 faciem
2533 4962 2623 5016 Dei
2651 4976 2681 5017 a
2710 4963 2942 5032 peccatis
2970 4962 3097 5017 suis.
3127 4949 3461 5061 Peccatum,

1828 5056 1973 5111 enim
1998 5053 2138 5109 unde
2162 5068 2220 5108 se
2249 5052 2387 5108 Deus
2408 5069 2513 5107 non
2540 5053 2752 5118 avertit,
2782 5052 3012 5109 advertit
3043 5071 3057 5108 :
3088 5053 3133 5109 si
3159 5053 3410 5121 advertit,

1831 5144 2222 5201 animadvertit.
2262 5143 2442 5199 Averte
2479 5144 2661 5214 faciem
2698 5153 2835 5198 tuam
2865 5160 2898 5197 a
2922 5146 3137 5216 peccatis
3182 5145 3337 5213 meis,
3368 5152 3416 5198 et

1831 5254 2001 5294 omnes
2021 5238 2308 5307 iniquitates
2332 5252 2471 5291 meas
2494 5238 2622 5291 dele.
2646 5236 2850 5308 Satagit
2869 5236 2935 5292 de
2960 5237 3054 5291 illo
3079 5236 3263 5308 grandi
3293 5252 3417 5307 pec-

1832 5338 1952 5386 cato
1983 5346 1997 5382 :
2024 5328 2141 5399 plus
2167 5330 2477 5399 praesumit,
2518 5342 2705 5383 omnes
2742 5328 2915 5385 deleri
2954 5328 3068 5381 vult
3110 5327 3417 5399 iniquitates

1834 5435 1986 5485 suas;
2017 5420 2289 5490 prmsumit
2314 5419 2382 5475 de
2405 5419 2595 5475 medici
2622 5435 2801 5486 manu,
2824 5418 2891 5473 de
2920 5433 3107 5489 magna
3131 5418 3214 5473 illa
3252 5418 3417 5474 mise-

1835 5508 2065 5565 ricordia
2098 5523 2254 5579 quam
2287 5507 2339 5564 in
2372 5510 2631 5580 principio
2656 5508 2852 5563 Psalmi
2890 5508 3152 5562 invocavit
3180 5526 3192 5561 :
3230 5506 3418 5563 Omnes
3458 5506 3473 5573 ἱ

1835 5602 2121 5672 iniquitates
2148 5616 2285 5655 meas
2312 5600 2441 5655 dele.
2474 5600 2678 5655 Avertit
2702 5598 2891 5654 faciem
2924 5598 3062 5653 Deus
3082 5640 3096 5663 ,
3127 5610 3181 5652 et
3207 5598 3283 5653 sic
3315 5597 3417 5653 de-
3474 5582 3479 5593 τ

1836 5693 1912 5748 let
1933 5709 1948 5758 ;
1971 5691 2260 5747 avertendo
2280 5690 2466 5747 faciem
2502 5697 2713 5760 peccata
2734 5688 2877 5745 delet
2896 5730 2911 5756 ,
2940 5688 3263 5744 advertendo
3286 5688 3421 5743 scri-

1837 5783 1934 5840 bit.
1984 5783 2191 5839 Audisti
2234 5784 2523 5839 avertendo
2569 5782 2869 5848 delentem,
2914 5780 3038 5836 audi
3090 5780 3419 5837 advertendo

1906 5897 1924 5930 ⁸
1960 5904 2065 5949 uss.
2092 5901 2302 5958 excepto
2316 5908 2414 5943 uno
2429 5894 2557 5944 forte
2577 5901 2627 5944 et
2644 5892 2801 5944 altero
2818 5894 2998 5955 ferunt,
3013 5904 3174 5944 veram
3187 5889 3416 5955 gratiam.
