3942 6418
551 360 653 420 899

551 479 707 532 salem
745 493 764 533 :
810 480 1137 533 munimenta
1180 483 1556 532 construantur
1590 476 2005 533 immortalitatis
2044 493 2141 534 no-

554 581 704 634 strue,
732 572 782 624 in
814 570 939 634 ﬁde,
972 578 1026 625 et
1044 584 1161 638 spe,
1190 577 1245 624 et
1269 567 1550 624 cbaritate.

620 662 712 717 25.
754 657 903 734 [vers.
941 658 1057 732 2|.)
1087 659 1227 714 Tunc
1250 659 1533 731 acceptabis
1556 658 1862 730 sacriﬁcium
1890 660 2097 727 iustitia:
2121 677 2141 716 :

550 755 712 810 modo
740 762 918 808 autem
946 752 1267 809 sacriﬁcium
1299 753 1710 824 proiniquitate,
1738 753 1983 823 spiritum
2007 768 2137 808 con-

548 847 857 902 tribulatum
887 857 939 901 et
964 861 1058 902 cor
1090 848 1457 914 humiliatum;
1486 856 1612 902 tunc
1640 848 1958 903 sacriﬁcium
1983 848 2142 919 justi-

546 939 634 993 tiae
664 937 847 993 laudes
870 939 1032 993 solas.
1056 938 1205 994 Beati
1225 939 1369 994 enim
1386 940 1477 1009 qui
1499 938 1742 994 habitant
1761 939 1815 993 in
1837 938 1999 994 domo
2025 950 2136 1007 tua,

546 1028 599 1085 in
629 1029 824 1085 satcula
872 1029 1191 1085 stcculorum
1246 1030 1536 1086 laudabunt
1576 1039 1628 1086 te
1667 1029 1861 1103 (Psal.
1909 1047 2137 1099 uxxut,

545 1124 601 1196 5)
635 1140 648 1176 :
678 1122 782 1179 hoc
818 1131 901 1178 est
940 1124 1082 1179 enim
1111 1123 1430 1179 sacriﬁcium
1477 1122 1723 1194 justitite.
1774 1118 2064 1179 Olfationes
2092 1133 2141 1180 et

546 1216 1001 1270 holocaustomata.
1054 1214 1183 1282 Qua:
1244 1222 1369 1269 sunt
1415 1214 1889 1269 Italocaustomata?
1948 1214 2139 1270 Totum

546 1307 669 1380 igne
689 1316 1084 1378 consumptum.
1115 1307 1338 1376 Quando
1367 1315 1535 1363 totum
1565 1322 1728 1377 pecus
1765 1307 2140 1377 imponebatur

546 1415 655 1455 ara:
681 1400 803 1471 igne
831 1398 1274 1466 consumendum,
1304 1398 1671 1454 holocaustum
1698 1397 1994 1453 dicebatur.
2026 1397 2134 1453 To-

548 1501 633 1548 tos
661 1506 759 1548 nos
784 1491 1000 1547 divinus
1030 1490 1166 1562 ignis
1186 1492 1448 1555 absumat,
1479 1499 1533 1546 et
1553 1489 1729 1545 fervor
1756 1489 1847 1544 ille
1877 1498 2017 1544 totos
2044 1504 2136 1543 ar-

548 1586 729 1657 ripiat.
755 1575 887 1655 Quis
911 1583 1128 1641 fervor?
1154 1582 1267 1639 Nec
1296 1594 1368 1639 est
1394 1584 1479 1653 qui
1523 1599 1577 1637 se
1604 1582 1885 1639 abscondat
1910 1599 1941 1636 a
1968 1584 2141 1637 calore

548 1680 659 1751 ejus
701 1677 886 1750 (Psal.
934 1693 1088 1745 xvm,
1149 1677 1240 1749 7).
1291 1676 1425 1745 Quis
1471 1675 1686 1731 fervor?
1735 1675 1811 1729 De
1856 1690 1963 1745 quo
2003 1675 2139 1731 dicit

548 1768 879 1841 Apostolus,
946 1768 1148 1839 Spiritu
1235 1770 1479 1840 {mentes
1549 1765 1738 1838 (Rom.
1800 1781 1873 1821 ιιι
1906 1807 1923 1833 ,
2002 1767 2064 1823 ii
2096 1768 2136 1835 ).

548 1863 665 1919 Non
688 1871 890 1917 tantum
936 1862 1113 1917 anima
1157 1868 1338 1916 nostra
1386 1859 1699 1915 absumatur
1721 1858 1791 1913 ab
1821 1858 1914 1914 illo
1951 1857 2135 1914 divino

547 1956 672 2027 igne
717 1953 1013 2024 sapientiai,
1045 1951 1141 2009 sed
1166 1960 1224 2008 et
1246 1965 1442 2022 corpus
1470 1958 1733 2013 nostrum,
1782 1957 1839 2004 ut
1872 1956 2143 2005 mereatur

547 2049 622 2105 ibi
648 2048 1099 2104 immortalitatem
1140 2047 1199 2112 ¹;
1245 2044 1324 2100 sic
1375 2045 1582 2100 levetur
1631 2043 2002 2099 holocaustum
2030 2082 2047 2108 ,
2079 2054 2141 2097 ut

545 2141 896 2197 absorbeatur
922 2154 1065 2194 mors
1096 2140 1151 2193 in
1172 2138 1449 2195 victoriam
1481 2134 1681 2209 (lCor.
1711 2151 1807 2202 xv,
1838 2135 1961 2206 54).
1987 2132 2142 2190 Obla-

547 2232 707 2287 tiones
750 2241 798 2285 et
819 2231 1271 2285 holocaustomata.
1304 2226 1451 2282 Tunc
1494 2229 1754 2298 imponent
1795 2241 1951 2296 super
1971 2224 2137 2280 altare

547 2331 690 2378 tuum
712 2322 914 2377 vitulos.
940 2319 1092 2376 Unde
1119 2318 1342 2373 vitulos?
1368 2315 1508 2386 Quid
1546 2316 1617 2371 ibi
1647 2315 1847 2386 eliget?
1874 2314 2142 2371 innocen-

555 2414 688 2469 tiam
718 2428 871 2468 nova:
899 2411 1092 2474 relatis,
1120 2425 1188 2465 an
1216 2408 1381 2465 libera
1408 2408 1548 2463 colla
1573 2422 1604 2461 a
1626 2407 1756 2477 jugo
1780 2405 1951 2477 legis?

617 2505 711 2561 24.
753 2504 999 2560 Psalmus
1041 2502 1094 2557 in
1125 2501 1342 2557 nomine
1370 2499 1593 2564 Christi,
1626 2499 1725 2553 etsi
1768 2496 1903 2553 forte
1945 2512 2053 2553 non
2080 2505 2141 2554 ut

545 2598 819 2663 volumus,
862 2603 1228 2652 verumtamen
1257 2601 1316 2648 ut
1360 2591 1651 2662 potuimus,
1696 2590 2008 2646 terminatus
2032 2596 2137 2644 est.

544 2689 735 2747 Restat
772 2688 955 2760 paucis
1002 2687 1201 2756 alloqui
1246 2698 1382 2751 vos,
1436 2684 1665 2748 fratres,
1706 2690 1924 2753 propter
1972 2679 2138 2737 multa

542 2782 683 2840 mala
711 2781 852 2836 inter
879 2792 999 2849 quae
1031 2777 1277 2832 vivimus.
1305 2774 1491 2847 Neque
1519 2774 1662 2829 enim
1693 2773 1935 2829 viventes
1958 2772 2012 2829 in
2051 2787 2140 2829 ne-

541 2874 645 2932 bus
672 2872 920 2929 humanis
945 2911 960 2935 ,
1002 2870 1232 2941 migrare
1260 2881 1545 2939 possumus
1586 2881 1618 2920 a
1658 2864 1827 2922 rebus
1868 2864 2136 2921 humanis.

542 2968 674 3026 Cum
706 2965 986 3023 tolerantia
1016 2962 1304 3020 vivendum
1324 2970 1410 3017 est
1430 2959 1587 3017 nobis
1607 2961 1746 3015 inter
1765 2960 1936 3015 malos
1965 2976 1980 3015 :
2011 2958 2136 3030 quia

539 3075 666 3117 cum
693 3058 817 3115 mali
844 3069 1109 3117 essemus,
1136 3069 1258 3109 cum
1299 3053 1581 3109 tolerantia
1606 3051 1856 3107 vixerunt
1882 3050 2005 3107 boni
2055 3052 2139 3105 in-

540 3161 627 3207 ter
648 3164 768 3205 nos.
799 3147 913 3203 Non
941 3146 1324 3201 obliviscentes
1342 3142 1471 3214 quid
1500 3140 1781 3207 fuerimus,
1806 3156 1914 3196 non
1936 3140 2136 3211 despe-

540 3244 780 3303 rabimns
806 3242 875 3298 de
903 3241 988 3296 his
1014 3240 1106 3311 qui
1131 3253 1274 3294 nunc
1301 3248 1429 3293 sunt
1460 3234 1605 3306 quod
1636 3234 1855 3290 fuimus.
1898 3232 2132 3290 Verum-

540 3348 743 3400 tamen,
774 3330 1096 3395 charissimi,
1122 3330 1175 3385 in
1202 3336 1351 3384 tanta
1373 3341 1582 3383 morum
1607 3324 1919 3381 diversitate
1943 3319 2000 3381 e't
2024 3333 2133 3380 tam

540 3424 846 3485 detesutbili
894 3420 1222 3490 corruptela,
1268 3418 1435 3489 regite
1460 3416 1651 3473 domos
1690 3424 1897 3471 vestras
1919 3456 1936 3482 ,
1966 3414 2136 3486 regite

548 3518 690 3576 ﬁlios
716 3526 949 3580 vestros,
1002 3512 1171 3582 regite
1220 3508 1447 3565 familias
1470 3516 1680 3563 vestras
1702 3507 1740 3561 ³.
1752 3504 2031 3575 Quomodo
2065 3504 2135 3562 ad

541 3625 643 3669 nos
673 3606 905 3682 pertinet
926 3605 981 3661 in
1008 3602 1247 3659 Ecclesia
1272 3600 1413 3672 loqui
1443 3599 1613 3662 vobis,
1645 3598 1723 3653 sic
1746 3596 1815 3653 ad
1855 3612 1953 3653 vos
1973 3597 2137 3667 perti—

540 3712 633 3762 net
666 3702 720 3758 in
768 3697 1017 3757 domibus
1043 3694 1236 3751 vestris
1282 3707 1461 3765 agere,
1518 3701 1576 3747 ut
1626 3691 1823 3748 bonam
1868 3692 2135 3745 rationem

539 3794 777 3855 reddatis
798 3791 867 3847 de
887 3790 973 3845 his
999 3788 1089 3859 qui
1110 3786 1260 3843 vobis
1284 3792 1409 3840 sunt
1434 3782 1654 3839 subditi.
1696 3784 1854 3837 Amat
1880 3781 2020 3838 Deus
2043 3781 2127 3836 di-

538 3887 841 3960 sciplinam.
894 3881 1155 3937 Perversa
1196 3886 1373 3932 autem
1401 3884 1457 3930 et
1501 3873 1634 3929 falsa
1676 3872 1979 3929 innocentia
2025 3880 2131 3939 est,

538 3981 779 4037 habenas
800 3976 979 4030 laxare
1004 3970 1259 4043 peccatis.
1290 3965 1462 4022 Valde
1486 3964 1766 4029 inutiliter,
1811 3963 1968 4019 valde
2013 3980 2138 4035 per-

536 4074 741 4133 niciose
792 4068 955 4125 sentit
983 4064 1122 4121 ﬁlius
1167 4060 1332 4134 patris
1378 4058 1687 4124 lenitatem,
1720 4065 1778 4113 ut
1807 4065 1990 4128 postea
2039 4057 2134 4115 Dei

534 4165 737 4226 sentiat
760 4160 1100 4218 severitatem
1124 4173 1138 4210 :
1166 4152 1342 4211 ethoc
1367 4167 1472 4207 non
1495 4150 1663 4215 solus,
1691 4148 1786 4205 sed
1814 4162 1936 4203 cum
1960 4148 2136 4203 disso-

537 4261 649 4315 luto
675 4263 825 4329 patre
846 4266 964 4307 suo.
991 4247 1130 4319 Quid
1149 4245 1333 4302 enim?
1357 4243 1411 4300 Si
1444 4244 1558 4312 ipse
1582 4256 1689 4297 non
1718 4249 1920 4311 peccat,
1951 4248 2006 4296 et
2026 4256 2134 4296 non

537 4349 666 4407 facit
688 4346 830 4419 quod
858 4344 997 4398 ﬁlius
1022 4340 1160 4412 ejus,
1195 4337 1318 4393 ideo
1343 4349 1450 4390 non
1480 4332 1643 4390 debet
1661 4333 1731 4387 ab
1757 4332 1868 4399 ipsa
1896 4330 2132 4401 nequitia

536 4443 704 4499 filium
736 4432 1057 4510 prohibere?
1084 4432 1166 4485 An
1193 4430 1331 4484 forte
1364 4434 1424 4483 ut
1446 4424 1692 4480 videatur
1725 4421 1836 4477 ﬁlio
1856 4421 1974 4491 ejus
2007 4422 2132 4492 quia

534 4544 591 4591 et
615 4541 767 4605 pater
793 4528 917 4584 talia
944 4525 1164 4590 faceret,
1207 4520 1310 4576 nisi
1330 4516 1638 4574 senuisset?
1667 4514 1955 4572 Peccatum
1985 4514 2129 4584 quod

534 4627 629 4685 tibi
658 4640 765 4681 non
785 4620 1032 4692 displicet
1058 4618 1110 4671 in
1139 4614 1245 4669 tilio
1263 4622 1374 4676 tuo,
1400 4610 1633 4667 delectat
1654 4618 1705 4664 te
1726 4624 1742 4675 ;
1765 4607 1859 4664 sed
1883 4616 2015 4662 aetas
2038 4607 2134 4663 de-

534 4719 726 4785 seruit,
759 4732 865 4773 non
894 4711 1177 4784 cupiditas.
1207 4706 1457 4772 Maxime,
1482 4704 1674 4759 fratres
1712 4702 1839 4767 mei,
1875 4701 2014 4757 filios
2038 4716 2134 4757 ve-

534 4820 678 4869 stros
716 4808 905 4864 ﬁdeles
945 4801 1220 4867 attendite,
1249 4814 1385 4871 quos
1410 4795 1724 4852 ﬁdedixistis
1744 4794 1766 4826 ³
1801 4802 1859 4849 ut
1886 4793 2129 4865 baptiza-

534 4915 742 4965 renlur.
767 4901 872 4959 Sed
901 4900 1039 4955 forte
1070 4895 1287 4967 negligit
1316 4892 1487 4949 malus
1516 4890 1658 4945 ﬁlius
1681 4888 1767 4946 vel
1795 4888 1997 4943 monita
2029 4903 2129 4959 pa-

535 5001 654 5063 tris,
711 4997 798 5053 vel
843 4990 1292 5065 objurgationem,
1345 4986 1430 5041 vel
1459 4984 1800 5042 severitatem
1832 5000 1846 5038 :
1880 4992 1936 5037 ιιι
1966 4981 2129 5052 impie

534 5105 819 5166 personam
844 5097 1028 5151 tuam;
1065 5083 1203 5137 Deus
1225 5078 1293 5135 de
1333 5077 1425 5133 illo
1444 5075 1606 5146 exigit
1634 5089 1807 5130 suam.

542 5182 2126 5219 ________________._____._._...

996 5249 1079 5313 1N
1123 5244 1507 5310 PSALMUM
1547 5242 1627 5306 LI

1106 5364 1525 5424 ENARRATIO.

1058 5497 1229 5541 SERNO
1267 5497 1336 5539 AD
1373 5492 1636 5538 POPULUII.

603 5610 658 5667 1.
688 5604 936 5664 Psalmus
960 5599 1137 5658 brevis
1166 5603 1251 5653 est
1274 5638 1289 5659 ,
1317 5593 1387 5650 de
1428 5606 1536 5663 quo
1572 5587 1897 5660 loquendum
1937 5600 2125 5641 susce-

593 5725 612 5757 ί
648 5729 754 5772 Mss.
780 5721 1007 5771 omittunt
1036 5711 1412 5772 particulatnut,
1445 5714 1498 5757 et
1520 5718 1585 5756 ex
1604 5705 1665 5756 iis
1684 5698 1901 5753 nonnulli
1918 5698 2123 5752 ferunt:

528 5770 771 5838 mereatur
793 5770 981 5832 abstmti
1002 5770 1061 5828 ab
1076 5770 1448 5838 immortalitate.

594 5852 616 5881 ²
648 5852 856 5907 Quatuor
880 5852 1010 5901 Mss,
1028 5837 1376 5907 ﬁlius-vestras:

598 5912 619 5943 ³
649 5884 1465 5961 ἶῖῗέἶνίινέἷκέἐξξῆἃέᾖωυωὶε.
1490 5892 1578 5944 Alii
1612 5896 1721 5942 uss.
1746 5894 1974 5953 quatuor,
1990 5884 2120 5952 ﬁde-

1791 362 1847 418 S.
1889 362 2250 420 AUGUSTINI
2293 368 2592 426 EPISCOPI
3686 392 3764 454 000

2247 482 2422 584 pimus
2463 483 2722 584 Charitati
2750 487 2955 547 Vestra
2989 494 3126 552 :sed
3155 496 3364 554 titulum
3393 499 3547 559 habet
3581 507 3767 584 aliqua.

2247 576 2425 670 tulumr
2457 582 2815 651 negotiosum.
2846 584 3120 645 Patienter
3145 605 3275 669 ergo
3299 597 3556 656 sustinete
3578 576 3677 670 nos,
3698 608 3769 664 do-

2249 683 2348 765 nec
2375 669 2523 725 illum
2544 673 2861 744 cnodemus,
2887 686 2947 733 ut
2970 668 3272 751 possumus,
3292 697 3546 757 quantum
3566 668 3771 765 adjuvet-it

2250 761 2527 857 Dominus.
2550 765 2734 839 Neque
2760 772 2902 826 enim
2928 774 3127 843 passim
3154 780 3522 847 prmtereunda
3540 761 3651 842 sunt
3664 790 3771 857 hac;

2247 854 2675 927 quandoquidem
2705 860 2899 931 placuit
2927 864 3180 924 fratribus
3196 910 3212 933 ,
3238 885 3350 926 non
3376 881 3574 931 tantum
3610 893 3716 937 sure
3737 854 3775 940 et

2250 945 2412 1002 corde
2432 987 2451 1016 ,
2480 949 2575 1005 sed
2616 960 2673 1006 et
2700 954 2842 1027 ston
2865 956 3177 1027 excipienda
3199 976 3323 1032 qua:
3348 962 3570 1022 dicimus
3598 986 3611 1023 :
3636 980 3774 1030 utnon

2248 1037 2545 1130 auditorem
2574 1051 2803 1106 tantum.
2829 1046 2928 1103 sed
2956 1056 3012 1103 et
3037 1048 3287 1109 lectorem
3308 1053 3475 1111 etiam
3494 1059 3778 1130 cogitat-ede-

2248 1126 2491 1186 beamus.
2518 1131 2651 1188 Nata
2671 1143 2755 1191 est
2791 1137 3008 1209 quidem
3047 1142 3261 1200 occasio
3284 1145 3497 1215 psalmo
3521 1126 3635 1207 huic
3668 1169 3779 1213 ene
3858 1174 3859 1197 ι

2247 1222 2477 1292 quadam
2501 1236 2673 1297 gesta,
2701 1246 2865 1301 quam
2892 1233 3046 1291 vobis
3085 1237 3247 1293 etiam
3278 1238 3510 1298 fecimus
3533 1243 3713 1301 recitari
3732 1248 3779 1305 de

2246 1313 2387 1409 libro
2441 1316 2770 1390 Regnorum.
2829 1324 2957 1382 Saiii
3026 1328 3169 1384 enim
3208 1346 3309 1387 rex
3360 1348 3469 1388 non
3514 1336 3579 1391 ad
3618 1353 3777 1409 pet-ma-
3858 1313 3859 1369 1

2244 1405 2479 1499 nendum
2504 1410 2708 1468 electus
2732 1430 2763 1469 a
2794 1415 3039 1485 Domino,
3069 1420 3165 1476 sed
3185 1423 3485 1480 secundum
3531 1405 3690 1499 populi
3714 1447 3781 1488 cur

2248 1494 2443 1554 durum
2486 1510 2542 1556 et
2565 1502 2765 1560 malum
2790 1505 2949 1564 datus
2974 1509 3041 1563 ad
3066 1524 3255 1567 eorum
3278 1494 3685 1586 correpttooem.
3705 1537 3778 1578 non

2247 1588 2315 1644 ad
2364 1589 2646 1649 utilitatem
2684 1595 2745 1667 (l
2777 1597 2906 1670 Reg.
2936 1615 3048 1665 Vltt,
3080 1602 3175 1674 7),
3217 1606 3511 1661 secundum
3543 1608 3670 1665 illam
3690 1628 3819 1681 seu.
3858 1590 3859 1673 ἶ

2248 1681 2467 1738 tentiam
2514 1695 2821 1744 sanctarum
2868 1690 3264 1762 Scripturarum
3285 1736 3303 1764 ,
3355 1713 3479 1769 quae
3514 1700 3586 1756 ait
3605 1701 3664 1758 de
3685 1704 3775 1769 Deo,
3810 1686 3815 1745 ἶ

2252 1772 2353 1869 Qui
2369 1792 2583 1847 regnare
2609 1782 2733 1852 facit
2752 1783 3007 1841 hominem
3034 1788 3375 1859 hypocritam,
3403 1805 3607 1866 propter
3633 1815 3778 1869 pasa-

2244 1836 2449 1922 ἐξεπιεηῖ
2466 1836 2645 1942 populi
2668 1836 3213 1951 (1.51;;
3396 1836 3778 1958 35'3"?"
3798 1836 3806 1907 J

2248 1957 2376 2014 Saut
2403 2001 2428 2052 ἱ
2467 1965 2888 2034 persequebatur
2928 1969 3180 2044 David(i
3224 1972 3360 2047 Reg.
3408 1957 3775 2052 tun-munt

2245 2050 2963 2173 quiimDe‘usmpqeﬁ-gura‘bat
3001 2076 3225 2133 regnum
3275 2066 3471 2171 salutis
3518 2050 3776 2173 sternant
3854 2050 3860 2173 ί

2244 2156 2403 2211 quem
2453 2144 2595 2200 Dens
2639 2148 2875 2219 elegerat
2918 2166 3332 2223 permansurum
3360 2158 3417 2213 in
3459 2159 3648 2218 semine
3684 2178 3774 2230 suo;

2244 2239 2675 2312 quandoquidem
2719 2244 2930 2302 futurus
2953 2257 3075 2304 erat
3111 2265 3207 2305 rex
3234 2260 3447 2318 noster,
3475 2269 3568 2312 rex
3611 2258 3775 2314 sectile-

2243 2344 2364 2386 rum
2407 2348 2531 2390 cum
2564 2350 2673 2406 quo
2708 2340 2979 2408 regnaturi
3008 2355 3194 2399 sumus
3232 2344 3286 2399 in
3333 2354 3682 2417 aeternum,”
3716 2362 3774 2403 ςε-
3854 2332 3860 2417 Ι

2244 2423 2393 2481 mine
2434 2426 2601 2497 ipsius
2659 2429 2826 2485 David
2858 2432 3154 2489 secundum
3194 2448 3418 2493 carnem
3448 2437 3470 2510 (
3488 2436 3629 2493 Rom.
3652 2453 3683 2504 ι,
3711 2440 3770 2511 3).

2245 2516 2378 2574 Cum
2405 2534 2536 2591 ergo
2580 2521 2745 2577 David
2796 2523 2937 2581 Deus
2979 2525 3252 2598 elegisset,
3280 2536 3339 2585 et
3385 2529 3772 2602 praeteximus

2245 2611 2678 2683 praedestinasset
2723 2616 2789 2671 ad
2831 2631 3075 2688 regnum,
3123 2620 3301 2677 noluit
3345 2629 3403 2678 et
3451 2622 3615 2693 ipsum
3659 2623 3769 2680 David

2242 2712 2368 2761 ante
2412 2721 2634 2778 regnum
2682 2716 2865 2767 tenere
2885 2752 2901 2776 ,
2930 2726 3091 2782 quam
3129 2715 3306 2784 primo
3330 2730 3362 2769 a
3392 2716 3765 2788 persequentibus

2242 2795 2536 2866 liberaret;
2584 2810 2641 2857 ut
2668 2803 2828 2858 etiam
2854 2805 2906 2859 in
2943 2805 3048 2861 hoc
3075 2806 3196 2877 ipso
3222 2807 3481 2879 ﬁguraret
3510 2823 3619 2875 nos,
3656 2809 3766 2865 idest

2241 2904 2440 2962 corpus
2460 2892 2598 2963 ejus,
2624 2893 2777 2965 cujus
2804 2898 3046 2967 corporis
3068 2911 3228 2968 caput
3244 2898 3495 2957 Christus
3522 2900 3713 2973 (Colca.
3740 2914 3764 2966 ι,

2246 2982 2314 3039 18
2333 2980 2375 3057 ).
2403 2983 2572 3040 Porro
2598 2986 2741 3042 enim
2767 2988 2813 3042 si
2840 2989 3012 3059 ipsum
3043 3001 3201 3060 caput
3240 3001 3489 3048 nostrum
3526 2992 3629 3048 sine
3651 2986 3781 3063 primo~

2245 3086 2463 3147 peracto
2494 3078 2674 3135 labore
2692 3078 2743 3134 in
2771 3089 2933 3147 terra,
2953 3082 3006 3137 in
3028 3084 3170 3139 ctelo
3196 3098 3429 3155 regnare
3449 3085 3625 3150 noluit.
3644 3097 3764 3156 neque
3800 3090 3801 3119 ι

2242 3166 2423 3222 levare
2469 3183 2680 3225 sursum
2733 3186 2929 3245 corpus
2976 3173 3119 3245 quod
3167 3174 3428 3233 deorsum
3456 3178 3659 3250 accepit,
3696 3176 3765 3232 siti

2242 3270 2342 3327 per
2366 3258 2720 3317 tribulationis
2742 3264 2917 3331 viam;
2940 3266 3068 3337 quid
3090 3266 3296 3324 audent
3318 3269 3555 3325 membra
3580 3283 3757 3339 sperate.

2240 3353 2415 3425 capite
2458 3366 2557 3408 suo
2582 3355 2750 3425 magis
2773 3371 2832 3412 se
2860 3373 3017 3428 posse
3047 3375 3169 3417 esse
3203 3361 3427 3419 felicia?
3454 3363 3514 3421 Si
3554 3366 3762 3435 pati-anfe-

2240 3444 2409 3499 milias
2433 3444 2708 3501 Beelzebub
2747 3458 3049 3505 vocaverunt
3078 3491 3095 3517 ,
3132 3464 3328 3525 quanto
3353 3456 3510 3527 magis
3536 3452 3773 3510 domestimt‘

2239 3537 2349 3608 ejus
2378 3536 2604 3609 (Matth.
2633 3556 2688 3606 χ,
2718 3539 2867 3613 25)?
2893 3543 3008 3599 Non
3038 3560 3167 3617 ergo
3195 3562 3477 3618 speremus
3499 3544 3757 3605 molliorem'

2240 3628 2381 3685 viam
2408 3647 2421 3683 :
2453 3644 2556 3701 qua
2578 3632 2855 3702 prmeessit
2880 3648 3088 3705 eamus,
3116 3652 3220 3708 qua
3250 3638 3407 3696 duxit
3442 3636 3755 3711 sequamur.Si
3840 3658 3841 3661 η

2240 3723 2385 3778 enim
2436 3740 2465 3779 a
2500 3727 2728 3797 vestigio
2754 3728 2871 3798 ejus
2915 3729 3307 3801 aberravimus,
3333 3737 3581 3808 perimus.
3608 3735 3656 3791 in
3691 3732 3755 3788 hoc

2237 3830 2367 3886 ergo
2398 3816 2560 3873 David
2599 3820 2725 3890 quid
2757 3821 3216 3893 pncﬁgurabatur,
3245 3827 3442 3883 videtis
3482 3844 3498 3882 :
3523 3832 3692 3897 ergoet
3719 3822 3753 3877 il

2238 3906 2365 3964 Sat‘tl
2392 3909 2517 3980 quid
2550 3912 3005 3982 prmiigurabatur,
3032 3916 3224 3972 videtis
3256 3933 3517 3990 :regnum
3538 3917 3698 3973 malum
3715 3912 3748 3967 in

2236 4002 2384 4068 Saﬁl,
2410 4016 2633 4073 regnum
2661 4003 2858 4060 bonum
2887 4007 2940 4061 in
2968 4007 3133 4064 David
3164 4026 3179 4065 :
3210 4025 3358 4067 mors
3378 4012 3429 4067 in
3460 4009 3601 4074 Sani,
3622 4005 3749 4064 sttit:

2238 4093 2291 4146 in
2327 4092 2511 4148 David.
2540 4094 2748 4150 Etenim
2791 4110 2891 4152 nos
2943 4115 3049 4154 non
3114 4104 3453 4174 persequitur
3503 4100 3592 4156 nisi
3636 4108 3749 4160 mon.

2235 4182 2304 4238 de
2347 4196 2453 4255 qua
2504 4183 2556 4239 in
2599 4183 2705 4241 ﬁne
2749 4186 3225 4257 triumphabimus,
3280 4191 3514 4248 dicentes
3542 4187 3662 4245 τι]ιὶ
3688 4192 3749 4249 at.

2236 4291 2390 4344 mors,
2416 4279 2667 4333 contentio
2691 4288 2780 4334 tua
2795 4279 2823 4334 γ
2861 4280 2948 4335 ubi
2969 4292 3061 4348 est,
3083 4300 3239 4351 mors,
3265 4285 3470 4341 aculeus
3488 4294 3592 4339 tuus
3609 4283 3626 4348 (
3638 4277 3747 4335 ιοπ.

2236 4384 2327 4437 xv,
2344 4370 2480 4441 55)?
2507 4371 2644 4438 Quid
2664 4381 2748 4427 est
2771 4373 2913 4443 quod
2939 4373 3079 4440 dico,
3114 4390 3222 4430 non
3248 4390 3349 4432 nos
3367 4374 3666 4449 persequitur
3679 4365 3745 4423 tt‘si

2235 4461 2425 4517 mors?
2464 4460 2597 4530 Quia
2629 4463 2730 4518 nisi
2760 4463 3015 4519 mortales
3057 4479 3338 4535 essemus,
3370 4482 3474 4523 non
3510 4471 3630 4521 esset
3649 4454 3743 4532 ςιηαί

2236 4552 2393 4608 nobis
2436 4553 2635 4609 faceret
2660 4553 2925 4612 inimicus.
2956 4554 3222 4628 Numquid
3247 4559 3393 4614 enim
3423 4555 3618 4628 Angelis
3635 4546 3739 4622 quid-

2236 4657 2396 4717 quam
2446 4645 2609 4701 facit?
2652 4646 2793 4719 Ergo
2838 4647 2999 4703 etiam
3044 4648 3157 4720 ipsa
3184 4663 3332 4707 mors
3353 4692 3370 4719 ,
3394 4663 3425 4705 a
3453 4662 3546 4720 qua
3577 4641 3739 4700 maxime

2236 4737 2497 4795 habemus
2517 4741 2968 4811 persecutionem,
2989 4743 3144 4812 cujus
3169 4741 3355 4800 ﬁnitur
3373 4742 3427 4799 in
3452 4743 3547 4797 ﬁne
3570 4742 3734 4793 conten-

2235 4833 2312 4890 tio
2338 4848 2459 4889 cum
2488 4833 2941 4891 resurrexerimus
2965 4851 2995 4890 a
3022 4836 3272 4905 mortuis,
3303 4838 3439 4893 sicut
3462 4832 3591 4888 ﬁnita
3619 4823 3732 4881 estin

2235 4928 2410 5001 capite
2468 4935 2675 4993 nostro,
2731 4927 2810 4983 sic
2854 4925 3068 4984 ﬁnietur
3092 4928 3227 4985 etin
3274 4927 3446 4994 nobis,
3474 4924 3515 4980 si
3532 4913 3729 4994 justifie-

2237 5020 2405 5076 rimus
2454 5019 2677 5075 inventi.
2717 5016 2851 5074 Nam
2890 5028 3134 5074 mortuus
3180 5018 3273 5076 ille
3295 5017 3477 5076 mortis
3501 5006 3729 5069 interfector

2235 5112 2349 5177 fuit.
2382 5121 2437 5167 et
2464 5111 2634 5183 magis
2657 5111 2712 5167 in
2746 5110 2841 5167 illo
2867 5125 3014 5169 mors
3038 5120 3248 5169 mortua
3273 5122 3387 5180 est,
3416 5120 3556 5182 quam
3582 5102 3667 5171 ipse
3689 5098 3721 5144 ίη

2234 5213 2427 5259 morte.

2303 5297 2361 5351 2.
2393 5295 2633 5367 Denique
2652 5294 2812 5352 etiam
2841 5308 3036 5352 nomen
3064 5296 3237 5366 ipsum
3258 5297 3301 5352 si
3324 5290 3631 5351 attendamus,
3647 5287 3716 5333 non

2232 5396 2316 5446 est
2338 5389 2453 5445 sine
2469 5387 2745 5461 mysterio.
2760 5387 2893 5445 Nam
2915 5388 3044 5446 Sani
3073 5389 3444 5461 interpretatur
3460 5376 3632 5440 Petilio,

2230 5496 2315 5543 est
2334 5486 2607 5558 appetitio.
2638 5485 2777 5554 Quid
2802 5487 2945 5542 enim
2982 5486 3226 5543 dubitare
3253 5486 3489 5542 debemm
3512 5485 3589 5533 nos
3607 5462 3710 5523 mhi!

2231 5579 2420 5635 fecisse
2445 5587 2673 5634 mortem
2698 5577 2895 5633 istam?
2935 5579 2976 5632 Α
3009 5588 3231 5650 peccato
3256 5580 3393 5634 enim
3423 5563 3608 5629 hominis
3627 5562 3706 5613 nata

2217 5694 2451 5768 jussistis.
2470 5701 2543 5768 ‘Ai.
2580 5690 3032 5768 Lov_.,_ﬁtledixistis
3054 5706 3073 5744 :
3099 5701 3152 5768 et
3179 5695 3273 5768 ,εἰς
3284 5676 3698 5768 ωειὶοὲιῠρέιτωξ

2227 5738 3152 5820 tamenuestituttaueet‘euee;
3178 5738 3515 5807 timaret.
3528 5738 3588 5799 36.
3599 5738 3699 5785 θεῖαι

2226 5820 2515 5934 3,1113%”.
2540 5888 2593 5932 et
2616 5889 2720 5932 Mss.
2746 5888 2803 5933 At
2819 5887 2952 5944 mm,
2975 5878 3235 5932 meliorem.

3402 5857 3860 6401 Α
