3942 6452
184 526 261 574 est
272 532 434 575 mors.
461 518 650 577 Merito
676 533 806 592 ergo
829 520 945 592 ipse
985 519 1087 577 sibi
1132 519 1294 577 homo
1324 519 1579 591 appetivit
1602 532 1754 575 mor-

190 618 304 674 tem.
337 621 393 668 et
418 611 540 669 ideo
584 612 773 684 petitio
799 628 994 669 nomen
1040 620 1125 669 est
1175 612 1385 669 tnortis.
1437 611 1569 667 Nam
1618 611 1759 667 sicut

194 704 428 773 scriptum
449 713 552 769 est,
590 703 729 761 Deus
774 712 983 760 mortem
1010 720 1113 759 non
1165 704 1305 775 fecit,
1349 719 1442 757 nec
1470 702 1672 758 (tetatur
1701 703 1755 756 in

196 797 451 867 perditione
473 797 719 852 vivorum.
747 796 946 854 Creaoit
974 798 1107 853 enim
1134 795 1272 852 Deus
1295 804 1351 851 ut
1377 806 1539 851 essent
1561 795 1753 862 omnia,

193 898 234 944 et
252 889 492 945 sanabiles
511 890 629 961 fecit
643 890 873 946 nationes
898 891 1034 945 orbis
1057 900 1327 945 terrarum.
1348 889 1417 945 Et
1440 889 1580 944 unde
1611 903 1756 943 mors

210 994 426 1049 aequam
481 995 756 1050 qumreres
795 999 810 1039 :
854 980 1013 1052 [mpii
1060 991 1229 1037 autem
1270 981 1523 1045 manibus,
1568 979 1759 1051 inquit,

191 1081 233 1127 et
248 1071 402 1126 verbis
420 1073 760 1129 accersierunt
780 1073 943 1140 illam,
972 1082 1021 1129 et
1046 1074 1350 1129 wstimantes
1375 1073 1519 1128 illam
1545 1073 1761 1127 amicam

187 1165 493 1234 deﬂuxerunt
515 1166 536 1236 (
552 1165 683 1238 Snp.
716 1183 754 1232 ι,
785 1168 855 1223 13
877 1209 893 1236 ,
926 1168 1014 1236 M,
1047 1168 1171 1239 16).
1204 1167 1347 1239 Ergo
1371 1166 1672 1237 appetendo
1697 1166 1762 1220 il-

185 1256 281 1309 lam
302 1254 656 1325 defluxerunt,
684 1268 740 1314 et
764 1259 817 1314 in
849 1268 1077 1317 mortem
1112 1261 1400 1327 irruerunt,
1432 1262 1764 1315 aestimantes

184 1345 318 1401 illam
344 1346 579 1404 sibiesse
624 1350 850 1407 amicam
884 1369 901 1406 :
940 1350 1212 1423 quomodo
1232 1352 1514 1408 aestimavit
1534 1350 1761 1423 populus

200 1440 447 1505 amicum,
472 1448 529 1497 ct
556 1442 742 1511 petivit
777 1458 959 1515 regem
1006 1443 1302 1500 inimicum.
1358 1443 1593 1498 Extorsit
1616 1443 1759 1497 enim

180 1532 402 1604 populus
430 1548 459 1586 a
503 1533 729 1590 Domino
762 1535 963 1594 habere
990 1552 1192 1609 regem,
1228 1544 1285 1592 et
1322 1535 1481 1592 datus
1499 1546 1581 1592 est
1610 1535 1760 1601 Sail],

178 1632 423 1694 tanquam
452 1623 564 1681 dati
592 1638 772 1683 essent
791 1628 867 1683 illi
897 1629 949 1683 in
986 1642 1175 1684 manus
1212 1642 1371 1695 suas,
1400 1628 1490 1698 qui
1517 1628 1762 1684 manibus

176 1722 230 1770 et
254 1714 433 1771 verbis
458 1718 820 1773 accersierunt
844 1728 1092 1785 mortem,
1121 1727 1176 1774 et
1193 1719 1415 1789 figurata
1437 1727 1520 1775 cst
1545 1719 1597 1773 in
1647 1718 1764 1789 ipso

173 1804 457 1877 Sztt'tleipsa
471 1822 636 1864 mors.
658 1807 785 1864 Ideo
796 1809 1029 1880 psalmus
1049 1810 1136 1865 ille
1156 1810 1414 1882 septimus
1428 1809 1667 1865 decimus
1683 1810 1763 1864 sic

174 1896 338 1953 habet
364 1898 572 1955 titulum
614 1918 629 1955 :
662 1898 730 1955 In
757 1902 839 1956 die
875 1918 976 1973 qua
1002 1902 1227 1956 liberavit
1255 1917 1369 1956 eum
1397 1902 1650 1956 Dominus
1700 1903 1763 1956 de

172 2005 328 2044 manu
353 1990 579 2046 omnium
599 1991 919 2047 inimicorum
938 1995 1065 2064 ejus,
1090 2002 1136 2047 et
1161 1993 1225 2047 de
1259 2010 1414 2048 manu
1434 1993 1584 2049 Sail.
1621 1991 1763 2046 Dixit

172 2081 366 2151 primo,
406 2097 596 2139 omnes
638 2083 881 2140 inimicos
924 2085 1069 2155 ejus;
1125 2095 1182 2140 et
1232 2094 1415 2154 postea
1441 2128 1456 2152 ,
1514 2085 1579 2139 de
1605 2100 1760 2139 manu

171 2174 302 2231 Sail
331 2191 351 2230 :
372 2176 495 2247 quia
520 2177 810 2233 novissima
831 2178 1043 2234 inimica
1062 2178 1364 2234 destruetur
1382 2192 1526 2233 mors
1555 2176 1611 2249 (l
1636 2177 1756 2235 Cor.

168 2281 257 2332 xv,
290 2267 420 2341 26).
446 2269 582 2338 Quid
607 2279 710 2332 est,
745 2268 813 2324 Et
832 2271 898 2326 de
918 2287 1073 2325 manu
1114 2269 1285 2326 Sail?
1321 2271 1583 2339 Quoniam
1631 2285 1760 2326 exe-

164 2359 265 2414 mit
286 2375 386 2416 nos
413 2360 481 2417 ab
508 2360 689 2416 inferis
711 2370 765 2417 et
788 2360 857 2417 de
896 2376 1055 2417 manu
1083 2363 1269 2418 mortis
1298 2361 1542 2417 liberavit
1566 2376 1683 2417 nos.

234 2449 291 2506 3.
339 2449 475 2506 Cum
517 2466 646 2523 ergo
681 2449 807 2508 Saul
848 2465 1257 2524 persequeretur
1294 2455 1468 2509 virum
1511 2464 1756 2510 sanctum

52 2580 57 2599 ς
163 2541 369 2611 David,
413 2544 649 2617 confugit
689 2545 853 2602 David
899 2545 987 2601 ttbi
1018 2555 1188 2601 tutum
1217 2546 1457 2618 putavit:
1490 2546 1755 2602 transiens

160 2646 262 2703 per
285 2634 620 2691 sacerdotem
647 2637 930 2708 quemdam
959 2637 1298 2694 Achimelech
1320 2680 1337 2705 ,
1368 2638 1574 2709 accepit
1595 2637 1664 2694 ab
1688 2652 1756 2694 eo

56 2754 59 2767 ν
162 2740 351 2796 panes.
379 2725 480 2785 Ubi
506 2729 752 2800 ﬁguravit
773 2730 935 2785 etiam
965 2745 1271 2800 personam,
1303 2746 1408 2785 non
1436 2739 1640 2786 tantum
1668 2747 1757 2787 re-

165 2816 276 2885 gis,
309 2818 405 2874 sed
443 2828 499 2874 et
525 2818 856 2875 sacerdotis:
889 2821 1011 2892 quia
1050 2821 1392 2876 manducavit
1421 2836 1584 2892 panes
1625 2837 1753 2892 pro-

60 2964 65 2967 _
164 2908 478 2978 positionis,
519 2926 673 2981 quos,
714 2911 854 2967 sicut
890 2911 1019 2966 dicit
1065 2911 1319 2967 Dominus
1349 2913 1402 2967 in
1430 2911 1750 2984 Evangelia,

165 3017 268 3057 non
298 3002 477 3057 licebat
514 3003 825 3059 manducare
860 3005 962 3059 nisi
1000 3005 1124 3060 solis
1160 3006 1504 3061 sacerdotibus
1533 3004 1746 3075 (Matth.

66 3128 67 3131 η
166 3106 266 3157 xn,
293 3091 371 3165 4).
402 3093 592 3150 Postea
618 3094 784 3164 cmpit
802 3109 926 3151 cum
950 3109 1193 3165 quaerere
1217 3094 1366 3159 Sat'tl,
1398 3104 1453 3151 et
1478 3096 1641 3151 iratus
1670 3104 1752 3152 est

56 3230 57 3235 η
165 3183 278 3238 suis
306 3183 444 3254 quod
475 3200 635 3241 nemo
676 3200 800 3242 eum
840 3184 941 3241 sibi
970 3185 1131 3242 vellet
1160 3184 1407 3256 prodere.
1436 3184 1550 3242 Hoc
1590 3186 1754 3243 modo

68 3314 69 3319 η
166 3274 362 3332 lectum
388 3286 471 3333 est
496 3279 547 3332 in
577 3276 713 3333 libro
744 3277 1068 3348 Regnorum.
1099 3277 1228 3334 Erat
1253 3286 1432 3334 autem
1460 3278 1534 3334 ibi
1569 3278 1750 3334 Doech

62 3410 71 3413 -
167 3366 408 3436 quidam,
438 3367 653 3438 quando
670 3378 887 3425 venerat
916 3368 1004 3424 ille
1030 3368 1097 3423 ad
1128 3367 1471 3425 Achimelech
1499 3369 1753 3426 sacerdo-

62 3502 71 3527 _.
164 3464 307 3523 tem,
353 3460 601 3531 princeps
641 3470 910 3528 pastorum
956 3459 1122 3527 Salii,
1167 3459 1451 3517 ldumzeus.
1482 3461 1582 3530 Qui
1626 3477 1749 3518 cum

66 3594 69 3603 .
165 3550 375 3607 adesset
398 3550 613 3622 quando
635 3549 763 3607 Saﬁl
792 3551 1119 3607 irascebatur
1139 3552 1269 3618 suis,
1294 3551 1436 3623 quod
1466 3553 1643 3609 nullus
1672 3554 1751 3609 illi

66 3694 67 3697 η
168 3642 328 3699 vellet
353 3643 579 3714 prodere
609 3643 792 3710 David,
821 3642 1057 3715 prodidit
1084 3643 1177 3698 ubi
1200 3658 1321 3699 eum
1344 3643 1584 3701 vidisset.
1609 3644 1751 3700 Misit

167 3736 416 3791 continuo
438 3736 585 3801 Saul,
613 3734 852 3792 exhibuit
874 3734 1207 3791 sacerdotem
1233 3744 1289 3791 et
1304 3750 1493 3790 omnes
1516 3736 1635 3805 ejus
1652 3777 1668 3802 ,
1693 3744 1750 3792 et

166 3826 316 3895 jussit
347 3828 535 3884 occidi.
568 3827 735 3883 Nemo
769 3841 933 3883 ausus
973 3836 1056 3883 est
1084 3825 1360 3883 hominum
1399 3827 1538 3897 regis
1576 3826 1705 3884 Sail!
1728 3867 1745 3893 ,

172 3935 267 3976 nec
287 3922 505 3991 jubente
528 3937 682 3993 rege,
720 3923 932 3977 mittere
956 3935 1171 3977 manum
1209 3920 1263 3975 in
1292 3920 1599 3976 sacerdotes
1637 3919 1745 3975 Do-

173 4014 337 4071 mini:
376 4015 469 4073 scd
518 4016 607 4071 ille
650 4016 738 4087 qui
770 4014 1107 4087 prodiderat,
1153 4014 1289 4071 sicut
1315 4013 1512 4079 ludas,
1557 4013 1648 4085 qui
1712 4026 1745 4070 a

174 4110 434 4179 proposito
457 4123 557 4164 suo
585 4123 689 4164 non
721 4107 977 4172 recessit,
1006 4114 1061 4162 et
1089 4121 1257 4177 usque
1281 4106 1334 4161 in
1368 4106 1526 4161 finem
1552 4118 1745 4177 perse-

172 4202 363 4257 veravit
384 4203 450 4259 de
476 4202 564 4259 illa
588 4200 767 4257 radice
794 4200 993 4257 fructus
1014 4198 1173 4263 ferre,
1195 4198 1422 4271 (quales,
1445 4198 1546 4253 nisi
1559 4197 1745 4269 quales

168 4291 262 4348 fert
298 4296 458 4350 arbor
477 4292 686 4364 mala?)
716 4291 911 4348 occidit
952 4290 1131 4346 Doech
1168 4290 1269 4346 iste
1311 4304 1470 4344 manu
1500 4303 1596 4343 sua
1617 4330 1632 4352 ,
1657 4287 1745 4358 ju-

162 4382 320 4441 bente
359 4400 514 4455 rege,
542 4383 874 4440 sacerdotem
911 4391 967 4439 et
1007 4396 1196 4438 omnes
1238 4382 1392 4450 ejus:
1422 4378 1616 4435 deinde
1643 4378 1743 4434 de-

144 4471 352 4534 lellata
393 4486 478 4534 est
519 4476 707 4535 civitas
748 4475 908 4531 etiam
955 4473 1292 4529 sacerdotum
1324 4471 1366 4541 (l
1398 4471 1526 4543 Reg.
1565 4486 1658 4525 xx:
1696 4479 1743 4524 et

165 4570 314 4641 xxn).
362 4569 667 4627 Invenimus
711 4581 839 4637 ergo
885 4566 1061 4623 Doech
1109 4568 1267 4621 istum
1311 4565 1584 4621 inimicum
1630 4562 1742 4635 regi

165 4652 322 4719 David
343 4672 396 4719 et
414 4661 677 4718 sacerdoti
700 4658 1062 4715 Acltimelech.
1086 4658 1233 4715 Unus
1256 4659 1416 4714 homo
1434 4668 1518 4715 est
1537 4658 1737 4726 Doech,

163 4754 250 4808 scd
280 4770 448 4825 genus
475 4752 750 4809 hominum
778 4760 862 4806 est
903 4751 1081 4807 Doech
1109 4768 1123 4803 :
1154 4751 1292 4806 sicut
1319 4751 1485 4805 David
1526 4760 1581 4805 et
1620 4766 1741 4806 cor-

163 4850 257 4904 Ptts
282 4846 449 4914 ipsum
471 4844 613 4916 regis
635 4852 691 4900 et
717 4841 1036 4909 sacerdotis,
1067 4851 1315 4911 tanquam
1346 4855 1485 4895 unus
1507 4841 1665 4897 homo
1686 4850 1739 4896 et

162 4929 276 4987 dum
323 4950 599 5003 personat,
648 4934 743 4992 sed
790 4942 968 4989 tamen
1014 4947 1176 4987 unum
1224 4946 1394 5003 genus
1439 4931 1733 4987 hominum.

162 5018 384 5084 l’miude
411 5027 465 5082 in
496 5026 598 5083 isto
641 5035 913 5097 tempore,
940 5024 1075 5080 etin
1107 5024 1210 5079 isto
1233 5023 1428 5078 saeculo
1462 5023 1737 5078 videamus

158 5105 272 5171 haec
298 5118 400 5174 duo
426 5133 654 5191 genera,
682 5126 739 5174 ut
770 5118 1031 5188 pertineat
1056 5116 1122 5171 ad
1152 5117 1430 5172 utilitatem
1463 5125 1696 5171 nostram
1717 5158 1732 5182 ,

154 5206 243 5260 vel
270 5209 402 5276 quod
432 5216 737 5271 cantamus,
770 5208 854 5262 vel
880 5207 1020 5279 quod
1050 5208 1252 5262 cantari
1282 5206 1546 5261 audimus.
1578 5206 1735 5261 Modo

147 5287 426 5355 videamus
456 5299 660 5365 Doech,
697 5300 858 5354 modo
876 5298 1151 5353 videamus
1180 5313 1373 5369 corpus
1402 5297 1541 5368 regis
1568 5306 1622 5353 et
1644 5311 1733 5354 sa-

136 5387 410 5456 c"rdotis,
444 5391 602 5445 modo
646 5390 920 5445 videamus
953 5404 1150 5461 corpus
1175 5389 1448 5445 hominum
1473 5390 1730 5446 adversus

128 5476 329 5553 r“gem
359 5493 413 5540 et
439 5484 795 5539 sacerdotem.

235 5576 280 5630 ι.
310 5576 485 5633 Primo
512 5578 727 5633 nomina
754 5575 865 5646 ipsa
892 5574 1147 5630 attendite
1172 5589 1329 5645 quam
1352 5574 1571 5647 mystica
1599 5574 1727 5629 sint.

114 5641 333 5739 βορειι
378 5641 1011 5739 interpretatur-Motus:
1053 5641 1312 5721 [durateus
1356 5641 1733 5736 interpretatur

110 5731 437 5831 Ferrenus.
460 5731 576 5818 Jain
608 5758 784 5818 videte
806 5760 960 5831 quale
982 5776 1149 5830 genus
1177 5758 1451 5815 hominum
1470 5731 1731 5829 signiticet

104 5823 332 5910 Medi
352 5855 449 5912 istc
465 5863 644 5912 motus
667 5871 681 5909 :
715 5823 969 5923 non'ergo
984 5823 1343 5925 perseverans
1365 5849 1418 5907 in
1442 5823 1726 5920 aeternum,

1303 400 1701 461 ENARRATIO
1738 398 1807 457 IN
1844 400 2172 462 PSALMUM
2207 402 2298 461 Li.

3347 418 3455 477 602

1866 514 1965 571 sed
1989 516 2350 587 emigrandus.
2388 516 2696 578 Terrenus:
2725 522 2856 595 quid
2897 527 3218 599 exspectatis
3245 529 3315 589 de
3350 533 3453 593 ho-

1867 607 2014 665 mine
2057 619 2271 667 terreno
2305 613 2511 684 aliquos
2547 613 2788 673 fructus?
2826 617 3072 677 leestis
3100 622 3119 655 ⁸
3160 622 3323 682 homo
3350 631 3456 686 erit

1868 698 1923 755 in
1961 708 2240 757 mternnm.
2268 704 2363 759 Est
2386 720 2517 776 ergo
2544 722 2768 779 regnum
2797 719 3068 768 terrenum
3090 756 3106 781 ,
3133 723 3193 770 ut
3217 715 3455 776 breviter

1868 787 2040 845 dicam
2071 803 2124 847 et
2148 793 2256 848 cito
2284 794 2546 852 insinuem
2567 838 2582 861 ,
2615 797 2774 853 hodie
2800 800 2853 856 in
2882 802 2985 858 isto
3009 804 3227 873 smculo,
3257 808 3347 863 ubi
3373 820 3457 867 cst

1870 888 1925 934 et
1974 896 2195 952 regnum
2247 886 2488 941 cmleste.
2540 888 2859 960 Peregrinos
2918 892 3079 950 habet
3125 896 3276 953 cives
3327 915 3455 957 suos

1870 981 2154 1044 utrumque
2179 991 2430 1047 regnum,
2459 994 2680 1050 regnum
2712 992 2983 1039 terrenum
3009 996 3063 1042 et
3090 1003 3312 1060 regnum
3338 1007 3455 1050 cm-

1870 1063 2038 1137 lcste,
2084 1085 2306 1141 regnum
2349 1074 2722 1131 eradicandum
2752 1085 2809 1132 et
2847 1093 3069 1150 regnum
3100 1082 3153 1137 in
3196 1093 3455 1142 mternum

1869 1159 2237 1230 plantandum.
2279 1165 2433 1221 Modo
2460 1168 2512 1223 in
2543 1169 2645 1226 hoc
2669 1172 2869 1228 saeculo
2891 1173 3038 1230 cives
3064 1177 3338 1250 utriusque
3365 1196 3454 1237 rc-

1871 1255 1959 1325 gni
1989 1258 2236 1326 permixti
2275 1268 2440 1314 sunt:
2470 1276 2667 1332 corpus
2709 1265 2855 1335 regni
2897 1268 3128 1332 terreni,
3168 1281 3225 1326 et
3261 1286 3455 1343 corpus

1869 1346 2019 1417 regni
2048 1348 2283 1404 caelestis
2307 1351 2653 1408 commixtum
2691 1363 2793 1410 est.
2834 1354 3076 1426 Regnum
3114 1360 3329 1417 cteleste
3364 1378 3456 1433 ge-

1870 1436 1968 1491 mit
1994 1436 2131 1492 inter
2168 1438 2315 1495 cives
2354 1443 2502 1511 regni
2544 1444 2778 1511 terreni,
2807 1455 2861 1500 et
2906 1446 3189 1517 aliquando
3230 1448 3374 1519 (nam
3401 1461 3457 1507 et

1870 1526 1976 1584 hoc
2001 1530 2281 1586 tacendum
2309 1547 2416 1588 non
2460 1534 2575 1604 est)
2603 1535 2995 1605 quodammodo
3027 1553 3250 1609 regnum
3292 1550 3457 1599 terre-

1868 1634 1997 1676 num
2022 1623 2261 1691 angariat
2300 1623 2446 1679 cives
2467 1626 2616 1695 regni
2644 1626 2938 1694 caelorum,
2982 1638 3038 1684 et
3080 1645 3303 1702 regnum
3343 1647 3456 1690 cte-

1868 1708 2005 1767 leste
2029 1714 2269 1783 angariat
2293 1715 2437 1770 cives
2461 1716 2612 1786 regni
2638 1719 2857 1773 terreni.
2892 1717 3190 1792 Utrumque
3216 1722 3370 1780 vobis
3388 1724 3457 1782 de

1866 1799 2140 1872 Scriptura
2172 1804 2266 1859 Dei
2306 1803 2812 1865 demonstrabimus.
2860 1809 3045 1867 Daniel
3080 1821 3135 1868 et
3168 1822 3277 1870 tres
3303 1818 3455 1885 pueri

1866 1890 1923 1946 in
1966 1891 2253 1966 Babylonia
2281 1896 2553 1966 praepositi
2592 1908 2717 1954 sunt
2752 1901 2979 1971 negotiis
3007 1903 3147 1975 regis
3175 1902 3349 1977 (Dan.
3378 1922 3451 1975 tt,

1864 1982 1962 2055 49)
1990 2001 2004 2038 :
2051 1984 2249 2056 Joseph
2276 1987 2328 2042 in
2360 1987 2597 2061 Egypto
2620 1992 2888 2047 secundus
2915 2008 2947 2048 a
2985 2009 3113 2066 rege
3139 1998 3343 2066 positus
3370 2008 3455 2055 est

1864 2073 2239 2132 administrare
2257 2078 2641 2149 rempublicam
2673 2080 2825 2152 (Gen.
2857 2098 2968 2149 xu,
2994 2084 3110 2157 40),
3139 2087 3208 2143 de
3234 2103 3338 2159 qua
3363 2105 3451 2147 reo

1864 2165 2076 2236 publica
2115 2176 2233 2223 erat
2276 2169 2502 2240 populus
2548 2171 2639 2227 ille
2682 2171 2775 2228 Dei
2824 2173 3132 2232 liberandus
3172 2194 3186 2232 :
3226 2177 3280 2234 in
3335 2179 3452 2251 ipsa

1862 2260 2135 2328 republica
2187 2263 2459 2333 angariam
2510 2263 2904 2335 quodammodo
2949 2267 3175 2325 faciebat
3226 2271 3448 2344 Joseph,

1860 2350 2000 2407 sicut
2041 2352 2119 2408 illi
2168 2362 2275 2410 tres
2324 2354 2496 2426 pueri,
2541 2356 2681 2413 sicut
2732 2358 2937 2415 Daniel.
2990 2360 3321 2419 Manifestum
3363 2373 3451 2422 est

1861 2456 1992 2515 ergo
2032 2446 2174 2516 quod
2210 2456 2492 2518 usurpant
2531 2448 2635 2505 sibi
2675 2449 2741 2505 ad
2785 2465 2948 2522 opera
2986 2468 3115 2522 sua,
3162 2454 3216 2510 id
3263 2464 3347 2513 cst
3380 2457 3452 2514 ad

1858 2548 2024 2607 opera
2067 2538 2219 2607 regni
2260 2539 2379 2606 sui,
2426 2554 2530 2595 non
2576 2540 2643 2596 ad
2687 2541 2822 2597 facta
2871 2559 2965 2598 sua
3009 2544 3182 2613 mala,
3229 2562 3449 2619 regnum
3506 2588 3521 2607 ι

1859 2634 2131 2685 terrenum
2161 2631 2308 2686 cives
2343 2632 2493 2703 regni
2532 2632 2815 2689 ctelorum.
2848 2634 2984 2703 Quid
3010 2645 3066 2691 et
3097 2652 3317 2708 regnum
3342 2654 3454 2697 ca:-

1858 2717 2067 2789 lorum,
2099 2724 2370 2794 quomodo
2409 2734 2630 2795 usurpat
2673 2724 2724 2780 in
2774 2726 2875 2781 hoc
2913 2728 3111 2784 steculo
3136 2730 3202 2783 ad
3238 2739 3450 2802 tempus

1857 2811 2004 2868 cives
2045 2812 2193 2885 regni
2236 2814 2475 2869 terreni?
2517 2814 2705 2872 Nonne
2740 2815 2809 2871 de
2848 2815 2932 2872 his
2963 2818 3251 2888 Apostolus
3290 2822 3444 2889 dicit,

1856 2900 2001 2972 quod
2032 2918 2137 2956 non
2178 2911 2323 2960 caste
2363 2904 2708 2976 Evangelium
2750 2908 3163 2971 annuntiabant,
3217 2910 3311 2967 sed
3342 2924 3450 2968 tor-

1854 3007 1986 3048 rena
2014 2992 2381 3051 desiderantes
2400 3010 2623 3067 regnum
2645 2996 2903 3053 calorum
2930 3000 3321 3069 prmdicabant;
3349 3018 3447 3061 sua

1854 3083 2183 3155 qumrebant,
2212 3094 2267 3141 et
2294 3084 2566 3142 Christum
2595 3088 3022 3145 annuutiahant?
3052 3090 3121 3147 Et
3147 3100 3207 3148 ut
3232 3096 3445 3150 noveri-

1855 3173 1927 3230 tis
1962 3174 2103 3246 quod
2146 3186 2201 3231 et
2242 3175 2343 3246 ipsi
2385 3176 2455 3233 ad
2497 3192 2633 3249 opus
2672 3178 2820 3251 regni
2857 3180 3151 3247 caelorum,
3196 3190 3444 3255 tanquam

1858 3269 2178 3324 mercenarii
2204 3270 2463 3341 assumpti
2493 3279 2638 3337 sunt,
2670 3272 2960 3343 Apostolus
2982 3274 3220 3344 gaudens
3243 3275 3312 3332 de
3341 3277 3446 3332 illis

1853 3359 2021 3417 dicit:
2054 3361 2193 3418 Sunt
2213 3364 2301 3434 qui
2330 3380 2421 3435 per
2444 3364 2689 3419 invidiam
2716 3375 2764 3419 et
2785 3368 3151 3423 contentionem
3190 3367 3446 3424 Christum

1853 3458 2160 3511 annuutiant
2186 3473 2287 3512 non
2312 3467 2465 3522 caste,
2493 3458 2838 3514 existimantes
2861 3459 3230 3515 tribulationem
3255 3477 3309 3516 se
3332 3478 3446 3517 sus.

1853 3548 2013 3604 citare
2046 3550 2261 3604 vinculis
2299 3550 2441 3604 meis.
2487 3551 2623 3618 Quid
2663 3553 2795 3606 enim
2832 3554 2953 3607 dum
2995 3554 3133 3608 omni
3168 3556 3318 3611 modo
3344 3557 3447 3613 sive

1853 3656 1945 3710 per
1970 3640 2281 3695 occasionem
2306 3641 2410 3695 sive
2438 3656 2527 3710 per
2549 3642 2807 3696 veritatem
2832 3641 3062 3698 Christus
3081 3646 3448 3704 annuntietur?

1854 3728 1924 3785 Et
1948 3732 2001 3785 in
2027 3732 2121 3787 hoc
2145 3731 2371 3802 gaudeo,
2400 3732 2491 3787 sed
2512 3733 2797 3804 etgaudebo
2829 3732 3083 3805 (Philipp.
3112 3750 3150 3796 ι,
3180 3737 3249 3791 17
3262 3738 3441 3810 ε118).

1853 3822 1931 3879 De
1960 3824 2154 3879 talibus
2179 3825 2338 3880 etiam
2382 3823 2627 3880 Christus
2653 3826 2965 3894 annuntiat,
2994 3826 3217 3884 dicens:
3253 3827 3442 3885 Phari-

1849 3916 1941 3971 αεὶ
1963 3924 2011 3970 et
2038 3914 2233 3970 Scriba
2256 3931 2409 3982 super
2430 3916 2724 3969 cathedram
2746 3915 2917 3987 Moysi
2942 3917 3195 3973 sederunt.
3226 3918 3353 3985 Quae
3370 3920 3443 3973 di-

1848 4016 2000 4072 cunt,
2042 4006 2229 4075 facite;
2253 4022 2368 4076 qut:
2392 4016 2561 4061 autem
2600 4006 2825 4078 faciunt,
2860 4009 3027 4077 facere
3045 4009 3237 4065 nolite:
3266 4012 3442 4067 dicunt

1849 4097 2004 4160 enim,
2032 4107 2076 4151 et
2104 4114 2204 4150 non
2230 4096 2423 4167 faciunt
2451 4095 2662 4168 (Matth.
2692 4113 2852 4163 xxnt,
2878 4098 2934 4163 2,
2962 4097 3041 4168 3).
3074 4098 3204 4167 Quae
3231 4100 3435 4167 dicunt,

1848 4189 2117 4259 pertinent
2146 4188 2210 4242 ad
2243 4187 2441 4253 David;
2472 4204 2593 4259 qua:
2614 4199 2791 4245 autem
2817 4188 3044 4255 faciunt,
3078 4192 3345 4261 pertinent
3372 4193 3440 4249 ad

1849 4278 2052 4334 Doech.
2082 4280 2184 4334 Per
2221 4279 2343 4334 illos
2367 4295 2454 4335 me
2481 4279 2694 4345 audite,
2736 4281 2856 4336 illos
2882 4281 3078 4338 imitari
3116 4283 3300 4340 nolite.
3334 4283 3438 4340 lsta

1847 4369 1953 4425 duo
1977 4385 2173 4441 genera
2202 4369 2475 4425 hominum
2506 4380 2629 4426 sunt
2651 4371 2807 4427 hodie
2830 4373 2883 4428 in
2906 4382 3067 4430 terra.
3096 4374 3172 4429 De
3195 4376 3277 4431 ltis
3304 4376 3441 4431 duo-

1847 4460 1949 4516 bus
1977 4461 2263 4530 generibus
2294 4459 2566 4515 hominum
2593 4470 2772 4517 cantat
2807 4462 3044 4531 psalmus
3073 4464 3193 4520 iste.

1918 4551 1973 4604 5.
2004 4549 2154 4622 [vers.
2190 4553 2239 4613 l,
2279 4550 2361 4625 2.]
2406 4551 2578 4607 Habet
2623 4562 2803 4607 autem
2853 4553 3049 4609 Psalmi
3096 4554 3277 4611 titulus
3312 4575 3327 4611 :
3371 4556 3437 4613 In

1845 4641 2001 4712 ﬁnem
2025 4643 2308 4697 intellectus
2336 4642 2501 4697 Dauid
2517 4685 2533 4710 ,
2561 4659 2679 4698 cum
2706 4644 2838 4699 venit
2868 4643 3037 4700 Doech
3065 4644 3325 4704 Idumaeas
3343 4691 3358 4715 ,
3388 4660 3437 4705 et

1842 4737 2093 4790 nuntiavit
2137 4734 2267 4790 Sm'tl
2290 4752 2309 4790 :
2349 4733 2493 4790 Venit
2538 4734 2706 4791 Dauid
2742 4736 2797 4791 in
2825 4737 3033 4791 domum
3061 4737 3344 4795 Abimelech
3371 4743 3391 4773 ’
3417 4760 3432 4797 :

1842 4840 1965 4881 cum
1997 4827 2235 4896 legamus
2264 4841 2386 4881 eum
2417 4827 2629 4881 venisse
2655 4828 2707 4882 in
2727 4826 2945 4882 domum
2973 4827 3337 4886 Achimelech.
3371 4832 3433 4888 Et

1843 4914 2069 4971 fortasse
2103 4916 2245 4985 quod
2278 4930 2384 4971 non
2413 4916 2646 4971 absurde
2683 4917 2943 4972 sentimus
2981 4927 3202 4991 propter
3238 4922 3432 4976 simili-

1842 5008 2081 5064 tudinem
2107 5008 2341 5064 nominis
2362 5050 2376 5075 ,
2422 5016 2478 5065 et
2504 5008 2663 5065 unius
2687 5008 2903 5081 syllaba:
2931 5008 3282 5068 diii‘erentiam
3300 5055 3313 5078 ,
3352 5015 3431 5069 vel

1841 5100 2017 5171 potius
2050 5099 2205 5155 unins
2242 5099 2464 5169 litterae,
2497 5100 2684 5157 variati
2724 5110 2849 5157 sunt
2886 5102 3044 5158 tituli.
3064 5102 3123 5160 In
3159 5104 3433 5162 codicibus

1840 5198 2019 5245 tamen
2050 5190 2381 5245 Psalmorum
2408 5206 2530 5247 cum
2565 5191 2952 5262 inspiceremus
2971 5235 2986 5258 ,
3014 5195 3183 5265 magis
3208 5194 3429 5251 Abime-

1838 5279 1957 5338 lech
1982 5296 2141 5352 quam
2168 5280 2513 5338 Achimelecb
2535 5283 2852 5340 invenimus.
2874 5284 2941 5340 Et
2962 5287 3210 5353 quoniam
3243 5287 3294 5341 in
3323 5287 3431 5342 alio

1838 5374 1956 5431 loco
1974 5373 2139 5430 habes
2165 5373 2622 5432 evidentissimum
2652 5377 2937 5447 psalmum,
2966 5392 3075 5433 non
3099 5377 3431 5435 dissimilitu-

1836 5467 2014 5525 dinem
2032 5468 2283 5535 nominis,
2302 5466 2397 5523 sed
2419 5483 2635 5538 prorsus
2653 5468 2921 5524 diversum
2944 5483 3139 5525 nomen
3164 5470 3430 5526 insinuan-

1837 5569 1965 5626 tem;
1984 5560 2410 5633 quandoquidem
2441 5561 2605 5617 David
2620 5572 2742 5617 ante
2768 5577 2947 5632 regem
2976 5562 3158 5631 Achis,
3179 5579 3283 5619 non
3302 5576 3428 5624 ante

1900 5676 1916 5707 ί
1952 5678 2025 5725 Sic
2047 5675 2228 5740 aliquot
2251 5683 2354 5726 Mss.
2383 5676 2587 5737 utadd,
2611 5673 2794 5741 aliquos
2824 5675 3012 5738 fructus
3048 5675 3294 5729 ctetestes?
3330 5687 3426 5730 [Io-

1948 5744 2178 5873 Ξῖἓέίιιιιᾳ
2201 5798 2747 5873 Μεδον.ἐ⁰³9¹ηῖί.¹ἐίυζων
2771 5797 3043 5873 ηιηιεειηωη
3064 5813 3168 5873 es.»
3197 5800 3328 5856 saw
3361 5800 3426 5855 αι

1836 5859 2013 5923 David,
2036 5859 2166 5927 quod
2188 5859 2367 5913 uenerit
2562 5860 2613 5911 in
2634 5859 2827 5911 domtan
2858 5860 3143 5916 Abimelech.
