  <div class='ocr_page' id='page_1' title='image "/cluster/home/n/w/nwhite01/storage/ocr_20150623/36/uva.x000827105/317.png"; bbox 0 0 3942 6470; ppageno 0'>
   <div class='ocr_carea' id='block_1_1' title="bbox 477 395 583 455">
    <p class='ocr_par' dir='ltr' id='par_1_1' title="bbox 477 395 583 455">
     <span class='ocr_line' id='line_1_1' title="bbox 477 395 583 455; baseline 0 0"><span class='ocrx_word' id='word_1_1' title='bbox 477 395 583 455; x_wconf 76' lang='lat'><strong>007</strong></span> 
     </span>
    </p>
   </div>
   <div class='ocr_carea' id='block_1_2' title="bbox 476 496 2064 579">
    <p class='ocr_par' dir='ltr' id='par_1_2' title="bbox 476 496 2064 579">
     <span class='ocr_line' id='line_1_2' title="bbox 476 496 2064 579; baseline -0.009 -12"><span class='ocrx_word' id='word_1_2' title='bbox 476 509 868 567; x_wconf 84' lang='lat' dir='ltr'><strong>submersione.</strong></span> <span class='ocrx_word' id='word_1_3' title='bbox 896 506 1238 579; x_wconf 75' lang='lat' dir='ltr'><strong>Naufragium</strong></span> <span class='ocrx_word' id='word_1_4' title='bbox 1264 504 1402 578; x_wconf 88' lang='lat' dir='ltr'><strong>fugis</strong></span> <span class='ocrx_word' id='word_1_5' title='bbox 1425 544 1443 572; x_wconf 85' lang='lat'><strong>,</strong></span> <span class='ocrx_word' id='word_1_6' title='bbox 1471 510 1527 560; x_wconf 89' lang='lat' dir='ltr'><strong>et</strong></span> <span class='ocrx_word' id='word_1_7' title='bbox 1554 499 1831 574; x_wconf 82' lang='lat' dir='ltr'><strong>plumbum</strong></span> <span class='ocrx_word' id='word_1_8' title='bbox 1854 496 2064 568; x_wconf 84' lang='lat' dir='ltr'><strong>ample-</strong></span> 
     </span>
    </p>
   </div>
   <div class='ocr_carea' id='block_1_3' title="bbox 477 589 2068 670">
    <p class='ocr_par' dir='ltr' id='par_1_3' title="bbox 477 589 2068 670">
     <span class='ocr_line' id='line_1_3' title="bbox 477 589 2068 670; baseline -0.011 -10"><span class='ocrx_word' id='word_1_9' title='bbox 477 603 678 660; x_wconf 80' lang='lat' dir='ltr'><strong>cteris!</strong></span> <span class='ocrx_word' id='word_1_10' title='bbox 718 602 777 660; x_wconf 90' lang='lat' dir='ltr'><strong>Si</strong></span> <span class='ocrx_word' id='word_1_11' title='bbox 807 617 913 658; x_wconf 92' lang='lat' dir='ltr'><strong>non</strong></span> <span class='ocrx_word' id='word_1_12' title='bbox 942 600 1022 657; x_wconf 89' lang='lat' dir='ltr'><strong>vis</strong></span> <span class='ocrx_word' id='word_1_13' title='bbox 1049 597 1238 670; x_wconf 87' lang='lat' dir='ltr'><strong>mergi,</strong></span> <span class='ocrx_word' id='word_1_14' title='bbox 1269 594 1502 654; x_wconf 91' lang='lat' dir='ltr'><strong>tabulam</strong></span> <span class='ocrx_word' id='word_1_15' title='bbox 1527 590 1890 665; x_wconf 79' lang='lat' dir='ltr'><strong>apprehende,</strong></span> <span class='ocrx_word' id='word_1_16' title='bbox 1921 589 2068 660; x_wconf 81' lang='lat' dir='ltr'><strong>ligno</strong></span> 
     </span>
    </p>
   </div>
   <div class='ocr_carea' id='block_1_4' title="bbox 477 679 2070 763">
    <p class='ocr_par' dir='ltr' id='par_1_4' title="bbox 477 679 2070 763">
     <span class='ocr_line' id='line_1_4' title="bbox 477 679 2070 763; baseline -0.01 -14"><span class='ocrx_word' id='word_1_17' title='bbox 477 703 692 763; x_wconf 85' lang='lat' dir='ltr'><strong>portare</strong></span> <span class='ocrx_word' id='word_1_18' title='bbox 710 733 727 760; x_wconf 92' lang='lat'><strong>,</strong></span> <span class='ocrx_word' id='word_1_19' title='bbox 756 706 891 747; x_wconf 81' lang='lat' dir='ltr'><strong>enix</strong></span> <span class='ocrx_word' id='word_1_20' title='bbox 929 699 983 746; x_wconf 90' lang='lat' dir='ltr'><strong>te</strong></span> <span class='ocrx_word' id='word_1_21' title='bbox 1020 687 1291 762; x_wconf 75' lang='lat' dir='ltr'><strong>perducat.</strong></span> <span class='ocrx_word' id='word_1_22' title='bbox 1321 685 1474 742; x_wconf 86' lang='lat' dir='ltr'><strong>Nunc</strong></span> <span class='ocrx_word' id='word_1_23' title='bbox 1498 699 1625 741; x_wconf 85' lang='lat' dir='ltr'><strong>vero</strong></span> <span class='ocrx_word' id='word_1_24' title='bbox 1648 683 1770 754; x_wconf 87' lang='lat' dir='ltr'><strong>quia</strong></span> <span class='ocrx_word' id='word_1_25' title='bbox 1801 679 1979 735; x_wconf 89' lang='lat' dir='ltr'><strong>Doech</strong></span> <span class='ocrx_word' id='word_1_26' title='bbox 2009 693 2070 734; x_wconf 86' lang='lat' dir='ltr'><strong>es</strong></span> 
     </span>
    </p>
   </div>
   <div class='ocr_carea' id='block_1_5' title="bbox 424 772 2070 874">
    <p class='ocr_par' dir='ltr' id='par_1_5' title="bbox 424 772 2070 874">
     <span class='ocr_line' id='line_1_5' title="bbox 424 772 2070 874; baseline -0.01 -33"><span class='ocrx_word' id='word_1_27' title='bbox 424 827 450 874; x_wconf 44' lang='grc' dir='ltr'>ς</span> <span class='ocrx_word' id='word_1_28' title='bbox 479 784 764 849; x_wconf 62' lang='grc' dir='ltr'>Ιάιιιιιειξιιε,</span> <span class='ocrx_word' id='word_1_29' title='bbox 792 791 968 838; x_wconf 89' lang='lat' dir='ltr'><strong>motus</strong></span> <span class='ocrx_word' id='word_1_30' title='bbox 991 791 1045 838; x_wconf 92' lang='lat' dir='ltr'><strong>et</strong></span> <span class='ocrx_word' id='word_1_31' title='bbox 1077 790 1343 844; x_wconf 85' lang='lat' dir='ltr'><strong>terrenus,</strong></span> <span class='ocrx_word' id='word_1_32' title='bbox 1367 777 1492 850; x_wconf 89' lang='lat' dir='ltr'><strong>quid</strong></span> <span class='ocrx_word' id='word_1_33' title='bbox 1515 776 1678 832; x_wconf 86' lang='lat' dir='ltr'><strong>facis?</strong></span> <span class='ocrx_word' id='word_1_34' title='bbox 1705 772 1937 829; x_wconf 76' lang='lat' dir='ltr'><strong>Dilexisti</strong></span> <span class='ocrx_word' id='word_1_35' title='bbox 1955 787 2070 826; x_wconf 87' lang='lat' dir='ltr'><strong>om-</strong></span> 
     </span>
    </p>
   </div>
   <div class='ocr_carea' id='block_1_6' title="bbox 407 867 2070 945">
    <p class='ocr_par' dir='ltr' id='par_1_6' title="bbox 407 867 2070 945">
     <span class='ocr_line' id='line_1_6' title="bbox 407 867 2070 945; baseline -0.007 -13"><span class='ocrx_word' id='word_1_36' title='bbox 477 877 566 933; x_wconf 88' lang='lat' dir='ltr'><strong>nia</strong></span> <span class='ocrx_word' id='word_1_37' title='bbox 592 875 739 931; x_wconf 82' lang='lat' dir='ltr'><strong>verba</strong></span> <span class='ocrx_word' id='word_1_38' title='bbox 762 873 1138 942; x_wconf 87' lang='lat' dir='ltr'><strong>submersionis,</strong></span> <span class='ocrx_word' id='word_1_39' title='bbox 1167 873 1392 945; x_wconf 84' lang='lat' dir='ltr'><strong>linguam</strong></span> <span class='ocrx_word' id='word_1_40' title='bbox 1417 871 1666 924; x_wconf 76' lang='lat' dir='ltr'><strong>dolosam.</strong></span> <span class='ocrx_word' id='word_1_41' title='bbox 1687 867 1814 924; x_wconf 71' lang='lat' dir='ltr'><strong>Hrec</strong></span> <span class='ocrx_word' id='word_1_42' title='bbox 1840 879 2070 938; x_wconf 64' lang='lat' dir='ltr'><strong>princes-</strong></span> 
     </span>
    </p>
   </div>
   <div class='ocr_carea' id='block_1_7' title="bbox 405 958 2067 1037">
    <p class='ocr_par' dir='ltr' id='par_1_7' title="bbox 405 958 2067 1037">
     <span class='ocr_line' id='line_1_7' title="bbox 405 958 2067 1037; baseline -0.007 -13"><span class='ocrx_word' id='word_1_43' title='bbox 405 958 454 1016; x_wconf 58' lang='lat'><strong>3&quot;</strong></span> <span class='ocrx_word' id='word_1_44' title='bbox 477 974 570 1037; x_wconf 86' lang='lat' dir='ltr'><strong>stt,</strong></span> <span class='ocrx_word' id='word_1_45' title='bbox 594 969 755 1024; x_wconf 84' lang='lat' dir='ltr'><strong>verba</strong></span> <span class='ocrx_word' id='word_1_46' title='bbox 777 967 1164 1024; x_wconf 89' lang='lat' dir='ltr'><strong>submersionis</strong></span> <span class='ocrx_word' id='word_1_47' title='bbox 1182 973 1363 1020; x_wconf 88' lang='lat' dir='ltr'><strong>secuta</strong></span> <span class='ocrx_word' id='word_1_48' title='bbox 1385 972 1508 1018; x_wconf 90' lang='lat' dir='ltr'><strong>sunt</strong></span> <span class='ocrx_word' id='word_1_49' title='bbox 1523 962 1754 1032; x_wconf 84' lang='lat' dir='ltr'><strong>linguam</strong></span> <span class='ocrx_word' id='word_1_50' title='bbox 1773 958 2067 1014; x_wconf 73' lang='lat' dir='ltr'><strong>dolosam’.</strong></span> 
     </span>
    </p>
   </div>
   <div class='ocr_carea' id='block_1_8' title="bbox 408 1040 2068 1130">
    <p class='ocr_par' dir='ltr' id='par_1_8' title="bbox 408 1040 2068 1130">
     <span class='ocr_line' id='line_1_8' title="bbox 408 1040 2068 1130; baseline -0.008 -12"><span class='ocrx_word' id='word_1_51' title='bbox 408 1040 426 1086; x_wconf 56' lang='grc' dir='ltr'><strong>’ί</strong></span> <span class='ocrx_word' id='word_1_52' title='bbox 481 1059 618 1129; x_wconf 87' lang='lat' dir='ltr'><strong>Quid</strong></span> <span class='ocrx_word' id='word_1_53' title='bbox 661 1068 744 1116; x_wconf 89' lang='lat' dir='ltr'><strong>est</strong></span> <span class='ocrx_word' id='word_1_54' title='bbox 773 1059 950 1130; x_wconf 80' lang='lat' dir='ltr'><strong>lingua</strong></span> <span class='ocrx_word' id='word_1_55' title='bbox 980 1057 1209 1114; x_wconf 80' lang='lat' dir='ltr'><strong>dolosa?</strong></span> <span class='ocrx_word' id='word_1_56' title='bbox 1240 1057 1478 1112; x_wconf 78' lang='lat' dir='ltr'><strong>Ministro</strong></span> <span class='ocrx_word' id='word_1_57' title='bbox 1519 1053 1742 1110; x_wconf 73' lang='lat' dir='ltr'><strong>fallacia:</strong></span> <span class='ocrx_word' id='word_1_58' title='bbox 1779 1061 1863 1108; x_wconf 90' lang='lat' dir='ltr'><strong>est</strong></span> <span class='ocrx_word' id='word_1_59' title='bbox 1891 1051 2068 1121; x_wconf 90' lang='lat' dir='ltr'><strong>lingua</strong></span> 
     </span>
    </p>
   </div>
   <div class='ocr_carea' id='block_1_9' title="bbox 479 1144 2069 1220">
    <p class='ocr_par' dir='ltr' id='par_1_9' title="bbox 479 1144 2069 1220">
     <span class='ocr_line' id='line_1_9' title="bbox 479 1144 2069 1220; baseline -0.006 -13"><span class='ocrx_word' id='word_1_60' title='bbox 479 1151 690 1216; x_wconf 89' lang='lat' dir='ltr'><strong>dolosa,</strong></span> <span class='ocrx_word' id='word_1_61' title='bbox 717 1150 862 1206; x_wconf 83' lang='lat' dir='ltr'><strong>aliud</strong></span> <span class='ocrx_word' id='word_1_62' title='bbox 893 1151 944 1205; x_wconf 92' lang='lat' dir='ltr'><strong>in</strong></span> <span class='ocrx_word' id='word_1_63' title='bbox 971 1150 1136 1206; x_wconf 91' lang='lat' dir='ltr'><strong>corde</strong></span> <span class='ocrx_word' id='word_1_64' title='bbox 1160 1148 1503 1220; x_wconf 88' lang='lat' dir='ltr'><strong>gestantium,</strong></span> <span class='ocrx_word' id='word_1_65' title='bbox 1531 1144 1672 1200; x_wconf 89' lang='lat' dir='ltr'><strong>aliud</strong></span> <span class='ocrx_word' id='word_1_66' title='bbox 1698 1158 1792 1200; x_wconf 90' lang='lat' dir='ltr'><strong>ore</strong></span> <span class='ocrx_word' id='word_1_67' title='bbox 1818 1156 2069 1216; x_wconf 51' lang='lat' dir='ltr'><strong>promea.</strong></span> 
     </span>
    </p>
   </div>
   <div class='ocr_carea' id='block_1_10' title="bbox 478 1236 1836 1306">
    <p class='ocr_par' dir='ltr' id='par_1_10' title="bbox 478 1236 1836 1306">
     <span class='ocr_line' id='line_1_10' title="bbox 478 1236 1836 1306; baseline -0.005 -9"><span class='ocrx_word' id='word_1_68' title='bbox 478 1243 632 1297; x_wconf 92' lang='lat' dir='ltr'><strong>tium.</strong></span> <span class='ocrx_word' id='word_1_69' title='bbox 664 1241 770 1299; x_wconf 89' lang='lat' dir='ltr'><strong>Sed</strong></span> <span class='ocrx_word' id='word_1_70' title='bbox 802 1242 854 1297; x_wconf 91' lang='lat' dir='ltr'><strong>in</strong></span> <span class='ocrx_word' id='word_1_71' title='bbox 883 1240 966 1296; x_wconf 91' lang='lat' dir='ltr'><strong>his</strong></span> <span class='ocrx_word' id='word_1_72' title='bbox 994 1239 1292 1306; x_wconf 87' lang='lat' dir='ltr'><strong>subversio,</strong></span> <span class='ocrx_word' id='word_1_73' title='bbox 1323 1240 1374 1294; x_wconf 89' lang='lat' dir='ltr'><strong>iu</strong></span> <span class='ocrx_word' id='word_1_74' title='bbox 1409 1238 1490 1293; x_wconf 88' lang='lat' dir='ltr'><strong>his</strong></span> <span class='ocrx_word' id='word_1_75' title='bbox 1519 1236 1836 1292; x_wconf 88' lang='lat' dir='ltr'><strong>submersio.</strong></span> 
     </span>
    </p>
   </div>
   <div class='ocr_carea' id='block_1_11' title="bbox 560 1327 2071 1408">
    <p class='ocr_par' dir='ltr' id='par_1_11' title="bbox 560 1327 2071 1408">
     <span class='ocr_line' id='line_1_11' title="bbox 560 1327 2071 1408; baseline -0.007 -17"><span class='ocrx_word' id='word_1_76' title='bbox 560 1335 647 1391; x_wconf 73' lang='grc'><strong>12.</strong></span> <span class='ocrx_word' id='word_1_77' title='bbox 689 1335 842 1408; x_wconf 78' lang='lat' dir='ltr'><strong>[uers.</strong></span> <span class='ocrx_word' id='word_1_78' title='bbox 874 1333 956 1408; x_wconf 87' lang='lat'><strong>7.]</strong></span> <span class='ocrx_word' id='word_1_79' title='bbox 979 1333 1255 1407; x_wconf 71' lang='lat' dir='ltr'><strong>Propterea</strong></span> <span class='ocrx_word' id='word_1_80' title='bbox 1276 1331 1414 1388; x_wconf 89' lang='lat' dir='ltr'><strong>Deus</strong></span> <span class='ocrx_word' id='word_1_81' title='bbox 1451 1331 1671 1386; x_wconf 74' lang='lat' dir='ltr'><strong>destruet</strong></span> <span class='ocrx_word' id='word_1_82' title='bbox 1693 1338 1739 1384; x_wconf 89' lang='lat' dir='ltr'><strong>te</strong></span> <span class='ocrx_word' id='word_1_83' title='bbox 1773 1329 1826 1382; x_wconf 89' lang='lat' dir='ltr'><strong>in</strong></span> <span class='ocrx_word' id='word_1_84' title='bbox 1865 1327 2017 1398; x_wconf 78' lang='lat' dir='ltr'><strong>ﬁnem</strong></span> <span class='ocrx_word' id='word_1_85' title='bbox 2051 1341 2071 1381; x_wconf 90' lang='lat'><strong><em>:</em></strong></span> 
     </span>
    </p>
   </div>
   <div class='ocr_carea' id='block_1_12' title="bbox 481 1422 2073 1498">
    <p class='ocr_par' dir='ltr' id='par_1_12' title="bbox 481 1422 2073 1498">
     <span class='ocr_line' id='line_1_12' title="bbox 481 1422 2073 1498; baseline -0.004 -15"><span class='ocrx_word' id='word_1_86' title='bbox 481 1428 586 1484; x_wconf 89' lang='lat' dir='ltr'><strong>etsi</strong></span> <span class='ocrx_word' id='word_1_87' title='bbox 623 1444 764 1484; x_wconf 91' lang='lat' dir='ltr'><strong>nunc</strong></span> <span class='ocrx_word' id='word_1_88' title='bbox 791 1427 990 1483; x_wconf 89' lang='lat' dir='ltr'><strong>videris</strong></span> <span class='ocrx_word' id='word_1_89' title='bbox 1021 1428 1197 1483; x_wconf 87' lang='lat' dir='ltr'><strong>virere</strong></span> <span class='ocrx_word' id='word_1_90' title='bbox 1225 1435 1474 1498; x_wconf 85' lang='lat' dir='ltr'><strong>tanquam</strong></span> <span class='ocrx_word' id='word_1_91' title='bbox 1505 1422 1683 1480; x_wconf 89' lang='lat' dir='ltr'><strong>fenum</strong></span> <span class='ocrx_word' id='word_1_92' title='bbox 1715 1423 1765 1477; x_wconf 93' lang='lat' dir='ltr'><strong>in</strong></span> <span class='ocrx_word' id='word_1_93' title='bbox 1793 1435 1920 1492; x_wconf 83' lang='lat' dir='ltr'><strong>agro</strong></span> <span class='ocrx_word' id='word_1_94' title='bbox 1947 1428 2073 1477; x_wconf 82' lang='lat' dir='ltr'><strong>ante</strong></span> 
     </span>
    </p>
   </div>
   <div class='ocr_carea' id='block_1_13' title="bbox 481 1509 2072 1582">
    <p class='ocr_par' dir='ltr' id='par_1_13' title="bbox 481 1509 2072 1582">
     <span class='ocr_line' id='line_1_13' title="bbox 481 1509 2072 1582; baseline -0.007 -5"><span class='ocrx_word' id='word_1_95' title='bbox 481 1531 673 1577; x_wconf 66' lang='lat' dir='ltr'><strong>aestum</strong></span> <span class='ocrx_word' id='word_1_96' title='bbox 695 1520 841 1576; x_wconf 89' lang='lat' dir='ltr'><strong>solis.</strong></span> <span class='ocrx_word' id='word_1_97' title='bbox 861 1518 1048 1576; x_wconf 86' lang='lat' dir='ltr'><strong>Omnis</strong></span> <span class='ocrx_word' id='word_1_98' title='bbox 1065 1519 1204 1575; x_wconf 90' lang='lat' dir='ltr'><strong>enim</strong></span> <span class='ocrx_word' id='word_1_99' title='bbox 1222 1533 1346 1573; x_wconf 90' lang='lat' dir='ltr'><strong>caro</strong></span> <span class='ocrx_word' id='word_1_100' title='bbox 1365 1517 1566 1582; x_wconf 88' lang='lat' dir='ltr'><strong>fenum,</strong></span> <span class='ocrx_word' id='word_1_101' title='bbox 1583 1524 1637 1570; x_wconf 87' lang='lat' dir='ltr'><strong>et</strong></span> <span class='ocrx_word' id='word_1_102' title='bbox 1652 1513 1863 1570; x_wconf 77' lang='lat' dir='ltr'><strong>claritas</strong></span> <span class='ocrx_word' id='word_1_103' title='bbox 1897 1509 2072 1567; x_wconf 88' lang='lat' dir='ltr'><strong>homi-</strong></span> 
     </span>
    </p>
   </div>
   <div class='ocr_carea' id='block_1_14' title="bbox 483 1603 2074 1676">
    <p class='ocr_par' dir='ltr' id='par_1_14' title="bbox 483 1603 2074 1676">
     <span class='ocr_line' id='line_1_14' title="bbox 483 1603 2074 1676; baseline -0.006 -10"><span class='ocrx_word' id='word_1_104' title='bbox 483 1610 569 1666; x_wconf 88' lang='lat' dir='ltr'><strong>nis</strong></span> <span class='ocrx_word' id='word_1_105' title='bbox 589 1622 645 1666; x_wconf 92' lang='lat' dir='ltr'><strong>ut</strong></span> <span class='ocrx_word' id='word_1_106' title='bbox 666 1609 764 1664; x_wconf 83' lang='lat' dir='ltr'><strong>llos</strong></span> <span class='ocrx_word' id='word_1_107' title='bbox 783 1608 890 1666; x_wconf 91' lang='lat' dir='ltr'><strong>feni</strong></span> <span class='ocrx_word' id='word_1_108' title='bbox 914 1628 926 1664; x_wconf 90' lang='lat'>:</span> <span class='ocrx_word' id='word_1_109' title='bbox 946 1609 1124 1665; x_wconf 90' lang='lat' dir='ltr'><strong>fenum</strong></span> <span class='ocrx_word' id='word_1_110' title='bbox 1145 1608 1302 1676; x_wconf 90' lang='lat' dir='ltr'><strong>aruit,</strong></span> <span class='ocrx_word' id='word_1_111' title='bbox 1320 1616 1373 1662; x_wconf 90' lang='lat' dir='ltr'><strong>et</strong></span> <span class='ocrx_word' id='word_1_112' title='bbox 1388 1607 1486 1662; x_wconf 85' lang='lat' dir='ltr'><strong>llos</strong></span> <span class='ocrx_word' id='word_1_113' title='bbox 1497 1604 1694 1662; x_wconf 77' lang='lat' dir='ltr'><strong>decidit</strong></span> <span class='ocrx_word' id='word_1_114' title='bbox 1711 1620 1725 1669; x_wconf 89' lang='lat'><strong>;</strong></span> <span class='ocrx_word' id='word_1_115' title='bbox 1745 1603 1966 1659; x_wconf 81' lang='lat' dir='ltr'><strong>verbum</strong></span> <span class='ocrx_word' id='word_1_116' title='bbox 1983 1617 2074 1658; x_wconf 82' lang='lat' dir='ltr'><strong>au-</strong></span> 
     </span>
    </p>
   </div>
   <div class='ocr_carea' id='block_1_15' title="bbox 484 1695 2074 1771">
    <p class='ocr_par' dir='ltr' id='par_1_15' title="bbox 484 1695 2074 1771">
     <span class='ocr_line' id='line_1_15' title="bbox 484 1695 2074 1771; baseline -0.004 -12"><span class='ocrx_word' id='word_1_117' title='bbox 484 1713 594 1760; x_wconf 89' lang='lat' dir='ltr'><strong>tem</strong></span> <span class='ocrx_word' id='word_1_118' title='bbox 623 1703 832 1758; x_wconf 92' lang='lat' dir='ltr'><strong>Domini</strong></span> <span class='ocrx_word' id='word_1_119' title='bbox 861 1713 1041 1758; x_wconf 89' lang='lat' dir='ltr'><strong>manet</strong></span> <span class='ocrx_word' id='word_1_120' title='bbox 1070 1703 1122 1757; x_wconf 92' lang='lat' dir='ltr'><strong>in</strong></span> <span class='ocrx_word' id='word_1_121' title='bbox 1151 1710 1408 1756; x_wconf 71' lang='lat' dir='ltr'><strong>mternum</strong></span> <span class='ocrx_word' id='word_1_122' title='bbox 1440 1698 1594 1771; x_wconf 91' lang='lat' dir='ltr'><strong>(Isai.</strong></span> <span class='ocrx_word' id='word_1_123' title='bbox 1624 1714 1713 1767; x_wconf 76' lang='lat' dir='ltr'><strong>xc,</strong></span> <span class='ocrx_word' id='word_1_124' title='bbox 1739 1697 1793 1766; x_wconf 86' lang='lat'><strong>6,</strong></span> <span class='ocrx_word' id='word_1_125' title='bbox 1825 1695 1904 1769; x_wconf 90' lang='lat'><strong>8).</strong></span> <span class='ocrx_word' id='word_1_126' title='bbox 1936 1695 2074 1752; x_wconf 84' lang='lat' dir='ltr'><strong>Ecce</strong></span> 
     </span>
    </p>
   </div>
   <div class='ocr_carea' id='block_1_16' title="bbox 483 1787 2072 1867">
    <p class='ocr_par' dir='ltr' id='par_1_16' title="bbox 483 1787 2072 1867">
     <span class='ocr_line' id='line_1_16' title="bbox 483 1787 2072 1867; baseline -0.006 -16"><span class='ocrx_word' id='word_1_127' title='bbox 483 1811 591 1867; x_wconf 92' lang='lat' dir='ltr'><strong>quo</strong></span> <span class='ocrx_word' id='word_1_128' title='bbox 604 1803 655 1850; x_wconf 90' lang='lat' dir='ltr'><strong>te</strong></span> <span class='ocrx_word' id='word_1_129' title='bbox 670 1792 940 1859; x_wconf 86' lang='lat' dir='ltr'><strong>teneas,ad</strong></span> <span class='ocrx_word' id='word_1_130' title='bbox 954 1791 1095 1863; x_wconf 90' lang='lat' dir='ltr'><strong>quod</strong></span> <span class='ocrx_word' id='word_1_131' title='bbox 1109 1800 1287 1848; x_wconf 90' lang='lat' dir='ltr'><strong>manet</strong></span> <span class='ocrx_word' id='word_1_132' title='bbox 1301 1792 1352 1847; x_wconf 91' lang='lat' dir='ltr'><strong>in</strong></span> <span class='ocrx_word' id='word_1_133' title='bbox 1366 1800 1646 1847; x_wconf 65' lang='lat' dir='ltr'><strong>aeternum.</strong></span> <span class='ocrx_word' id='word_1_134' title='bbox 1660 1788 1792 1845; x_wconf 88' lang='lat' dir='ltr'><strong>Nam</strong></span> <span class='ocrx_word' id='word_1_135' title='bbox 1806 1789 1872 1844; x_wconf 91' lang='lat' dir='ltr'><strong>ad</strong></span> <span class='ocrx_word' id='word_1_136' title='bbox 1889 1787 2072 1844; x_wconf 87' lang='lat' dir='ltr'><strong>fenum</strong></span> 
     </span>
    </p>
   </div>
   <div class='ocr_carea' id='block_1_17' title="bbox 484 1882 2073 1957">
    <p class='ocr_par' dir='ltr' id='par_1_17' title="bbox 484 1882 2073 1957">
     <span class='ocr_line' id='line_1_17' title="bbox 484 1882 2073 1957; baseline -0.005 -13"><span class='ocrx_word' id='word_1_137' title='bbox 484 1895 542 1944; x_wconf 87' lang='lat' dir='ltr'><strong>et</strong></span> <span class='ocrx_word' id='word_1_138' title='bbox 557 1887 623 1942; x_wconf 91' lang='lat' dir='ltr'><strong>ad</strong></span> <span class='ocrx_word' id='word_1_139' title='bbox 645 1887 830 1944; x_wconf 85' lang='lat' dir='ltr'><strong>liorem</strong></span> <span class='ocrx_word' id='word_1_140' title='bbox 851 1885 957 1941; x_wconf 86' lang='lat' dir='ltr'><strong>feni</strong></span> <span class='ocrx_word' id='word_1_141' title='bbox 974 1885 1018 1940; x_wconf 89' lang='lat' dir='ltr'><strong>si</strong></span> <span class='ocrx_word' id='word_1_142' title='bbox 1041 1893 1094 1942; x_wconf 89' lang='lat' dir='ltr'><strong>te</strong></span> <span class='ocrx_word' id='word_1_143' title='bbox 1115 1884 1625 1957; x_wconf 89' lang='lat' dir='ltr'><strong>tenueris,quoniam</strong></span> <span class='ocrx_word' id='word_1_144' title='bbox 1643 1882 1822 1939; x_wconf 90' lang='lat' dir='ltr'><strong>fenum</strong></span> <span class='ocrx_word' id='word_1_145' title='bbox 1844 1889 2073 1949; x_wconf 78' lang='lat' dir='ltr'><strong>arescet,</strong></span> 
     </span>
    </p>
   </div>
   <div class='ocr_carea' id='block_1_18' title="bbox 484 1973 2074 2048">
    <p class='ocr_par' dir='ltr' id='par_1_18' title="bbox 484 1973 2074 2048">
     <span class='ocr_line' id='line_1_18' title="bbox 484 1973 2074 2048; baseline -0.005 -12"><span class='ocrx_word' id='word_1_146' title='bbox 484 1988 540 2036; x_wconf 91' lang='lat' dir='ltr'><strong>et</strong></span> <span class='ocrx_word' id='word_1_147' title='bbox 560 1979 657 2036; x_wconf 84' lang='lat' dir='ltr'><strong>llos</strong></span> <span class='ocrx_word' id='word_1_148' title='bbox 674 1977 899 2044; x_wconf 90' lang='lat' dir='ltr'><strong>decidet,</strong></span> <span class='ocrx_word' id='word_1_149' title='bbox 918 1979 1139 2035; x_wconf 74' lang='lat' dir='ltr'><strong>destruet</strong></span> <span class='ocrx_word' id='word_1_150' title='bbox 1156 1988 1202 2033; x_wconf 90' lang='lat' dir='ltr'><strong>te</strong></span> <span class='ocrx_word' id='word_1_151' title='bbox 1216 1975 1355 2032; x_wconf 87' lang='lat' dir='ltr'><strong>Deus</strong></span> <span class='ocrx_word' id='word_1_152' title='bbox 1370 1979 1423 2032; x_wconf 89' lang='lat' dir='ltr'><strong>in</strong></span> <span class='ocrx_word' id='word_1_153' title='bbox 1442 1979 1594 2048; x_wconf 82' lang='lat' dir='ltr'><strong>liuent</strong></span> <span class='ocrx_word' id='word_1_154' title='bbox 1611 1993 1630 2031; x_wconf 92' lang='lat'><strong><em>:</em></strong></span> <span class='ocrx_word' id='word_1_155' title='bbox 1647 1975 1746 2033; x_wconf 87' lang='lat' dir='ltr'><strong>etsi</strong></span> <span class='ocrx_word' id='word_1_156' title='bbox 1769 1990 1874 2032; x_wconf 92' lang='lat' dir='ltr'><strong>non</strong></span> <span class='ocrx_word' id='word_1_157' title='bbox 1891 1973 2074 2043; x_wconf 87' lang='lat' dir='ltr'><strong>modo,</strong></span> 
     </span>
    </p>
   </div>
   <div class='ocr_carea' id='block_1_19' title="bbox 486 2067 2076 2140">
    <p class='ocr_par' dir='ltr' id='par_1_19' title="bbox 486 2067 2076 2140">
     <span class='ocr_line' id='line_1_19' title="bbox 486 2067 2076 2140; baseline -0.003 -13"><span class='ocrx_word' id='word_1_158' title='bbox 486 2081 635 2129; x_wconf 88' lang='lat' dir='ltr'><strong>certe</strong></span> <span class='ocrx_word' id='word_1_159' title='bbox 663 2071 716 2127; x_wconf 93' lang='lat' dir='ltr'><strong>in</strong></span> <span class='ocrx_word' id='word_1_160' title='bbox 747 2070 907 2126; x_wconf 85' lang='lat' dir='ltr'><strong>linem</strong></span> <span class='ocrx_word' id='word_1_161' title='bbox 935 2070 1193 2137; x_wconf 89' lang='lat' dir='ltr'><strong>destruet,</strong></span> <span class='ocrx_word' id='word_1_162' title='bbox 1218 2068 1429 2140; x_wconf 90' lang='lat' dir='ltr'><strong>quando</strong></span> <span class='ocrx_word' id='word_1_163' title='bbox 1450 2068 1580 2124; x_wconf 91' lang='lat' dir='ltr'><strong>illud</strong></span> <span class='ocrx_word' id='word_1_164' title='bbox 1600 2067 1954 2124; x_wconf 90' lang='lat' dir='ltr'><strong>ventilahrum</strong></span> <span class='ocrx_word' id='word_1_165' title='bbox 1980 2080 2076 2122; x_wconf 90' lang='lat' dir='ltr'><strong>ve-</strong></span> 
     </span>
    </p>
   </div>
   <div class='ocr_carea' id='block_1_20' title="bbox 488 2157 2078 2234">
    <p class='ocr_par' dir='ltr' id='par_1_20' title="bbox 488 2157 2078 2234">
     <span class='ocr_line' id='line_1_20' title="bbox 488 2157 2078 2234; baseline -0.003 -15"><span class='ocrx_word' id='word_1_166' title='bbox 488 2163 648 2228; x_wconf 87' lang='lat' dir='ltr'><strong>nerit,</strong></span> <span class='ocrx_word' id='word_1_167' title='bbox 672 2173 725 2219; x_wconf 92' lang='lat' dir='ltr'><strong>et</strong></span> <span class='ocrx_word' id='word_1_168' title='bbox 745 2179 966 2220; x_wconf 86' lang='lat' dir='ltr'><strong>acervus</strong></span> <span class='ocrx_word' id='word_1_169' title='bbox 984 2163 1147 2234; x_wconf 81' lang='lat' dir='ltr'><strong>palea:</strong></span> <span class='ocrx_word' id='word_1_170' title='bbox 1161 2178 1192 2217; x_wconf 91' lang='lat' dir='ltr'><strong>a</strong></span> <span class='ocrx_word' id='word_1_171' title='bbox 1212 2177 1385 2217; x_wconf 87' lang='lat' dir='ltr'><strong>massa</strong></span> <span class='ocrx_word' id='word_1_172' title='bbox 1404 2171 1680 2232; x_wconf 87' lang='lat' dir='ltr'><strong>separatus</strong></span> <span class='ocrx_word' id='word_1_173' title='bbox 1697 2160 1871 2215; x_wconf 83' lang='lat' dir='ltr'><strong>fuerit.</strong></span> <span class='ocrx_word' id='word_1_174' title='bbox 1889 2157 2078 2215; x_wconf 84' lang='lat' dir='ltr'><strong>Nonne</strong></span> 
     </span>
    </p>
   </div>
   <div class='ocr_carea' id='block_1_21' title="bbox 491 2251 2076 2325">
    <p class='ocr_par' dir='ltr' id='par_1_21' title="bbox 491 2251 2076 2325">
     <span class='ocr_line' id='line_1_21' title="bbox 491 2251 2076 2325; baseline -0.003 -15"><span class='ocrx_word' id='word_1_175' title='bbox 491 2270 666 2310; x_wconf 85' lang='lat' dir='ltr'><strong>massa</strong></span> <span class='ocrx_word' id='word_1_176' title='bbox 690 2256 742 2310; x_wconf 91' lang='lat' dir='ltr'><strong>in</strong></span> <span class='ocrx_word' id='word_1_177' title='bbox 766 2254 978 2320; x_wconf 90' lang='lat' dir='ltr'><strong>horrea,</strong></span> <span class='ocrx_word' id='word_1_178' title='bbox 1001 2263 1056 2310; x_wconf 91' lang='lat' dir='ltr'><strong>ct</strong></span> <span class='ocrx_word' id='word_1_179' title='bbox 1077 2253 1226 2324; x_wconf 86' lang='lat' dir='ltr'><strong>palea</strong></span> <span class='ocrx_word' id='word_1_180' title='bbox 1249 2253 1302 2309; x_wconf 92' lang='lat' dir='ltr'><strong>in</strong></span> <span class='ocrx_word' id='word_1_181' title='bbox 1325 2253 1498 2325; x_wconf 91' lang='lat' dir='ltr'><strong>ignem</strong></span> <span class='ocrx_word' id='word_1_182' title='bbox 1517 2251 1734 2322; x_wconf 77' lang='lat' dir='ltr'><strong>(Matth.</strong></span> <span class='ocrx_word' id='word_1_183' title='bbox 1758 2267 1850 2317; x_wconf 87' lang='grc' dir='ltr'>ιιι,</span> <span class='ocrx_word' id='word_1_184' title='bbox 1875 2261 1921 2306; x_wconf 90' lang='lat' dir='ltr'><strong>et</strong></span> <span class='ocrx_word' id='word_1_185' title='bbox 1944 2266 2041 2306; x_wconf 86' lang='lat' dir='ltr'><strong>xm</strong></span> <span class='ocrx_word' id='word_1_186' title='bbox 2060 2293 2076 2315; x_wconf 90' lang='lat'><strong>,</strong></span> 
     </span>
    </p>
   </div>
   <div class='ocr_carea' id='block_1_22' title="bbox 490 2341 2083 2416">
    <p class='ocr_par' dir='ltr' id='par_1_22' title="bbox 490 2341 2083 2416">
     <span class='ocr_line' id='line_1_22' title="bbox 490 2341 2083 2416; baseline -0.003 -14"><span class='ocrx_word' id='word_1_187' title='bbox 490 2346 617 2416; x_wconf 62' lang='lat'><strong>£0)?</strong></span> <span class='ocrx_word' id='word_1_188' title='bbox 640 2345 825 2402; x_wconf 82' lang='lat' dir='ltr'><strong>Nonne</strong></span> <span class='ocrx_word' id='word_1_189' title='bbox 855 2353 998 2401; x_wconf 91' lang='lat' dir='ltr'><strong>totus</strong></span> <span class='ocrx_word' id='word_1_190' title='bbox 1018 2345 1118 2401; x_wconf 91' lang='lat' dir='ltr'><strong>iste</strong></span> <span class='ocrx_word' id='word_1_191' title='bbox 1139 2343 1322 2400; x_wconf 89' lang='lat' dir='ltr'><strong>Doech</strong></span> <span class='ocrx_word' id='word_1_192' title='bbox 1341 2342 1407 2399; x_wconf 91' lang='lat' dir='ltr'><strong>ad</strong></span> <span class='ocrx_word' id='word_1_193' title='bbox 1429 2343 1699 2399; x_wconf 88' lang='lat' dir='ltr'><strong>sinistram</strong></span> <span class='ocrx_word' id='word_1_194' title='bbox 1720 2341 1897 2409; x_wconf 81' lang='lat' dir='ltr'><strong>stabit,</strong></span> <span class='ocrx_word' id='word_1_195' title='bbox 1920 2357 2083 2414; x_wconf 89' lang='lat' dir='ltr'><strong>quan-</strong></span> 
     </span>
    </p>
   </div>
   <div class='ocr_carea' id='block_1_23' title="bbox 491 2435 2083 2508">
    <p class='ocr_par' dir='ltr' id='par_1_23' title="bbox 491 2435 2083 2508">
     <span class='ocr_line' id='line_1_23' title="bbox 491 2435 2083 2508; baseline -0.001 -14"><span class='ocrx_word' id='word_1_196' title='bbox 491 2439 562 2494; x_wconf 92' lang='lat' dir='ltr'><strong>do</strong></span> <span class='ocrx_word' id='word_1_197' title='bbox 606 2439 844 2495; x_wconf 89' lang='lat' dir='ltr'><strong>dicturus</strong></span> <span class='ocrx_word' id='word_1_198' title='bbox 898 2447 982 2494; x_wconf 91' lang='lat' dir='ltr'><strong>est</strong></span> <span class='ocrx_word' id='word_1_199' title='bbox 1027 2436 1304 2503; x_wconf 87' lang='lat' dir='ltr'><strong>Dominus,</strong></span> <span class='ocrx_word' id='word_1_200' title='bbox 1335 2435 1416 2490; x_wconf 88' lang='lat' dir='ltr'><strong>Ite</strong></span> <span class='ocrx_word' id='word_1_201' title='bbox 1449 2437 1502 2490; x_wconf 90' lang='lat' dir='ltr'><strong>in</strong></span> <span class='ocrx_word' id='word_1_202' title='bbox 1536 2436 1702 2508; x_wconf 83' lang='lat' dir='ltr'><strong>ignem</strong></span> <span class='ocrx_word' id='word_1_203' title='bbox 1729 2447 1972 2492; x_wconf 80' lang='lat' dir='ltr'><strong>teternum</strong></span> <span class='ocrx_word' id='word_1_204' title='bbox 1996 2438 2083 2508; x_wconf 89' lang='lat' dir='ltr'><strong>qui</strong></span> 
     </span>
    </p>
   </div>
   <div class='ocr_carea' id='block_1_24' title="bbox 494 2526 2082 2603">
    <p class='ocr_par' dir='ltr' id='par_1_24' title="bbox 494 2526 2082 2603">
     <span class='ocr_line' id='line_1_24' title="bbox 494 2526 2082 2603; baseline 0.001 -19"><span class='ocrx_word' id='word_1_205' title='bbox 494 2540 706 2603; x_wconf 81' lang='lat' dir='ltr'><strong>paratus</strong></span> <span class='ocrx_word' id='word_1_206' title='bbox 725 2539 796 2585; x_wconf 91' lang='lat' dir='ltr'><strong>est</strong></span> <span class='ocrx_word' id='word_1_207' title='bbox 816 2529 1016 2584; x_wconf 86' lang='lat' dir='ltr'><strong>diabolo</strong></span> <span class='ocrx_word' id='word_1_208' title='bbox 1030 2540 1078 2584; x_wconf 85' lang='lat' dir='ltr'><strong>et</strong></span> <span class='ocrx_word' id='word_1_209' title='bbox 1099 2529 1293 2598; x_wconf 85' lang='lat' dir='ltr'><strong>angelis</strong></span> <span class='ocrx_word' id='word_1_210' title='bbox 1315 2529 1425 2600; x_wconf 84' lang='lat' dir='ltr'><strong>ejus</strong></span> <span class='ocrx_word' id='word_1_211' title='bbox 1447 2526 1692 2601; x_wconf 77' lang='lat' dir='ltr'><strong>(Id.xxv,</strong></span> <span class='ocrx_word' id='word_1_212' title='bbox 1705 2531 1767 2586; x_wconf 72' lang='grc'><strong>41</strong></span> <span class='ocrx_word' id='word_1_213' title='bbox 1780 2530 1826 2602; x_wconf 77' lang='lat' dir='ltr'><strong>)‘l</strong></span> <span class='ocrx_word' id='word_1_214' title='bbox 1845 2530 2082 2586; x_wconf 78' lang='lat' dir='ltr'><strong>Destruet</strong></span> 
     </span>
    </p>
   </div>
   <div class='ocr_carea' id='block_1_25' title="bbox 494 2620 2085 2694">
    <p class='ocr_par' dir='ltr' id='par_1_25' title="bbox 494 2620 2085 2694">
     <span class='ocr_line' id='line_1_25' title="bbox 494 2620 2085 2694; baseline -0.001 -16"><span class='ocrx_word' id='word_1_215' title='bbox 494 2637 625 2693; x_wconf 86' lang='lat' dir='ltr'><strong>ergo</strong></span> <span class='ocrx_word' id='word_1_216' title='bbox 663 2631 712 2677; x_wconf 92' lang='lat' dir='ltr'><strong>te</strong></span> <span class='ocrx_word' id='word_1_217' title='bbox 749 2621 887 2676; x_wconf 86' lang='lat' dir='ltr'><strong>Deus</strong></span> <span class='ocrx_word' id='word_1_218' title='bbox 905 2621 959 2675; x_wconf 91' lang='lat' dir='ltr'><strong>in</strong></span> <span class='ocrx_word' id='word_1_219' title='bbox 1000 2621 1152 2692; x_wconf 82' lang='lat' dir='ltr'><strong>ﬁnem</strong></span> <span class='ocrx_word' id='word_1_220' title='bbox 1187 2635 1207 2674; x_wconf 90' lang='lat'><strong><em>:</em></strong></span> <span class='ocrx_word' id='word_1_221' title='bbox 1234 2620 1405 2675; x_wconf 77' lang='lat' dir='ltr'><strong>evellet</strong></span> <span class='ocrx_word' id='word_1_222' title='bbox 1443 2630 1509 2686; x_wconf 91' lang='lat' dir='ltr'><strong>te,</strong></span> <span class='ocrx_word' id='word_1_223' title='bbox 1550 2630 1598 2676; x_wconf 84' lang='lat' dir='ltr'><strong>et</strong></span> <span class='ocrx_word' id='word_1_224' title='bbox 1636 2622 1896 2694; x_wconf 79' lang='lat' dir='ltr'><strong>emigrabit</strong></span> <span class='ocrx_word' id='word_1_225' title='bbox 1935 2632 1983 2677; x_wconf 87' lang='lat' dir='ltr'><strong>te</strong></span> <span class='ocrx_word' id='word_1_226' title='bbox 2020 2623 2085 2678; x_wconf 84' lang='lat' dir='ltr'><strong>de</strong></span> 
     </span>
    </p>
   </div>
   <div class='ocr_carea' id='block_1_26' title="bbox 498 2712 2085 2785">
    <p class='ocr_par' dir='ltr' id='par_1_26' title="bbox 498 2712 2085 2785">
     <span class='ocr_line' id='line_1_26' title="bbox 498 2712 2085 2785; baseline 0.001 -16"><span class='ocrx_word' id='word_1_227' title='bbox 498 2714 820 2769; x_wconf 86' lang='lat' dir='ltr'><strong>tabernaculo</strong></span> <span class='ocrx_word' id='word_1_228' title='bbox 856 2723 966 2768; x_wconf 87' lang='lat' dir='ltr'><strong>tuo.</strong></span> <span class='ocrx_word' id='word_1_229' title='bbox 1005 2712 1160 2768; x_wconf 82' lang='lat' dir='ltr'><strong>Modo</strong></span> <span class='ocrx_word' id='word_1_230' title='bbox 1197 2728 1324 2785; x_wconf 89' lang='lat' dir='ltr'><strong>ergo</strong></span> <span class='ocrx_word' id='word_1_231' title='bbox 1364 2713 1538 2768; x_wconf 90' lang='lat' dir='ltr'><strong>Doech</strong></span> <span class='ocrx_word' id='word_1_232' title='bbox 1580 2713 1680 2770; x_wconf 80' lang='lat' dir='ltr'><strong>iste</strong></span> <span class='ocrx_word' id='word_1_233' title='bbox 1709 2713 1971 2770; x_wconf 70' lang='lat' dir='ltr'><strong>ldumaaus</strong></span> <span class='ocrx_word' id='word_1_234' title='bbox 2000 2723 2085 2770; x_wconf 88' lang='lat' dir='ltr'><strong>est</strong></span> 
     </span>
    </p>
   </div>
   <div class='ocr_carea' id='block_1_27' title="bbox 500 2804 2084 2862">
    <p class='ocr_par' dir='ltr' id='par_1_27' title="bbox 500 2804 2084 2862">
     <span class='ocr_line' id='line_1_27' title="bbox 500 2804 2084 2862; baseline 0.001 -1"><span class='ocrx_word' id='word_1_235' title='bbox 500 2807 554 2862; x_wconf 91' lang='lat' dir='ltr'><strong>iu</strong></span> <span class='ocrx_word' id='word_1_236' title='bbox 600 2804 940 2861; x_wconf 89' lang='lat' dir='ltr'><strong>tabernaculo</strong></span> <span class='ocrx_word' id='word_1_237' title='bbox 980 2822 994 2858; x_wconf 91' lang='lat'><strong>:</strong></span> <span class='ocrx_word' id='word_1_238' title='bbox 1041 2805 1136 2861; x_wconf 93' lang='lat' dir='ltr'><strong>sed</strong></span> <span class='ocrx_word' id='word_1_239' title='bbox 1178 2821 1366 2861; x_wconf 89' lang='lat' dir='ltr'><strong>servus</strong></span> <span class='ocrx_word' id='word_1_240' title='bbox 1404 2821 1510 2860; x_wconf 89' lang='lat' dir='ltr'><strong>non</strong></span> <span class='ocrx_word' id='word_1_241' title='bbox 1543 2816 1722 2862; x_wconf 89' lang='lat' dir='ltr'><strong>manet</strong></span> <span class='ocrx_word' id='word_1_242' title='bbox 1759 2806 1812 2861; x_wconf 94' lang='lat' dir='ltr'><strong>in</strong></span> <span class='ocrx_word' id='word_1_243' title='bbox 1840 2805 2084 2862; x_wconf 89' lang='lat' dir='ltr'><strong>domoin</strong></span> 
     </span>
    </p>
   </div>
   <div class='ocr_carea' id='block_1_28' title="bbox 500 2893 2086 2969">
    <p class='ocr_par' dir='ltr' id='par_1_28' title="bbox 500 2893 2086 2969">
     <span class='ocr_line' id='line_1_28' title="bbox 500 2893 2086 2969; baseline 0.002 -19"><span class='ocrx_word' id='word_1_244' title='bbox 500 2905 761 2952; x_wconf 78' lang='lat' dir='ltr'><strong>:eternum</strong></span> <span class='ocrx_word' id='word_1_245' title='bbox 802 2893 998 2969; x_wconf 80' lang='lat' dir='ltr'><strong>(Joan.</strong></span> <span class='ocrx_word' id='word_1_246' title='bbox 1037 2910 1166 2962; x_wconf 91' lang='lat' dir='ltr'><strong>vm,</strong></span> <span class='ocrx_word' id='word_1_247' title='bbox 1210 2895 1340 2968; x_wconf 77' lang='lat'><strong>35).</strong></span> <span class='ocrx_word' id='word_1_248' title='bbox 1385 2896 1652 2968; x_wconf 89' lang='lat' dir='ltr'><strong>Operatur</strong></span> <span class='ocrx_word' id='word_1_249' title='bbox 1678 2906 1732 2952; x_wconf 90' lang='lat' dir='ltr'><strong>et</strong></span> <span class='ocrx_word' id='word_1_250' title='bbox 1761 2896 1861 2951; x_wconf 88' lang='lat' dir='ltr'><strong>iste</strong></span> <span class='ocrx_word' id='word_1_251' title='bbox 1888 2896 2086 2968; x_wconf 90' lang='lat' dir='ltr'><strong>aliquid</strong></span> 
     </span>
    </p>
   </div>
   <div class='ocr_carea' id='block_1_29' title="bbox 498 2985 2085 3056">
    <p class='ocr_par' dir='ltr' id='par_1_29' title="bbox 498 2985 2085 3056">
     <span class='ocr_line' id='line_1_29' title="bbox 498 2985 2085 3056; baseline 0.003 -15"><span class='ocrx_word' id='word_1_252' title='bbox 498 2985 661 3054; x_wconf 87' lang='lat' dir='ltr'><strong>boni,</strong></span> <span class='ocrx_word' id='word_1_253' title='bbox 694 2987 795 3042; x_wconf 90' lang='lat' dir='ltr'><strong>etsi</strong></span> <span class='ocrx_word' id='word_1_254' title='bbox 833 3001 941 3042; x_wconf 90' lang='lat' dir='ltr'><strong>non</strong></span> <span class='ocrx_word' id='word_1_255' title='bbox 981 2987 1133 3044; x_wconf 86' lang='lat' dir='ltr'><strong>factis</strong></span> <span class='ocrx_word' id='word_1_256' title='bbox 1161 2989 1306 3056; x_wconf 91' lang='lat' dir='ltr'><strong>suis,</strong></span> <span class='ocrx_word' id='word_1_257' title='bbox 1346 2989 1536 3043; x_wconf 88' lang='lat' dir='ltr'><strong>saltem</strong></span> <span class='ocrx_word' id='word_1_258' title='bbox 1564 2988 1743 3044; x_wconf 78' lang='lat' dir='ltr'><strong>verbis</strong></span> <span class='ocrx_word' id='word_1_259' title='bbox 1783 2989 1913 3054; x_wconf 91' lang='lat' dir='ltr'><strong>Dei,</strong></span> <span class='ocrx_word' id='word_1_260' title='bbox 1945 2997 2004 3044; x_wconf 90' lang='lat' dir='ltr'><strong>ut</strong></span> <span class='ocrx_word' id='word_1_261' title='bbox 2031 2989 2085 3045; x_wconf 93' lang='lat' dir='ltr'><strong>in</strong></span> 
     </span>
    </p>
   </div>
   <div class='ocr_carea' id='block_1_30' title="bbox 501 3078 2086 3154">
    <p class='ocr_par' dir='ltr' id='par_1_30' title="bbox 501 3078 2086 3154">
     <span class='ocr_line' id='line_1_30' title="bbox 501 3078 2086 3154; baseline 0.002 -19"><span class='ocrx_word' id='word_1_262' title='bbox 501 3078 739 3135; x_wconf 83' lang='lat' dir='ltr'><strong>Ecclesia</strong></span> <span class='ocrx_word' id='word_1_263' title='bbox 767 3079 982 3151; x_wconf 89' lang='lat' dir='ltr'><strong>quando</strong></span> <span class='ocrx_word' id='word_1_264' title='bbox 1008 3096 1103 3135; x_wconf 88' lang='lat' dir='ltr'><strong>sua</strong></span> <span class='ocrx_word' id='word_1_265' title='bbox 1132 3082 1320 3151; x_wconf 64' lang='lat' dir='ltr'><strong>quaerit</strong></span> <span class='ocrx_word' id='word_1_266' title='bbox 1347 3082 1366 3149; x_wconf 90' lang='lat'>(</span> <span class='ocrx_word' id='word_1_267' title='bbox 1389 3079 1618 3152; x_wconf 79' lang='lat' dir='ltr'><strong>Philipp.</strong></span> <span class='ocrx_word' id='word_1_268' title='bbox 1651 3096 1722 3150; x_wconf 91' lang='grc' dir='ltr'><strong>ιι,</strong></span> <span class='ocrx_word' id='word_1_269' title='bbox 1750 3081 1868 3154; x_wconf 77' lang='lat'><strong>2|),</strong></span> <span class='ocrx_word' id='word_1_270' title='bbox 1896 3081 2086 3138; x_wconf 90' lang='lat' dir='ltr'><strong>saltem</strong></span> 
     </span>
    </p>
   </div>
   <div class='ocr_carea' id='block_1_31' title="bbox 499 3170 2086 3244">
    <p class='ocr_par' dir='ltr' id='par_1_31' title="bbox 499 3170 2086 3244">
     <span class='ocr_line' id='line_1_31' title="bbox 499 3170 2086 3244; baseline 0.003 -21"><span class='ocrx_word' id='word_1_271' title='bbox 499 3187 619 3242; x_wconf 62' lang='lat' dir='ltr'><strong>qua</strong></span> <span class='ocrx_word' id='word_1_272' title='bbox 656 3171 853 3227; x_wconf 86' lang='lat' dir='ltr'><strong>Christi</strong></span> <span class='ocrx_word' id='word_1_273' title='bbox 892 3181 1018 3227; x_wconf 91' lang='lat' dir='ltr'><strong>sunt</strong></span> <span class='ocrx_word' id='word_1_274' title='bbox 1051 3171 1214 3227; x_wconf 90' lang='lat' dir='ltr'><strong>dicat.</strong></span> <span class='ocrx_word' id='word_1_275' title='bbox 1247 3170 1354 3227; x_wconf 88' lang='lat' dir='ltr'><strong>Sed</strong></span> <span class='ocrx_word' id='word_1_276' title='bbox 1394 3173 1655 3244; x_wconf 80' lang='lat' dir='ltr'><strong>emigrabit</strong></span> <span class='ocrx_word' id='word_1_277' title='bbox 1684 3183 1732 3228; x_wconf 83' lang='lat' dir='ltr'><strong>te</strong></span> <span class='ocrx_word' id='word_1_278' title='bbox 1758 3173 1821 3227; x_wconf 90' lang='lat' dir='ltr'><strong>de</strong></span> <span class='ocrx_word' id='word_1_279' title='bbox 1849 3174 2086 3227; x_wconf 85' lang='lat' dir='ltr'><strong>taberna-</strong></span> 
     </span>
    </p>
   </div>
   <div class='ocr_carea' id='block_1_32' title="bbox 501 3262 2086 3335">
    <p class='ocr_par' dir='ltr' id='par_1_32' title="bbox 501 3262 2086 3335">
     <span class='ocr_line' id='line_1_32' title="bbox 501 3262 2086 3335; baseline 0.003 -19"><span class='ocrx_word' id='word_1_280' title='bbox 501 3265 618 3318; x_wconf 85' lang='lat' dir='ltr'><strong>culo</strong></span> <span class='ocrx_word' id='word_1_281' title='bbox 647 3273 754 3317; x_wconf 87' lang='lat' dir='ltr'><strong>tuo.</strong></span> <span class='ocrx_word' id='word_1_282' title='bbox 799 3264 968 3320; x_wconf 79' lang='lat' dir='ltr'><strong>Amen</strong></span> <span class='ocrx_word' id='word_1_283' title='bbox 995 3262 1118 3320; x_wconf 88' lang='lat' dir='ltr'><strong>dico</strong></span> <span class='ocrx_word' id='word_1_284' title='bbox 1157 3265 1306 3318; x_wconf 80' lang='lat' dir='ltr'><strong>vobis</strong></span> <span class='ocrx_word' id='word_1_285' title='bbox 1329 3306 1342 3328; x_wconf 90' lang='lat'><strong>,</strong></span> <span class='ocrx_word' id='word_1_286' title='bbox 1389 3273 1744 3335; x_wconf 87' lang='lat' dir='ltr'><strong>perceperunt</strong></span> <span class='ocrx_word' id='word_1_287' title='bbox 1783 3263 2086 3322; x_wconf 92' lang='lat' dir='ltr'><strong>mercedem</strong></span> 
     </span>
    </p>
   </div>
   <div class='ocr_carea' id='block_1_33' title="bbox 497 3353 2086 3425">
    <p class='ocr_par' dir='ltr' id='par_1_33' title="bbox 497 3353 2086 3425">
     <span class='ocr_line' id='line_1_33' title="bbox 497 3353 2086 3425; baseline 0.001 -16"><span class='ocrx_word' id='word_1_288' title='bbox 497 3369 655 3411; x_wconf 87' lang='lat' dir='ltr'><strong>suam</strong></span> <span class='ocrx_word' id='word_1_289' title='bbox 683 3353 898 3424; x_wconf 72' lang='lat' dir='ltr'><strong>(Matth.</strong></span> <span class='ocrx_word' id='word_1_290' title='bbox 929 3371 1004 3421; x_wconf 78' lang='lat' dir='ltr'><strong>vi,</strong></span> <span class='ocrx_word' id='word_1_291' title='bbox 1033 3355 1115 3425; x_wconf 76' lang='lat'><strong>2).</strong></span> <span class='ocrx_word' id='word_1_292' title='bbox 1145 3353 1212 3410; x_wconf 87' lang='lat' dir='ltr'><strong>Et</strong></span> <span class='ocrx_word' id='word_1_293' title='bbox 1242 3355 1462 3411; x_wconf 87' lang='lat' dir='ltr'><strong>radicem</strong></span> <span class='ocrx_word' id='word_1_294' title='bbox 1491 3366 1633 3410; x_wconf 90' lang='lat' dir='ltr'><strong>tuam</strong></span> <span class='ocrx_word' id='word_1_295' title='bbox 1657 3357 1720 3410; x_wconf 85' lang='lat' dir='ltr'><strong>de</strong></span> <span class='ocrx_word' id='word_1_296' title='bbox 1749 3366 1886 3411; x_wconf 91' lang='lat' dir='ltr'><strong>terra</strong></span> <span class='ocrx_word' id='word_1_297' title='bbox 1917 3357 2086 3411; x_wconf 78' lang='lat' dir='ltr'><strong>uiuen-</strong></span> 
     </span>
    </p>
   </div>
   <div class='ocr_carea' id='block_1_34' title="bbox 504 3444 2090 3517">
    <p class='ocr_par' dir='ltr' id='par_1_34' title="bbox 504 3444 2090 3517">
     <span class='ocr_line' id='line_1_34' title="bbox 504 3444 2090 3517; baseline 0.006 -20"><span class='ocrx_word' id='word_1_298' title='bbox 504 3445 649 3499; x_wconf 90' lang='lat' dir='ltr'><strong>tium.</strong></span> <span class='ocrx_word' id='word_1_299' title='bbox 689 3444 830 3517; x_wconf 82' lang='lat' dir='ltr'><strong>Ergo</strong></span> <span class='ocrx_word' id='word_1_300' title='bbox 859 3446 911 3502; x_wconf 86' lang='lat' dir='ltr'><strong>in</strong></span> <span class='ocrx_word' id='word_1_301' title='bbox 955 3455 1094 3502; x_wconf 88' lang='lat' dir='ltr'><strong>terra</strong></span> <span class='ocrx_word' id='word_1_302' title='bbox 1131 3445 1419 3502; x_wconf 91' lang='lat' dir='ltr'><strong>viventium</strong></span> <span class='ocrx_word' id='word_1_303' title='bbox 1456 3463 1553 3502; x_wconf 85' lang='lat' dir='ltr'><strong>nos</strong></span> <span class='ocrx_word' id='word_1_304' title='bbox 1588 3447 1846 3504; x_wconf 90' lang='lat' dir='ltr'><strong>debemus</strong></span> <span class='ocrx_word' id='word_1_305' title='bbox 1891 3447 2090 3506; x_wconf 88' lang='lat' dir='ltr'><strong>habere</strong></span> 
     </span>
    </p>
   </div>
   <div class='ocr_carea' id='block_1_35' title="bbox 503 3535 2086 3596">
    <p class='ocr_par' dir='ltr' id='par_1_35' title="bbox 503 3535 2086 3596">
     <span class='ocr_line' id='line_1_35' title="bbox 503 3535 2086 3596; baseline 0.003 -5"><span class='ocrx_word' id='word_1_306' title='bbox 503 3537 763 3592; x_wconf 90' lang='lat' dir='ltr'><strong>radicem.</strong></span> <span class='ocrx_word' id='word_1_307' title='bbox 799 3535 964 3593; x_wconf 79' lang='lat' dir='ltr'><strong>Radix</strong></span> <span class='ocrx_word' id='word_1_308' title='bbox 1009 3547 1188 3593; x_wconf 88' lang='lat' dir='ltr'><strong>nostra</strong></span> <span class='ocrx_word' id='word_1_309' title='bbox 1221 3538 1290 3592; x_wconf 93' lang='lat' dir='ltr'><strong>ibi</strong></span> <span class='ocrx_word' id='word_1_310' title='bbox 1319 3538 1407 3593; x_wconf 92' lang='lat' dir='ltr'><strong>sit.</strong></span> <span class='ocrx_word' id='word_1_311' title='bbox 1450 3537 1507 3593; x_wconf 89' lang='lat' dir='ltr'><strong>In</strong></span> <span class='ocrx_word' id='word_1_312' title='bbox 1537 3539 1747 3594; x_wconf 90' lang='lat' dir='ltr'><strong>occulto</strong></span> <span class='ocrx_word' id='word_1_313' title='bbox 1772 3549 1855 3595; x_wconf 97' lang='grc' dir='ltr'><strong>εει</strong></span> <span class='ocrx_word' id='word_1_314' title='bbox 1889 3541 2042 3595; x_wconf 80' lang='lat' dir='ltr'><strong>radix</strong></span> <span class='ocrx_word' id='word_1_315' title='bbox 2070 3558 2086 3596; x_wconf 90' lang='lat'>:</span> 
     </span>
    </p>
   </div>
   <div class='ocr_carea' id='block_1_36' title="bbox 504 3628 2090 3701">
    <p class='ocr_par' dir='ltr' id='par_1_36' title="bbox 504 3628 2090 3701">
     <span class='ocr_line' id='line_1_36' title="bbox 504 3628 2090 3701; baseline 0.003 -18"><span class='ocrx_word' id='word_1_316' title='bbox 504 3629 708 3684; x_wconf 81' lang='lat' dir='ltr'><strong>fruetus</strong></span> <span class='ocrx_word' id='word_1_317' title='bbox 731 3628 900 3684; x_wconf 87' lang='lat' dir='ltr'><strong>videri</strong></span> <span class='ocrx_word' id='word_1_318' title='bbox 925 3639 1168 3700; x_wconf 90' lang='lat' dir='ltr'><strong>possunt,</strong></span> <span class='ocrx_word' id='word_1_319' title='bbox 1203 3629 1350 3685; x_wconf 88' lang='lat' dir='ltr'><strong>radix</strong></span> <span class='ocrx_word' id='word_1_320' title='bbox 1377 3629 1543 3685; x_wconf 90' lang='lat' dir='ltr'><strong>videri</strong></span> <span class='ocrx_word' id='word_1_321' title='bbox 1565 3645 1671 3685; x_wconf 90' lang='lat' dir='ltr'><strong>non</strong></span> <span class='ocrx_word' id='word_1_322' title='bbox 1697 3640 1890 3701; x_wconf 83' lang='lat' dir='ltr'><strong>potest.</strong></span> <span class='ocrx_word' id='word_1_323' title='bbox 1916 3631 2090 3688; x_wconf 88' lang='lat' dir='ltr'><strong>Radix</strong></span> 
     </span>
    </p>
   </div>
   <div class='ocr_carea' id='block_1_37' title="bbox 506 3718 2087 3792">
    <p class='ocr_par' dir='ltr' id='par_1_37' title="bbox 506 3718 2087 3792">
     <span class='ocr_line' id='line_1_37' title="bbox 506 3718 2087 3792; baseline 0.004 -18"><span class='ocrx_word' id='word_1_324' title='bbox 506 3728 689 3774; x_wconf 88' lang='lat' dir='ltr'><strong>nostra</strong></span> <span class='ocrx_word' id='word_1_325' title='bbox 715 3718 948 3775; x_wconf 87' lang='lat' dir='ltr'><strong>charitas</strong></span> <span class='ocrx_word' id='word_1_326' title='bbox 976 3728 1186 3786; x_wconf 79' lang='lat' dir='ltr'><strong>nostra,</strong></span> <span class='ocrx_word' id='word_1_327' title='bbox 1219 3719 1422 3776; x_wconf 87' lang='lat' dir='ltr'><strong>fructus</strong></span> <span class='ocrx_word' id='word_1_328' title='bbox 1462 3721 1630 3776; x_wconf 89' lang='lat' dir='ltr'><strong>nostri</strong></span> <span class='ocrx_word' id='word_1_329' title='bbox 1661 3736 1820 3792; x_wconf 88' lang='lat' dir='ltr'><strong>opera</strong></span> <span class='ocrx_word' id='word_1_330' title='bbox 1859 3733 2043 3779; x_wconf 92' lang='lat' dir='ltr'><strong>nostra</strong></span> <span class='ocrx_word' id='word_1_331' title='bbox 2070 3740 2087 3780; x_wconf 91' lang='lat'><strong>:</strong></span> 
     </span>
    </p>
   </div>
   <div class='ocr_carea' id='block_1_38' title="bbox 505 3809 2092 3884">
    <p class='ocr_par' dir='ltr' id='par_1_38' title="bbox 505 3809 2092 3884">
     <span class='ocr_line' id='line_1_38' title="bbox 505 3809 2092 3884; baseline 0.004 -18"><span class='ocrx_word' id='word_1_332' title='bbox 505 3809 642 3882; x_wconf 83' lang='lat' dir='ltr'><strong>opus</strong></span> <span class='ocrx_word' id='word_1_333' title='bbox 667 3823 750 3868; x_wconf 90' lang='lat' dir='ltr'><strong>est</strong></span> <span class='ocrx_word' id='word_1_334' title='bbox 772 3820 831 3868; x_wconf 94' lang='lat' dir='ltr'><strong>ut</strong></span> <span class='ocrx_word' id='word_1_335' title='bbox 855 3825 1017 3884; x_wconf 90' lang='lat' dir='ltr'><strong>opera</strong></span> <span class='ocrx_word' id='word_1_336' title='bbox 1040 3822 1126 3867; x_wconf 85' lang='lat' dir='ltr'><strong>tua</strong></span> <span class='ocrx_word' id='word_1_337' title='bbox 1150 3811 1219 3866; x_wconf 91' lang='lat' dir='ltr'><strong>de</strong></span> <span class='ocrx_word' id='word_1_338' title='bbox 1244 3811 1502 3867; x_wconf 86' lang='lat' dir='ltr'><strong>charitate</strong></span> <span class='ocrx_word' id='word_1_339' title='bbox 1524 3812 1834 3883; x_wconf 86' lang='lat' dir='ltr'><strong>procedant,</strong></span> <span class='ocrx_word' id='word_1_340' title='bbox 1859 3823 1984 3870; x_wconf 90' lang='lat' dir='ltr'><strong>tunc</strong></span> <span class='ocrx_word' id='word_1_341' title='bbox 2007 3823 2092 3872; x_wconf 90' lang='lat' dir='ltr'><strong>est</strong></span> 
     </span>
    </p>
   </div>
   <div class='ocr_carea' id='block_1_39' title="bbox 507 3901 2092 3964">
    <p class='ocr_par' dir='ltr' id='par_1_39' title="bbox 507 3901 2092 3964">
     <span class='ocr_line' id='line_1_39' title="bbox 507 3901 2092 3964; baseline 0.004 -7"><span class='ocrx_word' id='word_1_342' title='bbox 507 3901 654 3958; x_wconf 84' lang='lat' dir='ltr'><strong>radix</strong></span> <span class='ocrx_word' id='word_1_343' title='bbox 693 3911 782 3958; x_wconf 88' lang='lat' dir='ltr'><strong>tua</strong></span> <span class='ocrx_word' id='word_1_344' title='bbox 813 3903 866 3958; x_wconf 93' lang='lat' dir='ltr'><strong>in</strong></span> <span class='ocrx_word' id='word_1_345' title='bbox 898 3912 1038 3959; x_wconf 90' lang='lat' dir='ltr'><strong>terra</strong></span> <span class='ocrx_word' id='word_1_346' title='bbox 1081 3903 1391 3959; x_wconf 81' lang='lat' dir='ltr'><strong>viventium.</strong></span> <span class='ocrx_word' id='word_1_347' title='bbox 1437 3902 1564 3959; x_wconf 90' lang='lat' dir='ltr'><strong>lude</strong></span> <span class='ocrx_word' id='word_1_348' title='bbox 1606 3905 1962 3961; x_wconf 81' lang='lat' dir='ltr'><strong>cradicabitur</strong></span> <span class='ocrx_word' id='word_1_349' title='bbox 1990 3907 2092 3964; x_wconf 76' lang='lat' dir='ltr'><strong>iste</strong></span> 
     </span>
    </p>
   </div>
   <div class='ocr_carea' id='block_1_40' title="bbox 507 3992 2092 4068">
    <p class='ocr_par' dir='ltr' id='par_1_40' title="bbox 507 3992 2092 4068">
     <span class='ocr_line' id='line_1_40' title="bbox 507 3992 2092 4068; baseline 0.003 -18"><span class='ocrx_word' id='word_1_350' title='bbox 507 3992 718 4062; x_wconf 89' lang='lat' dir='ltr'><strong>Doech,</strong></span> <span class='ocrx_word' id='word_1_351' title='bbox 751 4009 850 4050; x_wconf 90' lang='lat' dir='ltr'><strong>nec</strong></span> <span class='ocrx_word' id='word_1_352' title='bbox 883 3995 1103 4050; x_wconf 92' lang='lat' dir='ltr'><strong>omnino</strong></span> <span class='ocrx_word' id='word_1_353' title='bbox 1132 3995 1327 4065; x_wconf 89' lang='lat' dir='ltr'><strong>poterit</strong></span> <span class='ocrx_word' id='word_1_354' title='bbox 1357 3994 1426 4049; x_wconf 92' lang='lat' dir='ltr'><strong>ibi</strong></span> <span class='ocrx_word' id='word_1_355' title='bbox 1459 4009 1774 4064; x_wconf 87' lang='lat' dir='ltr'><strong>permanere</strong></span> <span class='ocrx_word' id='word_1_356' title='bbox 1794 4038 1807 4061; x_wconf 93' lang='lat'><strong>,</strong></span> <span class='ocrx_word' id='word_1_357' title='bbox 1836 3997 1962 4068; x_wconf 89' lang='lat' dir='ltr'><strong>quia</strong></span> <span class='ocrx_word' id='word_1_358' title='bbox 1991 4011 2092 4055; x_wconf 88' lang='lat' dir='ltr'><strong>nec</strong></span> 
     </span>
    </p>
   </div>
   <div class='ocr_carea' id='block_1_41' title="bbox 505 4084 2090 4156">
    <p class='ocr_par' dir='ltr' id='par_1_41' title="bbox 505 4084 2090 4156">
     <span class='ocr_line' id='line_1_41' title="bbox 505 4084 2090 4156; baseline 0.003 -17"><span class='ocrx_word' id='word_1_359' title='bbox 505 4084 667 4140; x_wconf 79' lang='lat' dir='ltr'><strong>altius</strong></span> <span class='ocrx_word' id='word_1_360' title='bbox 703 4084 774 4140; x_wconf 88' lang='lat' dir='ltr'><strong>ibi</strong></span> <span class='ocrx_word' id='word_1_361' title='bbox 801 4085 917 4140; x_wconf 83' lang='lat' dir='ltr'><strong>fixit</strong></span> <span class='ocrx_word' id='word_1_362' title='bbox 953 4085 1185 4141; x_wconf 87' lang='lat' dir='ltr'><strong>radicem</strong></span> <span class='ocrx_word' id='word_1_363' title='bbox 1213 4103 1226 4138; x_wconf 90' lang='lat'><strong>:</strong></span> <span class='ocrx_word' id='word_1_364' title='bbox 1255 4084 1350 4141; x_wconf 91' lang='lat' dir='ltr'><strong>sed</strong></span> <span class='ocrx_word' id='word_1_365' title='bbox 1376 4086 1646 4156; x_wconf 91' lang='lat' dir='ltr'><strong>quomodo</strong></span> <span class='ocrx_word' id='word_1_366' title='bbox 1688 4087 1773 4141; x_wconf 88' lang='lat' dir='ltr'><strong>illa</strong></span> <span class='ocrx_word' id='word_1_367' title='bbox 1804 4088 2008 4143; x_wconf 87' lang='lat' dir='ltr'><strong>semina</strong></span> <span class='ocrx_word' id='word_1_368' title='bbox 2036 4089 2090 4143; x_wconf 91' lang='lat' dir='ltr'><strong>in</strong></span> 
     </span>
    </p>
   </div>
   <div class='ocr_carea' id='block_1_42' title="bbox 509 4176 2091 4247">
    <p class='ocr_par' dir='ltr' id='par_1_42' title="bbox 509 4176 2091 4247">
     <span class='ocr_line' id='line_1_42' title="bbox 509 4176 2091 4247; baseline 0.004 -16"><span class='ocrx_word' id='word_1_369' title='bbox 509 4185 692 4247; x_wconf 86' lang='lat' dir='ltr'><strong>petra,</strong></span> <span class='ocrx_word' id='word_1_370' title='bbox 734 4177 834 4232; x_wconf 86' lang='lat' dir='ltr'><strong>etsi</strong></span> <span class='ocrx_word' id='word_1_371' title='bbox 877 4176 1112 4233; x_wconf 89' lang='lat' dir='ltr'><strong>radicem</strong></span> <span class='ocrx_word' id='word_1_372' title='bbox 1157 4177 1393 4245; x_wconf 86' lang='lat' dir='ltr'><strong>ejiciant,</strong></span> <span class='ocrx_word' id='word_1_373' title='bbox 1437 4186 1616 4233; x_wconf 91' lang='lat' dir='ltr'><strong>tamen</strong></span> <span class='ocrx_word' id='word_1_374' title='bbox 1659 4179 1778 4246; x_wconf 87' lang='lat' dir='ltr'><strong>quia</strong></span> <span class='ocrx_word' id='word_1_375' title='bbox 1810 4179 2091 4237; x_wconf 85' lang='lat' dir='ltr'><strong>humorem</strong></span> 
     </span>
    </p>
   </div>
   <div class='ocr_carea' id='block_1_43' title="bbox 514 4266 2090 4344">
    <p class='ocr_par' dir='ltr' id='par_1_43' title="bbox 514 4266 2090 4344">
     <span class='ocr_line' id='line_1_43' title="bbox 514 4266 2090 4344; baseline 0.005 -22"><span class='ocrx_word' id='word_1_376' title='bbox 514 4282 619 4323; x_wconf 88' lang='lat' dir='ltr'><strong>non</strong></span> <span class='ocrx_word' id='word_1_377' title='bbox 655 4266 1001 4337; x_wconf 89' lang='lat' dir='ltr'><strong>habent,sole</strong></span> <span class='ocrx_word' id='word_1_378' title='bbox 1043 4277 1162 4322; x_wconf 90' lang='lat' dir='ltr'><strong>orto</strong></span> <span class='ocrx_word' id='word_1_379' title='bbox 1200 4269 1452 4324; x_wconf 90' lang='lat' dir='ltr'><strong>continuo</strong></span> <span class='ocrx_word' id='word_1_380' title='bbox 1493 4267 1987 4340; x_wconf 85' lang='lat' dir='ltr'><strong>arescunt(ld.xiu,</strong></span> <span class='ocrx_word' id='word_1_381' title='bbox 2009 4271 2090 4344; x_wconf 86' lang='lat'><strong>5).</strong></span> 
     </span>
    </p>
   </div>
   <div class='ocr_carea' id='block_1_44' title="bbox 507 4355 2094 4430">
    <p class='ocr_par' dir='ltr' id='par_1_44' title="bbox 507 4355 2094 4430">
     <span class='ocr_line' id='line_1_44' title="bbox 507 4355 2094 4430; baseline 0.005 -18"><span class='ocrx_word' id='word_1_382' title='bbox 507 4356 579 4412; x_wconf 79' lang='lat' dir='ltr'><strong>At</strong></span> <span class='ocrx_word' id='word_1_383' title='bbox 602 4371 731 4412; x_wconf 89' lang='lat' dir='ltr'><strong>vero</strong></span> <span class='ocrx_word' id='word_1_384' title='bbox 751 4355 825 4412; x_wconf 91' lang='lat' dir='ltr'><strong>illi</strong></span> <span class='ocrx_word' id='word_1_385' title='bbox 847 4357 938 4428; x_wconf 91' lang='lat' dir='ltr'><strong>qui</strong></span> <span class='ocrx_word' id='word_1_386' title='bbox 967 4357 1125 4413; x_wconf 86' lang='lat' dir='ltr'><strong>altius</strong></span> <span class='ocrx_word' id='word_1_387' title='bbox 1154 4357 1322 4429; x_wconf 80' lang='lat' dir='ltr'><strong>ﬁgunt</strong></span> <span class='ocrx_word' id='word_1_388' title='bbox 1346 4358 1603 4426; x_wconf 88' lang='lat' dir='ltr'><strong>radicem,</strong></span> <span class='ocrx_word' id='word_1_389' title='bbox 1634 4361 1759 4430; x_wconf 90' lang='lat' dir='ltr'><strong>quid</strong></span> <span class='ocrx_word' id='word_1_390' title='bbox 1782 4362 2004 4419; x_wconf 90' lang='lat' dir='ltr'><strong>audiunt</strong></span> <span class='ocrx_word' id='word_1_391' title='bbox 2026 4364 2094 4421; x_wconf 87' lang='lat' dir='ltr'><strong>ab</strong></span> 
     </span>
    </p>
   </div>
   <div class='ocr_carea' id='block_1_45' title="bbox 509 4450 2096 4523">
    <p class='ocr_par' dir='ltr' id='par_1_45' title="bbox 509 4450 2096 4523">
     <span class='ocr_line' id='line_1_45' title="bbox 509 4450 2096 4523; baseline 0.002 -16"><span class='ocrx_word' id='word_1_392' title='bbox 509 4450 809 4521; x_wconf 79' lang='lat' dir='ltr'><strong>Apostolo?</strong></span> <span class='ocrx_word' id='word_1_393' title='bbox 833 4450 1009 4506; x_wconf 81' lang='lat' dir='ltr'><strong>Flecte</strong></span> <span class='ocrx_word' id='word_1_394' title='bbox 1036 4467 1203 4523; x_wconf 85' lang='lat' dir='ltr'><strong>genua</strong></span> <span class='ocrx_word' id='word_1_395' title='bbox 1231 4467 1343 4505; x_wconf 85' lang='lat' dir='ltr'><strong>mea</strong></span> <span class='ocrx_word' id='word_1_396' title='bbox 1373 4469 1465 4520; x_wconf 88' lang='lat' dir='ltr'><strong>pro</strong></span> <span class='ocrx_word' id='word_1_397' title='bbox 1490 4452 1628 4507; x_wconf 82' lang='lat' dir='ltr'><strong>vobis</strong></span> <span class='ocrx_word' id='word_1_398' title='bbox 1655 4456 1724 4506; x_wconf 81' lang='lat' dir='ltr'><strong>ad</strong></span> <span class='ocrx_word' id='word_1_399' title='bbox 1752 4451 1959 4509; x_wconf 88' lang='lat' dir='ltr'><strong>Patrem</strong></span> <span class='ocrx_word' id='word_1_400' title='bbox 1991 4455 2096 4511; x_wconf 87' lang='lat' dir='ltr'><strong>Do-</strong></span> 
     </span>
    </p>
   </div>
   <div class='ocr_carea' id='block_1_46' title="bbox 509 4541 2096 4610">
    <p class='ocr_par' dir='ltr' id='par_1_46' title="bbox 509 4541 2096 4610">
     <span class='ocr_line' id='line_1_46' title="bbox 509 4541 2096 4610; baseline 0.006 -15"><span class='ocrx_word' id='word_1_401' title='bbox 509 4541 636 4596; x_wconf 85' lang='lat' dir='ltr'><strong>mini</strong></span> <span class='ocrx_word' id='word_1_402' title='bbox 663 4542 826 4598; x_wconf 84' lang='lat' dir='ltr'><strong>nostri</strong></span> <span class='ocrx_word' id='word_1_403' title='bbox 848 4541 974 4597; x_wconf 80' lang='lat' dir='ltr'><strong>Jesu</strong></span> <span class='ocrx_word' id='word_1_404' title='bbox 1000 4542 1210 4610; x_wconf 79' lang='lat' dir='ltr'><strong>Christi,</strong></span> <span class='ocrx_word' id='word_1_405' title='bbox 1236 4552 1295 4596; x_wconf 90' lang='lat' dir='ltr'><strong>ut</strong></span> <span class='ocrx_word' id='word_1_406' title='bbox 1323 4543 1432 4598; x_wconf 87' lang='lat' dir='ltr'><strong>sitis</strong></span> <span class='ocrx_word' id='word_1_407' title='bbox 1454 4545 1507 4598; x_wconf 92' lang='lat' dir='ltr'><strong>in</strong></span> <span class='ocrx_word' id='word_1_408' title='bbox 1533 4543 1782 4600; x_wconf 85' lang='lat' dir='ltr'><strong>charitate</strong></span> <span class='ocrx_word' id='word_1_409' title='bbox 1805 4547 2020 4602; x_wconf 87' lang='lat' dir='ltr'><strong>radicati</strong></span> <span class='ocrx_word' id='word_1_410' title='bbox 2049 4559 2096 4604; x_wconf 89' lang='lat' dir='ltr'><strong>et</strong></span> 
     </span>
    </p>
   </div>
   <div class='ocr_carea' id='block_1_47' title="bbox 509 4634 2092 4714">
    <p class='ocr_par' dir='ltr' id='par_1_47' title="bbox 509 4634 2092 4714">
     <span class='ocr_line' id='line_1_47' title="bbox 509 4634 2092 4714; baseline 0.008 -28"><span class='ocrx_word' id='word_1_411' title='bbox 509 4635 732 4704; x_wconf 82' lang='lat' dir='ltr'><strong>fundati.</strong></span> <span class='ocrx_word' id='word_1_412' title='bbox 770 4634 838 4690; x_wconf 86' lang='lat' dir='ltr'><strong>Et</strong></span> <span class='ocrx_word' id='word_1_413' title='bbox 863 4635 984 4705; x_wconf 86' lang='lat' dir='ltr'><strong>quia</strong></span> <span class='ocrx_word' id='word_1_414' title='bbox 1024 4634 1098 4691; x_wconf 83' lang='lat' dir='ltr'><strong>ibi</strong></span> <span class='ocrx_word' id='word_1_415' title='bbox 1138 4634 1249 4704; x_wconf 87' lang='lat' dir='ltr'><strong>jam</strong></span> <span class='ocrx_word' id='word_1_416' title='bbox 1285 4635 1466 4704; x_wconf 80' lang='lat' dir='ltr'><strong>radix,</strong></span> <span class='ocrx_word' id='word_1_417' title='bbox 1519 4635 1587 4692; x_wconf 87' lang='lat' dir='ltr'><strong>Ut</strong></span> <span class='ocrx_word' id='word_1_418' title='bbox 1617 4640 1856 4708; x_wconf 83' lang='lat' dir='ltr'><strong>possitis,</strong></span> <span class='ocrx_word' id='word_1_419' title='bbox 1888 4641 2092 4714; x_wconf 89' lang='lat' dir='ltr'><strong>inquit,</strong></span> 
     </span>
    </p>
   </div>
   <div class='ocr_carea' id='block_1_48' title="bbox 509 4725 2098 4805">
    <p class='ocr_par' dir='ltr' id='par_1_48' title="bbox 509 4725 2098 4805">
     <span class='ocr_line' id='line_1_48' title="bbox 509 4725 2098 4805; baseline 0.006 -23"><span class='ocrx_word' id='word_1_420' title='bbox 509 4728 928 4799; x_wconf 84' lang='lat' dir='ltr'><strong>comprehendere</strong></span> <span class='ocrx_word' id='word_1_421' title='bbox 960 4743 1077 4798; x_wconf 69' lang='lat' dir='ltr'><strong>quia</strong></span> <span class='ocrx_word' id='word_1_422' title='bbox 1105 4728 1171 4783; x_wconf 91' lang='lat' dir='ltr'><strong>sit</strong></span> <span class='ocrx_word' id='word_1_423' title='bbox 1195 4725 1443 4795; x_wconf 86' lang='lat' dir='ltr'><strong>altitudo,</strong></span> <span class='ocrx_word' id='word_1_424' title='bbox 1480 4728 1715 4796; x_wconf 85' lang='lat' dir='ltr'><strong>latitudo,</strong></span> <span class='ocrx_word' id='word_1_425' title='bbox 1751 4733 2013 4805; x_wconf 81' lang='lat' dir='ltr'><strong>longitudo</strong></span> <span class='ocrx_word' id='word_1_426' title='bbox 2051 4745 2098 4793; x_wconf 81' lang='lat' dir='ltr'><strong>et</strong></span> 
     </span>
    </p>
   </div>
   <div class='ocr_carea' id='block_1_49' title="bbox 512 4819 2096 4892">
    <p class='ocr_par' dir='ltr' id='par_1_49' title="bbox 512 4819 2096 4892">
     <span class='ocr_line' id='line_1_49' title="bbox 512 4819 2096 4892; baseline 0.005 -19"><span class='ocrx_word' id='word_1_427' title='bbox 512 4819 853 4892; x_wconf 79' lang='lat' dir='ltr'><strong>profundum;</strong></span> <span class='ocrx_word' id='word_1_428' title='bbox 879 4819 1008 4875; x_wconf 85' lang='lat' dir='ltr'><strong>scire</strong></span> <span class='ocrx_word' id='word_1_429' title='bbox 1031 4821 1182 4874; x_wconf 89' lang='lat' dir='ltr'><strong>etiam</strong></span> <span class='ocrx_word' id='word_1_430' title='bbox 1207 4819 1658 4890; x_wconf 87' lang='lat' dir='ltr'><strong>supereminentem</strong></span> <span class='ocrx_word' id='word_1_431' title='bbox 1683 4824 1944 4880; x_wconf 84' lang='lat' dir='ltr'><strong>scientiam</strong></span> <span class='ocrx_word' id='word_1_432' title='bbox 1970 4828 2096 4881; x_wconf 88' lang='lat' dir='ltr'><strong>cha-</strong></span> 
     </span>
    </p>
   </div>
   <div class='ocr_carea' id='block_1_50' title="bbox 507 4911 2097 4985">
    <p class='ocr_par' dir='ltr' id='par_1_50' title="bbox 507 4911 2097 4985">
     <span class='ocr_line' id='line_1_50' title="bbox 507 4911 2097 4985; baseline 0.005 -17"><span class='ocrx_word' id='word_1_433' title='bbox 507 4913 672 4968; x_wconf 89' lang='lat' dir='ltr'><strong>ritatis</strong></span> <span class='ocrx_word' id='word_1_434' title='bbox 712 4911 921 4980; x_wconf 79' lang='lat' dir='ltr'><strong>Christi,</strong></span> <span class='ocrx_word' id='word_1_435' title='bbox 963 4923 1019 4968; x_wconf 87' lang='lat' dir='ltr'><strong>ut</strong></span> <span class='ocrx_word' id='word_1_436' title='bbox 1053 4913 1372 4983; x_wconf 84' lang='lat' dir='ltr'><strong>impleamini</strong></span> <span class='ocrx_word' id='word_1_437' title='bbox 1410 4914 1464 4968; x_wconf 88' lang='lat' dir='ltr'><strong>in</strong></span> <span class='ocrx_word' id='word_1_438' title='bbox 1505 4931 1704 4970; x_wconf 89' lang='lat' dir='ltr'><strong>omnem</strong></span> <span class='ocrx_word' id='word_1_439' title='bbox 1733 4919 2097 4985; x_wconf 85' lang='lat' dir='ltr'><strong>plenitudinem</strong></span> 
     </span>
    </p>
   </div>
   <div class='ocr_carea' id='block_1_51' title="bbox 511 5003 2096 5085">
    <p class='ocr_par' dir='ltr' id='par_1_51' title="bbox 511 5003 2096 5085">
     <span class='ocr_line' id='line_1_51' title="bbox 511 5003 2096 5085; baseline 0.006 -26"><span class='ocrx_word' id='word_1_440' title='bbox 511 5006 606 5059; x_wconf 86' lang='lat' dir='ltr'><strong>Dei</strong></span> <span class='ocrx_word' id='word_1_441' title='bbox 632 5003 859 5075; x_wconf 85' lang='lat' dir='ltr'><strong>(Ephes.</strong></span> <span class='ocrx_word' id='word_1_442' title='bbox 893 5021 979 5074; x_wconf 95' lang='grc' dir='ltr'>ιιι,</span> <span class='ocrx_word' id='word_1_443' title='bbox 1006 5006 1109 5071; x_wconf 73' lang='grc'><strong>14,</strong></span> <span class='ocrx_word' id='word_1_444' title='bbox 1143 5004 1367 5078; x_wconf 81' lang='lat'><strong>16-19).</strong></span> <span class='ocrx_word' id='word_1_445' title='bbox 1397 5005 1616 5063; x_wconf 86' lang='lat' dir='ltr'><strong>Talibus</strong></span> <span class='ocrx_word' id='word_1_446' title='bbox 1646 5007 1908 5066; x_wconf 90' lang='lat' dir='ltr'><strong>fructibus</strong></span> <span class='ocrx_word' id='word_1_447' title='bbox 1937 5011 2096 5085; x_wconf 89' lang='lat' dir='ltr'><strong>digna</strong></span> 
     </span>
    </p>
   </div>
   <div class='ocr_carea' id='block_1_52' title="bbox 510 5097 2096 5175">
    <p class='ocr_par' dir='ltr' id='par_1_52' title="bbox 510 5097 2096 5175">
     <span class='ocr_line' id='line_1_52' title="bbox 510 5097 2096 5175; baseline 0.008 -26"><span class='ocrx_word' id='word_1_448' title='bbox 510 5106 594 5152; x_wconf 75' lang='lat' dir='ltr'><strong>est</strong></span> <span class='ocrx_word' id='word_1_449' title='bbox 617 5104 762 5152; x_wconf 90' lang='lat' dir='ltr'><strong>tanta</strong></span> <span class='ocrx_word' id='word_1_450' title='bbox 787 5097 936 5153; x_wconf 91' lang='lat' dir='ltr'><strong>radix</strong></span> <span class='ocrx_word' id='word_1_451' title='bbox 951 5140 967 5165; x_wconf 95' lang='lat'><strong>,</strong></span> <span class='ocrx_word' id='word_1_452' title='bbox 991 5107 1098 5154; x_wconf 91' lang='lat' dir='ltr'><strong>tam</strong></span> <span class='ocrx_word' id='word_1_453' title='bbox 1120 5098 1378 5171; x_wconf 81' lang='lat' dir='ltr'><strong>simplex,</strong></span> <span class='ocrx_word' id='word_1_454' title='bbox 1402 5109 1511 5154; x_wconf 88' lang='lat' dir='ltr'><strong>tam</strong></span> <span class='ocrx_word' id='word_1_455' title='bbox 1533 5101 1869 5170; x_wconf 83' lang='lat' dir='ltr'><strong>germinans,</strong></span> <span class='ocrx_word' id='word_1_456' title='bbox 1896 5103 1949 5159; x_wconf 91' lang='lat' dir='ltr'><strong>in</strong></span> <span class='ocrx_word' id='word_1_457' title='bbox 1969 5119 2096 5175; x_wconf 81' lang='lat' dir='ltr'><strong>ger-</strong></span> 
     </span>
    </p>
   </div>
   <div class='ocr_carea' id='block_1_53' title="bbox 510 5189 2101 5265">
    <p class='ocr_par' dir='ltr' id='par_1_53' title="bbox 510 5189 2101 5265">
     <span class='ocr_line' id='line_1_53' title="bbox 510 5189 2101 5265; baseline 0.006 -21"><span class='ocrx_word' id='word_1_458' title='bbox 510 5191 652 5246; x_wconf 85' lang='lat' dir='ltr'><strong>mina</strong></span> <span class='ocrx_word' id='word_1_459' title='bbox 680 5199 790 5246; x_wconf 89' lang='lat' dir='ltr'><strong>tam</strong></span> <span class='ocrx_word' id='word_1_460' title='bbox 819 5189 927 5246; x_wconf 89' lang='lat' dir='ltr'><strong>alte</strong></span> <span class='ocrx_word' id='word_1_461' title='bbox 955 5189 1174 5247; x_wconf 90' lang='lat' dir='ltr'><strong>fundata</strong></span> <span class='ocrx_word' id='word_1_462' title='bbox 1193 5193 1238 5246; x_wconf 78' lang='grc'><strong>⁸.</strong></span> <span class='ocrx_word' id='word_1_463' title='bbox 1265 5191 1338 5248; x_wconf 82' lang='lat' dir='ltr'><strong>At</strong></span> <span class='ocrx_word' id='word_1_464' title='bbox 1357 5191 1668 5265; x_wconf 77' lang='lat' dir='ltr'><strong>verohujus</strong></span> <span class='ocrx_word' id='word_1_465' title='bbox 1687 5194 1838 5252; x_wconf 74' lang='lat' dir='ltr'><strong>radix</strong></span> <span class='ocrx_word' id='word_1_466' title='bbox 1859 5197 2101 5255; x_wconf 88' lang='lat' dir='ltr'><strong>eradica-</strong></span> 
     </span>
    </p>
   </div>
   <div class='ocr_carea' id='block_1_54' title="bbox 509 5282 1175 5338">
    <p class='ocr_par' dir='ltr' id='par_1_54' title="bbox 509 5282 1175 5338">
     <span class='ocr_line' id='line_1_54' title="bbox 509 5282 1175 5338; baseline 0 -1"><span class='ocrx_word' id='word_1_467' title='bbox 509 5292 595 5337; x_wconf 88' lang='lat' dir='ltr'><strong>tur</strong></span> <span class='ocrx_word' id='word_1_468' title='bbox 615 5282 680 5338; x_wconf 90' lang='lat' dir='ltr'><strong>de</strong></span> <span class='ocrx_word' id='word_1_469' title='bbox 702 5291 844 5338; x_wconf 89' lang='lat' dir='ltr'><strong>terra</strong></span> <span class='ocrx_word' id='word_1_470' title='bbox 865 5282 1175 5338; x_wconf 88' lang='lat' dir='ltr'><strong>viventium.</strong></span> 
     </span>
    </p>
   </div>
   <div class='ocr_carea' id='block_1_55' title="bbox 582 5371 2100 5452">
    <p class='ocr_par' dir='ltr' id='par_1_55' title="bbox 582 5371 2100 5452">
     <span class='ocr_line' id='line_1_55' title="bbox 582 5371 2100 5452; baseline 0.006 -24"><span class='ocrx_word' id='word_1_471' title='bbox 582 5375 668 5428; x_wconf 80' lang='grc'><strong>15.</strong></span> <span class='ocrx_word' id='word_1_472' title='bbox 703 5371 854 5446; x_wconf 86' lang='lat' dir='ltr'><strong>[vers.</strong></span> <span class='ocrx_word' id='word_1_473' title='bbox 887 5373 966 5445; x_wconf 85' lang='lat'><strong>8.]</strong></span> <span class='ocrx_word' id='word_1_474' title='bbox 998 5371 1067 5427; x_wconf 84' lang='lat' dir='ltr'><strong>Et</strong></span> <span class='ocrx_word' id='word_1_475' title='bbox 1093 5373 1330 5430; x_wconf 82' lang='lat' dir='ltr'><strong>uidebunt</strong></span> <span class='ocrx_word' id='word_1_476' title='bbox 1343 5377 1494 5448; x_wconf 85' lang='lat' dir='ltr'><strong>justi,</strong></span> <span class='ocrx_word' id='word_1_477' title='bbox 1515 5386 1563 5431; x_wconf 92' lang='lat' dir='ltr'><strong>et</strong></span> <span class='ocrx_word' id='word_1_478' title='bbox 1587 5378 1849 5446; x_wconf 87' lang='lat' dir='ltr'><strong>timebunt,</strong></span> <span class='ocrx_word' id='word_1_479' title='bbox 1877 5389 1925 5434; x_wconf 88' lang='lat' dir='ltr'><strong>et</strong></span> <span class='ocrx_word' id='word_1_480' title='bbox 1945 5396 2100 5452; x_wconf 83' lang='lat' dir='ltr'><strong>super</strong></span> 
     </span>
    </p>
   </div>
   <div class='ocr_carea' id='block_1_56' title="bbox 507 5464 2100 5541">
    <p class='ocr_par' dir='ltr' id='par_1_56' title="bbox 507 5464 2100 5541">
     <span class='ocr_line' id='line_1_56' title="bbox 507 5464 2100 5541; baseline 0.008 -22"><span class='ocrx_word' id='word_1_481' title='bbox 507 5481 620 5519; x_wconf 85' lang='lat' dir='ltr'><strong>eum</strong></span> <span class='ocrx_word' id='word_1_482' title='bbox 648 5465 901 5520; x_wconf 86' lang='lat' dir='ltr'><strong>ridebunt.</strong></span> <span class='ocrx_word' id='word_1_483' title='bbox 931 5464 1156 5532; x_wconf 86' lang='lat' dir='ltr'><strong>Quando</strong></span> <span class='ocrx_word' id='word_1_484' title='bbox 1199 5465 1501 5524; x_wconf 86' lang='lat' dir='ltr'><strong>timebunt?</strong></span> <span class='ocrx_word' id='word_1_485' title='bbox 1547 5469 1760 5541; x_wconf 90' lang='lat' dir='ltr'><strong>quando</strong></span> <span class='ocrx_word' id='word_1_486' title='bbox 1808 5470 2100 5531; x_wconf 85' lang='lat' dir='ltr'><strong>ridebunt?</strong></span> 
     </span>
    </p>
   </div>
   <div class='ocr_carea' id='block_1_57' title="bbox 510 5639 2100 5770">
    <p class='ocr_par' dir='ltr' id='par_1_57' title="bbox 510 5639 2100 5770">
     <span class='ocr_line' id='line_1_57' title="bbox 510 5639 2100 5770; baseline 0.004 -79"><span class='ocrx_word' id='word_1_487' title='bbox 510 5639 1026 5770; x_wconf 47' lang='lat' dir='ltr'><strong>mlmaglzggﬁque</strong></span> <span class='ocrx_word' id='word_1_488' title='bbox 1043 5649 1166 5694; x_wconf 65' lang='lat' dir='ltr'><strong>Mss:</strong></span> <span class='ocrx_word' id='word_1_489' title='bbox 1191 5641 1440 5707; x_wconf 71' lang='lat' dir='ltr'><strong>Expressit</strong></span> <span class='ocrx_word' id='word_1_490' title='bbox 1463 5643 1608 5695; x_wconf 82' lang='lat' dir='ltr'><strong>verba</strong></span> <span class='ocrx_word' id='word_1_491' title='bbox 1627 5640 1984 5709; x_wconf 84' lang='lat' dir='ltr'><strong>submersionis,</strong></span> <span class='ocrx_word' id='word_1_492' title='bbox 2009 5647 2100 5699; x_wconf 84' lang='lat' dir='ltr'><strong>tin-</strong></span> 
     </span>
    </p>
   </div>
   <div class='ocr_carea' id='block_1_58' title="bbox 570 5755 2107 5835">
    <p class='ocr_par' dir='ltr' id='par_1_58' title="bbox 570 5755 2107 5835">
     <span class='ocr_line' id='line_1_58' title="bbox 570 5755 2107 5835; baseline 0.007 -23"><span class='ocrx_word' id='word_1_493' title='bbox 570 5768 591 5797; x_wconf 79' lang='grc'>²</span> <span class='ocrx_word' id='word_1_494' title='bbox 623 5767 696 5816; x_wconf 81' lang='lat' dir='ltr'><strong>sic</strong></span> <span class='ocrx_word' id='word_1_495' title='bbox 708 5765 908 5835; x_wconf 80' lang='lat' dir='ltr'><strong>aliquod</strong></span> <span class='ocrx_word' id='word_1_496' title='bbox 947 5774 1054 5835; x_wconf 55' lang='lat' dir='ltr'><strong>gtss.</strong></span> <span class='ocrx_word' id='word_1_497' title='bbox 1079 5766 1166 5818; x_wconf 76' lang='lat' dir='ltr'><strong>Alii</strong></span> <span class='ocrx_word' id='word_1_498' title='bbox 1202 5767 1398 5831; x_wconf 88' lang='lat' dir='ltr'><strong>quidam</strong></span> <span class='ocrx_word' id='word_1_499' title='bbox 1429 5781 1442 5817; x_wconf 91' lang='lat'><strong>:</strong></span> <span class='ocrx_word' id='word_1_500' title='bbox 1479 5773 1588 5835; x_wconf 73' lang='lat' dir='ltr'><strong>tam</strong></span> <span class='ocrx_word' id='word_1_501' title='bbox 1611 5765 1845 5835; x_wconf 69' lang='lat' dir='ltr'><strong>simka,</strong></span> <span class='ocrx_word' id='word_1_502' title='bbox 1870 5772 1970 5819; x_wconf 84' lang='lat' dir='ltr'><strong>tant</strong></span> <span class='ocrx_word' id='word_1_503' title='bbox 1991 5755 2107 5835; x_wconf 45' lang='lat' dir='ltr'><strong>ger?</strong></span> 
     </span>
    </p>
   </div>
   <div class='ocr_carea' id='block_1_59' title="bbox 507 5828 2100 5900">
    <p class='ocr_par' dir='ltr' id='par_1_59' title="bbox 507 5828 2100 5900">
     <span class='ocr_line' id='line_1_59' title="bbox 507 5828 2100 5900; baseline 0.005 -23"><span class='ocrx_word' id='word_1_504' title='bbox 507 5839 675 5900; x_wconf 61' lang='lat' dir='ltr'><strong>mana,</strong></span> <span class='ocrx_word' id='word_1_505' title='bbox 697 5828 914 5900; x_wconf 57' lang='lat' dir='ltr'><strong>tam‘atte</strong></span> <span class='ocrx_word' id='word_1_506' title='bbox 935 5829 1157 5900; x_wconf 65' lang='lat' dir='ltr'><strong>fundata.</strong></span> <span class='ocrx_word' id='word_1_507' title='bbox 1187 5828 1255 5900; x_wconf 65' lang='lat' dir='ltr'><strong>At</strong></span> <span class='ocrx_word' id='word_1_508' title='bbox 1273 5837 1404 5900; x_wconf 42' lang='grc' dir='ltr'><strong>Ιίοιι.2</strong></span> <span class='ocrx_word' id='word_1_509' title='bbox 1429 5828 1750 5900; x_wconf 38' lang='lat' dir='ltr'><strong>ttansimp‘le&#39;x</strong></span> <span class='ocrx_word' id='word_1_510' title='bbox 1763 5866 1781 5900; x_wconf 77' lang='lat'><strong>,</strong></span> <span class='ocrx_word' id='word_1_511' title='bbox 1804 5837 1905 5882; x_wconf 89' lang='lat' dir='ltr'><strong>tam</strong></span> <span class='ocrx_word' id='word_1_512' title='bbox 1923 5828 2100 5900; x_wconf 60' lang='lat' dir='ltr'><strong>germi.</strong></span> 
     </span>
    </p>
   </div>
   <div class='ocr_carea' id='block_1_60' title="bbox 512 5866 1819 5957">
    <p class='ocr_par' dir='ltr' id='par_1_60' title="bbox 512 5866 1819 5957">
     <span class='ocr_line' id='line_1_60' title="bbox 512 5866 1819 5957; baseline 0.003 -15"><span class='ocrx_word' id='word_1_513' title='bbox 512 5866 1258 5957; x_wconf 69' lang='grc' dir='ltr'><strong>ἵιῖἔιῖέιῖ</strong></span> <span class='ocrx_word' id='word_1_514' title='bbox 1272 5866 1819 5957; x_wconf 49' lang='lat' dir='ltr'><strong>mutam</strong></span> 
     </span>
    </p>
   </div>
   <div class='ocr_carea' id='block_1_61' title="bbox 1727 377 2538 445">
    <p class='ocr_par' dir='ltr' id='par_1_61' title="bbox 1727 377 2538 445">
     <span class='ocr_line' id='line_1_61' title="bbox 1727 377 2538 445; baseline -0.005 -1"><span class='ocrx_word' id='word_1_515' title='bbox 1727 385 1788 445; x_wconf 88' lang='lat' dir='ltr'><strong>S.</strong></span> <span class='ocrx_word' id='word_1_516' title='bbox 1827 377 2196 443; x_wconf 74' lang='lat' dir='ltr'><strong>AUGUSTINI</strong></span> <span class='ocrx_word' id='word_1_517' title='bbox 2237 381 2538 440; x_wconf 85' lang='lat' dir='ltr'><strong>EPISCOPI</strong></span> 
     </span>
    </p>
   </div>
   <div class='ocr_carea' id='block_1_62' title="bbox 2174 492 3758 580">
    <p class='ocr_par' dir='ltr' id='par_1_62' title="bbox 2174 492 3758 580">
     <span class='ocr_line' id='line_1_62' title="bbox 2174 492 3758 580; baseline 0.008 -30"><span class='ocrx_word' id='word_1_518' title='bbox 2174 492 2536 567; x_wconf 85' lang='lat' dir='ltr'><strong>lntelligamus</strong></span> <span class='ocrx_word' id='word_1_519' title='bbox 2580 511 2709 568; x_wconf 85' lang='lat' dir='ltr'><strong>ergo</strong></span> <span class='ocrx_word' id='word_1_520' title='bbox 2753 506 2808 554; x_wconf 91' lang='lat' dir='ltr'><strong>et</strong></span> <span class='ocrx_word' id='word_1_521' title='bbox 2837 496 3207 556; x_wconf 88' lang='lat' dir='ltr'><strong>disccmamus</strong></span> <span class='ocrx_word' id='word_1_522' title='bbox 3239 501 3367 558; x_wconf 89' lang='lat' dir='ltr'><strong>duo</strong></span> <span class='ocrx_word' id='word_1_523' title='bbox 3412 501 3521 558; x_wconf 85' lang='lat' dir='ltr'><strong>ista</strong></span> <span class='ocrx_word' id='word_1_524' title='bbox 3547 511 3758 580; x_wconf 72' lang='lat' dir='ltr'><strong>tempora</strong></span> 
     </span>
    </p>
   </div>
   <div class='ocr_carea' id='block_1_63' title="bbox 2175 588 3758 663">
    <p class='ocr_par' dir='ltr' id='par_1_63' title="bbox 2175 588 3758 663">
     <span class='ocr_line' id='line_1_63' title="bbox 2175 588 3758 663; baseline 0.011 -21"><span class='ocrx_word' id='word_1_525' title='bbox 2175 588 2306 643; x_wconf 86' lang='lat' dir='ltr'><strong>satis</strong></span> <span class='ocrx_word' id='word_1_526' title='bbox 2331 588 2531 645; x_wconf 84' lang='lat' dir='ltr'><strong>utiliter</strong></span> <span class='ocrx_word' id='word_1_527' title='bbox 2557 590 2778 647; x_wconf 87' lang='lat' dir='ltr'><strong>timendi</strong></span> <span class='ocrx_word' id='word_1_528' title='bbox 2795 601 2849 646; x_wconf 91' lang='lat' dir='ltr'><strong>et</strong></span> <span class='ocrx_word' id='word_1_529' title='bbox 2875 592 3104 648; x_wconf 89' lang='lat' dir='ltr'><strong>ridendi.</strong></span> <span class='ocrx_word' id='word_1_530' title='bbox 3127 594 3408 663; x_wconf 85' lang='lat' dir='ltr'><strong>Quamdiu</strong></span> <span class='ocrx_word' id='word_1_531' title='bbox 3429 597 3574 652; x_wconf 85' lang='lat' dir='ltr'><strong>enim</strong></span> <span class='ocrx_word' id='word_1_532' title='bbox 3599 613 3758 660; x_wconf 79' lang='lat' dir='ltr'><strong>smnus</strong></span> 
     </span>
    </p>
   </div>
   <div class='ocr_carea' id='block_1_64' title="bbox 2179 675 3757 765">
    <p class='ocr_par' dir='ltr' id='par_1_64' title="bbox 2179 675 3757 765">
     <span class='ocr_line' id='line_1_64' title="bbox 2179 675 3757 765; baseline 0.01 -30"><span class='ocrx_word' id='word_1_533' title='bbox 2179 677 2231 735; x_wconf 92' lang='lat' dir='ltr'><strong>in</strong></span> <span class='ocrx_word' id='word_1_534' title='bbox 2263 679 2365 735; x_wconf 90' lang='lat' dir='ltr'><strong>hoc</strong></span> <span class='ocrx_word' id='word_1_535' title='bbox 2393 680 2610 746; x_wconf 70' lang='lat' dir='ltr'><strong>sarculo,</strong></span> <span class='ocrx_word' id='word_1_536' title='bbox 2637 681 2874 738; x_wconf 89' lang='lat' dir='ltr'><strong>nondum</strong></span> <span class='ocrx_word' id='word_1_537' title='bbox 2909 692 2992 740; x_wconf 90' lang='lat' dir='ltr'><strong>est</strong></span> <span class='ocrx_word' id='word_1_538' title='bbox 3021 675 3333 755; x_wconf 82' lang='lat' dir='ltr'><strong>ridendum,</strong></span> <span class='ocrx_word' id='word_1_539' title='bbox 3361 703 3436 742; x_wconf 92' lang='lat' dir='ltr'><strong>ne</strong></span> <span class='ocrx_word' id='word_1_540' title='bbox 3463 699 3643 759; x_wconf 88' lang='lat' dir='ltr'><strong>postea</strong></span> <span class='ocrx_word' id='word_1_541' title='bbox 3663 695 3757 765; x_wconf 66' lang='lat' dir='ltr'><strong>ploo</strong></span> 
     </span>
    </p>
   </div>
   <div class='ocr_carea' id='block_1_65' title="bbox 2178 772 3758 853">
    <p class='ocr_par' dir='ltr' id='par_1_65' title="bbox 2178 772 3758 853">
     <span class='ocr_line' id='line_1_65' title="bbox 2178 772 3758 853; baseline 0.009 -25"><span class='ocrx_word' id='word_1_542' title='bbox 2178 787 2380 828; x_wconf 90' lang='lat' dir='ltr'><strong>remus.</strong></span> <span class='ocrx_word' id='word_1_543' title='bbox 2409 772 2660 845; x_wconf 77' lang='lat' dir='ltr'><strong>Legimus</strong></span> <span class='ocrx_word' id='word_1_544' title='bbox 2685 776 2811 847; x_wconf 87' lang='lat' dir='ltr'><strong>quid</strong></span> <span class='ocrx_word' id='word_1_545' title='bbox 2837 787 3084 832; x_wconf 86' lang='lat' dir='ltr'><strong>servetur</strong></span> <span class='ocrx_word' id='word_1_546' title='bbox 3116 779 3170 834; x_wconf 93' lang='lat' dir='ltr'><strong>in</strong></span> <span class='ocrx_word' id='word_1_547' title='bbox 3208 779 3386 836; x_wconf 89' lang='lat' dir='ltr'><strong>linem</strong></span> <span class='ocrx_word' id='word_1_548' title='bbox 3417 779 3543 837; x_wconf 88' lang='lat' dir='ltr'><strong>huic</strong></span> <span class='ocrx_word' id='word_1_549' title='bbox 3569 783 3758 853; x_wconf 76' lang='lat' dir='ltr'><strong>Doech;</strong></span> 
     </span>
    </p>
   </div>
   <div class='ocr_carea' id='block_1_66' title="bbox 2178 862 3759 941">
    <p class='ocr_par' dir='ltr' id='par_1_66' title="bbox 2178 862 3759 941">
     <span class='ocr_line' id='line_1_66' title="bbox 2178 862 3759 941; baseline 0.01 -23"><span class='ocrx_word' id='word_1_550' title='bbox 2178 862 2431 935; x_wconf 84' lang='lat' dir='ltr'><strong>legimus,</strong></span> <span class='ocrx_word' id='word_1_551' title='bbox 2460 875 2516 922; x_wconf 89' lang='lat' dir='ltr'><strong>et</strong></span> <span class='ocrx_word' id='word_1_552' title='bbox 2541 866 2663 938; x_wconf 86' lang='lat' dir='ltr'><strong>quia</strong></span> <span class='ocrx_word' id='word_1_553' title='bbox 2695 867 3038 941; x_wconf 85' lang='lat' dir='ltr'><strong>intelligimus</strong></span> <span class='ocrx_word' id='word_1_554' title='bbox 3061 879 3116 924; x_wconf 88' lang='lat' dir='ltr'><strong>et</strong></span> <span class='ocrx_word' id='word_1_555' title='bbox 3137 871 3462 936; x_wconf 81' lang='lat' dir='ltr'><strong>credimus,</strong></span> <span class='ocrx_word' id='word_1_556' title='bbox 3506 874 3759 941; x_wconf 84' lang='lat' dir='ltr'><strong>videmus.</strong></span> 
     </span>
    </p>
   </div>
   <div class='ocr_carea' id='block_1_67' title="bbox 2177 954 3761 1037">
    <p class='ocr_par' dir='ltr' id='par_1_67' title="bbox 2177 954 3761 1037">
     <span class='ocr_line' id='line_1_67' title="bbox 2177 954 3761 1037; baseline 0.008 -28"><span class='ocrx_word' id='word_1_557' title='bbox 2177 954 2273 1010; x_wconf 88' lang='lat' dir='ltr'><strong>sed</strong></span> <span class='ocrx_word' id='word_1_558' title='bbox 2317 955 2585 1012; x_wconf 88' lang='lat' dir='ltr'><strong>timemus.</strong></span> <span class='ocrx_word' id='word_1_559' title='bbox 2631 957 2746 1014; x_wconf 82' lang='lat' dir='ltr'><strong>Hoc</strong></span> <span class='ocrx_word' id='word_1_560' title='bbox 2788 974 2917 1030; x_wconf 88' lang='lat' dir='ltr'><strong>ergo</strong></span> <span class='ocrx_word' id='word_1_561' title='bbox 2957 959 3154 1016; x_wconf 88' lang='lat' dir='ltr'><strong>dictum</strong></span> <span class='ocrx_word' id='word_1_562' title='bbox 3189 972 3297 1029; x_wconf 90' lang='lat' dir='ltr'><strong>est,</strong></span> <span class='ocrx_word' id='word_1_563' title='bbox 3349 961 3600 1019; x_wconf 81' lang='lat' dir='ltr'><strong>Videbunt</strong></span> <span class='ocrx_word' id='word_1_564' title='bbox 3618 969 3761 1037; x_wconf 77' lang='lat' dir='ltr'><strong>justi,</strong></span> 
     </span>
    </p>
   </div>
   <div class='ocr_carea' id='block_1_68' title="bbox 2176 1048 3764 1125">
    <p class='ocr_par' dir='ltr' id='par_1_68' title="bbox 2176 1048 3764 1125">
     <span class='ocr_line' id='line_1_68' title="bbox 2176 1048 3764 1125; baseline 0.008 -21"><span class='ocrx_word' id='word_1_565' title='bbox 2176 1057 2226 1104; x_wconf 91' lang='lat' dir='ltr'><strong>et</strong></span> <span class='ocrx_word' id='word_1_566' title='bbox 2248 1048 2510 1105; x_wconf 84' lang='lat' dir='ltr'><strong>timebunt.</strong></span> <span class='ocrx_word' id='word_1_567' title='bbox 2541 1050 2805 1120; x_wconf 86' lang='lat' dir='ltr'><strong>Quamdiu</strong></span> <span class='ocrx_word' id='word_1_568' title='bbox 2829 1052 3075 1108; x_wconf 88' lang='lat' dir='ltr'><strong>videmus</strong></span> <span class='ocrx_word' id='word_1_569' title='bbox 3109 1054 3234 1125; x_wconf 89' lang='lat' dir='ltr'><strong>quid</strong></span> <span class='ocrx_word' id='word_1_570' title='bbox 3277 1064 3614 1112; x_wconf 85' lang='lat' dir='ltr'><strong>eventurum</strong></span> <span class='ocrx_word' id='word_1_571' title='bbox 3642 1062 3702 1115; x_wconf 84' lang='lat' dir='ltr'><strong>sit</strong></span> <span class='ocrx_word' id='word_1_572' title='bbox 3724 1062 3764 1116; x_wconf 85' lang='lat' dir='ltr'><strong>iu</strong></span> 
     </span>
    </p>
   </div>
   <div class='ocr_carea' id='block_1_69' title="bbox 2180 1139 3761 1219">
    <p class='ocr_par' dir='ltr' id='par_1_69' title="bbox 2180 1139 3761 1219">
     <span class='ocr_line' id='line_1_69' title="bbox 2180 1139 3761 1219; baseline 0.007 -23"><span class='ocrx_word' id='word_1_573' title='bbox 2180 1139 2341 1197; x_wconf 82' lang='lat' dir='ltr'><strong>finem</strong></span> <span class='ocrx_word' id='word_1_574' title='bbox 2368 1141 2544 1211; x_wconf 90' lang='lat' dir='ltr'><strong>malis,</strong></span> <span class='ocrx_word' id='word_1_575' title='bbox 2573 1159 2740 1214; x_wconf 89' lang='lat' dir='ltr'><strong>quare</strong></span> <span class='ocrx_word' id='word_1_576' title='bbox 2767 1144 3065 1201; x_wconf 85' lang='lat' dir='ltr'><strong>timemus?</strong></span> <span class='ocrx_word' id='word_1_577' title='bbox 3101 1145 3234 1216; x_wconf 89' lang='lat' dir='ltr'><strong>Quia</strong></span> <span class='ocrx_word' id='word_1_578' title='bbox 3265 1146 3416 1202; x_wconf 90' lang='lat' dir='ltr'><strong>dixit</strong></span> <span class='ocrx_word' id='word_1_579' title='bbox 3459 1149 3727 1219; x_wconf 77' lang='lat' dir='ltr'><strong>Apostolus</strong></span> <span class='ocrx_word' id='word_1_580' title='bbox 3751 1196 3761 1216; x_wconf 92' lang='lat'><strong>,</strong></span> 
     </span>
    </p>
   </div>
   <div class='ocr_carea' id='block_1_70' title="bbox 2177 1229 3764 1310">
    <p class='ocr_par' dir='ltr' id='par_1_70' title="bbox 2177 1229 3764 1310">
     <span class='ocr_line' id='line_1_70' title="bbox 2177 1229 3764 1310; baseline 0.007 -24"><span class='ocrx_word' id='word_1_581' title='bbox 2177 1229 2249 1286; x_wconf 84' lang='lat' dir='ltr'><strong>In</strong></span> <span class='ocrx_word' id='word_1_582' title='bbox 2273 1232 2452 1288; x_wconf 88' lang='lat' dir='ltr'><strong>timore</strong></span> <span class='ocrx_word' id='word_1_583' title='bbox 2475 1245 2523 1289; x_wconf 92' lang='lat' dir='ltr'><strong>et</strong></span> <span class='ocrx_word' id='word_1_584' title='bbox 2550 1245 2764 1290; x_wconf 86' lang='lat' dir='ltr'><strong>tremore</strong></span> <span class='ocrx_word' id='word_1_585' title='bbox 2800 1246 3014 1291; x_wconf 79' lang='lat' dir='ltr'><strong>vestram</strong></span> <span class='ocrx_word' id='word_1_586' title='bbox 3046 1238 3278 1309; x_wconf 86' lang='lat' dir='ltr'><strong>ipsorum</strong></span> <span class='ocrx_word' id='word_1_587' title='bbox 3329 1241 3624 1310; x_wconf 83' lang='lat' dir='ltr'><strong>operamini</strong></span> <span class='ocrx_word' id='word_1_588' title='bbox 3648 1245 3764 1297; x_wconf 76' lang='lat' dir='ltr'><strong>salu-</strong></span> 
     </span>
    </p>
   </div>
   <div class='ocr_carea' id='block_1_71' title="bbox 2181 1321 3766 1401">
    <p class='ocr_par' dir='ltr' id='par_1_71' title="bbox 2181 1321 3766 1401">
     <span class='ocr_line' id='line_1_71' title="bbox 2181 1321 3766 1401; baseline 0.008 -25"><span class='ocrx_word' id='word_1_589' title='bbox 2181 1331 2279 1378; x_wconf 91' lang='lat' dir='ltr'><strong>tem</strong></span> <span class='ocrx_word' id='word_1_590' title='bbox 2307 1321 2568 1396; x_wconf 88' lang='lat' dir='ltr'><strong>(Philipp.</strong></span> <span class='ocrx_word' id='word_1_591' title='bbox 2592 1341 2652 1392; x_wconf 93' lang='grc' dir='ltr'><strong>ιι,</strong></span> <span class='ocrx_word' id='word_1_592' title='bbox 2690 1324 2802 1395; x_wconf 73' lang='grc'><strong>12);</strong></span> <span class='ocrx_word' id='word_1_593' title='bbox 2830 1327 2954 1399; x_wconf 90' lang='lat' dir='ltr'><strong>quia</strong></span> <span class='ocrx_word' id='word_1_594' title='bbox 2981 1327 3181 1384; x_wconf 92' lang='lat' dir='ltr'><strong>dictum</strong></span> <span class='ocrx_word' id='word_1_595' title='bbox 3203 1339 3293 1384; x_wconf 89' lang='lat' dir='ltr'><strong>est</strong></span> <span class='ocrx_word' id='word_1_596' title='bbox 3317 1330 3376 1384; x_wconf 84' lang='lat' dir='ltr'><strong>in</strong></span> <span class='ocrx_word' id='word_1_597' title='bbox 3411 1331 3643 1401; x_wconf 88' lang='lat' dir='ltr'><strong>psalmo,</strong></span> <span class='ocrx_word' id='word_1_598' title='bbox 3666 1334 3766 1390; x_wconf 86' lang='lat' dir='ltr'><strong>Ser-</strong></span> 
     </span>
    </p>
   </div>
   <div class='ocr_carea' id='block_1_72' title="bbox 2180 1413 3769 1483">
    <p class='ocr_par' dir='ltr' id='par_1_72' title="bbox 2180 1413 3769 1483">
     <span class='ocr_line' id='line_1_72' title="bbox 2180 1413 3769 1483; baseline 0.006 -13"><span class='ocrx_word' id='word_1_599' title='bbox 2180 1415 2281 1470; x_wconf 79' lang='lat' dir='ltr'><strong>uite</strong></span> <span class='ocrx_word' id='word_1_600' title='bbox 2305 1413 2528 1471; x_wconf 85' lang='lat' dir='ltr'><strong>Domino</strong></span> <span class='ocrx_word' id='word_1_601' title='bbox 2569 1417 2623 1472; x_wconf 86' lang='lat' dir='ltr'><strong>in</strong></span> <span class='ocrx_word' id='word_1_602' title='bbox 2668 1419 2847 1473; x_wconf 87' lang='lat' dir='ltr'><strong>timore</strong></span> <span class='ocrx_word' id='word_1_603' title='bbox 2867 1460 2882 1483; x_wconf 95' lang='lat'><strong>,</strong></span> <span class='ocrx_word' id='word_1_604' title='bbox 2918 1430 2966 1474; x_wconf 89' lang='lat' dir='ltr'><strong>et</strong></span> <span class='ocrx_word' id='word_1_605' title='bbox 3015 1421 3261 1475; x_wconf 71' lang='lat' dir='ltr'><strong>exsultate</strong></span> <span class='ocrx_word' id='word_1_606' title='bbox 3311 1422 3365 1476; x_wconf 83' lang='lat' dir='ltr'><strong>ei</strong></span> <span class='ocrx_word' id='word_1_607' title='bbox 3412 1437 3537 1476; x_wconf 83' lang='lat' dir='ltr'><strong>cum</strong></span> <span class='ocrx_word' id='word_1_608' title='bbox 3587 1433 3769 1482; x_wconf 77' lang='lat' dir='ltr'><strong>tranare</strong></span> 
     </span>
    </p>
   </div>
   <div class='ocr_carea' id='block_1_73' title="bbox 2179 1507 3763 1589">
    <p class='ocr_par' dir='ltr' id='par_1_73' title="bbox 2179 1507 3763 1589">
     <span class='ocr_line' id='line_1_73' title="bbox 2179 1507 3763 1589; baseline 0.007 -25"><span class='ocrx_word' id='word_1_609' title='bbox 2179 1507 2355 1580; x_wconf 90' lang='lat' dir='ltr'><strong>(Psal.</strong></span> <span class='ocrx_word' id='word_1_610' title='bbox 2383 1526 2443 1578; x_wconf 90' lang='grc' dir='ltr'><strong>ιι,</strong></span> <span class='ocrx_word' id='word_1_611' title='bbox 2473 1509 2585 1584; x_wconf 88' lang='grc'><strong>11).</strong></span> <span class='ocrx_word' id='word_1_612' title='bbox 2607 1511 2804 1579; x_wconf 88' lang='lat' dir='ltr'><strong>Quare,</strong></span> <span class='ocrx_word' id='word_1_613' title='bbox 2833 1527 2954 1568; x_wconf 91' lang='lat' dir='ltr'><strong>cum</strong></span> <span class='ocrx_word' id='word_1_614' title='bbox 2991 1513 3223 1571; x_wconf 78' lang='lat' dir='ltr'><strong>timore?</strong></span> <span class='ocrx_word' id='word_1_615' title='bbox 3257 1515 3606 1586; x_wconf 77' lang='lat' dir='ltr'><strong>Quapropter</strong></span> <span class='ocrx_word' id='word_1_616' title='bbox 3623 1521 3699 1589; x_wconf 81' lang='lat' dir='ltr'><strong>qui</strong></span> <span class='ocrx_word' id='word_1_617' title='bbox 3725 1539 3763 1575; x_wconf 80' lang='lat' dir='ltr'><strong>se</strong></span> 
     </span>
    </p>
   </div>
   <div class='ocr_carea' id='block_1_74' title="bbox 2180 1603 3765 1678">
    <p class='ocr_par' dir='ltr' id='par_1_74' title="bbox 2180 1603 3765 1678">
     <span class='ocr_line' id='line_1_74' title="bbox 2180 1603 3765 1678; baseline 0.007 -22"><span class='ocrx_word' id='word_1_618' title='bbox 2180 1611 2326 1673; x_wconf 89' lang='lat' dir='ltr'><strong>putat</strong></span> <span class='ocrx_word' id='word_1_619' title='bbox 2345 1611 2501 1668; x_wconf 86' lang='lat' dir='ltr'><strong>stare,</strong></span> <span class='ocrx_word' id='word_1_620' title='bbox 2527 1603 2695 1658; x_wconf 80' lang='lat' dir='ltr'><strong>uideat</strong></span> <span class='ocrx_word' id='word_1_621' title='bbox 2720 1621 2783 1658; x_wconf 85' lang='lat' dir='ltr'><strong>ne</strong></span> <span class='ocrx_word' id='word_1_622' title='bbox 2807 1605 2956 1659; x_wconf 83' lang='lat' dir='ltr'><strong>cadat</strong></span> <span class='ocrx_word' id='word_1_623' title='bbox 2984 1603 3176 1678; x_wconf 83' lang='lat' dir='ltr'><strong>(lCor.</strong></span> <span class='ocrx_word' id='word_1_624' title='bbox 3205 1621 3260 1674; x_wconf 91' lang='lat' dir='ltr'><strong>x,</strong></span> <span class='ocrx_word' id='word_1_625' title='bbox 3289 1605 3415 1678; x_wconf 69' lang='lat'><strong>12).</strong></span> <span class='ocrx_word' id='word_1_626' title='bbox 3445 1607 3644 1674; x_wconf 88' lang='lat' dir='ltr'><strong>Quare.</strong></span> <span class='ocrx_word' id='word_1_627' title='bbox 3668 1625 3765 1667; x_wconf 86' lang='lat' dir='ltr'><strong>cum</strong></span> 
     </span>
    </p>
   </div>
   <div class='ocr_carea' id='block_1_75' title="bbox 2183 1693 3763 1773">
    <p class='ocr_par' dir='ltr' id='par_1_75' title="bbox 2183 1693 3763 1773">
     <span class='ocr_line' id='line_1_75' title="bbox 2183 1693 3763 1773; baseline 0.007 -25"><span class='ocrx_word' id='word_1_628' title='bbox 2183 1693 2456 1750; x_wconf 83' lang='lat' dir='ltr'><strong>tremore?</strong></span> <span class='ocrx_word' id='word_1_629' title='bbox 2481 1694 2615 1763; x_wconf 88' lang='lat' dir='ltr'><strong>Quia</strong></span> <span class='ocrx_word' id='word_1_630' title='bbox 2655 1694 2783 1751; x_wconf 87' lang='lat' dir='ltr'><strong>dicit</strong></span> <span class='ocrx_word' id='word_1_631' title='bbox 2819 1695 2942 1751; x_wconf 91' lang='lat' dir='ltr'><strong>alibi</strong></span> <span class='ocrx_word' id='word_1_632' title='bbox 2979 1715 2991 1750; x_wconf 93' lang='lat'>:</span> <span class='ocrx_word' id='word_1_633' title='bbox 3021 1694 3267 1766; x_wconf 85' lang='lat' dir='ltr'><strong>Fratres,</strong></span> <span class='ocrx_word' id='word_1_634' title='bbox 3309 1701 3360 1753; x_wconf 88' lang='lat' dir='ltr'><strong>si</strong></span> <span class='ocrx_word' id='word_1_635' title='bbox 3406 1714 3763 1773; x_wconf 70' lang='lat' dir='ltr'><strong>prcoccupatus</strong></span> 
     </span>
    </p>
   </div>
   <div class='ocr_carea' id='block_1_76' title="bbox 2181 1784 3762 1862">
    <p class='ocr_par' dir='ltr' id='par_1_76' title="bbox 2181 1784 3762 1862">
     <span class='ocr_line' id='line_1_76' title="bbox 2181 1784 3762 1862; baseline 0.007 -24"><span class='ocrx_word' id='word_1_636' title='bbox 2181 1784 2334 1855; x_wconf 80' lang='lat' dir='ltr'><strong>fuerit</strong></span> <span class='ocrx_word' id='word_1_637' title='bbox 2369 1785 2522 1839; x_wconf 86' lang='lat' dir='ltr'><strong>homo</strong></span> <span class='ocrx_word' id='word_1_638' title='bbox 2557 1789 2610 1841; x_wconf 83' lang='lat' dir='ltr'><strong>in</strong></span> <span class='ocrx_word' id='word_1_639' title='bbox 2636 1786 2809 1858; x_wconf 88' lang='lat' dir='ltr'><strong>aliquo</strong></span> <span class='ocrx_word' id='word_1_640' title='bbox 2838 1786 3041 1855; x_wconf 88' lang='lat' dir='ltr'><strong>delicto,</strong></span> <span class='ocrx_word' id='word_1_641' title='bbox 3069 1804 3156 1844; x_wconf 74' lang='lat' dir='ltr'><strong>vos</strong></span> <span class='ocrx_word' id='word_1_642' title='bbox 3178 1789 3267 1859; x_wconf 84' lang='lat' dir='ltr'><strong>qui</strong></span> <span class='ocrx_word' id='word_1_643' title='bbox 3296 1789 3608 1862; x_wconf 83' lang='lat' dir='ltr'><strong>spirituales</strong></span> <span class='ocrx_word' id='word_1_644' title='bbox 3640 1796 3762 1860; x_wconf 83' lang='lat' dir='ltr'><strong>estis,</strong></span> 
     </span>
    </p>
   </div>
   <div class='ocr_carea' id='block_1_77' title="bbox 2181 1875 3763 1957">
    <p class='ocr_par' dir='ltr' id='par_1_77' title="bbox 2181 1875 3763 1957">
     <span class='ocr_line' id='line_1_77' title="bbox 2181 1875 3763 1957; baseline 0.008 -28"><span class='ocrx_word' id='word_1_645' title='bbox 2181 1875 2415 1931; x_wconf 87' lang='lat' dir='ltr'><strong>instruite</strong></span> <span class='ocrx_word' id='word_1_646' title='bbox 2439 1876 2732 1949; x_wconf 82' lang='lat' dir='ltr'><strong>Iiujusmodi</strong></span> <span class='ocrx_word' id='word_1_647' title='bbox 2755 1879 2808 1933; x_wconf 84' lang='lat' dir='ltr'><strong>in</strong></span> <span class='ocrx_word' id='word_1_648' title='bbox 2833 1878 3010 1948; x_wconf 85' lang='lat' dir='ltr'><strong>spiritu</strong></span> <span class='ocrx_word' id='word_1_649' title='bbox 3023 1879 3266 1944; x_wconf 84' lang='lat' dir='ltr'><strong>leuitatis,</strong></span> <span class='ocrx_word' id='word_1_650' title='bbox 3285 1881 3572 1938; x_wconf 85' lang='lat' dir='ltr'><strong>intendens</strong></span> <span class='ocrx_word' id='word_1_651' title='bbox 3587 1885 3763 1957; x_wconf 73' lang='lat' dir='ltr'><strong>teipssai</strong></span> 
     </span>
    </p>
   </div>
   <div class='ocr_carea' id='block_1_78' title="bbox 2184 1967 3761 2044">
    <p class='ocr_par' dir='ltr' id='par_1_78' title="bbox 2184 1967 3761 2044">
     <span class='ocr_line' id='line_1_78' title="bbox 2184 1967 3761 2044; baseline 0.006 -22"><span class='ocrx_word' id='word_1_652' title='bbox 2184 1983 2249 2022; x_wconf 88' lang='lat' dir='ltr'><strong>ne</strong></span> <span class='ocrx_word' id='word_1_653' title='bbox 2274 1977 2320 2023; x_wconf 89' lang='lat' dir='ltr'><strong>et</strong></span> <span class='ocrx_word' id='word_1_654' title='bbox 2348 1976 2402 2022; x_wconf 91' lang='lat' dir='ltr'><strong>tu</strong></span> <span class='ocrx_word' id='word_1_655' title='bbox 2426 1970 2629 2024; x_wconf 88' lang='lat' dir='ltr'><strong>tenteris</strong></span> <span class='ocrx_word' id='word_1_656' title='bbox 2652 1967 2793 2042; x_wconf 82' lang='lat' dir='ltr'><strong>(Cal.</strong></span> <span class='ocrx_word' id='word_1_657' title='bbox 2822 1985 2897 2037; x_wconf 79' lang='lat' dir='ltr'><strong>vr,</strong></span> <span class='ocrx_word' id='word_1_658' title='bbox 2924 1968 3000 2044; x_wconf 92' lang='lat'><strong>1).</strong></span> <span class='ocrx_word' id='word_1_659' title='bbox 3032 1971 3172 2044; x_wconf 85' lang='lat' dir='ltr'><strong>Ergo</strong></span> <span class='ocrx_word' id='word_1_660' title='bbox 3193 1973 3328 2043; x_wconf 89' lang='lat' dir='ltr'><strong>justi</strong></span> <span class='ocrx_word' id='word_1_661' title='bbox 3348 1979 3445 2044; x_wconf 86' lang='lat' dir='ltr'><strong>qui</strong></span> <span class='ocrx_word' id='word_1_662' title='bbox 3469 1988 3596 2032; x_wconf 88' lang='lat' dir='ltr'><strong>sunt</strong></span> <span class='ocrx_word' id='word_1_663' title='bbox 3613 1980 3761 2044; x_wconf 85' lang='lat' dir='ltr'><strong>modo,</strong></span> 
     </span>
    </p>
   </div>
   <div class='ocr_carea' id='block_1_79' title="bbox 2183 2060 3759 2141">
    <p class='ocr_par' dir='ltr' id='par_1_79' title="bbox 2183 2060 3759 2141">
     <span class='ocr_line' id='line_1_79' title="bbox 2183 2060 3759 2141; baseline 0.008 -27"><span class='ocrx_word' id='word_1_664' title='bbox 2183 2060 2275 2130; x_wconf 93' lang='lat' dir='ltr'><strong>qui</strong></span> <span class='ocrx_word' id='word_1_665' title='bbox 2302 2061 2484 2116; x_wconf 91' lang='lat' dir='ltr'><strong>vivunt</strong></span> <span class='ocrx_word' id='word_1_666' title='bbox 2520 2076 2586 2116; x_wconf 85' lang='lat' dir='ltr'><strong>ex</strong></span> <span class='ocrx_word' id='word_1_667' title='bbox 2633 2061 2759 2128; x_wconf 86' lang='lat' dir='ltr'><strong>ﬁde,</strong></span> <span class='ocrx_word' id='word_1_668' title='bbox 2806 2063 2884 2118; x_wconf 89' lang='lat' dir='ltr'><strong>sic</strong></span> <span class='ocrx_word' id='word_1_669' title='bbox 2910 2063 3091 2120; x_wconf 90' lang='lat' dir='ltr'><strong>vident</strong></span> <span class='ocrx_word' id='word_1_670' title='bbox 3133 2065 3294 2120; x_wconf 90' lang='lat' dir='ltr'><strong>istum</strong></span> <span class='ocrx_word' id='word_1_671' title='bbox 3345 2065 3535 2124; x_wconf 83' lang='lat' dir='ltr'><strong>Doech</strong></span> <span class='ocrx_word' id='word_1_672' title='bbox 3561 2070 3678 2141; x_wconf 87' lang='lat' dir='ltr'><strong>quid</strong></span> <span class='ocrx_word' id='word_1_673' title='bbox 3702 2072 3759 2128; x_wconf 82' lang='lat' dir='ltr'><strong>illi</strong></span> 
     </span>
    </p>
   </div>
   <div class='ocr_carea' id='block_1_80' title="bbox 2186 2151 3758 2233">
    <p class='ocr_par' dir='ltr' id='par_1_80' title="bbox 2186 2151 3758 2233">
     <span class='ocr_line' id='line_1_80' title="bbox 2186 2151 3758 2233; baseline 0.006 -26"><span class='ocrx_word' id='word_1_674' title='bbox 2186 2161 2502 2208; x_wconf 88' lang='lat' dir='ltr'><strong>eventurum</strong></span> <span class='ocrx_word' id='word_1_675' title='bbox 2545 2151 2635 2221; x_wconf 83' lang='lat' dir='ltr'><strong>sit,</strong></span> <span class='ocrx_word' id='word_1_676' title='bbox 2663 2161 2722 2208; x_wconf 95' lang='lat' dir='ltr'><strong>ut</strong></span> <span class='ocrx_word' id='word_1_677' title='bbox 2751 2164 2926 2209; x_wconf 90' lang='lat' dir='ltr'><strong>tamen</strong></span> <span class='ocrx_word' id='word_1_678' title='bbox 2960 2157 3182 2212; x_wconf 87' lang='lat' dir='ltr'><strong>timeant</strong></span> <span class='ocrx_word' id='word_1_679' title='bbox 3217 2167 3274 2212; x_wconf 91' lang='lat' dir='ltr'><strong>et</strong></span> <span class='ocrx_word' id='word_1_680' title='bbox 3305 2158 3417 2214; x_wconf 86' lang='lat' dir='ltr'><strong>sibi</strong></span> <span class='ocrx_word' id='word_1_681' title='bbox 3449 2177 3464 2212; x_wconf 86' lang='lat'><strong>:</strong></span> <span class='ocrx_word' id='word_1_682' title='bbox 3498 2161 3622 2233; x_wconf 86' lang='lat' dir='ltr'><strong>quid</strong></span> <span class='ocrx_word' id='word_1_683' title='bbox 3648 2163 3758 2217; x_wconf 84' lang='lat' dir='ltr'><strong>enim</strong></span> 
     </span>
    </p>
   </div>
   <div class='ocr_carea' id='block_1_81' title="bbox 2187 2243 3754 2319">
    <p class='ocr_par' dir='ltr' id='par_1_81' title="bbox 2187 2243 3754 2319">
     <span class='ocr_line' id='line_1_81' title="bbox 2187 2243 3754 2319; baseline 0.006 -19"><span class='ocrx_word' id='word_1_684' title='bbox 2187 2253 2312 2300; x_wconf 87' lang='lat' dir='ltr'><strong>sunt</strong></span> <span class='ocrx_word' id='word_1_685' title='bbox 2342 2243 2522 2311; x_wconf 88' lang='lat' dir='ltr'><strong>hodie,</strong></span> <span class='ocrx_word' id='word_1_686' title='bbox 2557 2246 2759 2312; x_wconf 88' lang='lat' dir='ltr'><strong>sciunt;</strong></span> <span class='ocrx_word' id='word_1_687' title='bbox 2791 2245 2918 2318; x_wconf 93' lang='lat' dir='ltr'><strong>quid</strong></span> <span class='ocrx_word' id='word_1_688' title='bbox 2966 2261 3088 2302; x_wconf 87' lang='lat' dir='ltr'><strong>cras</strong></span> <span class='ocrx_word' id='word_1_689' title='bbox 3129 2247 3293 2305; x_wconf 80' lang='lat' dir='ltr'><strong>futuri</strong></span> <span class='ocrx_word' id='word_1_690' title='bbox 3349 2251 3488 2319; x_wconf 88' lang='lat' dir='ltr'><strong>sint,</strong></span> <span class='ocrx_word' id='word_1_691' title='bbox 3533 2255 3754 2310; x_wconf 83' lang='lat' dir='ltr'><strong>nesciunt.</strong></span> 
     </span>
    </p>
   </div>
   <div class='ocr_carea' id='block_1_82' title="bbox 2187 2337 3757 2412">
    <p class='ocr_par' dir='ltr' id='par_1_82' title="bbox 2187 2337 3757 2412">
     <span class='ocr_line' id='line_1_82' title="bbox 2187 2337 3757 2412; baseline 0.007 -20"><span class='ocrx_word' id='word_1_692' title='bbox 2187 2337 2346 2393; x_wconf 81' lang='lat' dir='ltr'><strong>Modo</strong></span> <span class='ocrx_word' id='word_1_693' title='bbox 2366 2353 2495 2410; x_wconf 87' lang='lat' dir='ltr'><strong>ergo</strong></span> <span class='ocrx_word' id='word_1_694' title='bbox 2521 2338 2756 2395; x_wconf 77' lang='lat' dir='ltr'><strong>uidebunt</strong></span> <span class='ocrx_word' id='word_1_695' title='bbox 2786 2341 2939 2412; x_wconf 86' lang='lat' dir='ltr'><strong>justi,</strong></span> <span class='ocrx_word' id='word_1_696' title='bbox 2969 2350 3017 2395; x_wconf 90' lang='lat' dir='ltr'><strong>et</strong></span> <span class='ocrx_word' id='word_1_697' title='bbox 3041 2342 3305 2397; x_wconf 87' lang='lat' dir='ltr'><strong>timebunt.</strong></span> <span class='ocrx_word' id='word_1_698' title='bbox 3341 2344 3578 2412; x_wconf 86' lang='lat' dir='ltr'><strong>Quando</strong></span> <span class='ocrx_word' id='word_1_699' title='bbox 3617 2357 3757 2403; x_wconf 82' lang='lat' dir='ltr'><strong>autem</strong></span> 
     </span>
    </p>
   </div>
   <div class='ocr_carea' id='block_1_83' title="bbox 2187 2428 3754 2506">
    <p class='ocr_par' dir='ltr' id='par_1_83' title="bbox 2187 2428 3754 2506">
     <span class='ocr_line' id='line_1_83' title="bbox 2187 2428 3754 2506; baseline 0.005 -21"><span class='ocrx_word' id='word_1_700' title='bbox 2187 2428 2468 2485; x_wconf 85' lang='lat' dir='ltr'><strong>ridebunt?</strong></span> <span class='ocrx_word' id='word_1_701' title='bbox 2496 2430 2719 2497; x_wconf 86' lang='lat' dir='ltr'><strong>Quando</strong></span> <span class='ocrx_word' id='word_1_702' title='bbox 2747 2431 3016 2487; x_wconf 90' lang='lat' dir='ltr'><strong>transierit</strong></span> <span class='ocrx_word' id='word_1_703' title='bbox 3048 2432 3303 2504; x_wconf 80' lang='lat' dir='ltr'><strong>iniquitas</strong></span> <span class='ocrx_word' id='word_1_704' title='bbox 3325 2477 3341 2501; x_wconf 97' lang='lat'><strong>,</strong></span> <span class='ocrx_word' id='word_1_705' title='bbox 3377 2435 3597 2506; x_wconf 88' lang='lat' dir='ltr'><strong>quando</strong></span> <span class='ocrx_word' id='word_1_706' title='bbox 3617 2448 3754 2494; x_wconf 83' lang='lat' dir='ltr'><strong>trans-</strong></span> 
     </span>
    </p>
   </div>
   <div class='ocr_carea' id='block_1_84' title="bbox 2189 2522 3756 2597">
    <p class='ocr_par' dir='ltr' id='par_1_84' title="bbox 2189 2522 3756 2597">
     <span class='ocr_line' id='line_1_84' title="bbox 2189 2522 3756 2597; baseline 0.004 -19"><span class='ocrx_word' id='word_1_707' title='bbox 2189 2522 2469 2589; x_wconf 89' lang='lat' dir='ltr'><strong>volaverit,</strong></span> <span class='ocrx_word' id='word_1_708' title='bbox 2524 2522 2665 2578; x_wconf 90' lang='lat' dir='ltr'><strong>sicut</strong></span> <span class='ocrx_word' id='word_1_709' title='bbox 2705 2524 2816 2593; x_wconf 89' lang='lat' dir='ltr'><strong>jam</strong></span> <span class='ocrx_word' id='word_1_710' title='bbox 2863 2539 2932 2578; x_wconf 90' lang='lat' dir='ltr'><strong>ex</strong></span> <span class='ocrx_word' id='word_1_711' title='bbox 2977 2539 3168 2596; x_wconf 89' lang='lat' dir='ltr'><strong>magna</strong></span> <span class='ocrx_word' id='word_1_712' title='bbox 3220 2536 3390 2597; x_wconf 89' lang='lat' dir='ltr'><strong>parte</strong></span> <span class='ocrx_word' id='word_1_713' title='bbox 3448 2529 3756 2584; x_wconf 84' lang='lat' dir='ltr'><strong>transvolavit</strong></span> 
     </span>
    </p>
   </div>
   <div class='ocr_carea' id='block_1_85' title="bbox 2189 2615 3753 2688">
    <p class='ocr_par' dir='ltr' id='par_1_85' title="bbox 2189 2615 3753 2688">
     <span class='ocr_line' id='line_1_85' title="bbox 2189 2615 3753 2688; baseline 0.005 -18"><span class='ocrx_word' id='word_1_714' title='bbox 2189 2621 2403 2685; x_wconf 83' lang='lat' dir='ltr'><strong>tempus</strong></span> <span class='ocrx_word' id='word_1_715' title='bbox 2454 2615 2738 2681; x_wconf 88' lang='lat' dir='ltr'><strong>incertum,</strong></span> <span class='ocrx_word' id='word_1_716' title='bbox 2795 2615 3008 2686; x_wconf 88' lang='lat' dir='ltr'><strong>quando</strong></span> <span class='ocrx_word' id='word_1_717' title='bbox 3059 2616 3250 2688; x_wconf 68' lang='lat' dir='ltr'><strong>fugata:</strong></span> <span class='ocrx_word' id='word_1_718' title='bbox 3296 2617 3512 2676; x_wconf 79' lang='lat' dir='ltr'><strong>fuerint</strong></span> <span class='ocrx_word' id='word_1_719' title='bbox 3567 2622 3753 2678; x_wconf 63' lang='lat' dir='ltr'><strong>tenebrat</strong></span> 
     </span>
    </p>
   </div>
   <div class='ocr_carea' id='block_1_86' title="bbox 2192 2707 3754 2779">
    <p class='ocr_par' dir='ltr' id='par_1_86' title="bbox 2192 2707 3754 2779">
     <span class='ocr_line' id='line_1_86' title="bbox 2192 2707 3754 2779; baseline 0.002 -15"><span class='ocrx_word' id='word_1_720' title='bbox 2192 2707 2351 2779; x_wconf 88' lang='lat' dir='ltr'><strong>hujus</strong></span> <span class='ocrx_word' id='word_1_721' title='bbox 2379 2707 2584 2776; x_wconf 66' lang='lat' dir='ltr'><strong>saeculi,</strong></span> <span class='ocrx_word' id='word_1_722' title='bbox 2616 2707 2670 2763; x_wconf 93' lang='lat' dir='ltr'><strong>in</strong></span> <span class='ocrx_word' id='word_1_723' title='bbox 2709 2707 2904 2778; x_wconf 88' lang='lat' dir='ltr'><strong>quibus</strong></span> <span class='ocrx_word' id='word_1_724' title='bbox 2946 2707 3108 2764; x_wconf 90' lang='lat' dir='ltr'><strong>modo</strong></span> <span class='ocrx_word' id='word_1_725' title='bbox 3154 2725 3262 2765; x_wconf 86' lang='lat' dir='ltr'><strong>non</strong></span> <span class='ocrx_word' id='word_1_726' title='bbox 3317 2711 3657 2768; x_wconf 89' lang='lat' dir='ltr'><strong>ambulamus</strong></span> <span class='ocrx_word' id='word_1_727' title='bbox 3682 2714 3754 2767; x_wconf 57' lang='lat' dir='ltr'><strong>nisi</strong></span> 
     </span>
    </p>
   </div>
   <div class='ocr_carea' id='block_1_87' title="bbox 2190 2798 3750 2875">
    <p class='ocr_par' dir='ltr' id='par_1_87' title="bbox 2190 2798 3750 2875">
     <span class='ocr_line' id='line_1_87' title="bbox 2190 2798 3750 2875; baseline 0.003 -21"><span class='ocrx_word' id='word_1_728' title='bbox 2190 2799 2258 2855; x_wconf 87' lang='lat' dir='ltr'><strong>ad</strong></span> <span class='ocrx_word' id='word_1_729' title='bbox 2285 2799 2556 2856; x_wconf 90' lang='lat' dir='ltr'><strong>lucernam</strong></span> <span class='ocrx_word' id='word_1_730' title='bbox 2582 2798 2997 2871; x_wconf 89' lang='lat' dir='ltr'><strong>Scripturarum,</strong></span> <span class='ocrx_word' id='word_1_731' title='bbox 3020 2810 3074 2856; x_wconf 86' lang='lat' dir='ltr'><strong>et</strong></span> <span class='ocrx_word' id='word_1_732' title='bbox 3097 2799 3220 2857; x_wconf 90' lang='lat' dir='ltr'><strong>ideo</strong></span> <span class='ocrx_word' id='word_1_733' title='bbox 3249 2801 3520 2858; x_wconf 88' lang='lat' dir='ltr'><strong>timemus</strong></span> <span class='ocrx_word' id='word_1_734' title='bbox 3543 2812 3750 2875; x_wconf 83' lang='lat' dir='ltr'><strong>tanquam</strong></span> 
     </span>
    </p>
   </div>
   <div class='ocr_carea' id='block_1_88' title="bbox 2192 2891 3757 2964">
    <p class='ocr_par' dir='ltr' id='par_1_88' title="bbox 2192 2891 3757 2964">
     <span class='ocr_line' id='line_1_88' title="bbox 2192 2891 3757 2964; baseline 0.001 -18"><span class='ocrx_word' id='word_1_735' title='bbox 2192 2891 2247 2947; x_wconf 92' lang='lat' dir='ltr'><strong>in</strong></span> <span class='ocrx_word' id='word_1_736' title='bbox 2291 2901 2468 2948; x_wconf 90' lang='lat' dir='ltr'><strong>nocte.</strong></span> <span class='ocrx_word' id='word_1_737' title='bbox 2508 2891 2856 2947; x_wconf 85' lang='lat' dir='ltr'><strong>Ambulamus</strong></span> <span class='ocrx_word' id='word_1_738' title='bbox 2885 2893 3026 2947; x_wconf 90' lang='lat' dir='ltr'><strong>enim</strong></span> <span class='ocrx_word' id='word_1_739' title='bbox 3066 2891 3132 2947; x_wconf 92' lang='lat' dir='ltr'><strong>ad</strong></span> <span class='ocrx_word' id='word_1_740' title='bbox 3171 2894 3559 2964; x_wconf 88' lang='lat' dir='ltr'><strong>prophetiam,</strong></span> <span class='ocrx_word' id='word_1_741' title='bbox 3590 2893 3650 2950; x_wconf 89' lang='lat' dir='ltr'><strong>de</strong></span> <span class='ocrx_word' id='word_1_742' title='bbox 3679 2909 3757 2964; x_wconf 81' lang='lat' dir='ltr'><strong>qua</strong></span> 
     </span>
    </p>
   </div>
   <div class='ocr_carea' id='block_1_89' title="bbox 2192 2981 3753 3058">
    <p class='ocr_par' dir='ltr' id='par_1_89' title="bbox 2192 2981 3753 3058">
     <span class='ocr_line' id='line_1_89' title="bbox 2192 2981 3753 3058; baseline 0 -19"><span class='ocrx_word' id='word_1_743' title='bbox 2192 2983 2324 3039; x_wconf 89' lang='lat' dir='ltr'><strong>dicit</strong></span> <span class='ocrx_word' id='word_1_744' title='bbox 2363 2983 2638 3054; x_wconf 86' lang='lat' dir='ltr'><strong>apostolus</strong></span> <span class='ocrx_word' id='word_1_745' title='bbox 2682 2981 2872 3039; x_wconf 85' lang='lat' dir='ltr'><strong>Petrus</strong></span> <span class='ocrx_word' id='word_1_746' title='bbox 2903 3000 2918 3038; x_wconf 89' lang='lat'><strong>:</strong></span> <span class='ocrx_word' id='word_1_747' title='bbox 2954 2981 3211 3039; x_wconf 81' lang='lat' dir='ltr'><strong>Habemus</strong></span> <span class='ocrx_word' id='word_1_748' title='bbox 3239 2986 3517 3041; x_wconf 78' lang='lat' dir='ltr'><strong>certiorem</strong></span> <span class='ocrx_word' id='word_1_749' title='bbox 3543 2985 3753 3058; x_wconf 75' lang='lat' dir='ltr'><strong>propheti-</strong></span> 
     </span>
    </p>
   </div>
   <div class='ocr_carea' id='block_1_90' title="bbox 2196 3073 3753 3148">
    <p class='ocr_par' dir='ltr' id='par_1_90' title="bbox 2196 3073 3753 3148">
     <span class='ocr_line' id='line_1_90' title="bbox 2196 3073 3753 3148; baseline 0 -18"><span class='ocrx_word' id='word_1_750' title='bbox 2196 3076 2349 3130; x_wconf 84' lang='lat' dir='ltr'><strong>ticum</strong></span> <span class='ocrx_word' id='word_1_751' title='bbox 2387 3091 2686 3141; x_wconf 77' lang='lat' dir='ltr'><strong>sermonem,</strong></span> <span class='ocrx_word' id='word_1_752' title='bbox 2726 3075 2810 3129; x_wconf 86' lang='lat' dir='ltr'><strong>cui</strong></span> <span class='ocrx_word' id='word_1_753' title='bbox 2843 3073 2967 3132; x_wconf 84' lang='lat' dir='ltr'><strong>bene</strong></span> <span class='ocrx_word' id='word_1_754' title='bbox 2996 3075 3163 3148; x_wconf 81' lang='lat' dir='ltr'><strong>facitis</strong></span> <span class='ocrx_word' id='word_1_755' title='bbox 3183 3077 3528 3144; x_wconf 87' lang='lat' dir='ltr'><strong>intendentes,</strong></span> <span class='ocrx_word' id='word_1_756' title='bbox 3555 3078 3673 3132; x_wconf 84' lang='lat' dir='ltr'><strong>sicut</strong></span> <span class='ocrx_word' id='word_1_757' title='bbox 3699 3076 3753 3131; x_wconf 79' lang='lat' dir='ltr'><strong>lu-</strong></span> 
     </span>
    </p>
   </div>
   <div class='ocr_carea' id='block_1_91' title="bbox 2194 3166 3753 3238">
    <p class='ocr_par' dir='ltr' id='par_1_91' title="bbox 2194 3166 3753 3238">
     <span class='ocr_line' id='line_1_91' title="bbox 2194 3166 3753 3238; baseline -0.001 -16"><span class='ocrx_word' id='word_1_758' title='bbox 2194 3183 2358 3223; x_wconf 80' lang='lat' dir='ltr'><strong>cerna:</strong></span> <span class='ocrx_word' id='word_1_759' title='bbox 2377 3167 2563 3222; x_wconf 83' lang='lat' dir='ltr'><strong>lucenti</strong></span> <span class='ocrx_word' id='word_1_760' title='bbox 2585 3167 2639 3222; x_wconf 89' lang='lat' dir='ltr'><strong>in</strong></span> <span class='ocrx_word' id='word_1_761' title='bbox 2667 3166 2878 3221; x_wconf 79' lang='lat' dir='ltr'><strong>obscuro</strong></span> <span class='ocrx_word' id='word_1_762' title='bbox 2899 3166 3032 3236; x_wconf 85' lang='lat' dir='ltr'><strong>loco,</strong></span> <span class='ocrx_word' id='word_1_763' title='bbox 3061 3168 3218 3223; x_wconf 87' lang='lat' dir='ltr'><strong>donec</strong></span> <span class='ocrx_word' id='word_1_764' title='bbox 3238 3168 3354 3224; x_wconf 87' lang='lat' dir='ltr'><strong>dies</strong></span> <span class='ocrx_word' id='word_1_765' title='bbox 3377 3168 3614 3238; x_wconf 83' lang='lat' dir='ltr'><strong>lucescat,</strong></span> <span class='ocrx_word' id='word_1_766' title='bbox 3641 3177 3680 3224; x_wconf 87' lang='lat' dir='ltr'><strong>et</strong></span> <span class='ocrx_word' id='word_1_767' title='bbox 3697 3167 3753 3221; x_wconf 72' lang='lat' dir='ltr'><strong>lu-</strong></span> 
     </span>
    </p>
   </div>
   <div class='ocr_carea' id='block_1_92' title="bbox 2195 3258 3749 3336">
    <p class='ocr_par' dir='ltr' id='par_1_92' title="bbox 2195 3258 3749 3336">
     <span class='ocr_line' id='line_1_92' title="bbox 2195 3258 3749 3336; baseline 0.003 -22"><span class='ocrx_word' id='word_1_768' title='bbox 2195 3261 2323 3329; x_wconf 80' lang='lat' dir='ltr'><strong>cifer</strong></span> <span class='ocrx_word' id='word_1_769' title='bbox 2345 3261 2540 3316; x_wconf 87' lang='lat' dir='ltr'><strong>oriatur</strong></span> <span class='ocrx_word' id='word_1_770' title='bbox 2573 3259 2628 3314; x_wconf 87' lang='lat' dir='ltr'><strong>in</strong></span> <span class='ocrx_word' id='word_1_771' title='bbox 2653 3258 2888 3314; x_wconf 84' lang='lat' dir='ltr'><strong>cordibus</strong></span> <span class='ocrx_word' id='word_1_772' title='bbox 2916 3261 3091 3315; x_wconf 86' lang='lat' dir='ltr'><strong>uestris</strong></span> <span class='ocrx_word' id='word_1_773' title='bbox 3117 3260 3194 3335; x_wconf 88' lang='lat' dir='ltr'><strong>(ll</strong></span> <span class='ocrx_word' id='word_1_774' title='bbox 3220 3260 3375 3318; x_wconf 87' lang='lat' dir='ltr'><strong>Petr.</strong></span> <span class='ocrx_word' id='word_1_775' title='bbox 3407 3279 3446 3332; x_wconf 88' lang='grc' dir='ltr'><strong>ι,</strong></span> <span class='ocrx_word' id='word_1_776' title='bbox 3472 3262 3749 3336; x_wconf 82' lang='lat' dir='ltr'><strong>19).Quam-</strong></span> 
     </span>
    </p>
   </div>
   <div class='ocr_carea' id='block_1_93' title="bbox 2194 3352 3746 3426">
    <p class='ocr_par' dir='ltr' id='par_1_93' title="bbox 2194 3352 3746 3426">
     <span class='ocr_line' id='line_1_93' title="bbox 2194 3352 3746 3426; baseline 0.001 -15"><span class='ocrx_word' id='word_1_777' title='bbox 2194 3354 2285 3411; x_wconf 91' lang='lat' dir='ltr'><strong>diu</strong></span> <span class='ocrx_word' id='word_1_778' title='bbox 2305 3367 2435 3426; x_wconf 80' lang='lat' dir='ltr'><strong>ergo</strong></span> <span class='ocrx_word' id='word_1_779' title='bbox 2459 3352 2526 3409; x_wconf 92' lang='lat' dir='ltr'><strong>ad</strong></span> <span class='ocrx_word' id='word_1_780' title='bbox 2553 3353 2827 3409; x_wconf 90' lang='lat' dir='ltr'><strong>lucernam</strong></span> <span class='ocrx_word' id='word_1_781' title='bbox 2854 3353 3210 3422; x_wconf 87' lang='lat' dir='ltr'><strong>ambulamus,</strong></span> <span class='ocrx_word' id='word_1_782' title='bbox 3234 3371 3468 3414; x_wconf 89' lang='lat' dir='ltr'><strong>necesse</strong></span> <span class='ocrx_word' id='word_1_783' title='bbox 3489 3368 3572 3414; x_wconf 88' lang='lat' dir='ltr'><strong>est</strong></span> <span class='ocrx_word' id='word_1_784' title='bbox 3592 3367 3644 3413; x_wconf 90' lang='lat' dir='ltr'><strong>ut</strong></span> <span class='ocrx_word' id='word_1_785' title='bbox 3659 3371 3746 3413; x_wconf 82' lang='lat' dir='ltr'><strong>cum</strong></span> 
     </span>
    </p>
   </div>
   <div class='ocr_carea' id='block_1_94' title="bbox 2197 3442 3746 3513">
    <p class='ocr_par' dir='ltr' id='par_1_94' title="bbox 2197 3442 3746 3513">
     <span class='ocr_line' id='line_1_94' title="bbox 2197 3442 3746 3513; baseline 0 -11"><span class='ocrx_word' id='word_1_786' title='bbox 2197 3447 2388 3502; x_wconf 89' lang='lat' dir='ltr'><strong>timore</strong></span> <span class='ocrx_word' id='word_1_787' title='bbox 2428 3443 2690 3501; x_wconf 87' lang='lat' dir='ltr'><strong>vivamus.</strong></span> <span class='ocrx_word' id='word_1_788' title='bbox 2733 3442 2867 3501; x_wconf 88' lang='lat' dir='ltr'><strong>Cum</strong></span> <span class='ocrx_word' id='word_1_789' title='bbox 2902 3454 3080 3502; x_wconf 88' lang='lat' dir='ltr'><strong>autem</strong></span> <span class='ocrx_word' id='word_1_790' title='bbox 3109 3449 3319 3503; x_wconf 88' lang='lat' dir='ltr'><strong>venerit</strong></span> <span class='ocrx_word' id='word_1_791' title='bbox 3355 3447 3477 3505; x_wconf 89' lang='lat' dir='ltr'><strong>dies</strong></span> <span class='ocrx_word' id='word_1_792' title='bbox 3511 3457 3688 3513; x_wconf 85' lang='lat' dir='ltr'><strong>noster.</strong></span> <span class='ocrx_word' id='word_1_793' title='bbox 3711 3445 3746 3502; x_wconf 86' lang='lat' dir='ltr'><strong>id</strong></span> 
     </span>
    </p>
   </div>
   <div class='ocr_carea' id='block_1_95' title="bbox 2196 3535 3742 3612">
    <p class='ocr_par' dir='ltr' id='par_1_95' title="bbox 2196 3535 3742 3612">
     <span class='ocr_line' id='line_1_95' title="bbox 2196 3535 3742 3612; baseline -0.001 -17"><span class='ocrx_word' id='word_1_794' title='bbox 2196 3548 2279 3595; x_wconf 90' lang='lat' dir='ltr'><strong>est</strong></span> <span class='ocrx_word' id='word_1_795' title='bbox 2305 3536 2662 3593; x_wconf 85' lang='lat' dir='ltr'><strong>manifestatiu</strong></span> <span class='ocrx_word' id='word_1_796' title='bbox 2685 3535 2906 3601; x_wconf 90' lang='lat' dir='ltr'><strong>Christi,</strong></span> <span class='ocrx_word' id='word_1_797' title='bbox 2925 3535 2992 3593; x_wconf 93' lang='lat' dir='ltr'><strong>de</strong></span> <span class='ocrx_word' id='word_1_798' title='bbox 3012 3553 3116 3609; x_wconf 89' lang='lat' dir='ltr'><strong>qua</strong></span> <span class='ocrx_word' id='word_1_799' title='bbox 3143 3538 3283 3595; x_wconf 93' lang='lat' dir='ltr'><strong>idem</strong></span> <span class='ocrx_word' id='word_1_800' title='bbox 3315 3539 3454 3596; x_wconf 91' lang='lat' dir='ltr'><strong>dicit</strong></span> <span class='ocrx_word' id='word_1_801' title='bbox 3485 3539 3742 3612; x_wconf 77' lang='lat' dir='ltr'><strong>Apostolus,</strong></span> 
     </span>
    </p>
   </div>
   <div class='ocr_carea' id='block_1_96' title="bbox 2198 3628 3740 3702">
    <p class='ocr_par' dir='ltr' id='par_1_96' title="bbox 2198 3628 3740 3702">
     <span class='ocr_line' id='line_1_96' title="bbox 2198 3628 3740 3702; baseline 0 -16"><span class='ocrx_word' id='word_1_802' title='bbox 2198 3630 2326 3686; x_wconf 83' lang='lat' dir='ltr'><strong>Cum</strong></span> <span class='ocrx_word' id='word_1_803' title='bbox 2355 3629 2584 3686; x_wconf 86' lang='lat' dir='ltr'><strong>Christus</strong></span> <span class='ocrx_word' id='word_1_804' title='bbox 2608 3628 2905 3701; x_wconf 87' lang='lat' dir='ltr'><strong>apparuerit</strong></span> <span class='ocrx_word' id='word_1_805' title='bbox 2933 3630 3034 3684; x_wconf 79' lang='lat' dir='ltr'><strong>vita</strong></span> <span class='ocrx_word' id='word_1_806' title='bbox 3058 3641 3245 3698; x_wconf 83' lang='lat' dir='ltr'><strong>uestra,</strong></span> <span class='ocrx_word' id='word_1_807' title='bbox 3287 3641 3418 3686; x_wconf 85' lang='lat' dir='ltr'><strong>tunc</strong></span> <span class='ocrx_word' id='word_1_808' title='bbox 3446 3642 3492 3688; x_wconf 88' lang='lat' dir='ltr'><strong>et</strong></span> <span class='ocrx_word' id='word_1_809' title='bbox 3515 3647 3598 3687; x_wconf 73' lang='lat' dir='ltr'><strong>vos</strong></span> <span class='ocrx_word' id='word_1_810' title='bbox 3620 3645 3740 3702; x_wconf 79' lang='lat' dir='ltr'><strong>appa-</strong></span> 
     </span>
    </p>
   </div>
   <div class='ocr_carea' id='block_1_97' title="bbox 2194 3719 3739 3796">
    <p class='ocr_par' dir='ltr' id='par_1_97' title="bbox 2194 3719 3739 3796">
     <span class='ocr_line' id='line_1_97' title="bbox 2194 3719 3739 3796; baseline -0.001 -17"><span class='ocrx_word' id='word_1_811' title='bbox 2194 3725 2368 3781; x_wconf 86' lang='lat' dir='ltr'><strong>rebitis</strong></span> <span class='ocrx_word' id='word_1_812' title='bbox 2413 3739 2531 3778; x_wconf 84' lang='lat' dir='ltr'><strong>cum</strong></span> <span class='ocrx_word' id='word_1_813' title='bbox 2570 3723 2682 3794; x_wconf 90' lang='lat' dir='ltr'><strong>ipso</strong></span> <span class='ocrx_word' id='word_1_814' title='bbox 2721 3722 2776 3776; x_wconf 89' lang='lat' dir='ltr'><strong>in</strong></span> <span class='ocrx_word' id='word_1_815' title='bbox 2819 3721 2984 3794; x_wconf 89' lang='lat' dir='ltr'><strong>gloria</strong></span> <span class='ocrx_word' id='word_1_816' title='bbox 3025 3719 3246 3796; x_wconf 88' lang='lat' dir='ltr'><strong>(Coloss.</strong></span> <span class='ocrx_word' id='word_1_817' title='bbox 3278 3740 3363 3793; x_wconf 85' lang='grc' dir='ltr'>ιιι,</span> <span class='ocrx_word' id='word_1_818' title='bbox 3395 3725 3491 3796; x_wconf 79' lang='grc'><strong>4);</strong></span> <span class='ocrx_word' id='word_1_819' title='bbox 3521 3734 3635 3781; x_wconf 88' lang='lat' dir='ltr'><strong>tunc</strong></span> <span class='ocrx_word' id='word_1_820' title='bbox 3647 3721 3739 3795; x_wconf 84' lang='lat' dir='ltr'><strong>justi</strong></span> 
     </span>
    </p>
   </div>
   <div class='ocr_carea' id='block_1_98' title="bbox 2197 3812 3736 3886">
    <p class='ocr_par' dir='ltr' id='par_1_98' title="bbox 2197 3812 3736 3886">
     <span class='ocr_line' id='line_1_98' title="bbox 2197 3812 3736 3886; baseline -0.003 -13"><span class='ocrx_word' id='word_1_821' title='bbox 2197 3815 2447 3874; x_wconf 91' lang='lat' dir='ltr'><strong>ridebunt</strong></span> <span class='ocrx_word' id='word_1_822' title='bbox 2473 3815 2631 3870; x_wconf 89' lang='lat' dir='ltr'><strong>istum</strong></span> <span class='ocrx_word' id='word_1_823' title='bbox 2669 3812 2870 3870; x_wconf 90' lang='lat' dir='ltr'><strong>Doech.</strong></span> <span class='ocrx_word' id='word_1_824' title='bbox 2897 3812 3014 3869; x_wconf 84' lang='lat' dir='ltr'><strong>Non</strong></span> <span class='ocrx_word' id='word_1_825' title='bbox 3034 3822 3119 3870; x_wconf 90' lang='lat' dir='ltr'><strong>est</strong></span> <span class='ocrx_word' id='word_1_826' title='bbox 3141 3815 3284 3871; x_wconf 90' lang='lat' dir='ltr'><strong>enim</strong></span> <span class='ocrx_word' id='word_1_827' title='bbox 3305 3816 3424 3886; x_wconf 89' lang='lat' dir='ltr'><strong>jam</strong></span> <span class='ocrx_word' id='word_1_828' title='bbox 3444 3813 3736 3872; x_wconf 80' lang='lat' dir='ltr'><strong>subveniendi</strong></span> 
     </span>
    </p>
   </div>
   <div class='ocr_carea' id='block_1_99' title="bbox 2197 3903 3735 3978">
    <p class='ocr_par' dir='ltr' id='par_1_99' title="bbox 2197 3903 3735 3978">
     <span class='ocr_line' id='line_1_99' title="bbox 2197 3903 3735 3978; baseline -0.003 -14"><span class='ocrx_word' id='word_1_829' title='bbox 2197 3909 2348 3965; x_wconf 89' lang='lat' dir='ltr'><strong>locus</strong></span> <span class='ocrx_word' id='word_1_830' title='bbox 2367 3925 2380 3964; x_wconf 94' lang='lat'>:</span> <span class='ocrx_word' id='word_1_831' title='bbox 2400 3923 2507 3964; x_wconf 94' lang='lat' dir='ltr'><strong>non</strong></span> <span class='ocrx_word' id='word_1_832' title='bbox 2524 3903 2795 3978; x_wconf 90' lang='lat' dir='ltr'><strong>quomodo</strong></span> <span class='ocrx_word' id='word_1_833' title='bbox 2821 3920 2982 3973; x_wconf 93' lang='lat' dir='ltr'><strong>nunc,</strong></span> <span class='ocrx_word' id='word_1_834' title='bbox 3001 3905 3214 3976; x_wconf 87' lang='lat' dir='ltr'><strong>quando</strong></span> <span class='ocrx_word' id='word_1_835' title='bbox 3239 3907 3395 3964; x_wconf 88' lang='lat' dir='ltr'><strong>vides</strong></span> <span class='ocrx_word' id='word_1_836' title='bbox 3417 3907 3663 3964; x_wconf 87' lang='lat' dir='ltr'><strong>hominem</strong></span> <span class='ocrx_word' id='word_1_837' title='bbox 3676 3906 3735 3961; x_wconf 83' lang='lat' dir='ltr'><strong>ia-</strong></span> 
     </span>
    </p>
   </div>
   <div class='ocr_carea' id='block_1_100' title="bbox 2192 4001 3733 4076">
    <p class='ocr_par' dir='ltr' id='par_1_100' title="bbox 2192 4001 3733 4076">
     <span class='ocr_line' id='line_1_100' title="bbox 2192 4001 3733 4076; baseline -0.003 -18"><span class='ocrx_word' id='word_1_838' title='bbox 2192 4001 2339 4075; x_wconf 82' lang='lat' dir='ltr'><strong>juste</strong></span> <span class='ocrx_word' id='word_1_839' title='bbox 2363 4001 2655 4068; x_wconf 87' lang='lat' dir='ltr'><strong>viventem,</strong></span> <span class='ocrx_word' id='word_1_840' title='bbox 2674 4001 2753 4057; x_wconf 90' lang='lat' dir='ltr'><strong>vis</strong></span> <span class='ocrx_word' id='word_1_841' title='bbox 2777 4017 2900 4057; x_wconf 92' lang='lat' dir='ltr'><strong>cum</strong></span> <span class='ocrx_word' id='word_1_842' title='bbox 2918 4001 3010 4058; x_wconf 93' lang='lat' dir='ltr'><strong>illo</strong></span> <span class='ocrx_word' id='word_1_843' title='bbox 3036 4002 3282 4060; x_wconf 87' lang='lat' dir='ltr'><strong>laborare</strong></span> <span class='ocrx_word' id='word_1_844' title='bbox 3301 4013 3366 4060; x_wconf 89' lang='lat' dir='ltr'><strong>ut</strong></span> <span class='ocrx_word' id='word_1_845' title='bbox 3385 4005 3632 4076; x_wconf 85' lang='lat' dir='ltr'><strong>corrigas;</strong></span> <span class='ocrx_word' id='word_1_846' title='bbox 3648 4001 3733 4074; x_wconf 86' lang='lat' dir='ltr'><strong>quis</strong></span> 
     </span>
    </p>
   </div>
   <div class='ocr_carea' id='block_1_101' title="bbox 2196 4095 3735 4168">
    <p class='ocr_par' dir='ltr' id='par_1_101' title="bbox 2196 4095 3735 4168">
     <span class='ocr_line' id='line_1_101' title="bbox 2196 4095 3735 4168; baseline -0.002 -16"><span class='ocrx_word' id='word_1_847' title='bbox 2196 4097 2288 4168; x_wconf 92' lang='lat' dir='ltr'><strong>qui</strong></span> <span class='ocrx_word' id='word_1_848' title='bbox 2316 4095 2544 4166; x_wconf 75' lang='lat' dir='ltr'><strong>iniustus</strong></span> <span class='ocrx_word' id='word_1_849' title='bbox 2574 4103 2690 4162; x_wconf 92' lang='lat' dir='ltr'><strong>est,</strong></span> <span class='ocrx_word' id='word_1_850' title='bbox 2732 4109 3024 4151; x_wconf 88' lang='lat' dir='ltr'><strong>conversus</strong></span> <span class='ocrx_word' id='word_1_851' title='bbox 3065 4098 3258 4166; x_wconf 91' lang='lat' dir='ltr'><strong>poterit</strong></span> <span class='ocrx_word' id='word_1_852' title='bbox 3274 4097 3458 4166; x_wconf 87' lang='lat' dir='ltr'><strong>justus</strong></span> <span class='ocrx_word' id='word_1_853' title='bbox 3482 4113 3614 4163; x_wconf 90' lang='lat' dir='ltr'><strong>esse,</strong></span> <span class='ocrx_word' id='word_1_854' title='bbox 3641 4108 3735 4166; x_wconf 83' lang='lat' dir='ltr'><strong>quo-</strong></span> 
     </span>
    </p>
   </div>
   <div class='ocr_carea' id='block_1_102' title="bbox 2199 4185 3732 4260">
    <p class='ocr_par' dir='ltr' id='par_1_102' title="bbox 2199 4185 3732 4260">
     <span class='ocr_line' id='line_1_102' title="bbox 2199 4185 3732 4260; baseline -0.002 -17"><span class='ocrx_word' id='word_1_855' title='bbox 2199 4188 2360 4244; x_wconf 92' lang='lat' dir='ltr'><strong>modo</strong></span> <span class='ocrx_word' id='word_1_856' title='bbox 2398 4197 2452 4243; x_wconf 90' lang='lat' dir='ltr'><strong>et</strong></span> <span class='ocrx_word' id='word_1_857' title='bbox 2481 4187 2656 4257; x_wconf 86' lang='lat' dir='ltr'><strong>justus</strong></span> <span class='ocrx_word' id='word_1_858' title='bbox 2691 4201 2911 4242; x_wconf 89' lang='lat' dir='ltr'><strong>aversus</strong></span> <span class='ocrx_word' id='word_1_859' title='bbox 2945 4195 3123 4258; x_wconf 88' lang='lat' dir='ltr'><strong>potest</strong></span> <span class='ocrx_word' id='word_1_860' title='bbox 3156 4187 3388 4260; x_wconf 87' lang='lat' dir='ltr'><strong>injustus</strong></span> <span class='ocrx_word' id='word_1_861' title='bbox 3426 4203 3558 4246; x_wconf 88' lang='lat' dir='ltr'><strong>esse.</strong></span> <span class='ocrx_word' id='word_1_862' title='bbox 3594 4185 3732 4255; x_wconf 80' lang='lat' dir='ltr'><strong>itaque</strong></span> 
     </span>
    </p>
   </div>
   <div class='ocr_carea' id='block_1_103' title="bbox 2199 4277 3731 4352">
    <p class='ocr_par' dir='ltr' id='par_1_103' title="bbox 2199 4277 3731 4352">
     <span class='ocr_line' id='line_1_103' title="bbox 2199 4277 3731 4352; baseline -0.003 -17"><span class='ocrx_word' id='word_1_863' title='bbox 2199 4295 2298 4336; x_wconf 90' lang='lat' dir='ltr'><strong>nec</strong></span> <span class='ocrx_word' id='word_1_864' title='bbox 2321 4277 2388 4336; x_wconf 90' lang='lat' dir='ltr'><strong>de</strong></span> <span class='ocrx_word' id='word_1_865' title='bbox 2416 4287 2470 4335; x_wconf 91' lang='lat' dir='ltr'><strong>te</strong></span> <span class='ocrx_word' id='word_1_866' title='bbox 2500 4293 2810 4350; x_wconf 72' lang='lat' dir='ltr'><strong>pmsumas,</strong></span> <span class='ocrx_word' id='word_1_867' title='bbox 2839 4293 2938 4334; x_wconf 84' lang='lat' dir='ltr'><strong>nec</strong></span> <span class='ocrx_word' id='word_1_868' title='bbox 2964 4278 3032 4335; x_wconf 90' lang='lat' dir='ltr'><strong>de</strong></span> <span class='ocrx_word' id='word_1_869' title='bbox 3061 4278 3153 4335; x_wconf 93' lang='lat' dir='ltr'><strong>illo</strong></span> <span class='ocrx_word' id='word_1_870' title='bbox 3177 4278 3468 4352; x_wconf 89' lang='lat' dir='ltr'><strong>desperes;</strong></span> <span class='ocrx_word' id='word_1_871' title='bbox 3498 4289 3545 4337; x_wconf 89' lang='lat' dir='ltr'><strong>et</strong></span> <span class='ocrx_word' id='word_1_872' title='bbox 3564 4279 3620 4335; x_wconf 87' lang='lat' dir='ltr'><strong>da</strong></span> <span class='ocrx_word' id='word_1_873' title='bbox 3634 4291 3731 4348; x_wconf 84' lang='lat' dir='ltr'><strong>ope-</strong></span> 
     </span>
    </p>
   </div>
   <div class='ocr_carea' id='block_1_104' title="bbox 2200 4369 3726 4442">
    <p class='ocr_par' dir='ltr' id='par_1_104' title="bbox 2200 4369 3726 4442">
     <span class='ocr_line' id='line_1_104' title="bbox 2200 4369 3726 4442; baseline -0.003 -16"><span class='ocrx_word' id='word_1_874' title='bbox 2200 4385 2313 4426; x_wconf 89' lang='lat' dir='ltr'><strong>ram</strong></span> <span class='ocrx_word' id='word_1_875' title='bbox 2340 4378 2597 4442; x_wconf 89' lang='lat' dir='ltr'><strong>quantum</strong></span> <span class='ocrx_word' id='word_1_876' title='bbox 2625 4377 2796 4440; x_wconf 90' lang='lat' dir='ltr'><strong>potes,</strong></span> <span class='ocrx_word' id='word_1_877' title='bbox 2823 4369 2868 4425; x_wconf 91' lang='lat' dir='ltr'><strong>si</strong></span> <span class='ocrx_word' id='word_1_878' title='bbox 2893 4369 3152 4442; x_wconf 88' lang='lat' dir='ltr'><strong>benignus</strong></span> <span class='ocrx_word' id='word_1_879' title='bbox 3172 4386 3250 4437; x_wconf 90' lang='lat' dir='ltr'><strong>es,</strong></span> <span class='ocrx_word' id='word_1_880' title='bbox 3273 4373 3447 4428; x_wconf 90' lang='lat' dir='ltr'><strong>sinon</strong></span> <span class='ocrx_word' id='word_1_881' title='bbox 3471 4371 3628 4442; x_wconf 86' lang='lat' dir='ltr'><strong>diligis</strong></span> <span class='ocrx_word' id='word_1_882' title='bbox 3644 4382 3726 4425; x_wconf 77' lang='lat' dir='ltr'><strong>uu-</strong></span> 
     </span>
    </p>
   </div>
   <div class='ocr_carea' id='block_1_105' title="bbox 2199 4463 3725 4535">
    <p class='ocr_par' dir='ltr' id='par_1_105' title="bbox 2199 4463 3725 4535">
     <span class='ocr_line' id='line_1_105' title="bbox 2199 4463 3725 4535; baseline -0.001 -17"><span class='ocrx_word' id='word_1_883' title='bbox 2199 4463 2366 4519; x_wconf 91' lang='lat' dir='ltr'><strong>litiam</strong></span> <span class='ocrx_word' id='word_1_884' title='bbox 2407 4477 2570 4534; x_wconf 86' lang='lat' dir='ltr'><strong>super</strong></span> <span class='ocrx_word' id='word_1_885' title='bbox 2602 4463 3002 4535; x_wconf 85' lang='lat' dir='ltr'><strong>benignitatem,</strong></span> <span class='ocrx_word' id='word_1_886' title='bbox 3027 4474 3086 4520; x_wconf 91' lang='lat' dir='ltr'><strong>ut</strong></span> <span class='ocrx_word' id='word_1_887' title='bbox 3111 4467 3474 4524; x_wconf 87' lang='lat' dir='ltr'><strong>ambulantem</strong></span> <span class='ocrx_word' id='word_1_888' title='bbox 3513 4463 3725 4521; x_wconf 82' lang='lat' dir='ltr'><strong>hominem</strong></span> 
     </span>
    </p>
   </div>
   <div class='ocr_carea' id='block_1_106' title="bbox 2203 4551 3722 4629">
    <p class='ocr_par' dir='ltr' id='par_1_106' title="bbox 2203 4551 3722 4629">
     <span class='ocr_line' id='line_1_106' title="bbox 2203 4551 3722 4629; baseline -0.003 -20"><span class='ocrx_word' id='word_1_889' title='bbox 2203 4555 2256 4611; x_wconf 93' lang='lat' dir='ltr'><strong>in</strong></span> <span class='ocrx_word' id='word_1_890' title='bbox 2287 4555 2375 4610; x_wconf 87' lang='lat' dir='ltr'><strong>via</strong></span> <span class='ocrx_word' id='word_1_891' title='bbox 2396 4555 2536 4611; x_wconf 90' lang='lat' dir='ltr'><strong>mala</strong></span> <span class='ocrx_word' id='word_1_892' title='bbox 2558 4563 2613 4611; x_wconf 89' lang='lat' dir='ltr'><strong>et</strong></span> <span class='ocrx_word' id='word_1_893' title='bbox 2627 4563 2900 4612; x_wconf 88' lang='lat' dir='ltr'><strong>errantem</strong></span> <span class='ocrx_word' id='word_1_894' title='bbox 2919 4557 3156 4629; x_wconf 87' lang='lat' dir='ltr'><strong>corrigas</strong></span> <span class='ocrx_word' id='word_1_895' title='bbox 3171 4558 3237 4614; x_wconf 90' lang='lat' dir='ltr'><strong>ad</strong></span> <span class='ocrx_word' id='word_1_896' title='bbox 3255 4561 3394 4616; x_wconf 89' lang='lat' dir='ltr'><strong>viam</strong></span> <span class='ocrx_word' id='word_1_897' title='bbox 3410 4551 3722 4616; x_wconf 82' lang='lat' dir='ltr'><strong>bonam.&#39;l‘unc</strong></span> 
     </span>
    </p>
   </div>
   <div class='ocr_carea' id='block_1_107' title="bbox 2203 4647 3722 4722">
    <p class='ocr_par' dir='ltr' id='par_1_107' title="bbox 2203 4647 3722 4722">
     <span class='ocr_line' id='line_1_107' title="bbox 2203 4647 3722 4722; baseline 0 -21"><span class='ocrx_word' id='word_1_898' title='bbox 2203 4661 2334 4702; x_wconf 90' lang='lat' dir='ltr'><strong>vero</strong></span> <span class='ocrx_word' id='word_1_899' title='bbox 2375 4661 2495 4703; x_wconf 91' lang='lat' dir='ltr'><strong>cum</strong></span> <span class='ocrx_word' id='word_1_900' title='bbox 2539 4649 2746 4704; x_wconf 89' lang='lat' dir='ltr'><strong>venerit</strong></span> <span class='ocrx_word' id='word_1_901' title='bbox 2779 4648 2964 4718; x_wconf 86' lang='lat' dir='ltr'><strong>judicii</strong></span> <span class='ocrx_word' id='word_1_902' title='bbox 2992 4659 3236 4722; x_wconf 90' lang='lat' dir='ltr'><strong>tempus,</strong></span> <span class='ocrx_word' id='word_1_903' title='bbox 3269 4650 3597 4710; x_wconf 83' lang='lat' dir='ltr'><strong>correctionis</strong></span> <span class='ocrx_word' id='word_1_904' title='bbox 3618 4647 3722 4703; x_wconf 72' lang='lat' dir='ltr'><strong>low</strong></span> 
     </span>
    </p>
   </div>
   <div class='ocr_carea' id='block_1_108' title="bbox 2204 4725 3715 4811">
    <p class='ocr_par' dir='ltr' id='par_1_108' title="bbox 2204 4725 3715 4811">
     <span class='ocr_line' id='line_1_108' title="bbox 2204 4725 3715 4811; baseline -0.003 -16"><span class='ocrx_word' id='word_1_905' title='bbox 2204 4725 2312 4796; x_wconf 84' lang='lat' dir='ltr'><strong>non</strong></span> <span class='ocrx_word' id='word_1_906' title='bbox 2341 4741 2463 4810; x_wconf 90' lang='lat' dir='ltr'><strong>erit,</strong></span> <span class='ocrx_word' id='word_1_907' title='bbox 2491 4740 2586 4796; x_wconf 88' lang='lat' dir='ltr'><strong>sed</strong></span> <span class='ocrx_word' id='word_1_908' title='bbox 2615 4750 2818 4797; x_wconf 88' lang='lat' dir='ltr'><strong>tantum</strong></span> <span class='ocrx_word' id='word_1_909' title='bbox 2858 4742 3217 4800; x_wconf 87' lang='lat' dir='ltr'><strong>damnationis</strong></span> <span class='ocrx_word' id='word_1_910' title='bbox 3247 4764 3262 4804; x_wconf 89' lang='lat'><strong>:</strong></span> <span class='ocrx_word' id='word_1_911' title='bbox 3295 4756 3348 4804; x_wconf 90' lang='lat' dir='ltr'><strong>et</strong></span> <span class='ocrx_word' id='word_1_912' title='bbox 3375 4747 3473 4804; x_wconf 89' lang='lat' dir='ltr'><strong>erit</strong></span> <span class='ocrx_word' id='word_1_913' title='bbox 3499 4744 3558 4799; x_wconf 92' lang='lat' dir='ltr'><strong>ibi</strong></span> <span class='ocrx_word' id='word_1_914' title='bbox 3593 4735 3715 4811; x_wconf 69' lang='lat' dir='ltr'><strong>paui-</strong></span> 
     </span>
    </p>
   </div>
   <div class='ocr_carea' id='block_1_109' title="bbox 2204 4828 3717 4908">
    <p class='ocr_par' dir='ltr' id='par_1_109' title="bbox 2204 4828 3717 4908">
     <span class='ocr_line' id='line_1_109' title="bbox 2204 4828 3717 4908; baseline -0.003 -18"><span class='ocrx_word' id='word_1_915' title='bbox 2204 4834 2508 4901; x_wconf 87' lang='lat' dir='ltr'><strong>tenlia,-sed</strong></span> <span class='ocrx_word' id='word_1_916' title='bbox 2532 4833 2881 4902; x_wconf 84' lang='lat' dir='ltr'><strong>infructuosa,</strong></span> <span class='ocrx_word' id='word_1_917' title='bbox 2911 4837 3034 4908; x_wconf 89' lang='lat' dir='ltr'><strong>quia</strong></span> <span class='ocrx_word' id='word_1_918' title='bbox 3059 4852 3200 4894; x_wconf 89' lang='lat' dir='ltr'><strong>sera.</strong></span> <span class='ocrx_word' id='word_1_919' title='bbox 3227 4839 3320 4896; x_wconf 80' lang='lat' dir='ltr'><strong>Vis</strong></span> <span class='ocrx_word' id='word_1_920' title='bbox 3338 4851 3394 4896; x_wconf 91' lang='lat' dir='ltr'><strong>ut</strong></span> <span class='ocrx_word' id='word_1_921' title='bbox 3416 4841 3481 4894; x_wconf 91' lang='lat' dir='ltr'><strong>sit</strong></span> <span class='ocrx_word' id='word_1_922' title='bbox 3505 4828 3717 4892; x_wconf 78' lang='lat' dir='ltr'><strong>frutuosal</strong></span> 
     </span>
    </p>
   </div>
   <div class='ocr_carea' id='block_1_110' title="bbox 2203 4921 3711 4998">
    <p class='ocr_par' dir='ltr' id='par_1_110' title="bbox 2203 4921 3711 4998">
     <span class='ocr_line' id='line_1_110' title="bbox 2203 4921 3711 4998; baseline -0.002 -16"><span class='ocrx_word' id='word_1_923' title='bbox 2203 4924 2320 4982; x_wconf 84' lang='lat' dir='ltr'><strong>Non</strong></span> <span class='ocrx_word' id='word_1_924' title='bbox 2365 4927 2435 4982; x_wconf 90' lang='lat' dir='ltr'><strong>sit</strong></span> <span class='ocrx_word' id='word_1_925' title='bbox 2471 4939 2589 4980; x_wconf 91' lang='lat' dir='ltr'><strong>sera</strong></span> <span class='ocrx_word' id='word_1_926' title='bbox 2622 4943 2636 4981; x_wconf 88' lang='lat'>:</span> <span class='ocrx_word' id='word_1_927' title='bbox 2669 4925 2827 4982; x_wconf 90' lang='lat' dir='ltr'><strong>hodie</strong></span> <span class='ocrx_word' id='word_1_928' title='bbox 2857 4936 2909 4984; x_wconf 90' lang='lat' dir='ltr'><strong>te</strong></span> <span class='ocrx_word' id='word_1_929' title='bbox 2932 4929 3161 4998; x_wconf 88' lang='lat' dir='ltr'><strong>corrige.</strong></span> <span class='ocrx_word' id='word_1_930' title='bbox 3205 4931 3349 4988; x_wconf 89' lang='lat' dir='ltr'><strong>Reus</strong></span> <span class='ocrx_word' id='word_1_931' title='bbox 3380 4946 3457 4996; x_wconf 90' lang='lat' dir='ltr'><strong>es,</strong></span> <span class='ocrx_word' id='word_1_932' title='bbox 3491 4929 3567 4985; x_wconf 85' lang='lat' dir='ltr'><strong>ille</strong></span> <span class='ocrx_word' id='word_1_933' title='bbox 3595 4921 3711 4994; x_wconf 76' lang='lat' dir='ltr'><strong>juile!</strong></span> 
     </span>
    </p>
   </div>
   <div class='ocr_carea' id='block_1_111' title="bbox 2203 5014 3712 5100">
    <p class='ocr_par' dir='ltr' id='par_1_111' title="bbox 2203 5014 3712 5100">
     <span class='ocr_line' id='line_1_111' title="bbox 2203 5014 3712 5100; baseline -0.005 -23"><span class='ocrx_word' id='word_1_934' title='bbox 2203 5030 2287 5077; x_wconf 89' lang='lat' dir='ltr'><strong>est</strong></span> <span class='ocrx_word' id='word_1_935' title='bbox 2319 5020 2565 5091; x_wconf 86' lang='lat' dir='ltr'><strong>:corrige</strong></span> <span class='ocrx_word' id='word_1_936' title='bbox 2607 5029 2842 5089; x_wconf 89' lang='lat' dir='ltr'><strong>reatum,</strong></span> <span class='ocrx_word' id='word_1_937' title='bbox 2874 5031 2928 5077; x_wconf 88' lang='lat' dir='ltr'><strong>et</strong></span> <span class='ocrx_word' id='word_1_938' title='bbox 2949 5023 3205 5094; x_wconf 86' lang='lat' dir='ltr'><strong>gaudebis</strong></span> <span class='ocrx_word' id='word_1_939' title='bbox 3241 5026 3308 5082; x_wconf 90' lang='lat' dir='ltr'><strong>ad</strong></span> <span class='ocrx_word' id='word_1_940' title='bbox 3332 5025 3564 5100; x_wconf 89' lang='lat' dir='ltr'><strong>judicem.</strong></span> <span class='ocrx_word' id='word_1_941' title='bbox 3594 5014 3712 5075; x_wconf 82' lang='lat' dir='ltr'><strong>llodie</strong></span> 
     </span>
    </p>
   </div>
   <div class='ocr_carea' id='block_1_112' title="bbox 2205 5110 3707 5190">
    <p class='ocr_par' dir='ltr' id='par_1_112' title="bbox 2205 5110 3707 5190">
     <span class='ocr_line' id='line_1_112' title="bbox 2205 5110 3707 5190; baseline -0.003 -20"><span class='ocrx_word' id='word_1_942' title='bbox 2205 5113 2349 5171; x_wconf 89' lang='lat' dir='ltr'><strong>enim</strong></span> <span class='ocrx_word' id='word_1_943' title='bbox 2388 5110 2637 5168; x_wconf 88' lang='lat' dir='ltr'><strong>hortatur</strong></span> <span class='ocrx_word' id='word_1_944' title='bbox 2672 5121 2752 5180; x_wconf 89' lang='lat' dir='ltr'><strong>te,</strong></span> <span class='ocrx_word' id='word_1_945' title='bbox 2795 5127 2864 5169; x_wconf 92' lang='lat' dir='ltr'><strong>ne</strong></span> <span class='ocrx_word' id='word_1_946' title='bbox 2896 5115 3095 5184; x_wconf 76' lang='lat' dir='ltr'><strong>iudicet</strong></span> <span class='ocrx_word' id='word_1_947' title='bbox 3137 5125 3224 5184; x_wconf 90' lang='lat' dir='ltr'><strong>te;</strong></span> <span class='ocrx_word' id='word_1_948' title='bbox 3259 5126 3315 5174; x_wconf 92' lang='lat' dir='ltr'><strong>et</strong></span> <span class='ocrx_word' id='word_1_949' title='bbox 3347 5119 3432 5190; x_wconf 90' lang='lat' dir='ltr'><strong>qui</strong></span> <span class='ocrx_word' id='word_1_950' title='bbox 3461 5111 3596 5185; x_wconf 78' lang='lat' dir='ltr'><strong>judes</strong></span> <span class='ocrx_word' id='word_1_951' title='bbox 3627 5115 3707 5162; x_wconf 75' lang='grc' dir='ltr'>ιιιιιε</span> 
     </span>
    </p>
   </div>
   <div class='ocr_carea' id='block_1_113' title="bbox 2207 5206 3704 5277">
    <p class='ocr_par' dir='ltr' id='par_1_113' title="bbox 2207 5206 3704 5277">
     <span class='ocr_line' id='line_1_113' title="bbox 2207 5206 3704 5277; baseline 0.007 -18"><span class='ocrx_word' id='word_1_952' title='bbox 2207 5206 2414 5261; x_wconf 88' lang='lat' dir='ltr'><strong>futurus</strong></span> <span class='ocrx_word' id='word_1_953' title='bbox 2438 5214 2540 5272; x_wconf 90' lang='lat' dir='ltr'><strong>est,</strong></span> <span class='ocrx_word' id='word_1_954' title='bbox 2574 5206 2689 5277; x_wconf 91' lang='lat' dir='ltr'><strong>ipse</strong></span> <span class='ocrx_word' id='word_1_955' title='bbox 2707 5214 2788 5262; x_wconf 91' lang='lat' dir='ltr'><strong>est</strong></span> <span class='ocrx_word' id='word_1_956' title='bbox 2803 5206 2964 5264; x_wconf 90' lang='lat' dir='ltr'><strong>hodie</strong></span> <span class='ocrx_word' id='word_1_957' title='bbox 2984 5209 3276 5270; x_wconf 86' lang='lat' dir='ltr'><strong>advocatus</strong></span> <span class='ocrx_word' id='word_1_958' title='bbox 3302 5223 3437 5269; x_wconf 90' lang='lat' dir='ltr'><strong>tuus.</strong></span> <span class='ocrx_word' id='word_1_959' title='bbox 3457 5208 3584 5266; x_wconf 82' lang='lat' dir='ltr'><strong>Tunc</strong></span> <span class='ocrx_word' id='word_1_960' title='bbox 3602 5211 3704 5269; x_wconf 63' lang='grc' dir='ltr'><strong>ετεοθ</strong></span> 
     </span>
    </p>
   </div>
   <div class='ocr_carea' id='block_1_114' title="bbox 2206 5297 3699 5380">
    <p class='ocr_par' dir='ltr' id='par_1_114' title="bbox 2206 5297 3699 5380">
     <span class='ocr_line' id='line_1_114' title="bbox 2206 5297 3699 5380; baseline -0.005 -26"><span class='ocrx_word' id='word_1_961' title='bbox 2206 5299 2420 5366; x_wconf 88' lang='lat' dir='ltr'><strong>fratres,</strong></span> <span class='ocrx_word' id='word_1_962' title='bbox 2445 5308 2611 5356; x_wconf 89' lang='lat' dir='ltr'><strong>restat</strong></span> <span class='ocrx_word' id='word_1_963' title='bbox 2638 5299 2846 5357; x_wconf 90' lang='lat' dir='ltr'><strong>ridendi</strong></span> <span class='ocrx_word' id='word_1_964' title='bbox 2877 5312 3106 5373; x_wconf 91' lang='lat' dir='ltr'><strong>tempus.</strong></span> <span class='ocrx_word' id='word_1_965' title='bbox 3143 5304 3273 5362; x_wconf 82' lang='lat' dir='ltr'><strong>Nam</strong></span> <span class='ocrx_word' id='word_1_966' title='bbox 3303 5308 3460 5380; x_wconf 87' lang='lat' dir='ltr'><strong>ipsam</strong></span> <span class='ocrx_word' id='word_1_967' title='bbox 3479 5297 3699 5380; x_wconf 77' lang='lat' dir='ltr'><strong>irrisionctn</strong></span> 
     </span>
    </p>
   </div>
   <div class='ocr_carea' id='block_1_115' title="bbox 2209 5378 3702 5474">
    <p class='ocr_par' dir='ltr' id='par_1_115' title="bbox 2209 5378 3702 5474">
     <span class='ocr_line' id='line_1_115' title="bbox 2209 5378 3702 5474; baseline -0.002 -28"><span class='ocrx_word' id='word_1_968' title='bbox 2209 5392 2508 5464; x_wconf 89' lang='lat' dir='ltr'><strong>iniquorum</strong></span> <span class='ocrx_word' id='word_1_969' title='bbox 2536 5408 2655 5464; x_wconf 73' lang='lat' dir='ltr'><strong>qua:</strong></span> <span class='ocrx_word' id='word_1_970' title='bbox 2696 5392 2871 5449; x_wconf 89' lang='lat' dir='ltr'><strong>futura</strong></span> <span class='ocrx_word' id='word_1_971' title='bbox 2899 5404 2983 5452; x_wconf 90' lang='lat' dir='ltr'><strong>est</strong></span> <span class='ocrx_word' id='word_1_972' title='bbox 3013 5395 3192 5467; x_wconf 87' lang='lat' dir='ltr'><strong>justis,</strong></span> <span class='ocrx_word' id='word_1_973' title='bbox 3215 5378 3509 5474; x_wconf 82' lang='lat' dir='ltr'><strong>signiﬁcavit</strong></span> <span class='ocrx_word' id='word_1_974' title='bbox 3524 5389 3629 5448; x_wconf 81' lang='lat' dir='ltr'><strong>liber</strong></span> <span class='ocrx_word' id='word_1_975' title='bbox 3644 5378 3702 5436; x_wconf 67' lang='lat' dir='ltr'><strong>ille</strong></span> 
     </span>
    </p>
   </div>
   <div class='ocr_carea' id='block_1_116' title="bbox 2205 5473 3696 5561">
    <p class='ocr_par' dir='ltr' id='par_1_116' title="bbox 2205 5473 3696 5561">
     <span class='ocr_line' id='line_1_116' title="bbox 2205 5473 3696 5561; baseline -0.008 -21"><span class='ocrx_word' id='word_1_976' title='bbox 2205 5482 2514 5554; x_wconf 61' lang='lat' dir='ltr'><strong>Sapientiae.</strong></span> <span class='ocrx_word' id='word_1_977' title='bbox 2540 5483 2595 5540; x_wconf 90' lang='lat' dir='ltr'><strong>In</strong></span> <span class='ocrx_word' id='word_1_978' title='bbox 2622 5485 2734 5541; x_wconf 92' lang='lat' dir='ltr'><strong>suis</strong></span> <span class='ocrx_word' id='word_1_979' title='bbox 2757 5485 2924 5555; x_wconf 90' lang='lat' dir='ltr'><strong>enim,</strong></span> <span class='ocrx_word' id='word_1_980' title='bbox 2965 5487 3019 5544; x_wconf 91' lang='lat' dir='ltr'><strong>in</strong></span> <span class='ocrx_word' id='word_1_981' title='bbox 3048 5505 3272 5561; x_wconf 90' lang='lat' dir='ltr'><strong>quorum</strong></span> <span class='ocrx_word' id='word_1_982' title='bbox 3301 5491 3490 5548; x_wconf 81' lang='lat' dir='ltr'><strong>animas</strong></span> <span class='ocrx_word' id='word_1_983' title='bbox 3520 5473 3696 5539; x_wconf 74' lang='lat' dir='ltr'><strong>transfert</strong></span> 
     </span>
    </p>
   </div>
   <div class='ocr_carea' id='block_1_117' title="bbox 2105 5568 3698 5662">
    <p class='ocr_par' dir='ltr' id='par_1_117' title="bbox 2105 5568 3698 5662">
     <span class='ocr_line' id='line_1_117' title="bbox 2105 5568 3698 5662; baseline 0.001 -32"><span class='ocrx_word' id='word_1_984' title='bbox 2105 5575 2115 5591; x_wconf 80' lang='grc'><strong><em>⁵</em></strong></span> <span class='ocrx_word' id='word_1_985' title='bbox 2208 5589 2266 5631; x_wconf 90' lang='lat' dir='ltr'><strong>se</strong></span> <span class='ocrx_word' id='word_1_986' title='bbox 2287 5576 2544 5645; x_wconf 88' lang='lat' dir='ltr'><strong>sapientia</strong></span> <span class='ocrx_word' id='word_1_987' title='bbox 2573 5577 2613 5641; x_wconf 74' lang='lat'><strong>‘,</strong></span> <span class='ocrx_word' id='word_1_988' title='bbox 2642 5575 2848 5633; x_wconf 88' lang='lat' dir='ltr'><strong>factura</strong></span> <span class='ocrx_word' id='word_1_989' title='bbox 2877 5587 2961 5635; x_wconf 87' lang='lat' dir='ltr'><strong>est</strong></span> <span class='ocrx_word' id='word_1_990' title='bbox 2991 5580 3132 5652; x_wconf 91' lang='lat' dir='ltr'><strong>quod</strong></span> <span class='ocrx_word' id='word_1_991' title='bbox 3158 5581 3327 5640; x_wconf 88' lang='lat' dir='ltr'><strong>dixit:</strong></span> <span class='ocrx_word' id='word_1_992' title='bbox 3356 5568 3698 5662; x_wconf 50' lang='lat' dir='ltr'><strong>Increpabmi“</strong></span> 
     </span>
    </p>
   </div>
   <div class='ocr_carea' id='block_1_118' title="bbox 2141 5665 3689 5742">
    <p class='ocr_par' dir='ltr' id='par_1_118' title="bbox 2141 5665 3689 5742">
     <span class='ocr_line' id='line_1_118' title="bbox 2141 5665 3689 5742; baseline 0.001 -20"><span class='ocrx_word' id='word_1_993' title='bbox 2141 5714 2144 5716; x_wconf 82' lang='grc'><strong>.</strong></span> <span class='ocrx_word' id='word_1_994' title='bbox 2208 5683 2308 5722; x_wconf 91' lang='lat' dir='ltr'><strong>non</strong></span> <span class='ocrx_word' id='word_1_995' title='bbox 2347 5666 2726 5735; x_wconf 72' lang='lat' dir='ltr'><strong>eaandiebatis;</strong></span> <span class='ocrx_word' id='word_1_996' title='bbox 2752 5669 3008 5742; x_wconf 88' lang='lat' dir='ltr'><strong>loquebar,</strong></span> <span class='ocrx_word' id='word_1_997' title='bbox 3031 5681 3078 5728; x_wconf 92' lang='lat' dir='ltr'><strong>et</strong></span> <span class='ocrx_word' id='word_1_998' title='bbox 3109 5673 3230 5728; x_wconf 84' lang='lat' dir='ltr'><strong>meis</strong></span> <span class='ocrx_word' id='word_1_999' title='bbox 3254 5668 3529 5729; x_wconf 78' lang='lat' dir='ltr'><strong>sermonibus</strong></span> <span class='ocrx_word' id='word_1_1000' title='bbox 3545 5673 3618 5715; x_wconf 75' lang='grc' dir='ltr'><strong>ηοπ</strong></span> <span class='ocrx_word' id='word_1_1001' title='bbox 3636 5665 3689 5704; x_wconf 72' lang='grc'><strong>¹⁸⁸</strong></span> 
     </span>
    </p>
   </div>
   <div class='ocr_carea' id='block_1_119' title="bbox 2275 5770 3688 5859">
    <p class='ocr_par' dir='ltr' id='par_1_119' title="bbox 2275 5770 3688 5859">
     <span class='ocr_line' id='line_1_119' title="bbox 2275 5770 3688 5859; baseline 0 0"><span class='ocrx_word' id='word_1_1002' title='bbox 2477 5788 2679 5859; x_wconf 50' lang='lat' dir='ltr'><strong>terra</strong></span> <span class='ocrx_word' id='word_1_1003' title='bbox 2693 5782 2829 5859; x_wconf 57' lang='lat' dir='ltr'><strong>eam</strong></span> <span class='ocrx_word' id='word_1_1004' title='bbox 2861 5781 3138 5859; x_wconf 71' lang='grc' dir='ltr'><strong>ἐτιίιιτιοηαη</strong></span> <span class='ocrx_word' id='word_1_1005' title='bbox 3158 5786 3341 5859; x_wconf 64' lang='lat' dir='ltr'><strong>«nium</strong></span> 
     </span>
    </p>
   </div>
   <div class='ocr_carea' id='block_1_120' title="bbox 2207 5833 3686 5906">
    <p class='ocr_par' dir='ltr' id='par_1_120' title="bbox 2207 5833 3686 5906">
     <span class='ocr_line' id='line_1_120' title="bbox 2207 5833 3686 5906; baseline 0.004 -14"><span class='ocrx_word' id='word_1_1006' title='bbox 2207 5843 2458 5906; x_wconf 83' lang='lat' dir='ltr'><strong>sapientia.</strong></span> <span class='ocrx_word' id='word_1_1007' title='bbox 2493 5851 2567 5895; x_wconf 62' lang='lat' dir='ltr'><strong>ﬂ“.</strong></span> <span class='ocrx_word' id='word_1_1008' title='bbox 2591 5833 2658 5894; x_wconf 85' lang='grc' dir='ltr'><strong>ἐι</strong></span> <span class='ocrx_word' id='word_1_1009' title='bbox 2693 5852 2824 5895; x_wconf 76' lang='grc' dir='ltr'>ιον.;</span> <span class='ocrx_word' id='word_1_1010' title='bbox 2854 5833 2912 5896; x_wconf 58' lang='lat'><strong>1..</strong></span> <span class='ocrx_word' id='word_1_1011' title='bbox 3477 5897 3480 5900; x_wconf 86' lang='lat'><strong><em>.</em></strong></span> <span class='ocrx_word' id='word_1_1012' title='bbox 3557 5833 3686 5898; x_wconf 59' lang='lat' dir='ltr'><strong>ore</strong></span> 
     </span>
    </p>
   </div>
   <div class='ocr_carea' id='block_1_121' title="bbox 2210 5906 3518 5971">
    <p class='ocr_par' dir='ltr' id='par_1_121' title="bbox 2210 5906 3518 5971">
     <span class='ocr_line' id='line_1_121' title="bbox 2210 5906 3518 5971; baseline 0.006 -15"><span class='ocrx_word' id='word_1_1013' title='bbox 2210 5917 2322 5956; x_wconf 83' lang='lat' dir='ltr'><strong>eum</strong></span> <span class='ocrx_word' id='word_1_1014' title='bbox 2343 5906 2569 5971; x_wconf 79' lang='lat' dir='ltr'><strong>transfert</strong></span> <span class='ocrx_word' id='word_1_1015' title='bbox 2586 5919 2659 5970; x_wconf 84' lang='lat' dir='ltr'><strong>se,</strong></span> <span class='ocrx_word' id='word_1_1016' title='bbox 2681 5914 2778 5961; x_wconf 75' lang='lat' dir='ltr'><strong>etc.</strong></span> <span class='ocrx_word' id='word_1_1017' title='bbox 2796 5913 2889 5961; x_wconf 71' lang='lat' dir='ltr'><strong>nos</strong></span> <span class='ocrx_word' id='word_1_1018' title='bbox 2901 5915 3006 5961; x_wconf 73' lang='lat' dir='ltr'><strong>Mss.</strong></span> <span class='ocrx_word' id='word_1_1019' title='bbox 3031 5909 3180 5962; x_wconf 81' lang='lat' dir='ltr'><strong>libros</strong></span> <span class='ocrx_word' id='word_1_1020' title='bbox 3194 5914 3346 5964; x_wconf 73' lang='lat' dir='ltr'><strong>secum</strong></span> <span class='ocrx_word' id='word_1_1021' title='bbox 3367 5911 3518 5963; x_wconf 65' lang='grc' dir='ltr'>ω</span> 
     </span>
    </p>
   </div>
  </div>
