3942 6466
176 434 303 497 609

186 549 508 612 .endebatis;
534 557 582 603 et
610 564 701 620 ego
730 556 906 603 vestrae
940 545 1212 617 perditioni
1243 545 1566 619 superridcbo
1595 542 1777 615 (Prov.

198 662 250 711 ι,
270 641 476 711 24-36).
505 641 619 697 lloc
640 641 730 696 liet
756 650 880 696 tunc
913 654 944 695 a
969 640 1127 710 justis
1154 639 1206 694 in
1238 639 1397 695 istum
1418 634 1787 694 Doech.Modo

199 745 375 794 autem
397 734 674 790 videamus
700 740 756 789 et
782 733 1084 797 timeamus,
1125 747 1195 789 ne
1234 731 1337 788 hoc
1370 733 1538 788 simus
1558 729 1699 803 quod
1730 728 1787 787 in

203 845 323 887 eum
350 828 576 883 dicimus
599 842 615 882 :
637 835 691 881 et
719 826 765 882 si
798 825 900 881 hoc
925 841 1160 892 eramus,
1186 825 1293 882 hoc
1317 840 1438 882 esse
1458 824 1785 890 desinamus,

206 930 269 980 ut
289 920 443 977 modo
472 920 744 982 timentes,
772 926 955 990 postea
988 916 1277 973 rideamus.

200 1036 205 1041 ’
274 1015 359 1070 14.
386 1010 538 1086 [εει-ε.
565 1010 648 1085 9.]
669 1010 806 1080 Quid
835 1021 1012 1067 autem
1035 1018 1159 1066 tunc
1178 1009 1358 1065 dicent
1380 1008 1470 1081 qui
1496 1007 1791 1064 ridebunt?

202 1107 270 1165 Et
288 1123 436 1176 super
463 1122 579 1160 eum
615 1105 882 1171 ridebunt,
923 1112 970 1159 et
1006 1104 1171 1159 dicent
1194 1119 1214 1159 :
1240 1102 1372 1158 Ecce
1399 1103 1550 1157 homo
1578 1103 1665 1173 qui
1690 1118 1792 1157 non

201 1198 366 1272 posuit
393 1196 558 1251 Deum
580 1196 866 1269 adjutorem
885 1213 1053 1250 suum.
1070 1194 1259 1252 Videte
1279 1209 1473 1265 corpus
1496 1203 1788 1251 terrenum.

199 1293 467 1360 Quantum
490 1288 733 1357 habebis,
758 1299 937 1344 tantus
957 1288 1085 1344 eris.
1116 1288 1462 1345 Proverbium
1483 1302 1790 1355 avarorum,

196 1383 497 1455 rapacium,
521 1382 835 1439 innocentes
860 1381 1298 1453 opprimentimn,
1342 1397 1429 1437 res
1466 1380 1670 1437 alienas
1714 1379 1796 1436 in-

194 1475 530 1541 vadentium,
545 1474 916 1531 commendata
936 1473 1260 1545 negantium.
1275 1472 1446 1543 Quale
1466 1474 1564 1529 hoc
1578 1486 1794 1544 prover-

186 1569 380 1627 bium?
400 1570 666 1638 Quantum
696 1567 915 1624 habebis
935 1610 950 1635 ,
970 1576 1146 1623 tantus
1166 1567 1307 1634 eris;
1338 1565 1389 1622 id
1412 1574 1514 1631 est,
1537 1574 1793 1637 quantum

183 1662 454 1720 habueris
493 1661 766 1733 pecunim,
815 1670 1073 1733 quantum
1118 1658 1461 1731 acquisieris,
1499 1667 1645 1712 tanto
1674 1657 1797 1729 plus

178 1754 419 1827 poteris.
451 1750 586 1808 Ecce
611 1754 760 1808 homo
807 1752 895 1824 qui
941 1768 1041 1807 non
1092 1752 1259 1822 posuit
1309 1749 1469 1804 Deum
1513 1749 1798 1820 adjutorem

173 1864 363 1914 suum,
417 1848 510 1903 sed
559 1848 777 1918 speravit
809 1852 861 1901 in
892 1845 1212 1901 multitudine
1242 1844 1530 1899 divitiarum
1565 1859 1793 1898 suarum.

174 1939 311 1998 Non
354 1939 499 1997 dicat
528 1955 731 2012 pauper
759 1939 893 1994 forte
927 1937 1097 1993 malus
1125 1953 1139 1990 :
1174 1935 1285 2008 Ego
1316 1952 1421 1991 non
1456 1950 1570 1990 sum
1598 1934 1666 1990 de
1695 1934 1798 1990 hoc

176 2048 451 2104 corpore.
486 2031 699 2087 Audivit
743 2031 885 2087 enim
932 2028 1255 2099 Prophetam
1299 2027 1563 2084 dicentem
1590 2069 1604 2094 ,
1661 2025 1797 2098 Spe-

179 2125 328 2178 ravit
384 2123 440 2177 in
507 2120 828 2176 multitudine
879 2119 1170 2175 divitiarum
1222 2135 1430 2173 suarum
1484 2134 1503 2172 :
1546 2118 1801 2174 continuo

181 2217 231 2272 si
288 2230 501 2289 pauper
549 2223 668 2281 est,
699 2212 924 2269 attendit
974 2227 1179 2284 pannos
1215 2226 1359 2276 suos,
1394 2210 1626 2282 respexit
1649 2210 1799 2281 juxta

186 2322 253 2363 se
310 2306 455 2363 forte
503 2305 722 2361 divitem
761 2305 813 2360 in
854 2304 1052 2376 populo
1094 2303 1187 2358 Dei
1240 2303 1479 2358 ornatius
1525 2302 1797 2369 vestitum,

191 2411 252 2458 el.
306 2401 384 2456 ait
433 2400 487 2455 in
530 2397 694 2454 corde
749 2413 847 2454 suo
878 2439 896 2466 ,
957 2397 1032 2453 De
1077 2396 1177 2452 isto
1216 2394 1373 2463 dicit,
1429 2394 1680 2467 numquid
1733 2394 1801 2452 de

198 2495 332 2550 me?
359 2491 477 2549 Noli
504 2490 627 2547 inde
653 2499 705 2546 te
742 2490 1008 2560 excipere,
1039 2487 1145 2543 noli
1173 2502 1441 2559 separare,
1475 2487 1573 2541 nisi
1607 2486 1803 2542 videris

201 2596 262 2642 et
288 2584 555 2649 timueris,
586 2592 644 2637 ut
672 2590 855 2653 postea
883 2579 1079 2636 rideas.
1104 2578 1235 2635 Nam
1264 2579 1391 2650 quid
1418 2579 1508 2634 tibi
1538 2578 1821 2669 prodest;

203 2680 250 2735 si
268 2694 400 2750 eges
420 2678 667 2734 facultate
692 2684 746 2732 et
773 2673 933 2731 ardes
957 2673 1287 2745 cupiditate?
1306 2671 1529 2740 Quando
1548 2654 1802 2726 animi};

202 2781 394 2827 noster
417 2770 575 2826 Jesus
604 2768 850 2825 Christus
878 2766 1140 2823 abeuntia
1158 2780 1217 2821 se
1235 2765 1470 2820 illidiviti
1489 2765 1803 2820 contristato

200 2865 437 2931 dixerat,
480 2860 641 2925 Vade,
671 2860 830 2916 vende
857 2858 1028 2915 omnia
1065 2875 1178 2930 quae
1210 2856 1387 2922 habes,
1430 2866 1475 2910 et
1516 2858 1582 2909 da
1612 2872 1805 2927 paupe-

196 2958 367 3022 ribus,
388 2966 433 3010 et
452 2953 657 3009 habebis
678 2953 969 3007 thesaurum
990 2950 1042 3005 in
1068 2950 1193 3004 cmlo
1215 2965 1233 3004 :
1256 2934 1299 3003 et
1321 2948 1452 3016 veni,
1477 2964 1680 3020 sequere
1702 2962 1802 3012 me,

195 3059 253 3108 et
277 3065 530 3122 magnam
559 3046 989 3119 desperationem
1018 3044 1271 3100 divitibus
1308 3042 1715 3113 prmnuntiarat,
1747 3050 1807 3096 ut

192 3144 412 3202 diceret
438 3142 651 3198 facilius
682 3155 840 3212 posse
882 3138 1143 3196 camelnm
1188 3136 1415 3193 transire
1444 3151 1539 3207 per
1565 3136 1804 3192 foramen

188 3252 350 3301 acus,
398 3250 564 3308 quam
610 3232 828 3288 divitem
872 3231 1073 3286 intrare
1118 3230 1170 3284 in
1220 3244 1444 3301 regnum
1491 3227 1801 3293 cmlorum;

192 3344 383 3387 nonne
436 3326 698 3403 continuo
744 3322 989 3394 discipuli
1036 3322 1335 3378 contristati
1386 3329 1530 3388 sunt,
1561 3317 1805 3376 dicentes

194 3422 341 3494 apud
362 3422 577 3492 scipsos
610 3436 623 3473 :
658 3415 902 3487 Quisnam
924 3415 1105 3485 poterit
1135 3414 1322 3470 salvari
1341 3412 1550 3486 (Matth.
1573 3429 1681 3479 xtx,
1708 3411 1803 3481 21,

196 3514 293 3578 24,
320 3514 462 3585 25)?
496 3511 639 3583 Ergo
666 3510 876 3582 quando
902 3509 1170 3575 dicebant,
1217 3507 1464 3577 Quisnam
1490 3507 1669 3577 poterit
1693 3504 1805 3561 sal-

203 3607 357 3661 vari?
386 3603 583 3661 divites
619 3617 817 3674 paucos
859 3600 1237 3661 attendebant;
1280 3598 1475 3653 latebat
1513 3612 1607 3654 eos
1660 3605 1807 3653 tanta

212 3712 507 3770 pauperum
560 3693 881 3750 multitudo?
908 3691 1025 3748 Non
1072 3690 1173 3746 sibi
1205 3699 1452 3763 poterant
1494 3691 1673 3747 dicere
1706 3707 1719 3743 :
1748 3689 1808 3746 Si

219 3790 433 3849 difficile
458 3796 562 3854 est,
596 3789 702 3842 imo
728 3784 1057 3855 impossibile
1095 3792 1153 3837 ut
1186 3782 1384 3838 intrent
1411 3781 1601 3837 divites
1633 3780 1687 3837 in
1716 3796 1807 3838 re-

224 3899 380 3955 gnum
409 3880 669 3937 caelorum
691 3921 707 3945 ,
748 3877 885 3934 sicut
922 3875 1252 3947 impossibile
1292 3882 1375 3929 est
1410 3883 1466 3928 ut
1502 3872 1663 3927 intret
1714 3886 1807 3928 ca-

227 3976 394 4031 melus
419 3989 515 4045 per
543 3971 783 4027 foramen
814 3984 963 4034 acus,
998 3982 1185 4022 omnes
1215 3980 1477 4038 pauperes
1520 3965 1721 4020 intrent
1755 3964 1805 4019 in

231 4082 443 4140 regnum
502 4065 797 4130 caelorum,
844 4061 1036 4117 divites
1088 4059 1187 4115 soli
1235 4057 1618 4115 excludantur?
1670 4057 1812 4127 Quot

234 4172 346 4215 sunt
385 4162 524 4217 enim
562 4156 793 4213 divites?
828 4154 891 4211 AI
933 4170 1062 4211 vero
1104 4168 1395 4224 pauperum
1440 4151 1603 4206 millia
1650 4151 1808 4206 innu-

236 4249 647 4308 merabilia.Non
663 4249 803 4305 enim
824 4247 1027 4303 tunicas
1046 4244 1332 4317 inepecturi
1360 4260 1544 4299 sumus
1565 4245 1615 4299 in
1645 4260 1811 4315 regno

235 4344 514 4409 caelorum;
548 4340 641 4399 sed
671 4341 835 4397 vestis
858 4339 1117 4409 cujusque
1147 4337 1320 4407 fulgor
1344 4336 1564 4408 iustitiae
1584 4335 1809 4407 deputa-

237 4436 370 4493 bitur
395 4455 409 4493 :
436 4445 592 4493 erunt
618 4449 747 4505 ergo
770 4446 1031 4503 pauperes
1057 4430 1287 4502 :equales
1311 4430 1526 4500 Angelis
1558 4429 1648 4484 Dei
1678 4443 1694 4495 ;
1727 4428 1811 4483 iu-

239 4528 341 4585 duti
367 4529 514 4584 stolis
533 4525 969 4590 immortalitatis,
998 4522 1275 4594 fulgebunt
1303 4521 1438 4577 sicut
1465 4521 1546 4577 sol
1572 4521 1625 4577 in
1651 4536 1814 4592 regno

241 4617 498 4690 Patrissni
527 4616 636 4692 (Id.
668 4632 779 4679 xm,
813 4615 904 4686 4⁸5)
938 4631 951 4667 :
981 4614 1105 4683 quid
1152 4612 1305 4668 nobis
1345 4622 1428 4669 est
1466 4612 1533 4670 de
1562 4612 1813 4669 divitibus

244 4713 410 4781 paucis
445 4710 701 4766 sollicitos
744 4720 865 4762 esse
902 4713 994 4759 aut
1035 4704 1322 4760 laborare?
1350 4705 1464 4762 Non
1495 4705 1598 4761 hoc
1626 4720 1811 4762 sense-

246 4812 353 4858 nmt
399 4802 639 4874 Apostoli
678 4817 692 4854 :
739 4797 831 4855 sed
879 4813 1001 4854 cum
1062 4796 1317 4852 Dominus
1386 4796 1491 4853 hoc
1545 4797 1812 4867 dixisset,

249 4893 459 4949 Facilius
485 4903 556 4948 est
583 4892 830 4947 camelnm
859 4889 1073 4945 transire
1110 4906 1198 4961 per
1226 4896 1456 4962 foramen
1493 4908 1635 4956 acus,
1662 4908 1815 4961 quam

234 4978 429 5041 divitem
473 4986 662 5039 intrare
706 4983 759 5037 in
803 5000 1011 5054 regnum
1042 4982 1282 5037 caelorum
1311 4997 1329 5035 :
1360 4982 1432 5037 illi
1462 4982 1603 5052 apud
1644 4999 1704 5038 se
1736 4983 1815 5040 di-

244 5089 431 5143 centes,
455 5077 699 5146 Quisnam
716 5076 894 5147 poterit
908 5074 1096 5129 salvari
1111 5074 1137 5128 .9
1154 5074 1279 5146 quid
1296 5074 1677 5131 attentlerunt?
1701 5075 1815 5132 Non

242 5172 529 5235 facultates,
562 5168 654 5224 sed
682 5167 1019 5237 cupiditates.
1047 5166 1302 5222 Viderunt
1323 5167 1465 5221 enim
1491 5169 1648 5223 etiam
1673 5168 1817 5239 ipsos

238 5276 513 5339 pauperes,
540 5260 639 5316 etsi
670 5275 776 5314 non
807 5259 1062 5316 habentes
1091 5259 1388 5331 pecuniam,
1420 5270 1593 5315 tamen
1620 5260 1818 5316 habere

110 5354 532 5443 \\avariliam.
552 5352 619 5407 Et
637 5360 694 5406 ut
720 5352 973 5408 noveritis
1002 5368 1109 5407 non
1134 5354 1410 5422 pecuniam
1440 5354 1491 5407 in
1518 5354 1699 5419 divite,
1722 5354 1817 5410 sed

229 5444 504 5504 avaritiam
530 5443 908 5507 condemnari,
935 5444 1200 5501 advertite
1226 5444 1367 5516 quod
1397 5444 1517 5501 dico
1548 5463 1561 5498 :
1596 5447 1818 5517 respicis

232 5539 377 5596 illum
408 5535 627 5592 divitem
673 5543 903 5591 stantem
936 5534 1085 5605 juxta
1128 5545 1213 5602 te;
1252 5544 1308 5593 et
1350 5537 1487 5593 forte
1519 5538 1570 5592 in
1616 5538 1708 5593 illo
1735 5548 1818 5595 est

234 5628 453 5703 pecunia
481 5638 533 5684 et
560 5645 664 5683 non
694 5636 779 5684 est
801 5627 1023 5683 avaritia
1042 5669 1058 5693 ,
1102 5629 1156 5684 in
1188 5638 1238 5684 te
1268 5645 1371 5685 non
1398 5639 1483 5686 est
1512 5630 1734 5700 pecunia
1762 5641 1816 5687 et

232 5731 318 5779 est
342 5719 578 5775 avaritia.
603 5718 814 5789 Pauper
840 5719 1116 5775 ulcerosus
1136 5762 1150 5786 ,
1180 5736 1537 5788 :nrumnosus,
1570 5722 1766 5779 linetus
1785 5738 1817 5780 a

230 5811 471 5881 canibus,
502 5826 607 5868 non
636 5810 841 5868 habens
866 5825 1046 5884 opem,
1088 5826 1198 5867 non
1244 5811 1448 5870 habens
1475 5828 1677 5883 escam,
1707 5827 1816 5871 non

231 5904 435 5967 habens
471 5903 607 5965 forte
641 5903 812 5976 ipsam
841 5912 1065 5973 vestem,
1093 5902 1301 5962 ablatus
1323 5914 1405 5962 est
1435 5903 1503 5962 ab
1521 5905 1741 5979 Angelis
1759 5905 1814 5964 in

1261 425 1657 488 ENARRATIO
1697 426 1762 483 IN
1801 424 2128 486 PSALMUM
2158 428 2246 487 LI.

3378 438 3488 497 6l0

1897 541 2077 599 sinum
2111 542 2342 601 Abrahae
2370 543 2521 616 (Luc.
2552 561 2662 612 xu,
2697 544 2814 621 22).
2845 545 2940 604 Eia
2970 556 3029 605 tu
3056 564 3259 622 pauper
3283 551 3489 624 gaudes

1892 633 2090 703 modo,
2140 635 2524 706 numquidnam
2570 637 2669 695 tibi
2710 648 2765 694 et
2818 638 3000 696 ulcera
3044 641 3277 713 optanda
3321 644 3490 700 sunt?
3526 656 3527 659 ‘

1892 723 2086 782 Nonne
2113 726 2489 798 patrimonium
2511 736 2660 784 tuum
2687 728 2887 787 sanitas
2914 732 3034 787 est?
3054 731 3169 788 Non
3191 744 3273 789 est
3303 733 3356 788 in
3384 735 3487 791 hoc

1894 817 2099 876 Lazaro
2129 824 2379 877 meritum
2405 823 2730 895 paupertatis
2748 865 2765 892 ,
2794 823 2890 880 sed
2918 825 3147 896 pietatis.
3179 824 3310 881 Nam
3336 825 3488 883 vides

1895 912 1986 981 qui
2014 912 2255 969 sublatus
2278 922 2381 980 est,
2415 929 2521 970 non
2552 914 2704 971 vides
2728 931 2834 987 quo
2854 916 3096 976 sublatus
3122 927 3225 975 est.
3253 918 3383 987 Quis
3404 927 3490 977 est

1896 1003 2139 1059 sublatus
2166 1004 2233 1059 ab
2260 1004 2517 1076 Angelis?
2545 1006 2774 1077 Pauper,
2801 1024 3157 1078 mrumnosus,
3191 1010 3489 1067 ulcerosus.

1895 1092 2014 1163 Quo
2041 1094 2281 1151 sublatus
2305 1099 2425 1151 est?
2446 1095 2502 1151 In
2518 1097 2694 1153 sinum
2712 1096 2960 1154 Abrahaz.
2988 1098 3133 1170 Lege
3160 1098 3486 1171 Scripturas,

1897 1195 1951 1241 et
1981 1187 2226 1244 invenies
2250 1187 2468 1245 divitem
2496 1188 2766 1245 Abraham
2796 1190 2949 1265 (Gen.
2977 1206 3092 1259 xm,
3119 1190 3202 1265 2).
3228 1192 3297 1251 Ut
3321 1208 3485 1251 nove-

1898 1278 2006 1342 ris,
2035 1279 2158 1349 quia
2188 1295 2293 1335 non
2321 1280 2518 1336 divitia:
2545 1280 2829 1351 culpantur
2865 1284 2881 1315 ¹
2911 1300 2925 1337 :
2954 1282 3183 1340 habebat
3218 1283 3488 1341 Abraham

1898 1368 2123 1423 multum
2154 1372 2291 1437 auri,
2319 1372 2547 1442 argenti,
2572 1387 2847 1443 pecorum,
2879 1372 3128 1442 familiae;
3154 1375 3304 1433 dives
3322 1387 3441 1432 erat
3471 1413 3492 1445 ,

1899 1466 1955 1513 et
1984 1459 2037 1515 in
2071 1459 2188 1530 ejus
2212 1461 2388 1517 sinum
2423 1463 2657 1520 Lazarus
2684 1480 2888 1537 pauper
2917 1466 3159 1523 sublatus
3199 1476 3301 1524 est.
3332 1467 3394 1524 In
3416 1469 3493 1525 si-

1901 1565 2029 1605 num
2067 1551 2247 1607 divitis
2291 1570 2532 1625 pauper:
2573 1571 2640 1612 an
2686 1559 2859 1628 potius
2898 1558 3059 1615 ambo
3104 1560 3215 1618 Deo
3254 1561 3449 1620 divites
3473 1603 3493 1634 ,

1900 1641 2061 1697 ambo
2084 1657 2115 1697 a
2142 1644 2432 1714 cupiditate
2455 1649 2754 1719 pauperes?

1975 1735 2063 1790 15.
2086 1735 2223 1802 Quid
2254 1752 2382 1809 ergo
2407 1738 2461 1794 in
2491 1738 2593 1797 hoc
2622 1741 2801 1798 Doech
2831 1743 3009 1814 culpat
3032 1744 3350 1818 Scriptura?
3376 1746 3496 1806 Non

1902 1824 2071 1892 dixit,
2104 1827 2238 1883 Ecce
2276 1828 2439 1885 homo
2467 1832 2556 1903 qui
2585 1830 2684 1888 fuit
2711 1833 2898 1902 dives;
2924 1836 3042 1900 sed,
3070 1836 3202 1894 Ecce
3231 1840 3383 1896 homo
3409 1842 3499 1913 qui

1903 1933 2003 1970 non
2033 1919 2197 1987 posuit
2225 1917 2387 1974 Deum
2416 1922 2703 1992 adjutorem
2727 1942 2895 1995 suum,
2924 1927 3014 1983 sed
3040 1932 3258 2000 speravit
3281 1932 3335 1986 in
3361 1932 3497 1987 ntul-

1903 2007 2116 2062 titudine
2145 2008 2434 2066 divitiarum
2455 2029 2683 2069 suarum.
2716 2015 2832 2071 Non
2872 2019 2995 2089 quia
3026 2017 3210 2075 habuit
3239 2021 3452 2081 divitias
3476 2065 3497 2093 ,

1903 2101 1997 2156 sed
2028 2102 2149 2173 quia
2182 2102 2235 2157 in
2264 2103 2394 2174 ipsis
2420 2107 2675 2175 speravit,
2721 2117 2777 2164 et
2818 2110 2872 2165 in
2920 2110 3028 2167 Deo
3068 2128 3175 2169 non
3219 2108 3496 2187 speravit,

1904 2190 2026 2247 ideo
2053 2194 2354 2259 damnatur,
2387 2195 2508 2252 ideo
2539 2200 2772 2267 punitur,
2808 2200 2927 2257 ideo
2956 2214 3201 2261 movetur
3226 2204 3295 2263 de
3323 2206 3500 2265 taber-

1905 2285 2120 2354 naculo,
2169 2297 2417 2360 tanquam
2462 2299 2641 2347 motus
2689 2293 2781 2349 ille
2822 2304 3095 2363 terrenus,
3139 2298 3278 2355 sicut
3323 2300 3500 2371 pulvis

1905 2392 2062 2448 quem
2094 2377 2307 2449 projicit
2336 2392 2526 2437 ventus
2550 2399 2579 2439 a
2625 2384 2761 2441 faeie
2803 2396 2960 2444 terra:
2985 2387 3161 2461 (Psal.
3186 2406 3225 2459 ι,
3255 2392 3344 2463 4);
3378 2391 3501 2450 ideo

1905 2466 2231 2537 exstirpatur
2272 2469 2422 2526 radix
2469 2473 2583 2541 ejus
2615 2472 2683 2529 de
2713 2483 2853 2531 terra
2883 2477 3195 2534 viventium.
3234 2479 3501 2553 Numquid

1907 2556 2032 2613 huic
2051 2559 2255 2616 similes
2281 2572 2406 2617 sunt
2430 2563 2644 2634 divites,
2673 2566 2743 2622 de
2769 2568 2961 2638 quibus
3004 2570 3202 2628 Paulus
3227 2575 3505 2643 apostolus

1906 2649 2143 2722 loquitur
2175 2672 2185 2705 :
2220 2653 2451 2726 Prtecipe
2474 2658 2711 2714 divitibus
2739 2661 2893 2733 hujus
2920 2664 3115 2728 mundi,
3146 2682 3248 2721 non
3290 2669 3504 2737 superbe

1906 2759 2111 2815 sapere,
2143 2746 2283 2802 sicut
2310 2749 2516 2814 Doech;
2551 2768 2710 2822 neque
2750 2771 2954 2825 sperare
2994 2758 3047 2810 in
3074 2759 3265 2814 incerto
3301 2760 3507 2817 divitia-4

1909 2852 2057 2901 rum,
2088 2837 2225 2893 sicut
2256 2839 2368 2908 ipse
2392 2844 2607 2912 speravit
2646 2844 2697 2899 in
2731 2846 3056 2902 multitudine
3079 2849 3366 2906 divitiarum
3384 2869 3508 2909 sua-

1908 2943 2057 2993 rum;
2083 2928 2173 2982 sed
2192 2930 2245 2983 in
2272 2928 2381 2985 Deo
2404 2933 2530 2996 vivo,
2556 2950 2659 2988 non
2678 2936 2946 3004 quomodo
2972 2939 3073 2996 iste
3096 2940 3185 3006 qui
3202 2958 3305 2997 non
3336 2945 3505 3015 posuit

1908 3016 2075 3073 Deum
2120 3021 2406 3091 adjutorem
2436 3027 2623 3081 suum?
2664 3027 2900 3099 Denique
2928 3030 3035 3087 illis
3060 3032 3185 3101 quid
3216 3036 3506 3106 pnecepit!

1909 3110 2101 3168 Divites
2123 3115 2224 3169 sint
2250 3116 2301 3170 in
2330 3117 2565 3189 operibus
2593 3119 2777 3186 bonis;
2806 3122 2958 3193 facile
2987 3125 3227 3191 tribuant,
3274 3145 3505 3185 commu-

1909 3204 2075 3259 nicent
2100 3205 2159 3278 (ι
2188 3205 2319 3263 Tim.
2338 3210 2517 3277 vr,l7,
2548 3210 2657 3285 18).
2689 3212 2756 3268 Et
2779 3214 2929 3284 quid,
2953 3216 2998 3271 si
3021 3216 3175 3275 facile
3194 3220 3503 3291 tribuerint,

1908 3295 1956 3353 si
1984 3300 2497 3357 communicaverint
2523 3317 2631 3359 non
2660 3302 2917 3361 habenti?
2944 3304 3219 3364 Intrabunt
3247 3316 3341 3382 per
3363 3312 3509 3369 lora-

1910 3405 2035 3447 men
2063 3393 2227 3449 acus?
2247 3394 2522 3451 Intrabunt
2548 3397 2705 3466 plane
2730 3415 2745 3453 :
2774 3414 2895 3454 nam
2923 3408 2977 3455 et
3005 3418 3101 3471 pro
3126 3403 3230 3459 illis
3250 3406 3360 3475 jam
3382 3406 3504 3479 ipse

1909 3485 2145 3541 camelus
2173 3486 2410 3543 intravit.
2442 3488 2561 3558 Ipse
2584 3490 2728 3546 enim
2758 3491 2906 3562 prior
2926 3492 3161 3559 intravit,
3182 3512 3340 3566 quem
3366 3499 3511 3555 sicut

1910 3577 2173 3631 camelnm
2200 3593 2359 3634 nemo
2376 3579 2583 3635 sarcina
2606 3582 2869 3651 passionis
2893 3596 3163 3650 oneraret,
3186 3588 3283 3644 nisi
3306 3604 3365 3644 se
3389 3590 3511 3660 ipse

1910 3665 1964 3723 in
1998 3677 2193 3723 terram
2234 3669 2549 3743 deponeret.
2592 3672 2723 3741 Quia
2758 3684 2813 3729 et
2855 3676 2967 3744 ipse
3016 3677 3116 3733 hoc
3147 3678 3312 3747 dixit,
3355 3682 3511 3749 Quod

1913 3759 2196 3814 hominibus
2240 3761 2549 3833 impossibile
2580 3773 2682 3829 est,
2720 3763 2831 3819 Deo
2860 3766 3012 3836 facile
3050 3778 3124 3823 est
3148 3769 3361 3841 (Matth.
3391 3789 3505 3839 th,

1911 3851 2028 3923 26).
2062 3852 2353 3909 Damnetur
2383 3869 2513 3926 ergo
2539 3855 2637 3910 iste
2670 3856 2871 3923 Doech,
2893 3860 3115 3915 timeant
3137 3863 3203 3916 de
3228 3862 3318 3919 illo
3345 3864 3508 3921 modo

1908 3943 2069 4013 justi,
2109 3944 2317 3999 rideant
2353 3961 2514 4016 super
2558 3963 2680 4002 eum
2732 3961 2915 4019 postea
2943 3952 3091 4019 justi.
3133 3954 3319 4009 Merito
3358 3958 3506 4014 enim

1914 4035 2211 4101 damnatur,
2247 4039 2333 4108 qui
2358 4055 2456 4092 non
2485 4042 2652 4112 posuit
2681 4039 2845 4096 Deum
2876 4044 3156 4116 adjutorem
3172 4064 3340 4112 suum,
3368 4050 3508 4108 sicut

1916 4142 2008 4188 tu:
2039 4134 2127 4203 qui
2160 4131 2296 4187 forte
2322 4132 2487 4189 habes
2516 4136 2824 4207 pecuniam;
2853 4138 2945 4193 sed
2974 4139 3040 4194 de
3064 4140 3172 4194 Deo
3199 4144 3502 4213 praesumis,

1914 4238 2021 4279 non
2060 4222 2129 4279 de
2176 4226 2417 4295 pecunia.
2454 4223 2520 4278 Et
2548 4228 2763 4297 speravit
2791 4228 2843 4281 in
2872 4228 3195 4285 multitudine
3218 4233 3511 4291 divitiarum

1914 4330 2171 4371 suarum:
2213 4317 2404 4371 similis
2450 4318 2615 4373 lactus
2663 4329 2747 4376 est
2799 4320 2900 4376 illis
2932 4323 3020 4392 qui
3068 4339 3189 4378 cum
3228 4326 3506 4398 dicerent,

1915 4407 2110 4464 Beatus
2139 4408 2362 4479 populus
2389 4409 2474 4465 cui
2508 4410 2622 4465 hzcc
2647 4423 2771 4467 sunt
2798 4453 2814 4475 ,
2845 4412 2899 4469 id
2924 4423 3006 4469 est
3033 4416 3129 4469 ista
3164 4427 3394 4481 terrena,
3417 4435 3512 4475 re-

1919 4500 2038 4556 tulit
2070 4502 2323 4557 continuo
2360 4502 2457 4557 iste
2496 4502 2582 4573 qui
2624 4504 2843 4558 insultat
2882 4505 3004 4561 huic
3060 4508 3259 4574 Doech,
3322 4510 3513 4568 Beatus

1918 4594 2137 4665 papulas
2174 4595 2320 4665 cujus
2362 4603 2434 4648 est
2478 4592 2730 4651 Dominus
2782 4594 2923 4651 Deus
2960 4597 3136 4668 ipsius.
3170 4600 3299 4655 Nam
3337 4602 3425 4657 illa
3456 4604 3511 4658 in

1918 4688 2112 4759 quibus
2136 4687 2383 4743 dixerunt
2402 4688 2611 4742 beatum
2630 4689 2883 4759 populum
2899 4732 2913 4755 ,
2938 4702 3217 4749 enumerat
3245 4694 3508 4750 l’salmus.

1918 4779 2105 4836 Loculi
2155 4789 2279 4833 sunt
2319 4779 2460 4835 enim
2493 4787 2741 4850 tanquam
2785 4779 2878 4835 lilii
2915 4782 3099 4847 alicui,
3131 4794 3378 4851 tanquam
3411 4786 3513 4841 iste

1920 4869 2099 4926 Doech
2136 4869 2417 4936 ldumams,
2463 4869 2513 4926 id
2543 4882 2626 4926 est
2661 4879 2949 4927 terrenus:
2986 4872 3055 4927 Os
3091 4893 3261 4930 eorum
3290 4878 3515 4931 locutum

1921 4974 1993 5019 est
2018 4965 2327 5030 vanitatem;
2352 4963 2560 5017 dextera
2584 4980 2775 5029 eorum,
2806 4966 3010 5019 dextera
3032 4966 3329 5033 iniquitatis.
3363 4969 3513 5035 Quo-

1921 5074 2033 5111 rum
2059 5057 2155 5127 ﬁlii
2175 5057 2399 5127 ipsorum
2426 5057 2553 5111 sicut
2584 5057 2793 5111 novellw
2814 5060 3145 5114 constabilita-
3171 5064 3225 5115 in
3247 5064 3515 5131 juventute

1921 5167 2016 5205 sua
2044 5165 2062 5203 :
2087 5149 2210 5218 ﬁlia:
2235 5166 2405 5202 eorum
2431 5149 2741 5218 compositar,
2778 5159 2825 5203 et
2858 5162 3050 5205 ornata:
3076 5154 3206 5205 sicut
3230 5152 3513 5209 similitudo

1923 5242 2097 5313 templi
2126 5259 2147 5297 :
2170 5242 2377 5296 cellaria
2405 5258 2577 5296 eorum
2597 5242 2768 5314 plena,
2798 5245 3078 5297 eructantia
3098 5260 3159 5297 ra:
3172 5243 3267 5297 hoc
3289 5246 3341 5298 in
3368 5244 3463 5298 hoc
3491 5262 3511 5301 :

1922 5349 2037 5390 oves
2076 5351 2247 5389 eorum
2281 5334 2550 5407 fecundis,
2596 5336 2993 5406 multiplicantes
3032 5337 3082 5390 in
3124 5336 3336 5391 exitibus
3362 5339 3513 5403 suis;

1924 5428 2067 5484 boves
2095 5444 2264 5482 eorum
2288 5431 2445 5482 crassi
2469 5443 2488 5482 :
2508 5443 2609 5482 non
2639 5436 2709 5482 est
2738 5428 2886 5482 ruina
2918 5428 3071 5494 sepis.
3104 5443 3192 5481 nec
3213 5429 3398 5495 exitus,
3417 5447 3506 5485 ue-

1922 5537 2018 5591 que
2069 5517 2263 5574 clamor
2308 5520 2358 5573 in
2412 5519 2592 5587 plateis
2635 5535 2805 5574 eorum
2859 5518 3029 5590 (l’sal.
3078 5534 3262 5583 CXLIII,
3293 5521 3509 5593 “45).

1922 5614 2085 5683 Quasi
2115 5629 2357 5686 magnam
2400 5612 2705 5668 felicitatem
2735 5610 2979 5665 videntur
3005 5610 3203 5666 habere
3230 5613 3377 5681 pacis
3403 5620 3513 5669 ter-

1922 5725 2087 5769 rente.
2116 5709 2340 5766 Sed-ille
2368 5708 2460 5780 qui
2497 5714 2745 5763 terrenus
2772 5712 2893 5773 est,
2922 5702 3085 5761 etiam
3112 5713 3289 5762 motus
3315 5715 3420 5775 est,
3450 5705 3508 5764 id

1985 5916 2007 5950 ι
2038 5912 2176 5974 ωτι,
2193 5910 2475 5978 pruinam.
2492 5917 2548 5962 At
2566 5913 2697 5969 ass,
2721 5904 2993 5969 adpotum.

3376 6022 3493 6047 ..οέῶ
