3942 6412
612 321 720 383 618

610 439 702 511 qui
747 438 887 494 male
920 439 1140 502 vivunt,
1167 432 1296 491 nihil
1341 431 1486 488 aliud
1531 431 1716 487 dicunt
1743 444 1903 501 quam
1924 470 1939 495 ,
1973 425 2096 482 Non
2123 433 2197 480 est

614 531 776 586 Deus.
812 530 946 586 Cum
976 529 1116 585 enim
1149 526 1376 581 dicimus
1402 526 1481 581 eis
1509 524 1780 580 Christum
1810 530 2089 577 venturum
2112 518 2201 589 ju-

612 622 785 679 dicem
811 622 876 677 ad
899 620 1157 691 judicium
1180 660 1194 683 ,
1223 617 1364 689 quod
1393 616 1579 673 dicunt
1618 615 1910 687 Scriptura:
1939 628 2058 683 qua:
2089 626 2195 667 non

611 716 803 772 fallunt
842 732 856 768 :
894 712 971 767 illi
1003 722 1180 767 autem
1213 711 1382 781 magis
1412 725 1593 763 aurem
1624 708 1921 777 prmbcntcs
1960 705 2196 775 serpenti

610 806 916 880 suggerenti
938 848 952 871 ,
984 804 1104 859 Non
1148 813 1307 858 morte
1348 802 1575 856 morieris
1604 799 1758 870 (Gen.
1795 816 1888 864 ιιι,
1919 799 1953 853 ι
1973 798 1991 869 )
2012 839 2026 863 ,
2054 796 2195 866 quod

609 899 816 955 dixerat
837 896 889 951 in
916 894 1166 965 paradiso
1191 903 1375 949 contra
1397 893 1674 947 veritatem
1711 890 1801 945 Dei
1823 887 2195 945 constituentis

608 1002 663 1049 et
705 990 963 1055 dicentis,
996 988 1163 1043 Morte
1205 986 1432 1042 morieris
1460 984 1572 1057 (Id.
1599 1000 1677 1050 tt,
1721 981 1852 1054 {7);
1887 982 1956 1037 ita
1998 981 2197 1036 faciunt

607 1085 768 1151 mala,
794 1092 854 1139 ut
877 1082 1058 1138 dicant
1084 1081 1183 1137 sibi
1214 1099 1227 1135 :
1255 1079 1446 1136 Veniet
1463 1078 1730 1145 Christus,
1762 1085 1817 1132 et
1842 1075 1989 1131 dabit
2019 1074 2196 1130 indul-

606 1177 839 1249 gentiam
869 1174 1140 1230 omnibus.
1192 1172 1265 1228 lta
1296 1186 1426 1244 ergo
1456 1169 1683 1226 mendax
1714 1178 1795 1223 est
1826 1169 1914 1223 ille
1939 1168 2025 1237 qui
2057 1166 2194 1221 dixit

605 1268 728 1338 quia
760 1266 1031 1339 separabit
1055 1266 1267 1337 iniquos
1290 1264 1357 1319 ad
1388 1264 1659 1319 sinistram
1678 1303 1693 1326 ,
1722 1260 1993 1332 separabit
2016 1262 2193 1329 justus

606 1360 673 1416 ad
697 1360 1013 1423 dexteram;
1036 1358 1195 1429 justis
1220 1356 1382 1425 dicet,
1400 1353 1847 1419 Venite,benedicti
1869 1351 2043 1406 Patris
2072 1351 2188 1417 mei,

607 1453 848 1524 percipite
890 1467 1103 1522 regnum
1144 1449 1279 1517 quod
1321 1456 1555 1520 paratum
1600 1456 1672 1500 est
1700 1443 1835 1499 vobis
1893 1444 1957 1497 ab
1999 1443 2193 1514 origine

606 1542 819 1609 mundi;
847 1540 1040 1613 iniquis
1071 1539 1248 1606 dicet,
1278 1537 1357 1592 Ite
1380 1537 1433 1591 in
1459 1537 1627 1607 ignem
1651 1542 1889 1590 aeternum
1918 1533 2005 1605 qui
2032 1549 2189 1604 para-

607 1646 689 1690 tus
716 1644 787 1689 est
816 1631 1019 1687 diabolo
1042 1640 1089 1686 et
1126 1630 1319 1701 angelis
1349 1630 1459 1697 eius
1499 1626 1724 1699 (.ifatth.
1764 1640 1898 1688 xxv,
1936 1625 2006 1681 54
2025 1665 2042 1688 ,
2072 1623 2188 1695 Μ).

607 1725 886 1792 Quomodo
905 1739 1033 1794 ergo
1058 1722 1302 1779 omnibus
1331 1720 1479 1776 dabit
1508 1718 1931 1789 indulgentiam?
1957 1716 2193 1784 Quomo.

606 1820 677 1876 do
719 1819 986 1875 neminem
1033 1814 1343 1872 damnabit?
1384 1814 1524 1884 Ergo
1552 1813 1830 1868 mentitur.
1861 1810 1972 1866 lloc
1996 1818 2080 1866 est
2102 1808 2190 1864 di-

605 1927 729 1967 cere
756 1929 770 1966 :
802 1909 922 1965 Non
947 1919 1021 1965 est
1049 1908 1208 1963 Deus.
1233 1906 1364 1962 Vide
1392 1921 1521 1977 ergo
1551 1921 1619 1961 ne
1646 1904 1781 1960 forte
1808 1914 1862 1959 tu
1890 1902 2186 1959 mentiaris.

604 2003 684 2059 Tu
705 2002 846 2059 enim
870 2001 1033 2056 homo
1054 2015 1132 2068 es,
1157 2000 1247 2056 ille
1264 1998 1408 2056 Deus
1432 2017 1444 2052 :
1471 1998 1614 2053 Deus
1640 1997 1780 2051 enitn
1802 2010 1984 2057 verax,
2013 1994 2191 2049 omnis

603 2102 782 2150 autem
832 2093 995 2149 homo
1041 2090 1269 2147 mendax
1323 2088 1493 2160 (Psal.
1527 2104 1653 2154 cxv,
1695 2088 1808 2158 ll).
1835 2086 1939 2141 Sed
1968 2085 2093 2156 quid
2122 2086 2191 2141 de

604 2187 756 2254 istis,
798 2202 831 2241 o
877 2201 1073 2256 corpus
1114 2182 1344 2240 Christi?
1387 2182 1586 2252 Separa
1618 2189 1672 2235 te
1701 2180 1915 2235 interim
1945 2179 2108 2235 corde
2137 2186 2193 2233 ct

604 2278 735 2345 vita,
765 2291 863 2332 nec
888 2275 1132 2342 imiteris,
1160 2290 1260 2330 nec
1284 2287 1584 2335 assuescas,
1607 2287 1709 2326 nec
1728 2286 1952 2336 annuas,
1978 2286 2076 2325 nec
2096 2284 2193 2340 ap-

605 2371 802 2440 probes
826 2388 838 2423 :
867 2369 1034 2439 magis
1053 2376 1230 2423 autem
1256 2376 1310 2422 et
1335 2365 1612 2435 redarguo.
1637 2364 1773 2432 Quid
1797 2363 1937 2417 enim
1961 2361 2192 2417 attendis

604 2461 674 2517 ad
703 2460 834 2515 istos
861 2459 952 2529 qui
983 2459 1096 2514 lucc
1123 2458 1337 2513 dicunt?
1368 2456 1606 2526 Corrupti
1634 2465 1769 2517 sunt,
1808 2464 1852 2508 et
1879 2453 2193 2507 abominabi-

607 2552 680 2607 les
718 2552 842 2622 facti
883 2559 999 2605 sunt
1039 2550 1092 2604 in
1121 2548 1464 2619 iniquitatibus
1494 2550 1599 2603 suis
1627 2562 1647 2601 :
1672 2564 1776 2601 non
1804 2554 1878 2600 est
1905 2546 1991 2615 qui
2030 2544 2189 2614 faciat

605 2645 811 2699 bonum.

676 2736 733 2793 5.
782 2734 933 2808 [vers.
961 2733 1044 2807 5.]
1066 2732 1318 2788 Dominus
1346 2732 1410 2788 de
1431 2730 1556 2787 caelo
1593 2732 1851 2802 prospexit
1877 2746 2027 2800 super
2056 2730 2192 2797 ﬁlios

604 2826 900 2891 hominum,
941 2834 993 2880 ut
1038 2823 1227 2880 videret
1269 2825 1315 2880 si
1356 2834 1427 2879 est
1470 2825 1752 2894 intelligens
1797 2832 1885 2877 aut
1934 2822 2190 2889 requirens

602 2916 792 2973 Deum.
820 2916 956 2985 Quid
996 2925 1077 2972 est
1116 2916 1255 2984 hoc,
1283 2915 1521 2987 Corrupti
1563 2924 1713 2981 sunt,
1743 2925 1787 2968 et
1830 2912 2191 2968 abominabiles

604 3012 727 3083 facti
764 3019 882 3066 sunt
922 3010 1009 3065 isti
1051 3025 1239 3065 omnes
1278 3010 1369 3080 qui
1406 3009 1629 3064 dicunt:
1661 3007 1781 3062 Non
1804 3017 1871 3061 est
1898 3006 2084 3061 Deus?
2127 3006 2192 3060 Et

601 3103 764 3176 quid?
789 3102 891 3157 hoc
915 3101 1117 3157 latebat
1143 3101 1336 3166 Deum,
1370 3101 1503 3156 tales
1531 3116 1653 3156 esse
1682 3100 1889 3155 factos?
1931 3110 2020 3152 aut
2061 3113 2189 3153 vero

602 3194 757 3250 nobis
784 3208 969 3248 eorum
1001 3192 1227 3247 interior
1253 3190 1506 3261 cogitatio
1533 3191 1851 3260 aperiretur,
1871 3191 1971 3244 nisi
1998 3189 2064 3243 ab
2095 3188 2188 3243 illo

600 3284 907 3341 diceretur?
932 3284 987 3340 Si
1013 3298 1141 3352 ergo
1167 3291 1423 3347 noverat,
1454 3284 1498 3338 si
1528 3284 1765 3347 sciebat,
1798 3282 1921 3351 quid
1961 3294 2043 3337 est
2084 3281 2188 3339 hoc

601 3375 744 3448 quod
769 3376 968 3431 dictum
995 3384 1111 3441 cst,
1134 3374 1277 3445 quod
1316 3374 1379 3429 de
1415 3375 1537 3429 ctelo
1579 3376 1836 3446 prospexit
1863 3390 2014 3446 super
2053 3374 2188 3445 ﬁlios

602 3467 889 3533 hominum,
930 3475 987 3521 ut
1028 3466 1217 3521 videret
1261 3467 1307 3522 si
1353 3477 1425 3521 cst
1467 3468 1754 3538 intelligens
1800 3480 1886 3521 aut
1930 3470 2186 3537 requirens

600 3556 814 3614 Deum?
841 3559 1142 3627 Qnmrentis
1186 3560 1327 3615 enim
1373 3561 1530 3615 verba
1579 3571 1736 3625 sunt,
1782 3578 1883 3615 non
1933 3563 2183 3617 scientis:

603 3650 745 3707 Deus
772 3650 835 3705 de
854 3652 976 3706 calo
1007 3653 1267 3722 prospexit
1290 3669 1442 3723 super
1462 3652 1596 3721 filios
1620 3654 1899 3718 hominum,
1929 3663 1982 3707 ut
2003 3656 2186 3710 videret

598 3744 645 3798 si
682 3751 753 3799 est
789 3743 1073 3813 intelligens
1099 3752 1188 3797 aut
1214 3744 1469 3813 requirens
1495 3742 1671 3797 Deum.
1713 3744 1778 3798 Et
1815 3754 2060 3815 tanquam
2101 3746 2183 3799 in-

600 3837 808 3894 veniret
835 3835 976 3909 quod
1004 3836 1247 3907 quccsivit
1278 3836 1634 3906 inspiciendo,
1657 3846 1707 3891 et
1730 3837 1796 3891 de
1816 3840 1952 3893 caelo
1981 3838 2188 3908 prospi-

600 3930 813 3996 ciendo,
840 3929 971 3985 dicit
992 3929 1314 3985 sententiam
1346 3946 1360 3982 :
1394 3928 1578 3983 Omnes
1604 3928 2008 3997 declinaverunt,
2034 3931 2186 3986 simul

598 4021 803 4076 inutiles
836 4020 957 4091 facti
988 4030 1108 4075 sunt
1136 4035 1156 4074 :
1181 4036 1283 4074 non
1308 4029 1380 4074 est
1416 4020 1502 4090 qui
1544 4020 1695 4089 faciat
1721 4019 1905 4075 bonum
1928 4063 1942 4085 ,
1974 4038 2075 4077 non
2115 4031 2186 4078 est

598 4132 756 4186 usque
781 4114 850 4168 ad
875 4130 1052 4167 unum.
1086 4112 1213 4168 Dua:
1240 4112 1564 4184 qumstioues
1590 4112 1834 4168 oriuntur
1857 4114 2184 4184 aliquantum

598 4207 864 4263 difﬁciles.
895 4206 951 4262 Si
979 4207 1120 4261 enim
1150 4205 1366 4275 respicit
1394 4205 1458 4260 de
1482 4205 1620 4261 cmlo
1648 4206 1822 4272 Deus,
1854 4217 1909 4260 nt
1937 4206 2112 4264 videat
2138 4207 2184 4263 si

598 4308 680 4352 est
709 4297 1008 4368 intelligens
1035 4306 1126 4352 aut
1155 4298 1433 4369 requirens
1461 4298 1661 4364 Deum;
1693 4299 1957 4355 subintrat
1984 4303 2186 4372 cogita-

599 4392 673 4445 tio
701 4390 1045 4460 imprudenti,
1074 4390 1196 4460 quia
1226 4406 1330 4445 non
1360 4391 1534 4445 omnia
1568 4392 1714 4445 novit
1746 4392 1900 4448 Deus.
1930 4392 2053 4449 llzce
2077 4411 2181 4451 una

598 4483 822 4552 qumstio
850 4490 932 4536 est
958 4500 970 4535 :
995 4496 1114 4551 qum
1141 4489 1223 4535 est
1249 4481 1449 4536 altera?
1476 4481 1529 4537 Si
1555 4493 1762 4538 nonest
1789 4485 1876 4553 qui
1910 4483 2067 4539 faciat
2090 4486 2185 4542 bo-

566 4566 569 4578 ’
600 4590 729 4627 num
751 4614 763 4635 ,
797 4587 900 4627 non
932 4581 1012 4626 est
1043 4587 1208 4641 usque
1238 4572 1303 4625 ad
1336 4588 1497 4626 unum
1522 4615 1534 4636 ,
1568 4574 1685 4644 quis
1712 4584 1793 4629 cst
1824 4574 1910 4630 illc
1937 4577 2025 4646 qui
2057 4592 2183 4646 par-

600 4666 727 4717 turit
758 4665 897 4719 inter
924 4664 1126 4717 malos?
1161 4663 1252 4718 Illa
1274 4678 1405 4735 ergo
1431 4664 1507 4720 sic
1536 4667 1760 4721 solvitur
1785 4668 2028 4738 quaestio,
2059 4670 2181 4740 quia

596 4756 912 4825 plerumque
942 4755 1011 4808 ita
1046 4754 1276 4825 loquitur
1305 4753 1575 4826 Scriptura
1597 4798 1612 4824 ,
1648 4766 1704 4812 ut
1728 4757 1867 4828 quod
1909 4758 2051 4813 dono
2088 4760 2179 4816 Dei

596 4855 838 4902 creatura
870 4847 1011 4913 facit,
1043 4846 1182 4902 Deus
1213 4845 1387 4903 facere
1416 4846 1657 4903 dicatur:
1690 4861 1764 4916 ut,
1795 4850 1939 4906 verbi
1972 4851 2138 4921 gratia
2159 4892 2176 4919 ,

595 4953 717 4991 cum
759 4939 1031 4995 misereris
1074 4940 1355 5010 pauperis,
1387 4941 1510 5011 quia
1540 4941 1680 4997 dono
1713 4942 1804 4997 Dei
1836 4943 1967 4998 facis
1988 4986 2003 5007 ,
2037 4943 2178 5001 Deus

596 5030 950 5084 misereatur:
974 5045 1093 5085 cum
1116 5032 1394 5101 cognoscis
1418 5032 1504 5103 qui
1527 5033 1621 5097 sis,
1649 5034 1768 5105 quia
1800 5035 1890 5089 illo
1915 5036 2178 5093 allucente

595 5120 760 5185 lucis,
790 5120 834 5175 si
880 5122 924 5175 is
971 5137 1029 5176 es
1075 5122 1163 5192 qui
1219 5123 1398 5190 dicas,
1444 5124 1519 5179 Tu
1562 5127 1871 5181 illuminabis
1922 5129 2177 5185 lucernam

596 5231 789 5276 meam,
824 5213 1035 5268 Domine
1065 5215 1201 5271 Deus
1228 5234 1401 5284 meus,
1432 5218 1739 5275 illuminabis
1782 5222 2009 5276 tenebras
2041 5241 2177 5279 meas

595 5304 765 5374 (l’sal.
799 5320 900 5359 xvn
919 5345 932 5368 ,
962 5303 1085 5377 29);
1116 5306 1256 5377 quod
1288 5322 1355 5363 eo
1380 5307 1614 5364 donante
1640 5318 1695 5364 et
1721 5311 1952 5366 faciente
1982 5331 2176 5383 cogno-

595 5398 757 5461 veris,
789 5397 876 5451 ille
900 5400 1191 5467 cognoscit.
1218 5398 1351 5453 Nam
1378 5398 1516 5454 unde
1543 5409 1643 5464 est,
1670 5400 1855 5456 Tentat
1883 5421 1967 5458 vos
1998 5405 2177 5459 Domi-

594 5506 688 5542 nus
720 5488 855 5543 Deus
882 5499 1038 5544 vester
1067 5499 1118 5543 ut
1152 5490 1277 5543 sciat
1315 5490 1358 5543 si
1401 5490 1627 5561 diligatis
1664 5493 1809 5547 illum
1846 5495 2021 5566 (Deut.
2056 5514 2171 5563 xm,

593 5580 626 5633 5
640 5582 693 5647 )‘t
720 5580 857 5647 Quid
885 5590 1002 5647 εει,
1036 5590 1088 5634 ut
1116 5580 1279 5635 sciat?
1318 5580 1389 5637 Ut
1415 5580 1557 5638 dono
1586 5597 1683 5638 suo
1707 5586 1843 5641 scire
1869 5603 1963 5643 vos
1995 5590 2169 5645 faciat.

595 5670 685 5725 Sic
717 5688 842 5742 ergo
867 5681 922 5727 ει
948 5671 1053 5737 hic,
1088 5672 1223 5727 Deus
1249 5673 1312 5727 de
1335 5676 1461 5728 caelo
1482 5677 1736 5749 prospexit
1759 5695 1910 5750 super
1935 5680 2069 5751 ﬁlios
2091 5684 2176 5738 ho-

592 5764 806 5832 asinum,
836 5773 890 5817 ut
916 5764 1101 5820 videret
1124 5766 1167 5821 si
1194 5776 1267 5822 est
1294 5768 1575 5841 intelligens
1595 5780 1685 5825 aut
1709 5774 1963 5843 requirens
1986 5775 2165 5833 Deum.

1848 310 1910 371 ε.
1949 306 2315 370 sueusnm
2352 309 2661 374 EPISCOPI
3741 337 3813 400 οη

2308 426 2461 483 Adsit
2489 428 2604 499 ipse
2622 472 2639 497 ,
2665 439 2721 487 et
2748 430 2914 491 donet
2938 434 3095 494 nobis
3120 445 3180 495 ut
3205 439 3347 511 quod
3375 456 3475 499 cor
3501 454 3713 504 nostrum
3730 450 3814 512 iecit

2305 525 2608 596 concipere,
2640 528 2797 585 faciat
2824 538 2882 587 et
2906 547 3114 602 parere.
3146 534 3439 604 Apostolus
3462 535 3586 593 dicit
3610 556 3623 593 :
3644 537 3733 598 Nos
3750 562 3813 600 as-

2306 621 2405 669 tem
2433 632 2534 671 non
2559 618 2794 688 spiritum
2823 620 2977 692 hujus
2999 623 3177 678 mundi
3195 626 3507 696 accepimus,
3526 628 3611 682 sed
3633 630 3814 701 Spiritum

2303 705 2392 814 q'ui
2412 723 2473 762 ac
2495 706 2604 764 Deo
2629 720 2722 777 est,
2751 721 2805 765 ut
2827 713 3047 769 sciamus
3064 732 3177 787 quae
3194 733 3226 770 a
3248 715 3359 772 Deo
3381 716 3571 773 donata
3590 733 3688 776 sunt
3706 706 3829 814 soliti

2305 794 2418 851 lloc
2440 797 2639 869 Spiritu
2670 816 2799 874 ergo
2825 818 2931 873 quo
2955 805 3329 876 cognoscimus
3356 823 3479 877 qua:
3504 824 3536 863 a
3561 810 3662 866 Deo
3681 794 3829 885 cinnata"i

2302 899 2431 945 sunt
2458 892 2633 961 nobis,
2661 895 3016 953 discernimus
3048 898 3189 954 inter
3216 913 3313 955 nos
3343 907 3405 955 et
3433 914 3531 955 eos
3556 901 3721 972 quibus
3743 892 3829 966 ια’

2303 979 2499 1036 donata
2526 999 2633 1039 non
2661 996 2808 1055 sunt,
2837 996 2894 1043 et
2918 1003 2982 1043 ex
3009 988 3166 1045 nobis
3191 989 3307 1045 illos
3336 991 3711 1061 cognoscimus.
3732 996 3817 1064 Qui:

2301 1078 2347 1133 si
2375 1093 2473 1135 nos
2500 1081 2717 1154 aliquod
2746 1083 2947 1142 bonum
2991 1086 3191 1145 habere
3220 1107 3324 1146 non
3371 1094 3611 1165 potuisse
3636 1096 3835 1173 intelligi-g

2302 1186 2445 1239 mus,
2477 1174 2578 1231 nisi
2608 1177 2702 1233 illo
2728 1178 2962 1238 donante
2990 1193 3046 1239 et
3072 1184 3333 1257 largiente
3362 1162 3396 1243 5
3427 1204 3537 1258 quo
3562 1201 3674 1247 sunt
3696 1162 3835 1258 omita’;

2300 1232 2443 1360 bona
2455 1281 2470 1331 ;
2500 1267 2657 1360 simul
2681 1232 3407 1350 νιζιεῆιιῖἑῖιιῖἶιιῖξιῖξίξᾷξεξ

2300 1353 2543 1459 busnbmc
2585 1357 2727 1459 Deus
2754 1378 2859 1419 non
2890 1364 3129 1422 donavit.
3173 1367 3279 1425 Ista
3321 1371 3683 1444 diguoscentia
3720 1353 3845 1459 nutriti

2299 1458 2365 1533 ex
2395 1445 2595 1517 Spiritu
2628 1450 2723 1506 Dei
2751 1461 2864 1521 est;
2895 1463 2952 1511 et
2975 1472 3042 1512 eo
3065 1474 3174 1530 quo
3203 1459 3454 1518 videmus
3482 1463 3613 1533 hoc,
3642 1466 3752 1525 Deus
3770 1470 3819 1526 ri-

2297 1532 2417 1603 det;
2449 1539 2573 1609 quia
2603 1541 2656 1597 id
2697 1543 2837 1600 Deus
2863 1545 2991 1604 facit
3022 1558 3079 1605 ut
3109 1550 3407 1610 videamus.
3459 1532 3605 1614 llinc
3624 1559 3742 1616 enim
3768 1563 3819 1618 di-

2296 1638 2441 1685 ctum
2469 1642 2552 1688 est
2573 1644 2627 1689 et
2655 1635 2807 1707 illud,
2834 1638 3060 1712 Spiritus
3080 1645 3213 1700 enim
3236 1648 3415 1702 omnia
3440 1660 3701 1719 scrutatur,
3723 1656 3819 1711 tum

2296 1722 2618 1780 altitudinem
2646 1726 2741 1783 Dei
2770 1729 2820 1801 (Ι
2847 1728 2965 1786 Cor.
2990 1749 3048 1798 ιι,
3078 1734 3168 1803 12,
3194 1736 3286 1811 l0)
3311 1755 3326 1792 :
3360 1755 3472 1795 non
3494 1742 3614 1813 quia
3638 1743 3716 1799 ille
3731 1760 3817 1801 scre

2297 1820 2441 1868 tatur
2465 1815 2554 1885 qui
2584 1818 2731 1874 novit
2757 1822 2969 1891 omnia,
3003 1824 3098 1880 sed
3125 1826 3250 1897 quia
3277 1828 3375 1885 tibi
3406 1829 3636 1888 donatus
3658 1835 3815 1908 estSpi-

2295 1904 2430 1996 ritus
2449 1947 2466 1974 ,
2498 1909 2587 1980 qui
2614 1918 2669 1966 et
2698 1919 2750 1966 te
2780 1916 3007 1971 scrutari
3034 1916 3159 1974 facit
3182 1937 3195 1973 :
3219 1929 3275 1976 ει
3299 1922 3450 1992 quod
3476 1926 3617 1980 dono
3642 1904 3815 1996 ipsius-tt

2296 1994 2448 2065 facis,
2481 2000 2574 2057 illc
2600 2001 2775 2059 facere
2795 2005 3020 2074 dicitur;
3050 2011 3173 2080 quia
3194 2013 3312 2069 sine
3340 2013 3438 2091 illo
3463 2022 3520 2070 tu
3538 2030 3639 2071 non
3658 1994 3814 2075 faceres.

2300 2087 2441 2181 Ergo
2471 2091 2612 2148 Deus
2641 2092 2818 2153 facere
2842 2097 3059 2167 dicitur,
3086 2117 3207 2157 cum
3237 2110 3294 2159 tu
3322 2087 3486 2162 facis.
3511 2105 3589 2164 De
3613 2108 3731 2166 dono
3750 2110 3817 2181 Spi»

2295 2178 2433 2273 ritus
2476 2181 2741 2251 ﬁliorum,
2770 2188 2964 2259 quibus
2990 2191 3147 2248 datus
3171 2203 3256 2250 est
3283 2195 3531 2268 Spiritus
3555 2199 3676 2269 Dei,
3705 2178 3815 2273 respi-

2295 2271 2443 2328 ciunt
2460 2291 2614 2346 super
2633 2279 2768 2347 ﬁlios
2789 2281 3072 2352 hominum,
3102 2295 3157 2339 ut
3182 2286 3404 2344 videant
3433 2290 3483 2345 si
3509 2302 3585 2348 est
3609 2271 3815 2367 intelligent

2295 2374 2385 2457 aut
2416 2368 2672 2439 requirens
2706 2371 2866 2427 Deum
2891 2390 2910 2428 :
2930 2377 3023 2430 sed
3066 2378 3189 2449 quia
3230 2378 3284 2435 id
3309 2380 3466 2438 dono
3497 2383 3592 2440 Dei
3617 2385 3815 2457 etSpiritt

2297 2456 2391 2514 Dei
2422 2458 2638 2551 iaciunt,
2672 2463 2811 2521 Dens
2834 2465 2937 2523 hoc
2964 2468 3138 2526 facere
3156 2472 3386 2539 dicitur;
3417 2475 3567 2533 velut
3590 2456 3813 2551 prospicue

2295 2556 2350 2603 et
2387 2550 2587 2607 videre.
2638 2552 2814 2622 Quare
2839 2564 3016 2613 autem
3044 2561 3109 2615 de
3137 2562 3262 2617 curio
3281 2605 3298 2631 ,
3328 2565 3377 2620 si
3408 2564 3517 2623 hoc
3540 2550 3748 2626 homines
3765 2570 3809 2625 ls-

2295 2641 2478 2697 ciunt?
2505 2643 2639 2712 Quia
2666 2645 2797 2701 dicit
2819 2647 3130 2719 Apostolus,
3163 2653 3365 2710 Nostra
3392 2666 3568 2715 autem
3589 2662 3809 2717 conmittit

2294 2732 2349 2786 in
2371 2734 2506 2788 caelis
2530 2746 2603 2789 est
2630 2734 2888 2811 (Philipp.
2915 2750 3005 2807 ιιι,
3028 2741 3100 2799 20
3121 2743 3160 2814 ).
3190 2744 3344 2803 Unde
3370 2749 3521 2804 enim
3548 2750 3644 2806 hoc
3668 2751 3763 2807 facis
3780 2763 3809 2806 ut

2299 2823 2503 2891 videas,
2535 2827 2675 2884 unde
2695 2832 2957 2901 prospicis
2982 2842 3041 2889 ut
3067 2836 3379 2908 intelligas?
3406 2856 3590 2901 nonne
3614 2843 3805 2901 corticis

2293 2916 2456 2972 corde
2480 2916 2581 2974 hoc
2609 2919 2775 2988 facis,
2808 2922 3132 2995 Christiane,
3164 2928 3287 2985 vide
3326 2932 3374 2987 si
3415 2947 3628 2991 sursum
3654 2951 3728 2991 cor
3752 2936 3805 2991 lu-

2293 3006 2441 3065 bcas.
2492 3009 2551 3067 Si
2589 3028 2800 3069 sursum
2831 3031 2927 3072 cor
2960 3018 3159 3086 habes,
3188 3022 3253 3076 de
3281 3026 3413 3080 creto
3453 3026 3509 3083 in
3542 3036 3712 3085 terram
3732 3045 3805 3101 pro-

2292 3099 2475 3192 spicis.
2500 3100 2569 3158 Et
2590 3104 2712 3175 quia
2742 3108 2845 3161 hoc
2867 3107 3009 3165 dono
3036 3111 3130 3168 Dei
3168 3112 3320 3182 facis,
3353 3115 3502 3175 Deus
3522 3120 3584 3175 de
3605 3122 3709 3176 celo
3730 3099 3806 3192 pro-

2291 3190 2639 3286 spicitsuper
2680 3196 2815 3266 ﬁlios
2857 3202 3141 3260 hominum.
3187 3204 3284 3263 llla
3332 3208 3501 3281 igitur
3536 3190 3806 3286 quzestioﬁpro

2292 3282 2510 3339 modulo
2536 3295 2720 3343 nostro
2745 3290 2824 3344 sic
2851 3291 3024 3349 soluta
3050 3304 3151 3351 est.

2363 3376 2416 3433 6.
2447 3376 2597 3453 [vers.
2621 3379 2701 3453 4.]
2741 3382 2879 3452 Quid
2907 3394 2991 3442 est
3016 3388 3157 3458 quod
3200 3392 3596 3462 prospicientes
3632 3396 3793 3468 agnotu-

2288 3470 2445 3527 must
2469 3470 2608 3540 Quid
2636 3484 2719 3530 est
2741 3476 2886 3548 quod
2913 3480 3245 3551 prospiciens
3273 3484 3423 3541 Deus
3444 3488 3789 3559 agnoscitiqlﬁ.

2289 3562 2413 3633 quia
2442 3563 2529 3620 hic
2554 3562 2738 3634 donat,
2770 3570 3049 3639 agnoscit?
3074 3572 3211 3628 Audi
3239 3575 3371 3645 quid
3398 3594 3414 3633 :
3442 3578 3575 3647 Quia
3603 3580 3793 3636 omnesu-

2288 3652 2624 3723 clinaverunt,
2655 3658 2809 3714 simul
2831 3659 3032 3717 inutiles
3058 3662 3184 3732 facti
3212 3674 3375 3722 sunt:
3397 3684 3503 3723 non
3526 3679 3599 3725 est
3617 3671 3691 3742 qui
3705 3668 3797 3742 feria

2287 3747 2507 3815 bonum,
2550 3767 2652 3806 non
2693 3760 2767 3807 est
2803 3768 2961 3824 usque
2996 3754 3066 3810 ad
3092 3772 3272 3812 unum.
3314 3760 3450 3828 Qua:
3482 3762 3635 3834 igitur
3654 3760 3796 3818 illaalii

2288 3842 2514 3908 qumstio
2543 3852 2645 3909 est,
2676 3844 2776 3898 nisi
2805 3861 2963 3917 quam
2994 3849 3153 3918 paulo
3179 3859 3303 3906 ante
3329 3854 3737 3911 commemoravi?
3762 3852 3795 3907 Si

2288 3942 2482 3987 nonest
2510 3935 2597 4003 qui
2624 3935 2780 4004 faciat
2805 3936 3010 4004 bonum,
3033 3957 3136 3996 non
3155 3953 3227 3997 est
3247 3960 3408 4015 usque
3426 3948 3497 4001 ad
3517 3964 3674 4013 unum,
3695 3955 3794 4000 nemo

2289 4032 2456 4079 restat
2480 4025 2568 4095 qui
2595 4038 2773 4095 gemat
2803 4028 2944 4085 inter
2967 4033 3160 4087 malos.
3194 4034 3485 4106 Exspecta,
3511 4039 3665 4109 inquit
3684 4033 3794 4093 Domi-

2288 4129 2418 4181 nus;
2452 4116 2559 4170 noli
2602 4118 2708 4172 cito
2754 4118 2897 4177 ferre
2934 4125 3257 4183 sententiam
3284 4146 3299 4183 :
3328 4129 3524 4188 donavi
3569 4129 3791 4188 hominibus

2287 4207 2424 4264 bene
2451 4209 2641 4278 facere,
2666 4211 2759 4268 sed
2780 4229 2845 4270 ex
2873 4231 2981 4283 mc,
3010 4217 3199 4290 inquit,
3224 4236 3330 4276 non
3352 4238 3419 4279 ex
3444 4240 3503 4280 se
3522 4241 3536 4291 ;
3557 4240 3618 4282 ex
3634 4240 3684 4281 se
3700 4222 3788 4279 enim
3844 4266 3845 4281 ς

2287 4303 2412 4358 mali
2438 4314 2602 4359 sunt:
2628 4304 2720 4361 ﬁlii
2750 4305 3026 4365 hominum
3062 4322 3203 4375 sunt.
3229 4316 3448 4385 quando
3474 4317 3783 4377 malefaciant;

2285 4393 2498 4463 quando
2526 4394 2682 4463 bene,
2712 4397 2805 4453 lilii
2834 4400 2959 4456 mei.
2990 4401 3102 4457 Hoc
3126 4405 3267 4460 enim
3298 4406 3430 4463 facit
3461 4409 3610 4473 Deus,
3639 4425 3692 4465 ex
3711 4405 3785 4461 filiis

2286 4484 2561 4541 hominum
2590 4487 2727 4543 lilios
2758 4490 2851 4546 Dei
2876 4509 2891 4546 :
2916 4493 3036 4562 quia
3058 4509 3124 4551 ex
3156 4494 3290 4551 Filio
3322 4499 3412 4553 Dei
3437 4500 3555 4557 fecit
3578 4496 3783 4556 ﬁliumin-

2285 4576 2465 4633 minis.
2493 4577 2683 4635 Videte
2708 4596 2827 4650 quae
2851 4582 2922 4637 sit
2955 4583 3044 4639 illa
3090 4587 3424 4659 participatio
3453 4610 3468 4646 :
3496 4591 3713 4662 promissa
3731 4594 3780 4641 est

2286 4667 2442 4722 nobis
2473 4671 2811 4741 participatio
2836 4672 3156 4743 divinitatis;
3188 4680 3449 4737 mentitur
3471 4684 3553 4753 qui
3577 4676 3776 4753 promisit.

2284 4758 2330 4814 si
2358 4774 2462 4814 non
2489 4770 2569 4816 est
2601 4761 2747 4831 prior
2783 4763 2954 4820 factus
2998 4769 3263 4839 particeps
3300 4773 3640 4829 mortalitatis.
3670 4768 3776 4825 Filius

2284 4851 2426 4906 enim
2458 4852 2550 4907 Dei
2580 4854 2848 4924 particeps
2874 4859 3213 4915 mortalitatis
3238 4860 3461 4920 effectus
3482 4873 3586 4929 est,
3615 4870 3659 4917 ut
3678 4871 3774 4915 mor-

2286 4942 2402 4997 talis
2434 4943 2594 4997 hotno
2619 4944 2709 4999 fiat
2740 4946 3004 5018 particeps
3031 4950 3344 5009 divinitatis.
3371 4954 3471 5024 Qui
3498 4955 3582 5011 tibi
3605 4946 3773 5024 promisit

2282 5036 2780 5092 communicandum
2823 5049 2993 5097 tccum
3038 5042 3237 5100 bonum
3283 5061 3469 5115 suum,
3497 5047 3624 5119 prius
3657 5051 3770 5099 tecum

2282 5129 2693 5183 communicavit
2724 5130 2920 5185 malum
2956 5141 3102 5188 tuum
3129 5152 3144 5189 :
3169 5135 3259 5205 qui
3285 5137 3376 5193 tibi
3405 5137 3623 5208 promisit
3642 5127 3769 5189 divini-

2286 5229 2474 5287 tatem,
2501 5221 2733 5276 ostendit
2760 5222 2811 5276 in
2841 5233 2891 5279 te
2914 5224 3251 5283 charitatem.
3285 5228 3425 5300 Ergo
3446 5228 3563 5284 tolle
3581 5220 3691 5297 quod
3706 5219 3769 5273 b0-

2285 5312 2454 5368 mines
2500 5313 2588 5367 lllii
2636 5313 2731 5369 Dei
2778 5325 2935 5381 sunt,
2974 5328 3216 5374 remanet
3258 5320 3397 5391 quod
3440 5319 3526 5375 lilii
3568 5313 3765 5372 hominum

2281 5416 2408 5463 sunt
2430 5425 2444 5462 :
2468 5405 2587 5461 Non
2608 5416 2681 5463 est
2700 5408 2788 5482 qui
2807 5409 2963 5481 faciat
2983 5410 3188 5477 bonum,
3209 5430 3311 5469 non
3329 5423 3398 5470 est
3418 5427 3559 5482 usque
3573 5409 3631 5464 ad
3643 5417 3761 5460 W-

2354 5503 2405 5555 7.
2450 5500 2598 5574 [ιιεη.
2623 5502 2701 5575 5.]
2749 5500 2938 5559 Nonne
2964 5505 3122 5560 scient
3147 5523 3318 5562 omnes
3344 5508 3425 5579 qui
3446 5511 3674 5578 operantur
3698 5491 3761 5546 ἰκέ-

2280 5594 2552 5663 quitatem,
2578 5595 2666 5665 qui
2706 5594 2948 5651 devorant
2979 5598 3225 5669 populum
3264 5615 3423 5654 meum
3447 5598 3497 5652 in
3517 5594 3608 5650 cibo
3629 5579 3759 5662 ραίιν

2282 5684 2471 5743 Nonne
2496 5688 2697 5743 scient?
2724 5704 2901 5745 nonne
2937 5689 3042 5746 illis
3079 5691 3419 5748 ostendetur?
3449 5690 3561 5756 Dic,
3584 5683 3752 5740 mini“:

2286 5780 2506 5852 loquere
2537 5797 2598 5836 ex
2631 5782 2955 5853 parturiente
2974 5792 3028 5841 et
3053 5782 3287 5843 dolente.
3311 5780 3525 5855 Populus
3545 5775 3656 5838 enim
3671 5777 3752 5827 ⁸³⁸⁸
