3942 6440
150 287 269 349 317

151 405 453 465 devoratur
470 405 524 464 in
549 406 670 463 cibo
696 405 873 478 panis.
897 405 996 464 Est
1014 420 1142 477 ergo
1163 404 1253 462 hic
1279 406 1507 478 pepulus
1535 405 1629 462 Dei
1659 405 1750 475 qui

152 498 470 558 devoratur.
502 500 659 557 Certe
697 516 797 555 non
844 509 917 554 est
944 500 1032 574 qui
1071 500 1226 572 faciat
1271 500 1474 566 bonum,
1523 515 1626 553 non
1681 504 1753 553 est

148 610 318 666 usque
340 595 410 651 ad
433 612 610 651 unum.
639 594 1014 666 ReSpondetur
1052 609 1117 649 ex
1160 592 1249 649 illa
1287 592 1490 664 regula.
1523 591 1629 647 Sed
1652 590 1753 646 iste

146 689 387 760 populus
405 688 493 761 qui
515 687 823 754 devoratur,
856 686 956 742 iste
977 685 1204 758 populus
1223 685 1313 756 qui
1341 684 1538 757 patitur
1559 683 1746 749 malos,

147 780 264 838 iste
306 781 395 854 qui
439 779 604 852 gemit
645 788 699 835 et
742 779 971 851 parturit
1000 778 1142 834 inter
1167 778 1359 842 malos,
1388 777 1499 848 jam
1529 791 1595 831 ex
1629 775 1751 829 filiis

148 869 435 929 hominum
467 871 560 927 lilii
594 871 687 927 Dei
716 869 839 927 facti
868 880 995 927 sunt
1024 888 1038 925 :
1067 869 1188 927 ideo
1217 869 1525 926 devoratur.
1553 866 1748 923 Consi-

149 964 291 1022 lium
315 965 456 1022 enim
487 964 660 1036 inopis
688 963 1030 1043 conl'udistis,
1055 963 1309 1035 quoniam
1338 961 1597 1018 Dominus
1624 975 1750 1031 spes

155 1059 277 1130 ejus
304 1066 390 1116 est
410 1056 581 1133 (Psal.
606 1073 724 1125 xm,
749 1056 829 1128 6).
860 1057 1183 1129 Plerumque
1202 1056 1345 1112 enim
1378 1064 1436 1111 ut
1460 1055 1751 1111 devoretur

157 1153 386 1226 populus
414 1152 529 1218 Dei,
559 1152 664 1208 hoc
691 1151 867 1225 ipsum
897 1151 949 1206 in
978 1150 1071 1206 illo
1097 1150 1482 1217 contemnitur,
1505 1150 1629 1221 quia
1658 1165 1750 1219 po-

162 1245 315 1319 pulus
347 1244 437 1301 Dei
466 1253 570 1300 est.
599 1242 846 1315 Rapiam,
877 1243 1068 1314 inquit,
1100 1251 1155 1298 et
1182 1243 1506 1315 exspoliem;
1534 1244 1578 1299 si
1600 1242 1749 1298 chri-

165 1338 361 1396 stianus
385 1346 487 1404 est,
518 1336 643 1407 quid
671 1336 797 1391 mihi
828 1334 1066 1391 facturus
1085 1335 1206 1392 est?
1228 1334 1490 1407 Loquitur
1509 1350 1608 1407 pro
1633 1335 1745 1402 illo,

165 1431 246 1503 qui
272 1428 502 1499 loquitur
523 1442 620 1499 pro
644 1425 991 1498 parturiente,
1014 1436 1067 1483 et
1090 1426 1323 1481 minatur
1343 1426 1745 1494 devorantibus,

164 1521 360 1588 dicens,
392 1518 578 1576 Nonne
602 1521 760 1575 scient
784 1537 955 1574 omnes
982 1520 1068 1592 qui
1094 1530 1373 1591 operantur
1395 1519 1750 1592 iniquitatem?

161 1616 286 1672 Nam
317 1623 372 1671 et
399 1613 489 1670 ille
512 1614 602 1688 qui
628 1612 838 1668 videbat
880 1613 1086 1680 furem,
1119 1623 1173 1670 et
1214 1612 1576 1669 concurrebat
1623 1628 1746 1669 eum

160 1724 241 1773 eo,
264 1717 318 1764 et
343 1722 460 1763 cum
483 1705 743 1762 adulteris
766 1706 1065 1775 portionem
1093 1719 1245 1760 suam
1274 1703 1532 1776 ponebat,
1552 1703 1747 1761 sedens

158 1801 410 1856 adversus
436 1796 651 1854 fratrem
674 1813 827 1853 suum
848 1795 1187 1864 detrahebat,
1205 1806 1260 1851 et
1289 1795 1549 1852 adversus
1578 1795 1744 1850 lilium

156 1894 343 1949 matris
366 1907 474 1947 sua:
505 1890 736 1964 ponebat
761 1888 1072 1945 scandalum
1098 1930 1112 1953 ,
1146 1889 1276 1943 dixit
1319 1889 1376 1943 in
1424 1888 1576 1944 corde
1614 1902 1746 1944 suo:

157 1982 279 2038 Non
307 1994 379 2039 est
406 1981 561 2038 Deus.
593 1982 718 2038 [deo
744 1981 849 2037 hoc
874 1981 947 2037 illi
976 1979 1192 2043 dicitur,
1229 1977 1355 2035 Hae
1380 1979 1566 2052 fecisti,
1592 1988 1638 2035 et
1668 1989 1747 2034 ta-

152 2077 236 2131 cui
257 2094 277 2131 :
296 2075 579 2146 suspicatus
601 2092 653 2129 es
672 2074 1008 2146 iniquitatem,
1030 2072 1167 2144 quod
1190 2089 1277 2128 ero
1303 2072 1378 2127 tui
1403 2072 1587 2128 similis
1604 2087 1625 2127 :
1642 2073 1746 2129 hoc

150 2177 251 2236 est,
278 2183 386 2223 non
409 2182 502 2225 ero
529 2167 688 2235 Deus,
715 2166 761 2222 si
787 2181 882 2222 ero
909 2164 1003 2219 tibi
1030 2164 1243 2219 similis.
1269 2163 1377 2220 Sed
1406 2164 1533 2236 quid
1562 2165 1746 2236 sequi-

150 2263 273 2317 tur!
300 2261 527 2333 Arguam
559 2271 626 2326 te,
660 2268 707 2314 et
736 2267 957 2313 statuam
983 2266 1031 2311 te
1054 2265 1174 2312 ante
1197 2254 1381 2329 faciem
1407 2264 1546 2311 tuam
1564 2254 1741 2327 (Psal.

146 2371 303 2419 xux,
334 2353 540 2426 18%|).
565 2352 658 2410 Sic
679 2360 734 2409 et
757 2350 864 2419 hic,
890 2350 1119 2423 Arguam
1140 2357 1209 2416 te,
1236 2359 1283 2405 et
1304 2358 1526 2405 statuam
1553 2359 1600 2404 te
1627 2358 1745 2405 ante

138 2448 338 2520 [aciem
365 2456 521 2502 tuam.
563 2444 682 2502 Non
718 2444 802 2499 vis
835 2442 996 2499 modo
1034 2457 1197 2499 nosse
1222 2450 1282 2498 ut
1307 2441 1404 2498 tibi
1432 2441 1737 2515 displiceas,

137 2554 344 2596 nosces
368 2546 427 2595 ut
454 2539 694 2609 plangas.
714 2535 830 2592 Non
859 2535 1002 2592 enim
1029 2550 1135 2591 non
1162 2534 1634 2593 demonstraturus
1658 2544 1742 2592 est

136 2631 291 2690 Deus
316 2633 511 2705 iniquis
541 2630 869 2704 iniquitatem
894 2644 1068 2685 suam.
1091 2628 1148 2685 Si
1176 2644 1281 2685 non
1309 2637 1392 2686 est
1409 2628 1744 2685 demonstra-

137 2736 338 2793 turus,
364 2727 633 2797 quierunt
656 2723 748 2796 qui
776 2722 970 2778 dicturi
1001 2728 1127 2778 sunt
1159 2740 1173 2777 :
1204 2721 1344 2790 Quid
1366 2720 1512 2776 nobis
1542 2722 1739 2793 profuit

133 2817 417 2892 superbia,
457 2826 506 2872 et
550 2816 841 2872 diuitiarum
886 2814 1133 2883 iactantia
1172 2812 1298 2885 quid
1338 2811 1550 2869 contulit
1597 2813 1741 2868 nobis

137 2910 303 2981 (Sap.
329 2925 384 2976 v,
410 2907 505 2979 8)?
533 2907 684 2963 Tunc
709 2922 838 2979 ergo
862 2907 1036 2963 scient
1055 2906 1147 2977 qui
1179 2904 1338 2961 modo
1360 2905 1501 2961 scire
1526 2906 1736 2962 nolunt.

136 2999 341 3058 Nonne
358 2999 516 3057 scient
541 3016 713 3054 omnes
739 2999 828 3070 qui
853 3006 1130 3069 operantur
1156 2994 1503 3071 iniquitatem,
1527 2997 1612 3069 qui
1646 2995 1739 3051 de-

135 3103 325 3148 corant
350 3091 594 3166 populum
622 3107 789 3146 meum
813 3089 867 3145 in
894 3089 1004 3144 cibo
1031 3088 1219 3161 panis?
1240 3087 1377 3157 Quid
1410 3086 1650 3155 addidit,
1684 3088 1738 3143 in

138 3184 253 3241 cibo
301 3184 503 3260 panis?
547 3183 823 3255 Tanquam
870 3197 1062 3255 panem
1109 3181 1437 3238 manducant
1482 3182 1737 3252 populum

139 3295 346 3337 meum.
391 3280 600 3336 Cmtera
644 3277 791 3336 enim
831 3292 952 3349 qua:
990 3275 1406 3346 manducamus,
1454 3290 1740 3347 possumus

143 3375 310 3434 modo
336 3375 449 3445 illa,
477 3373 639 3431 modo
667 3372 786 3440 illa;
814 3388 920 3428 non
944 3371 1280 3443 semperhoc
1299 3371 1440 3439 olus,
1464 3385 1568 3426 non
1598 3385 1740 3426 sem-

144 3483 241 3541 per
264 3467 409 3526 hauc
428 3482 668 3532 carnem,
697 3480 804 3521 non
825 3480 1038 3535 semper
1060 3462 1177 3520 huic
1201 3478 1357 3534 poma
1379 3479 1397 3519 :
1421 3477 1635 3534 semper
1652 3477 1741 3517 au-

146 3569 251 3617 tem
298 3575 511 3632 panem.
554 3558 692 3626 Quid
716 3566 801 3614 est
826 3570 991 3629 ergo,
1018 3558 1262 3611 deuorant
1289 3556 1536 3627 populum
1570 3570 1739 3610 meum

146 3652 195 3708 in
224 3652 340 3708 cibo
368 3652 551 3723 panis?
577 3649 709 3707 Sine
734 3647 1153 3715 intermissione,
1181 3646 1301 3702 sine
1326 3646 1628 3702 cessatione
1645 3644 1740 3702 de-

146 3753 335 3800 vorant
357 3786 375 3812 ,
398 3744 488 3818 qui
514 3743 753 3798 decorant
782 3739 1030 3813 populum
1057 3755 1220 3794 meum
1248 3738 1302 3792 in
1326 3738 1435 3793 cibo
1462 3739 1628 3809 panis.

212 3837 268 3893 8.
302 3835 472 3911 [.
501 3835 555 3900 6,
585 3831 665 3906 7.]
694 3831 867 3887 Deum
891 3848 991 3886 non
1016 3831 1391 3885 invocaverunt.
1421 3829 1742 3886 Consolatur

138 3938 466 4003 gementem,
492 3934 548 3983 et
575 3925 803 3982 maxime
833 3939 897 3981 ex
918 3923 1428 3979 commemoratione
1452 3923 1492 3991 ,
1521 3938 1589 3978 ne
1615 3923 1738 3977 imi-

138 4021 309 4080 tando
342 4021 511 4076 malos
550 4017 641 4090 qui
692 4016 1008 4090 plerumque
1061 4023 1464 4086 prosperantur,
1510 4014 1742 4070 delectet

134 4115 263 4172 fieri
286 4113 504 4169 malum.
526 4111 787 4168 Servatur
827 4108 919 4165 tibi
950 4106 1090 4180 quod
1121 4107 1213 4162 tibi
1260 4106 1580 4177 promissum
1608 4114 1691 4162 est
1721 4123 1735 4161 :

135 4223 276 4282 spes
296 4208 504 4263 illorum
531 4218 771 4276 praesens
794 4210 896 4268 est,
940 4212 1029 4257 tua
1062 4200 1236 4256 futura
1264 4209 1380 4266 est;
1406 4199 1500 4257 sed
1526 4199 1739 4255 illorum

137 4304 314 4370 uxa,
344 4310 430 4357 tua
483 4307 661 4366 certa;
715 4297 928 4353 illorum
973 4294 1125 4362 falsa,
1154 4304 1240 4350 tua
1289 4308 1437 4350 vera.
1481 4293 1559 4349 Illi
1594 4292 1740 4350 enim

141 4397 315 4454 Deum
339 4409 439 4448 non
467 4392 842 4447 invocaverunt.
887 4386 1075 4443 Nonne
1112 4384 1353 4458 quotidie
1393 4385 1526 4442 tales
1552 4392 1742 4457 rogant

139 4485 357 4547 Deum?
386 4483 499 4540 Non
545 4489 737 4553 rogant
780 4480 966 4536 Deum.
998 4476 1290 4544 Attendite,
1320 4475 1367 4532 si
1391 4489 1608 4547 possum
1638 4474 1741 4532 hoc

148 4584 335 4641 dicere
351 4578 631 4649 adiuvante
658 4575 775 4645 ipso
802 4572 933 4627 Deo.
967 4571 1108 4626 Deus
1131 4569 1295 4641 gratis
1341 4584 1403 4626 se
1447 4568 1567 4624 vult
1612 4567 1740 4637 coli,

151 4674 321 4751 gratis
337 4686 396 4729 se
421 4669 534 4726 vult
551 4666 722 4739 diligi,
740 4665 845 4721 hoc
859 4670 942 4720 est
969 4669 1116 4718 caste
1133 4661 1300 4717 amari
1318 4677 1333 4727 ;
1363 4676 1468 4716 non
1496 4668 1743 4731 prepter-

158 4785 223 4828 ea
274 4780 330 4823 se
353 4762 543 4830 amari,
565 4759 689 4833 quia
716 4756 812 4815 dat
835 4753 1036 4825 aliquid
1063 4762 1256 4824 praster
1282 4767 1363 4819 se,
1389 4751 1484 4809 sed
1509 4751 1630 4823 quia
1649 4751 1745 4807 dat

162 4875 245 4919 se.
274 4856 366 4926 Qui
403 4869 532 4926 ergo
554 4854 767 4910 invocat
805 4848 977 4905 Deum
1007 4852 1067 4902 ut
1093 4844 1244 4901 dives
1268 4843 1381 4910 liat,
1431 4844 1598 4899 Deum
1636 4858 1744 4900 non

168 4955 400 5017 invocat;
431 4948 534 5003 hoc
570 4945 715 5003 enim
760 4942 973 4998 invocat
1025 4938 1166 5011 quod
1210 4937 1277 4994 ad
1310 4953 1370 4995 se
1392 4937 1508 4994 vult
1534 4937 1742 4996 venire.

173 5044 303 5120 Quid
324 5043 465 5102 enim
492 5049 576 5099 est
600 5041 870 5105 invocare,
896 5034 998 5091 nisi
1027 5048 1220 5090 vocare
1246 5032 1300 5089 in
1323 5033 1419 5090 sel
1452 5031 1511 5088 In
1536 5047 1596 5089 se
1616 5046 1745 5105 ergo

177 5153 371 5204 vocare,
401 5136 509 5192 hoc
527 5133 721 5190 dicitur
762 5130 1029 5186 invocare.
1054 5125 1190 5183 Nam
1230 5140 1352 5183 cum
1397 5124 1553 5192 dicis,
1601 5124 1745 5180 Deus

175 5233 241 5291 da
266 5228 380 5285 mibi
421 5225 668 5286 divitias;
706 5237 813 5279 non
845 5222 926 5277 vis
968 5228 1028 5276 ut
1052 5218 1168 5291 ipse
1194 5219 1337 5276 Deus
1364 5217 1431 5274 ad
1459 5227 1511 5274 te
1547 5216 1744 5285 veniat,

177 5324 270 5386 sed
308 5322 383 5381 vis
509 5318 710 5377 divitiae
754 5315 969 5371 veniant
994 5312 1063 5369 ad
1104 5321 1178 5369 te.
1204 5311 1357 5380 Quod
1382 5311 1464 5366 vis
1501 5318 1560 5366 ut
1598 5309 1667 5366 ad
1696 5318 1747 5366 te

178 5417 360 5483 veniat,
389 5414 495 5471 hoc
533 5412 774 5468 invocas.
803 5407 861 5465 Si
884 5415 1061 5463 autem
1092 5405 1258 5461 Deum
1306 5404 1603 5467 invocarcs,
1632 5401 1747 5473 ipse

177 5512 246 5571 ad
270 5521 313 5567 te
333 5508 560 5571 veniret,
590 5506 706 5577 ipse
740 5509 886 5560 esset
912 5499 1112 5556 divitia:
1139 5508 1264 5554 tute.
1291 5496 1444 5554 Nunc
1462 5505 1642 5552 autem
1666 5495 1747 5552 vis

170 5585 364 5668 habere
389 5614 569 5660 arcam
590 5598 822 5671 plenam,
844 5602 900 5650 et
917 5592 1132 5650 inanem
1149 5589 1532 5649 conscientiam
1561 5607 1575 5645 :
1604 5588 1748 5646 Deus

289 5763 469 5833 Aliquot
479 5770 612 5827 uss,
630 5773 698 5815 ea:
729 5754 1101 5825 .
1129 5749 1372 5817 nonnulli,
1393 5761 1458 5804 ex
1479 5760 1748 5804 continere-

177 5832 326 6003 ,
407 5912 631 5976 .
680 5907 961 5973 Aususr.
1005 5902 1109 5968 IV.

1283 286 1683 349 ENARRA'IIO
1709 285 1777 344 IN
1811 282 2139 349 PSALMUM
2174 285 2285 349 LII.

3351 293 3459 356 6l8

1862 421 1966 461 non
1990 408 2175 480 implet
2201 424 2401 478 aream,
2433 409 2526 467 sed
2546 421 2749 482 pectus.
2778 410 2915 482 Quid
2941 412 3035 467 tibi
3063 424 3284 483 prosunt
3307 422 3460 473 exte-

1860 498 2031 555 riores
2060 501 2260 557 divitia:
2286 504 2330 557 si
2356 514 2405 559 te
2426 504 2648 560 interior
2685 507 2878 577 premit
2908 505 3157 577 egestas?
3184 506 3325 578 Ergo
3366 506 3459 562 isti

1859 589 1951 660 qui
1975 603 2189 661 propter
2222 596 2497 651 saecularia
2534 596 2838 661 commoda,
2877 598 2964 669 qui
2996 607 3215 668 prepter
3242 606 3458 655 terrena

1859 680 2019 748 bona,
2044 684 2131 755 qui
2165 696 2380 757 propter
2402 688 2564 744 vitam
2592 699 2909 760 przcsentem
2942 700 2995 745 et
3023 680 3289 747 terrenam
3330 690 3456 748 feli-

1859 775 2072 831 citatem
2100 776 2350 835 invocant
2379 780 2569 849 Deum,
2602 798 2708 838 non
2732 783 2983 838 invocant
3012 783 3199 840 Deum.

1928 869 1984 926 9.
2011 869 2299 941 Propterea
2325 874 2450 945 quid
2475 875 2545 932 de
2575 875 2680 933 illis
2719 878 3001 949 sequitur?
3048 877 3133 933 Ibi
3179 879 3456 935 timuerunt

1858 961 2055 1027 timore,
2079 962 2163 1016 ubi
2188 980 2290 1018 non
2316 974 2424 1019 erat
2451 966 2619 1024 timor.
2644 968 2909 1040 Numquid
2946 970 3086 1025 enim
3140 972 3298 1025 timor
3344 984 3449 1036 est,

1856 1053 1902 1110 si
1930 1057 2049 1126 quis
2079 1057 2261 1127 perdat
2280 1058 2530 1116 divitias?
2556 1061 2668 1116 Non
2696 1071 2778 1117 est
2807 1063 2874 1118 ibi
2902 1064 3079 1128 timor,
3103 1074 3158 1120 et
3200 1065 3268 1119 ibi
3299 1067 3454 1122 time-

1855 1153 1961 1202 tur.
1993 1147 2047 1204 Si
2070 1149 2190 1221 quis
2214 1159 2393 1207 autem
2419 1154 2605 1223 perdat
2629 1155 2968 1227 sapientiam,
3004 1172 3129 1211 vere
3148 1157 3304 1212 timor
3331 1168 3448 1224 est;

1856 1250 1912 1295 et
1937 1241 2006 1297 ibi
2053 1259 2156 1297 non
2194 1245 2429 1301 timetur.
2466 1248 2624 1314 Audi,
2666 1249 2939 1319 dignosce,
2987 1251 3121 1305 tales
3172 1244 3483 1325 intellige:

1856 1336 2261 1392 commendatur
2284 1340 2461 1394 nescio
2491 1342 2572 1395 cui
2593 1342 2883 1407 saccellus;
2914 1358 3018 1397 non
3053 1344 3167 1398 vult
3200 1345 3447 1412 reddere,

1855 1440 1953 1497 pro
1977 1443 2074 1481 suo
2102 1440 2395 1500 computat,
2436 1449 2537 1487 non
2587 1444 2733 1503 putat
2760 1450 2918 1506 posse
2959 1438 3151 1505 repeti,
3189 1437 3298 1507 jam
3357 1453 3451 1505 pro

1854 1533 1952 1574 suo
1997 1519 2228 1587 habebit,
2284 1523 2508 1580 reddere
2550 1525 2830 1581 detrectat.
2869 1528 3055 1584 Videat
3096 1529 3221 1598 quid
3265 1531 3453 1583 timeat

1854 1612 2122 1680 amittere,
2163 1622 2218 1670 et
2259 1615 2385 1686 quid
2417 1617 2551 1672 nolit
2580 1619 2781 1675 habere
2814 1636 2828 1674 :
2863 1620 2914 1675 in
2960 1621 3179 1676 dubium
3228 1621 3453 1677 veniunt

1853 1705 2077 1774 pecunia
2102 1714 2156 1762 et
2186 1706 2351 1775 fides;
2384 1725 2502 1780 qua:
2525 1711 2809 1780 pretiosior
2835 1720 2940 1777 est,
2976 1713 3045 1767 ibi
3067 1715 3279 1784 gravius
3296 1713 3451 1769 dam-

1851 1809 1979 1849 num
2010 1794 2302 1871 timendum
2328 1808 2428 1855 est.
2458 1799 2537 1855 Tu
2565 1809 2745 1856 autem
2772 1810 2829 1856 ut
2846 1817 3033 1857 aurum
3059 1813 3260 1871 teneas,
3286 1804 3449 1860 dem

1852 1885 2032 1957 perdis
2066 1890 2353 1961 :graviore
2400 1891 2598 1949 damno
2647 1893 2963 1964 perculeris,
3005 1902 3062 1950 et
3109 1903 3164 1951 tu
3188 1894 3257 1951 de
3297 1895 3449 1951 lucro

1851 1976 2059 2034 laetatus
2082 1996 2143 2037 es
2175 1997 2190 2035 :
2220 1982 2292 2038 ibi
2341 1982 2563 2040 timuisti
2609 1985 2807 2053 timore,
2845 1986 2930 2041 ubi
2966 2003 3067 2041 non
3110 1997 3219 2043 erat
3270 1988 3443 2043 timor.

1848 2070 2036 2130 Redde
2065 2076 2344 2146 pecuniam
2374 2095 2389 2130 :
2421 2093 2610 2148 parum
2637 2076 2779 2143 dico,
2814 2077 3032 2145 Redde;
3061 2078 3227 2150 perde
3272 2095 3442 2151 pecu-

1848 2163 2024 2233 niam,
2062 2181 2131 2221 ne
2182 2165 2341 2222 fidem
2385 2166 2598 2237 perdas.
2632 2168 2712 2224 Tu
2762 2168 2991 2224 reddere
3038 2170 3322 2240 pecuniam
3373 2170 3444 2225 ti-

1847 2256 2027 2311 muisti
2047 2299 2062 2322 ,
2090 2266 2145 2313 et
2174 2257 2331 2313 [idem
2355 2259 2585 2330 perdere
2608 2259 2823 2314 voluisti
2845 2262 2859 2315 l
2884 2259 3142 2333 Martyres
3173 2276 3280 2317 non
3313 2261 3445 2319 alie-

1847 2364 1969 2404 nam
2010 2350 2264 2416 tulerunt;
2294 2350 2389 2407 sed
2419 2352 2578 2407 etiam
2614 2368 2787 2421 suam,
2817 2352 2975 2409 dem
3015 2369 3085 2411 ne
3112 2356 3443 2413 amitterent.

1847 2451 2401 2512 contempseruntzet
2456 2459 2641 2515 parum
2686 2444 2786 2500 fuit
2853 2445 3077 2517 perdere
3137 2449 3443 2518 pecuniam,

1845 2533 2058 2604 quando
2073 2535 2352 2606 proscripti
2369 2544 2525 2602 sunt;
2556 2536 2906 2607 perdiderunt
2931 2546 2986 2594 et
3007 2539 3240 2595 animam
3263 2554 3442 2608 suam,

1846 2625 2058 2695 quando
2087 2626 2228 2695 passi
2251 2636 2376 2682 sunt
2403 2646 2417 2682 :
2447 2627 2800 2699 perdiderunt
2826 2631 3084 2693 animam,
3114 2640 3173 2686 ut
3193 2631 3246 2685 in
3273 2631 3440 2687 vitam

1845 2726 2100 2773 mternam
2130 2720 2429 2775 invenirent
2456 2736 2574 2777 eam
2607 2722 2819 2796 (Matth.
2847 2740 2902 2792 ,
2929 2723 3041 2795 39).
3067 2725 3206 2796 Ergo
3250 2725 3325 2781 ibi
3372 2727 3446 2782 ti-

1844 2821 2096 2867 muerunt
2138 2812 2228 2868 ubi
2268 2815 2561 2871 timendum
2592 2827 2697 2873 est.
2726 2818 2805 2873 Illi
2854 2834 2985 2875 vero
3027 2820 3117 2890 qui
3169 2819 3445 2878 Christum

1844 2902 2113 2969 dixerunt,
2140 2905 2262 2961 Non
2287 2918 2358 2962 est
2382 2907 2541 2973 Deus,
2570 2909 2639 2964 ibi
2668 2911 2941 2966 timuerunt
2982 2911 3069 2966 ubi
3099 2928 3200 2967 non
3236 2923 3344 2968 erat
3377 2915 3446 2968 ti-

1844 3011 1979 3052 mor.
2009 2997 2269 3055 Dixerunt
2288 3000 2431 3055 enim
2467 3018 2481 3054 :
2512 3001 2573 3058 Si
2594 3002 2933 3073 dimiserimus
2958 3020 3093 3068 eum,
3121 3005 3314 3060 venient
3336 3003 3445 3060 Ro-

1844 3087 2003 3151 mani,
2032 3098 2081 3143 et
2107 3090 2282 3144 tollent
2302 3091 2442 3145 nobis
2459 3102 2506 3146 et
2533 3090 2699 3147 locum
2726 3102 2772 3147 et
2792 3111 3003 3165 regnum
3020 3093 3196 3168 (Joan.
3220 3111 3296 3163 ,
3321 3094 3443 3169 48).

1916 3182 2137 3237 stultitia
2169 3191 2224 3238 et
2246 3184 2625 3255 imprudentia,
2672 3185 2858 3242 dicens
2886 3186 2941 3241 in
2969 3188 3120 3243 corde
3148 3205 3240 3243 suo
3268 3204 3289 3243 :
3316 3187 3445 3245 Non

1843 3281 1918 3329 est
1941 3271 2081 3328 Deus
2400 3275 2626 3346 perdere
2646 3287 2868 3347 terram,
2892 3278 3171 3350 perdidisti
3201 3280 3399 3336 omium
3422 3297 3441 3335 :

1846 3364 2067 3421 timuisti
2093 3381 2161 3422 ne
2190 3368 2435 3422 venirent
2461 3368 2712 3437 Romani,
2740 3378 2795 3425 et
2837 3370 3089 3427 tollerent
3118 3372 3213 3427 tibi
3259 3371 3442 3430 locum

1843 3465 1898 3512 et
1922 3472 2181 3528 regnum;
2214 3459 2471 3530 numquid
2495 3461 2588 3516 tibi
2637 3460 2886 3517 tollerent
2910 3462 3116 3519 Deum?
3138 3463 3277 3532 Quid
3314 3479 3445 3537 ergo

1843 3549 2226 3618 restatiQuid,
2258 3551 2360 3606 nisi
2391 3556 2449 3605 ut
2489 3550 2707 3608 fatearis
2747 3555 2867 3623 quia
2909 3562 3093 3610 tenere
3128 3556 3340 3612 voluisti
3387 3565 3445 3613 et

1844 3644 2076 3701 tenendo
2103 3645 2244 3700 male
2268 3646 2535 3701 amisisti?
2574 3647 2862 3703 Perdidisti
2905 3651 3049 3705 enim
3081 3660 3135 3706 et
3181 3653 3354 3708 locum
3387 3661 3445 3709 et

1842 3747 2057 3808 gentem
2103 3737 2398 3793 occidendo
2449 3736 2741 3795 Christum.
2783 3738 3042 3797 Maluistis
3078 3741 3223 3797 enim
3280 3742 3445 3799 Chri-

1844 3838 1983 3885 stum
2015 3829 2281 3897 occidere,
2315 3846 2475 3901 quam
2513 3831 2690 3886 locum
2728 3832 2989 3902 perdere;
3036 3843 3091 3889 et
3133 3835 3444 3904 perdidistis

1845 3922 2017 3977 locum
2059 3933 2112 3977 et
2142 3931 2354 3994 gentem
2407 3931 2462 3978 et
2496 3923 2791 3980 Christum.
2822 3924 3083 3980 Timeudo
3125 3927 3446 3984 occiderunt

1843 4012 2113 4069 Christum
2148 4013 2283 4070 :sed
2311 4029 2480 4085 quare
2522 4013 2667 4069 hoc?
2699 4014 2952 4083 Quoniam
2994 4014 3129 4072 Deus
3172 4019 3445 4089 dissipauit

1844 4123 1959 4162 ossa
1979 4106 2261 4162 hominibus
2288 4106 2618 4178 placentium.
2652 4107 2907 4163 Volentes
2942 4109 3155 4179 placere
3198 4109 3439 4167 homini-

1842 4197 1965 4265 bus,
1994 4199 2283 4254 timuerunt
2312 4197 2539 4268 perdere
2587 4198 2785 4254 locum.
2818 4197 3061 4255 Christus
3102 4209 3278 4256 autem
3325 4202 3443 4273 ipse

1845 4290 1912 4347 de
1937 4306 2043 4363 quo
2070 4290 2340 4357 dixerunt,
2371 4288 2494 4344 Non
2518 4301 2591 4344 est
2617 4289 2779 4357 Deus,
2808 4292 2993 4346 maluit
3023 4291 3311 4364 displicere
3339 4293 3442 4349 ho-

1846 4364 2079 4442 minibus
2110 4384 2322 4448 talibus,
2380 4383 2565 4454 quales
2604 4384 2681 4438 illi
2734 4395 2923 4449 erant;
2979 4384 3102 4441 filiis
3142 4388 3440 4458 hominum,

1846 4494 1955 4536 non
1999 4478 2122 4533 [iliis
2164 4477 2256 4533 Dei
2286 4476 2471 4531 maluit
2504 4474 2811 4546 displicere.
2842 4474 2968 4532 lude
3022 4478 3273 4547 dissipata
3315 4488 3444 4536 sunt

1846 4587 1969 4629 ossa
1996 4586 2203 4634 eorum,
2235 4570 2378 4625 illius
2405 4584 2527 4626 ossa
2558 4583 2718 4624 nemo
2743 4569 3028 4639 confregit.
3055 4568 3268 4642 Confusi
3295 4581 3441 4639 sunt,

1844 4664 2085 4738 quoniam
2111 4662 2251 4718 Deus
2270 4662 2456 4733 sprevit
2495 4677 2598 4716 eos.
2649 4660 2875 4724 Revera,
2921 4658 3132 4726 fratres,
3181 4671 3441 4733 quantum

1845 4759 1914 4815 ad
1938 4758 2061 4815 illos
2085 4758 2297 4824 attinet,
2340 4771 2531 4826 magna
2560 4753 2669 4810 illis
2693 4754 2922 4811 accessit
2947 4754 3211 4811 confusio.
3246 4756 3303 4811 In
3335 4773 3443 4828 quo

1847 4850 1967 4907 loco
1995 4849 2373 4906 crucixerunt
2393 4847 2701 4915 Dominum,
2731 4861 2892 4916 quem
2918 4845 3038 4903 ideo
3060 4848 3446 4906 crueilixcrunt

1848 4960 1918 5001 ne
1948 4943 2233 5016 perderent
2265 4953 2320 4998 et
2350 4943 2525 4997 locum
2563 4949 2617 4997 et
2656 4955 2900 5012 regnum,
2932 4957 3038 4996 non
3081 4942 3152 4997 ibi
3183 4953 3306 4998 sunt
3344 4943 3445 4999 Ju-

1849 5039 1972 5096 daei.
1999 5037 2143 5093 Deus
2162 5052 2289 5108 ergo
2313 5035 2499 5108 sprevit
2534 5051 2620 5090 eos
2640 5050 2659 5088 :
2690 5043 2745 5091 et
2784 5044 2958 5090 tamen
3008 5037 3311 5106 spernendo
3346 5037 3439 5091 ad.

1850 5132 2056 5189 monuit
2101 5131 2223 5185 illos
2293 5136 2355 5184 ut
2407 5134 2808 5184 convertantur.
2860 5126 3056 5182 Modo
3110 5136 3439 5197 eognoscant

1850 5222 2144 5287 Christum,
2189 5229 2245 5277 et
2280 5220 2479 5284 dicant,
2507 5220 2646 5274 Deus
2686 5225 2802 5285 est;
2833 5233 2991 5288 quem
3019 5218 3285 5279 dixerunt,
3319 5216 3442 5273 Non

1851 5330 1925 5377 est
1954 5318 2115 5375 Deus.
2138 5315 2385 5373 Redeunt
2406 5315 2473 5369 ad
2499 5313 2867 5370 hmreditatem
2901 5320 3194 5381 paternam,
3233 5312 3300 5367 ad
3333 5309 3443 5366 im.

1850 5411 2132 5469 reditatem
2164 5408 2414 5473 Abrahae,
2442 5405 2590 5463 Isaac
2636 5414 2692 5462 et
2726 5403 2930 5468 Jabob;
2974 5403 3281 5472 possideant
3319 5419 3441 5460 cum

1852 5505 1983 5577 ipsis
2008 5504 2172 5559 vitam
2196 5511 2477 5568 aeternam,
2508 5499 2611 5557 etsi
2657 5499 2821 5554 vitam
2859 5496 3208 5579 temporalem
3245 5496 3441 5553 amise~

1968 5680 2125 5732 nostri
2159 5690 2333 5731 omnes
2365 5685 2492 5739 Mss,
2514 5681 2562 5728 et
2590 5680 2751 5727 tamen
2784 5671 3055 5741 frangendo
3086 5670 3352 5741 admonuit.
3390 5678 3443 5727 Et

1852 5744 2082 5813 plerique
2102 5747 2462 5813 prosequuntur
2477 5736 2555 5792 sic
2579 5751 2592 5789 :
2621 5750 2716 5801 quo
2730 5736 3084 5799 coiwer'tatuur,
3106 5736 3343 5801 quomodo
3367 5750 3444 5789 co-

2125 5812 2221 5857 *
2948 5874 2952 5883 .

2744 5882 3044 5967 (VingtJ

3232 5968 3383 5981 -
