3942 6414
549 252 657 323 619

546 384 695 439 runt.
725 372 903 445 Quare
945 369 1085 431 hoc?
1109 367 1242 444 Quia
1260 383 1327 431 ex
1355 368 1480 429 ﬁliis
1507 367 1790 427 hominum
1835 366 1964 426 facti
2011 376 2136 424 sunt

547 470 642 529 ﬁlii
671 469 781 531 Dei.
813 465 944 527 Nam
972 463 1222 538 quamdiu
1249 471 1466 521 manent
1493 470 1549 521 et
1571 460 1781 533 nolunt,
1815 477 1919 519 non
1940 470 2014 517 est
2051 460 2139 534 qui

548 559 936 635 [aciatbonunn
978 572 1080 613 non
1123 564 1195 612 est
1228 571 1389 628 usque
1431 554 1500 615 ad
1542 553 1965 626 unmuwonfnsi
1996 561 2135 621 sunt,

548 654 790 726 quoniam
812 651 944 709 Deus
962 650 1148 722 sprevit
1172 664 1272 706 eos.
1294 648 1363 705 Et
1391 656 1640 721 tanquam
1657 647 1724 703 ad
1750 647 1895 717 ipsos
1908 660 2136 703 conver-

547 762 640 802 sus
668 746 762 813 ait,
797 742 922 811 Quis
955 740 1093 799 dabit
1139 756 1204 798 ea:
1232 740 1361 798 Sion
1397 741 1621 797 salutare
1649 736 1856 795 Israel?
1876 736 1922 794 0
1945 736 2093 793 stulti
2117 737 2134 793 l

547 837 860 910 lnorepatis.
919 833 1209 898 insultatis,
1268 832 1637 904 colaphizatis,
1693 831 1863 903 sputis
1907 828 2133 893 illinitis,

544 932 716 1005 spinis
743 929 1037 996 coronatis,
1080 928 1134 987 in
1163 941 1379 985 crucem
1410 924 1647 998 erigilis:
1671 922 1865 995 quem?
1889 921 2016 990 Quis
2043 920 2137 975 da.

544 1024 615 1081 bit
635 1039 699 1081 ea:
719 1021 849 1080 Sion
866 1024 1092 1079 salutare
1114 1016 1284 1077 Israel
1298 1018 1325 1073 7
1348 1015 1536 1075 Nonne
1576 1016 1691 1087 ipse
1713 1029 1871 1088 quem
1900 1011 2135 1079 dixistis,

544 1116 672 1174 Non
697 1123 769 1173 est
786 1150 791 1156 -
807 1112 987 1172 Deus?
1012 1111 1082 1169 In
1110 1109 1378 1169 avertendo
1407 1108 1544 1167 Deus
1570 1109 1909 1182 captivitatem
1955 1103 2135 1178 populi

542 1213 643 1270 sui.
671 1211 788 1271 Non
813 1210 958 1268 enim
982 1208 1179 1265 avertit
1199 1206 1558 1279 Captivitatem
1585 1205 1766 1279 populi
1788 1203 1893 1269 sui,
1917 1202 2019 1258 nisi
2041 1198 2134 1272 qui

544 1306 720 1363 voluit
762 1305 903 1363 inter
944 1312 1154 1361 vestras
1206 1315 1396 1357 manus
1429 1315 1549 1357 esse
1592 1298 1856 1371 captivus.
1886 1296 1992 1355 Sed
2044 1294 2135 1365 qui

542 1396 650 1455 hoc
683 1394 1014 1467 intelligent?
1040 1391 1329 1449 Exsultabit
1356 1390 1537 1456 Iacob.
1562 1400 1610 1446 et
1655 1390 1911 1446 (inlabitur
1943 1386 2130 1443 Israel.
2170 1451 2178 1457 _

541 1489 687 1548 Vere
714 1489 880 1548 Jacob
908 1498 962 1546 et
1007 1503 1133 1545 vere
1186 1486 1369 1557 Israel,
1414 1485 1592 1544 minor
1644 1485 1733 1542 ille
1781 1484 1867 1541 cui
1916 1482 2136 1541 servivit

541 1582 718 1654 major
744 1580 893 1654 (Gen.
923 1596 1054 1650 xxv,
1085 1579 1202 1649 εὖ),
1248 1580 1364 1652 ipse
1404 1576 1714 1644 exsultabit,
1742 1577 1867 1650 quia
1898 1576 2013 1648 ipse
2036 1590 2134 1632 co-

540 1682 783 1747 cnoecet.

972 1925 1052 1993 IN
1096 1922 1479 1989 PSALMUM
1520 1921 1663 1991 LIII

1108 2043 1531 2107 ENARRATIO.

1045 2194 1218 2238 sanato
1260 2196 1329 2236 AD
1365 2192 1633 2235 Ρονῠισκ.

612 2297 667 2359 1.
697 2297 849 2375 lem.
876 2295 932 2361 i,
956 2291 1043 2367 2.]
1074 2290 1266 2348 Psalmi
1315 2289 1472 2360 hujus
1500 2287 1685 2344 titulus
1711 2286 1873 2345 habet
1901 2287 2128 2344 fructum

540 2390 863 2467 prolixitatis
887 2402 1023 2453 suae,
1050 2386 1094 2440 si
1124 2384 1483 2456 intelligatur:
1509 2391 1563 2437 et
1588 2382 1708 2453 quia
1737 2380 1978 2437 Psalums
2007 2381 2130 2439 bre-

538 2488 621 2545 vis
648 2494 750 2553 est,
781 2492 1193 2552 compensemus
1221 2477 1273 2531 iu
1304 2490 1451 2532 mora
1480 2473 1615 2530 tituli
1645 2474 1785 2547 quod
1820 2475 1870 2529 in
1917 2474 2130 2531 Psalmo

537 2592 650 2637 non
696 2572 1121 2632 immorabimur.
1152 2567 1281 2624 inde
1309 2566 1451 2623 enim
1476 2565 1675 2643 pendet
1723 2566 1899 2621 omnis
1943 2580 2131 2623 versus

536 2670 629 2747 qui
655 2675 921 2725 cantatur.
953 2664 1009 2722 Si
1038 2661 1159 2734 quis
1187 2661 1367 2733 itaque
1408 2666 1663 2731 agnoscat
1695 2657 1837 2730 quod
1862 2657 1913 2713 in
1937 2657 2128 2713 domus

544 2763 718 2821 [route
742 2757 1016 2831 prmlixum
1061 2763 1165 2821 est,
1196 2766 1420 2811 securus
1456 2750 1707 2816 intrabit;
1737 2766 1835 2807 nec
1877 2767 1999 2807 cum
2042 2752 2127 2806 in-

535 2851 779 2915 traverit,
805 2848 1025 2906 errabit.
1052 2845 1164 2902 Hoc
1186 2845 1329 2901 enim
1362 2844 1414 2901 in
1450 2842 1568 2915 ipso
1595 2850 1747 2911 poste
1775 2852 2127 2913 pratnotatnm

533 2954 639 3012 est,
668 2942 937 3018 quomodo
959 2940 1183 2997 interius
1206 2953 1311 2994 non
1334 2946 1565 2995 erretur.
1590 2935 1800 2992 Titulus
1830 2937 1946 3007 ejus
1971 2941 2049 2994 sic
2069 2954 2127 2996 se

533 3037 693 3095 habet
725 3033 837 3102 ιλιι
878 3033 1053 3106 ﬁnem,
1097 3031 1150 3086 in
1191 3029 1412 3105 hymnis,
1477 3027 1760 3084 intellectus
1799 3029 1900 3098 ipsi
1943 3028 2124 3099 David,

533 3146 651 3185 cum
676 3134 912 3183 venerunt
932 3122 1152 3199 Zipltazt',
1178 3132 1225 3177 et
1250 3121 1485 3177 dixerunt
1511 3119 1579 3173 ad
1601 3118 1732 3174 Sail!
1757 3135 1775 3173 :
1798 3117 1985 3174 Nonne
2017 3136 2131 3177 ecce

532 3221 704 3279 David
727 3218 1047 3276 absconditus
1074 3224 1147 3271 est
1192 3213 1332 3284 apud
1358 3230 1448 3269 nos
1470 3212 1497 3268 ?
1523 3211 1674 3280 Quod
1709 3211 1838 3268 Saftl
1877 3227 2127 3284 persecu-

532 3322 621 3371 tor
646 3322 759 3371 erat
809 3310 977 3367 sancti
1026 3306 1128 3365 viri
1175 3304 1366 3368 David,
1420 3306 1622 3376 optime
1658 3307 1909 3359 novimus
1942 3303 2125 3377 :quod

532 3406 757 3481 ﬁguram
781 3402 993 3477 gerebat
1025 3400 1150 3459 Saul
1174 3396 1482 3468 temporalis
1512 3396 1683 3467 regni,
1719 3394 1911 3450 nonad
1942 3397 2123 3464 vitam,

530 3498 625 3555 sed
649 3496 714 3552 ad
746 3503 970 3551 mortem
1017 3488 1352 3564 pertinentis,
1400 3495 1453 3543 et
1492 3486 1594 3542 hoc
1621 3485 1827 3542 Vestrae
1868 3486 2127 3543 Cbaritati

534 3606 639 3650 nos
667 3585 1077 3645 commendasse
1101 3581 1436 3640 meminimus
1464 3577 1561 3652 (ιι).
1588 3578 1825 3649 Itemque
1850 3577 1990 3651 quod
2012 3579 2125 3651 ipse

531 3680 700 3741 David
737 3678 958 3752 ﬁgurata
989 3674 1206 3748 gerebat
1252 3672 1471 3736 Clu-isti,
1501 3670 1583 3726 vel
1623 3670 1865 3742 corporis
1902 3669 2121 3737 Christi,

531 3785 589 3834 et
626 3789 783 3832 nosse
812 3771 1040 3833 debetis,
1077 3780 1130 3825 et
1157 3768 1397 3824 recolere
1435 3766 1522 3836 qui
1578 3766 1687 3835 jam
1745 3764 1932 3820 nostis.
1988 3763 2123 3832 Quid

532 3884 662 3943 ergo
683 3863 919 3937 Zipbmi?
949 3862 1107 3918 Vicus
1146 3859 1358 3931 quidam
1385 3866 1500 3924 erat
1524 3856 1682 3926 Ziph,
1726 3856 1878 3928 cujus
1917 3856 2124 3910 habita-

532 3969 679 4019 tores
703 3955 924 4031 ZiplnL-i,
956 3956 1007 4010 in
1031 3967 1256 4022 quorum
1285 3951 1503 4021 regione
1548 3963 1605 4003 se
1631 3947 1986 4002 absconderat
2018 3947 2120 4001 Da-

531 4054 649 4113 vid.
677 4068 795 4108 eum
844 4064 965 4107 eum
996 4047 1157 4102 vellet
1203 4045 1330 4100 Sani
1356 4041 1593 4098 invenire
1621 4049 1677 4096 et
1723 4040 1986 4097 occidere.
2034 4041 2123 4097 isti

531 4137 885 4219 ergo'Zipluei
915 4157 1035 4196 cum
1064 4139 1169 4196 hoc
1191 4136 1583 4209 cognovissent,
1627 4132 1977 4205 prodiderunt
2000 4150 2121 4188 eum

531 4238 646 4309 regi
673 4232 1018 4308 persecutori,
1049 4230 1310 4296 dicentes,
1354 4225 1541 4281 Nonne
1582 4242 1694 4280 ροσε
1710 4224 1878 4279 David
1915 4227 2125 4280 abscon-

532 4330 671 4386 ditus
714 4337 789 4383 εει
840 4325 978 4397 apud
1017 4341 1107 4378 nos
1158 4321 1199 4398 (1
1232 4321 1357 4391 Reg.
1386 4335 1536 4388 xxut,
1579 4320 1667 4383 Η,
1702 4319 1790 4385 15,
1826 4318 1941 4389 19)?
1983 4318 2124 4374 Nihil

533 4422 748 4496 quidem
807 4419 1001 4490 proluit
1043 4416 1147 4471 illis
1197 4413 1424 4486 prostio
1462 4428 1673 4480 eorum,
1719 4421 1773 4467 et
1813 4412 1912 4484 ipsi
1960 4411 2121 4468 David

534 4515 666 4573 nihil
694 4511 881 4566 obfuit.
916 4508 1155 4577 Namque
1177 4506 1385 4559 animus
1408 4520 1592 4559 eorum
1616 4505 1875 4573 malignus
1896 4504 2118 4559 demon-

533 4618 735 4666 stratus
754 4613 835 4658 est
863 4620 874 4655 ε
907 4598 1034 4656 Βιῑιὶ
1084 4612 1213 4651 vero
1257 4611 1355 4651 nec
1399 4605 1520 4666 post
1552 4611 1736 4651 eorum
1768 4595 2120 4667 proditionem

533 4696 708 4771 potuit
747 4688 1203 4764 comprehendere
1250 4685 1411 4743 David
1441 4702 1455 4753 ;
1485 4686 1577 4742 sed
1630 4687 1801 4757 potius
1855 4689 1906 4743 in
1954 4689 2121 4758 ipsius

534 4788 768 4859 regionis
818 4782 1044 4857 quzulam
1097 4781 1368 4856 spelunca,
1412 4795 1529 4835 cum
1558 4778 1672 4849 ejus
1699 4781 1944 4836 manilius
1968 4780 2123 4839 datus

533 4885 679 4937 esset
726 4874 1048 4932 occidendus
1092 4873 1240 4940 Saul,
1274 4870 1510 4944 pepercit
1560 4871 1627 4926 ibi
1671 4870 1857 4934 David.
1886 4882 1937 4928 et
1980 4873 2119 4944 quod

534 4972 765 5031 habebat
810 4969 861 5024 in
895 4977 1152 5040 potestate
1179 4983 1281 5020 non
1329 4964 1455 5021 fecit
1506 4966 1525 5039 (
1558 4963 1641 5021 Id.
1689 4980 1832 5032 xxiv,
1857 4964 1994 5041 4-8).
2029 4967 2122 5022 lllc

532 5072 713 5121 autem
736 5059 1007 5133 quaerebat
1035 5058 1208 5113 facere
1235 5056 1375 5131 quod
1418 5056 1469 5111 iu
1495 5066 1756 5128 potestate
1787 5074 1889 5112 non
1918 5058 2117 5114 habuit.

534 5157 736 5228 Ziphzri
765 5170 893 5227 ergo
920 5152 1148 5208 viderint
1173 5150 1248 5206 illi
1265 5150 1353 5223 qui
1375 5149 1571 5207 fuerint
1595 5168 1608 5204 :
1635 5166 1770 5222 quos
1799 5150 1952 5205 nobis
1976 5151 2124 5207 Psal-

533 5267 657 5309 mus
685 5265 755 5306 ex
802 5249 1013 5305 illorum
1045 5246 1327 5302 occasione
1374 5244 1744 5317 intelligendos
1791 5244 1998 5309 oﬂerat,
2042 5246 2122 5300 vi-

533 5343 779 5399 deamus.

604 5436 660 5492 ‘2.
690 5435 744 5491 Si
767 5445 1067 5508 qureramus
1093 5444 1221 5501 ergo
1255 5427 1383 5499 quid
1433 5427 1849 5498 interpretentur
1898 5426 2118 5498 Ziphmi,

535 5526 835 5584 invenimus
864 5523 1161 5578 Florentes.
1196 5520 1476 5576 Florentes
1518 5534 1645 5590 ergo
1673 5521 1852 5575 nescio
1891 5520 1980 5590 qui
2037 5522 2126 5575 lni-

536 5623 669 5683 mici
708 5630 859 5681 erant
886 5626 1070 5675 sancto
1100 5615 1287 5685 David,
1338 5614 1593 5671 ﬂorentes
1641 5613 1847 5672 latenti.
1877 5615 2123 5672 Invenia-

601 5773 677 5837 (ιι)
706 5781 872 5835 supra,
896 5774 945 5823 tn
958 5775 1094 5821 ans.
1111 5770 1164 5821 in
1184 5773 1303 5820 Psal.
1326 5782 1390 5832 ta,
1413 5781 1464 5817 ιι.
1488 5768 1511 5818 1
1539 5775 1590 5818 et
1611 5766 1661 5817 2.

1794 254 1851 313 θ.
1890 250 2257 313 AUGUSTINI
2298 234 2598 310 περιδεορί
3687 272 3766 335 ω

2248 382 2368 460 mus
2394 381 2489 426 eos
2528 368 2583 460 in
2622 382 2825 443 genere
2871 368 3124 441 humano.
3159 375 3206 437 si
3230 374 3769 460 Pnimmiotelligm
3874 404 3875 460 ξ

2246 459 2510 517 volumus.
2546 459 2888 525 lnveniamus
2941 467 3028 523 hic
3054 466 3228 537 primo
3259 471 3426 529 David
3472 459 3710 541 latentem.
3734 496 3773 541 et

2246 552 2579 613 inveniemus
2621 556 2671 612 ei
2695 557 3034 619 adversarios
3076 559 3349 623 ﬂorentes.
3381 567 3600 629 Attende
3644 573 3772 633 David

2248 645 2499 705 latentem
2532 666 2547 704 :
2582 648 2776 717 Μοτιυὶ
2798 653 2929 709 enim
2949 655 3081 719 estis,
3113 655 3242 715 dicit
3261 658 3548 728 Apostolus
3573 666 3777 725 utemini:

2245 736 2468 808 Christi,
2490 750 2536 799 et
2572 743 2671 799 vita
2697 754 2860 801 vestra
2881 745 3177 801 abscondita
3190 757 3260 805 est
3275 765 3390 804 cum
3411 747 3601 807 Christo
3618 755 3662 809 in
3681 755 3775 814 Deo.

2247 830 2337 888 lsti
2362 848 2490 903 ergo
2520 834 2746 894 latentes
2773 838 2986 909 quatulo
3017 849 3176 897 erunt
3213 841 3503 901 ﬂorentes?
3526 845 3643 901 Cum
3666 848 3779 906 Chri-

2245 932 2343 990 ttts,
2374 925 2560 995 inquit,
2583 932 2879 1000 apparuerit
2911 932 3012 989 vita
3040 944 3223 999 vestra,
3267 944 3390 990 tunc
3410 946 3457 991 et
3485 954 3568 994 vos
3595 957 3694 995 aut
3713 944 3779 999 ills

2244 1021 2548 1091 apparebitis
2577 1024 2627 1077 in
2656 1023 2823 1093 gloria
2864 1024 3082 1095 (Colon.
3113 1042 3192 1089 ut.
3219 1028 3273 1090 5.
3294 1027 3378 1099 ι).
3420 1028 3633 1098 Quando
3663 1048 3784 1091 erant

2244 1110 2332 1168 isti
2364 1111 2638 1183 ﬂorentes,
2673 1126 2797 1173 tunc
2821 1128 2979 1175 erunt
3005 1119 3078 1175 illi
3109 1118 3310 1190 Ζίριιωὶ
3348 1134 3664 1179 arescentes.
3707 1126 3780 1187 Cui

2243 1221 2471 1278 namque
2500 1210 2619 1267 ﬂori
2654 1211 2863 1271 illorum
2920 1225 3259 1285 comparetur
3298 1216 3493 1291 gloria,
3530 1219 3781 1279 attendite:

2246 1297 2425 1357 Omnis
2459 1318 2578 1359 caro
2603 1305 2795 1373 (ennio,
2835 1316 2883 1363 et
2916 1309 3078 1364 omnis
3105 1308 3269 1365 honor
3290 1309 3463 1365 carnis
3492 1320 3544 1364 ut
3583 1312 3669 1383 ﬂos
3690 1316 3781 1386 foli.

2241 1388 2371 1458 Quis
2399 1393 2557 1451 linis?
2591 1393 2792 1453 Fennnt
2829 1398 2984 1464 aruit,
3019 1408 3065 1454 et
3088 1401 3187 1470 [los
3214 1400 3425 1457 decidit.
3451 1401 3549 1458 Ubi
3579 1412 3689 1460 tunc
3708 1407 3785 1464 erit

2242 1483 2446 1542 David?
2494 1486 2627 1544 Vide
2671 1488 2798 1561 quid
2844 1490 3084 1560 sequitur
3114 1508 3127 1546 :
3159 1490 3381 1551 Verbum
3419 1505 3588 1552 autem
3621 1493 3783 1556 Domni

2240 1589 2408 1655 manet
2428 1581 2482 1636 in
2522 1590 2768 1641 internum
2816 1582 2972 1652 (Isai.
2999 1601 3085 1651 XL,
3114 1585 3171 1655 6,
3196 1586 3273 1657 8).
3296 1585 3391 1643 illa
3425 1603 3556 1661 ergo
3593 1588 3687 1645 duo
3717 1608 3786 1663 ιο-

2240 1686 2368 1729 nera
2397 1673 2673 1732 hominum
2708 1688 2850 1743 sunt,
2882 1693 3000 1749 qua!
3039 1687 3094 1735 et
3130 1678 3468 1750 distinguere
3514 1680 3717 1751 debetis,
3745 1696 3786 1743 et

2240 1778 2425 1822 eorum
2453 1766 2681 1823 alterum
2705 1768 2924 1838 eligere.
2948 1768 3087 1835 Quid
3107 1771 3253 1828 enim
3282 1770 3380 1829 tibi
3408 1771 3622 1840 prodest
3642 1790 3784 1841 anno,

2239 1856 2286 1912 si
2312 1856 2509 1927 eligere
2536 1859 2684 1929 piger
2711 1861 2808 1916 es?
2836 1860 2899 1919 Et
2920 1860 3134 1933 quidem
3165 1877 3308 1919 mine
3336 1862 3574 1934 eligendi
3598 1874 3786 1937 potestas

2240 1948 2448 2019 adjacet
2479 1967 2494 2006 :
2522 1952 2707 2008 veniet
2744 1959 2954 2022 tempus
2994 1953 3211 2024 quando
3265 1955 3360 2013 tibi
3390 1964 3622 2026 potestas
3653 1958 3785 2015 deerit

2238 2040 2490 2112 eligendi,
2513 2057 2634 2099 eum
2654 2042 2767 2113 jam
2809 2044 2948 2102 Deus
2974 2047 3294 2105 sententiam
3326 2062 3437 2102 non
3464 2046 3660 2107 diﬂ'eret
3678 2050 3784 2120 judi-

2238 2133 2414 2188 caudi.
2443 2133 2543 2202 Qui
2568 2144 2693 2191 sunt
2715 2136 2859 2195 enim
2890 2138 2974 2193 isti
3014 2136 3267 2195 ﬂorentes
3291 2137 3525 2210 Zipha'i.
3572 2143 3664 2199 nisi
3697 2158 3784 2201 cor-

2238 2240 2340 2294 pus
2368 2226 2496 2283 illud
2542 2228 2723 2287 Doech
2764 2229 3003 2297 lduma-i,
3046 2231 3118 2289 de
3148 2248 3257 2302 quo
3293 2233 3411 2304 jam
3450 2235 3608 2292 locuti
3643 2252 3782 2295 sumus

2236 2316 2496 2375 Charitati
2529 2320 2731 2379 Vestae
2760 2332 2886 2379 ante
2907 2338 3102 2393 tuticus
3129 2325 3244 2385 dies
3261 2326 3347 2397 (ιι)
3372 2345 3389 2383 :
3418 2326 3494 2384 de
3512 2342 3614 2399 quo
3628 2327 3780 2389 dictum

2238 2419 2337 2474 est,
2368 2409 2503 2469 Ecce
2523 2414 2672 2469 homo
2697 2416 2782 2482 qui
2820 2433 2919 2471 non
2942 2419 3108 2487 posuit
3132 2417 3298 2475 Deum
3332 2420 3622 2491 adiutorem
3653 2438 3778 2490 εωι.

2235 2503 2325 2559 sed
2347 2505 2561 2576 speravit
2594 2506 2647 2563 in
2672 2507 2998 2563 multitudine
3026 2509 3317 2566 divitiarum
3340 2528 3580 2576 suarum.
3610 2524 3656 2571 st
3686 2530 3783 2584 pro-

2236 2594 2392 2650 eolnit
2415 2597 2468 2651 in
2490 2598 2711 2653 vanitate
2736 2598 2875 2655 sua?
2905 2598 2995 2655 Isti
3028 2611 3153 2657 sunt
3188 2600 3452 2661 ﬂorentes
3498 2602 3590 2660 lilii
3625 2606 3778 2671 seculi,

2236 2702 2371 2758 quos
2393 2689 2556 2747 modo
2576 2705 2641 2747 ex
2670 2690 2960 2762 Evangelia
2996 2691 3218 2749 audistis
3248 2694 3371 2763 quia
3403 2695 3459 2751 in
3478 2710 3572 2751 sua
3605 2711 3779 2767 genen-

2239 2780 2387 2839 tione
2419 2781 2435 2813 ¹
2466 2783 2753 2841 astutiores
2780 2794 2906 2841 sunt
2934 2782 3055 2845 ﬁliis
3089 2784 3242 2845 lucis.
3274 2785 3491 2845 Etenim
3515 2787 3608 2858 ipsi
3639 2788 3778 2847 videa-

2237 2881 2323 2930 tur
2350 2876 2654 2945 prospicere
2695 2875 2747 2933 iu
2780 2887 3075 2947 posterum,
3101 2894 3208 2949 quo
3236 2880 3493 2941 nesciunt
3531 2892 3692 2939 utrum
3717 2897 3779 2937 vo-

2237 2967 2405 3025 niaut.
2432 2968 2670 3027 Audistis
2689 2971 2816 3041 quid
2843 2969 3034 3029 fecerit
3066 2969 3289 3029 domino
3329 2989 3441 3033 suo
3493 2974 3687 3033 villicus
3718 2972 3779 3031 ille

2238 3059 2439 3116 faciens
2477 3061 2579 3119 sibi
2608 3063 2628 3097 ³
2655 3062 2854 3121 bonum
2873 3063 2941 3120 de
2967 3079 3027 3121 re
3051 3063 3253 3123 domini
3276 3066 3387 3131 sui,
3413 3075 3474 3125 et
3490 3066 3777 3139 largiensdo-

2237 3149 2503 3210 bitorihus
2532 3151 2693 3218 illius.
2723 3163 2783 3213 ut
2810 3169 2932 3231 cum
2974 3166 3189 3213 amotus
3231 3166 3385 3215 esset
3410 3171 3443 3215 ι
3489 3158 3774 3223 villicatiom.

2234 3244 2593 3314 susciperetur
2620 3245 2688 3301 ab
2710 3248 2810 3301 eis.
2852 3246 2917 3303 Et
2941 3248 3188 3317 quamvis
3218 3247 3467 3309 l'ramlctn
3507 3249 3685 3313 fecerit
3708 3250 3776 3306 de

2234 3337 2381 3395 mino
2408 3352 2528 3402 suo,
2559 3345 2734 3395 tamen
2753 3355 2849 3397 cor
2877 3340 2993 3413 ejus
3020 3340 3255 3398 laudavit
3279 3342 3538 3401 dominus
3556 3346 3772 3414 eius,“

2233 3429 2514 3487 attendens
2541 3430 2608 3487 ad
2651 3431 2905 3488 damnum
2949 3448 3126 3499 suum,
3157 3434 3254 3491 sed
3280 3436 3349 3490 ad
3391 3438 3510 3509 ejus
3537 3438 3771 3510 ingeniun.

2233 3520 2444 3589 Quanto
2471 3523 2638 3593 magis
2665 3538 2765 3579 nos
2782 3524 3068 3585 debemus.
3093 3526 3208 3595 ipso
3226 3526 3456 3583 Domino
3490 3539 3663 3591 nostro
3681 3527 3771 3585 lett

2231 3613 2449 3671 Christo
2471 3615 2814 3684 admonente,
2846 3616 3024 3673 fateare
3050 3618 3208 3675 nobis
3232 3621 3444 3677 amicos
3469 3622 3539 3679 de
3564 3635 3769 3679 autumo-

2232 3725 2299 3764 na
2322 3710 2615 3779 iniquitatis
2646 3710 2795 3784 (an.
2828 3729 2933 3775 th.
2958 3713 3014 3777 8,
3044 3714 3130 3785 9)?
3166 3715 3477 3776 Hammona
3510 3721 3643 3779 enim
3671 3719 3768 3777 diti-

2232 3802 2319 3858 tite
2371 3802 2808 3872 interpretantur.
2848 3803 3056 3862 Nostra:
3092 3818 3272 3865 autem
3315 3809 3520 3869 divitia:
3565 3813 3629 3867 ibi
3662 3820 3764 3875 sunt,

2230 3894 2319 3951 ubi
2341 3904 2422 3950 est
2447 3895 2642 3951 domus
2669 3904 2849 3951 nostra
2874 3905 3077 3954 teterna
3107 3899 3161 3955 in
3191 3900 3365 3957 emlis.
3399 3902 3625 3961 Proinde
3647 3917 3765 3975 poor

2229 3985 2371 4042 niam
2396 3986 2744 4055 temporalem
2765 3986 2841 4042 illi
2864 3988 3133 4057 appellant
3159 3990 3397 4060 divitias,
3443 3995 3531 4064 qui
3557 3994 3647 4049 nisi
3666 4004 3763 4050 teut-

2232 4078 2489 4147 poraliter
2510 4076 2702 4136 ﬂorere
2731 4095 2834 4133 non
2864 4090 3107 4150 possunt,
3136 4098 3236 4139 nee
3262 4083 3320 4139 in
3334 4096 3593 4145 aiter-num
3613 4085 3696 4142 sibi
3716 4098 3765 4141 et

2232 4168 2316 4226 his
2335 4170 2540 4226 amicos
2569 4170 2743 4227 lacere
2773 4172 2975 4236 volunt,
3004 4173 3125 4243 quia
3152 4189 3308 4231 veras
3340 4176 3558 4237 divitias
3586 4193 3678 4235 non
3695 4191 3764 4231 no-

2229 4270 2440 4317 verunt.
2478 4261 2584 4317 llas
2636 4277 2765 4334 ergo
2801 4263 3015 4320 divitias
3056 4266 3171 4323 sola
3198 4266 3218 4299 ³
3245 4267 3497 4339 iniquitas
3530 4267 3763 4340 putat,llo-

2229 4369 2355 4410 reus
2397 4354 2463 4409 ad
2515 4364 2724 4423 tempus
2761 4368 2819 4413 ut
2843 4356 3043 4413 fenum.
3096 4359 3163 4414 Hi
3198 4370 3325 4419 sunt
3374 4363 3571 4436 Zipbzi
3606 4358 3761 4421 inimici

2232 4443 2418 4507 David.
2449 4446 2703 4502 ﬂorentes
2725 4448 2779 4502 in
2807 4449 3025 4504 smeulo.

2300 4538 2352 4595 5.
2396 4537 2504 4595 llos
2529 4539 2816 4609 aliquando
2833 4542 3114 4599 attendunt
3134 4546 3295 4602 etiam
3322 4546 3420 4604 lilii
3440 4548 3565 4606 lucis
3582 4545 3753 4609 inﬁrmi.

2227 4636 2281 4685 et
2303 4637 2490 4685 nutant
2508 4630 2587 4685 eis
2611 4630 2791 4700 pedes,
2819 4647 2943 4690 cum
2974 4634 3206 4691 viderint
3233 4638 3403 4697 malos
3431 4639 3660 4697 felicitate
3681 4636 3752 4695 llo-

2227 4734 2383 4785 rere;
2413 4728 2470 4775 et
2498 4720 2680 4777 dicunt
2704 4723 2847 4794 apud
2881 4726 3088 4795 seipsos
3112 4743 3126 4780 :
3151 4727 3289 4796 Quid
3318 4729 3448 4787 mihi
3473 4731 3665 4803 prodest
3691 4729 3748 4783 iu-

2230 4814 2512 4871 noeentia?
2538 4814 2677 4883 Quid
2716 4817 2844 4872 mihi
2886 4818 3095 4877 confert
3118 4822 3262 4893 quod
3305 4822 3416 4881 Deo
3441 4824 3624 4889 servio,
3645 4819 3748 4894 ῃοδ

2227 4905 2473 4963 mandata
2501 4907 2618 4977 ejus
2637 4909 2900 4976 custodio,
2931 4911 3073 4981 quod
3095 4915 3363 4973 neminem
3385 4932 3576 4987 premo,
3597 4911 3747 4973 neadd

2228 4999 2427 5070 aliquid
2449 5001 2618 5071 rapio,
2648 5001 2776 5059 nulli
2807 5017 2998 5072 noceo,
3019 5006 3159 5076 quod
3191 5022 3403 5078 possunt
3428 5007 3747 5081 prmuoiecce

2229 5090 2349 5150 Istue
2397 5094 2575 5148 omnia
2614 5092 2770 5161 l‘acio,
2821 5104 2880 5153 et
2926 5096 3119 5153 ﬂorent
3159 5099 3255 5164 illi.
3302 5116 3403 5172 ego
3441 5091 3743 5167 laniandos“

2229 5182 2417 5241 enim?
2440 5184 2504 5239 Et
2530 5192 2583 5238 tu
2610 5181 2860 5256 Ziphants
2882 5186 3047 5245 velles
3074 5188 3239 5246 esse?
3268 5189 3481 5247 Floreat
3502 5191 3550 5245 in
3573 5184 3742 5247 sautio.

2228 5284 2472 5332 arescent
2496 5277 2549 5331 in
2573 5276 2797 5346 judicio,
2827 5288 2882 5334 et
2902 5288 3019 5349 post
3044 5280 3345 5337 aviditatem
3372 5284 3423 5337 in
3450 5284 3606 5354 ignem
3627 5286 3741 5335 ater-

2230 5383 2355 5424 nutu
2387 5368 2662 5425 mittentur
2693 5388 2708 5425 :
2737 5368 2838 5426 ltoc
2880 5370 3046 5428 velles
3069 5379 3123 5429 et
3168 5373 3264 5427 tu?
3306 5373 3511 5446 ignoras
3546 5368 3651 5443 quid
3672 5362 3738 5420 tibi

2294 5524 2312 5556 ι
2346 5524 2511 5574 Probte
2527 5529 2655 5575 nota:
2675 5531 2800 5585 3:53.,
2824 5521 2875 5574 in
2888 5535 2975 5575 suo
2995 5524 3261 5579 cautiores.
3285 5526 3473 5587 quitiam
3508 5520 3554 5576 in
3585 5529 3655 5574 svo
3677 5522 3734 5581 9t!-

2229 5597 2524 5697 mrltmnes
2543 5661 2693 5711 prope
2708 5654 2837 5707 Mss,
2861 5662 2928 5699 se.

2295 5711 2315 5743 ³
2347 5712 2421 5763 sic.
2442 5716 2547 5762 Mss.
2570 5719 2624 5762 At
2656 5711 2790 5766 me.
2812 5711 2954 5765 solas.

2297 5772 2369 5836 (α)
2404 5770 2519 5820 Vide
2542 5784 2704 5835 snpra,
2728 5777 2868 5823 mar.
2887 5771 3004 5823 Psal.
3030 5788 3091 5837 ιι,
3116 5786 3162 5825 n.
3193 5773 3268 5826 τε.
