3942 6438
157 399 251 458 sit
1247 415 1642 482 ENARRATIO

1781 433 2112 502 PSALMUM
2151 449 2283 508 Llll.

135 514 448 584 promiserit
467 514 558 585 qui
583 514 649 576 ad
677 525 729 576 te
751 521 897 582 venit
919 522 960 591 ί,
987 522 1185 596 ψιὶἀὶη
1215 530 1395 601 seipse
1425 533 1510 590 hic
1537 548 1719 596 osten-

157 606 315 662 derit?
332 606 385 663 Si
405 606 506 666 ﬂos
523 608 860 682 Zipltteorum
890 620 1220 688 appetendos
1247 635 1412 692 esset,
1456 628 1568 699 ipse
1619 633 1722 690 Do-

155 702 310 756 minus
339 712 657 762 tuusnonne
694 715 752 765 et
789 709 846 766 in
881 707 990 767 hoc
1021 714 1219 770 smeulo
1262 715 1571 778 ﬂoruisset?
1615 728 1722 784 Aut

152 810 260 848 vero
284 793 465 852 deerat
488 797 565 856 illi
591 799 678 857 hic
698 816 856 873 posse
873 803 1070 863 ﬂorere
1089 808 1113 862 ?
1131 808 1237 866 Sed
1269 811 1354 868 hic
1373 815 1560 872 maluit
1579 819 1720 878 inter

149 885 376 957 Zipha-os
405 889 591 962 latere,
612 907 666 951 ct
695 896 881 954 dicere
907 899 1102 958 Pontio
1128 902 1299 963 Pilato
1339 907 1711 984 interroganti,

146 989 375 1050 tanquam
421 992 478 1039 et
515 985 619 1059 ipsi
667 987 790 1046 llori
823 989 1196 1064 Ziplncorum,
1238 1003 1298 1054 et
1341 1011 1590 1072 suspecto
1645 1005 1713 1062 de

139 1085 286 1141 regno
326 1071 441 1147 eius
469 1093 485 1130 :
515 1076 748 1150 Regnum
785 1100 959 1140 meatu
1003 1103 1103 1143 non
1149 1099 1226 1148 est
1270 1091 1334 1147 de
1373 1093 1470 1149 hoc
1519 1100 1710 1158 mundo

137 1161 298 1232 (hac.
324 1182 480 1235 mn,
521 1169 638 1242 56).
669 1172 812 1246 Ergo
851 1176 935 1233 hic
979 1179 1180 1238 latebat
1212 1199 1225 1236 :
1256 1191 1310 1241 ct
1348 1201 1536 1244 omnes
1579 1191 1704 1248 boni

133 1256 280 1316 latent
307 1260 410 1332 hic,
440 1264 565 1336 quia
585 1266 786 1324 bimum
813 1287 1000 1328 eorum
1029 1274 1169 1331 intus
1196 1288 1298 1345 est,
1329 1280 1702 1342 absconditum

131 1360 222 1418 est,
249 1353 301 1410 in
331 1356 499 1414 corde
527 1368 626 1427 est,
661 1362 749 1418 ubi
791 1363 949 1430 lides,
980 1367 1070 1424 ubi
1117 1368 1372 1442 eharitas,
1418 1373 1508 1432 ubi
1551 1392 1696 1450 spes,

134 1447 206 1502 ubi
239 1449 520 1507 thesaurus
549 1454 787 1510 illorum.
828 1457 1094 1533 Numquid
1129 1463 1246 1522 haec
1272 1466 1407 1523 bona
1437 1447 1698 1540 apparent

129 1537 175 1590 in
199 1541 429 1596 saturio?
461 1544 526 1598 Et
551 1545 669 1602 haec
705 1547 839 1604 bona
873 1552 1058 1622 latent,
1101 1566 1157 1612 et
1195 1556 1386 1616 horum
1429 1561 1691 1622 bonorum

128 1646 310 1687 merces
341 1633 485 1692 latet.
512 1638 582 1694 At
615 1657 738 1696 vero
777 1642 1008 1714 dignitas
1043 1652 1229 1708 saeculi
1256 1658 1525 1724 quomodo
1569 1660 1690 1718 alba

125 1723 377 1779 eat?hiitet
404 1727 470 1783 ad
495 1742 710 1801 tempus
743 1752 757 1790 :
783 1739 1040 1810 numquid
1069 1723 1285 1814 semper
1309 1748 1532 1806 nitebit?
1553 1751 1688 1810 Iler-

121 1813 175 1870 ha
201 1817 557 1884 euhietnalis.
583 1842 749 1898 usque
768 1830 835 1885 ad
864 1841 1104 1892 testatem
1125 1837 1278 1894 viret.
1303 1840 1416 1898 Non
1445 1861 1573 1917 ergo
1595 1850 1688 1904 ﬁat

119 1906 162 1961 in
197 1908 363 1964 animo
401 1916 546 1983 quod
587 1917 637 1970 in
669 1921 776 1973 alio
805 1925 1011 1991 malum
1033 1928 1354 1988 invenimus.
1384 1937 1684 1997 Conlitctur

115 1998 234 2051 enim
263 2001 469 2072 quidam
497 2021 672 2077 prone
697 2027 757 2068 se
778 2015 1037 2073 cecidisse
1061 2032 1357 2092 nutantem,
1382 2038 1439 2084 et
1471 2031 1679 2090 labasse

113 2104 298 2159 gressus
322 2111 449 2152 suos
489 2103 831 2161 ambulantes
868 2107 920 2162 in
965 2112 1048 2166 via
1099 2115 1210 2180 Dei,
1254 2118 1378 2175 dum
1415 2125 1679 2194 aspiceret

111 2179 577 2256 lluretuqttcmdatn
605 2193 1018 2270 felicitatemque
1045 2205 1345 2276 iniquorum
1394 2231 1408 2270 :
1454 2224 1677 2288 etpost-

109 2290 298 2346 eaquam
351 2289 609 2352 cognovit
671 2290 794 2359 quid
860 2293 1054 2363 iniquis
1108 2300 1158 2355 in
1217 2302 1374 2359 linem
1430 2321 1675 2368 servaret

108 2365 242 2436 Dem,
264 2383 312 2427 et
341 2374 462 2444 quid
504 2375 676 2448 jnstis
699 2381 1063 2446 laborantibus
1089 2395 1422 2460 promitteret
1451 2402 1539 2472 qui
1567 2402 1669 2459 lal-

101 2457 192 2514 lere
213 2477 309 2518 non
337 2474 539 2535 potest.
571 2485 734 2538 agens
761 2476 960 2543 gratias
989 2479 1055 2535 de
1081 2483 1178 2538 hac
1205 2489 1529 2560 cognitione,
1551 2497 1626 2549 ait
1651 2515 1664 2552 :

100 2548 238 2618 Quam
263 2554 413 2611 bonus
431 2557 578 2614 Dem
603 2559 770 2620 Israel
790 2569 939 2622 rectis
966 2573 1116 2627 corde
1133 2575 1154 2629 ,ν
1181 2576 1354 2644 Quare
1377 2581 1476 2638 hoc
1495 2585 1667 2645 dicis?

98 2639 183 2696 Mei
222 2657 397 2712 autem,
437 2649 640 2722 inquit,
669 2671 799 2724 pene
833 2663 1067 2717 commoti
1113 2679 1228 2721 sunt
1266 2671 1435 2739 pedes.
1474 2675 1663 2734 Unde?

102 2731 210 2801 Quia
231 2737 377 2794 zelari
402 2741 452 2795 in
481 2746 849 2817 peccatoribus,
876 2768 1049 2822 pacem
1073 2773 1394 2827 peccatorum
1436 2766 1656 2826 intuens.

99 2826 367 2886 Coulirmati
399 2848 520 2890 sunt
543 2847 724 2892 autem
747 2856 964 2910 gressus
991 2847 1130 2916 ejus,
1167 2864 1351 2921 postea
1382 2875 1539 2929 qttatn
1571 2863 1656 2918 in-

99 2919 338 2977 tellexitiu
369 2927 690 2984 noviSsima.
733 2932 884 3000 Quod
926 2938 1066 2993 enim
1118 2941 1172 2997 in
1204 2946 1393 3003 eodem
1443 2954 1652 3024 psalmo

91 3013 224 3079 paulo
251 3028 364 3086 post
391 3020 542 3088 dicit,
585 3023 697 3080 llac
723 3025 867 3082 labor
891 3042 963 3086 est
987 3045 1104 3088 ante
1127 3054 1248 3094 me:
1295 3041 1345 3097 id
1391 3013 1492 3112 est,
1537 3065 1650 3104 ma-

87 3117 169 3174 gna
202 3109 317 3167 mihi
365 3117 598 3187 qua'stio
638 3123 869 3177 surrexit
898 3125 949 3179 in
989 3130 1170 3197 eorde,
1204 3150 1368 3204 quare
1403 3139 1647 3200 homines

87 3201 199 3255 male
232 3203 438 3270 lanciunt,
469 3220 524 3264 et
554 3209 610 3264 itt
641 3213 840 3273 szecnlo
869 3216 1093 3286 ﬂorent;
1125 3201 1275 3282 ttmlti
1303 3241 1479 3285 autem
1507 3234 1643 3292 bene

83 3303 234 3361 agunt,
259 3307 304 3352 et
329 3299 378 3352 in
401 3300 500 3358 hac
528 3311 673 3358 terra
702 3304 962 3364 laborant.
983 3312 1218 3380 Qnmstio
1239 3335 1366 3393 ergo
1392 3324 1490 3380 ista
1517 3341 1638 3383 cum

83 3397 239 3457 ntugtta
279 3402 420 3448 esset
452 3409 586 3452 ante
625 3399 810 3458 oculos
841 3418 1012 3472 meos,
1043 3417 1096 3463 et
1126 3409 1391 3470 laboriosa
1440 3419 1505 3473 ad
1553 3421 1637 3477 itt-

84 3484 400 3552 restigandum
423 3504 437 3554 ;
458 3487 634 3544 Labor
648 3503 739 3556 est,
761 3493 946 3566 inquit,
966 3511 1196 3572 anteme,
1215 3505 1372 3562 donec
1391 3511 1636 3570 iulroeam

83 3569 454 3636 ittsauctuarium
499 3582 619 3652 Dei,
657 3595 706 3640 et
750 3587 1026 3662 intelligam
1055 3593 1107 3649 in
1151 3599 1419 3656 novissima
1457 3602 1629 3674 (Psal.

3326 491 3431 550 69.9.

1835 551 1995 612 mitas
2019 563 2345 630 satculimoli
2373 575 2550 632 extolli
2581 597 2592 632 :
2625 597 2743 638 nam
2765 588 2809 642 si
2839 591 3008 648 elatus

2931 645 2940 648 ν
3042 645 3101 654 ν..
3129 645 3209 657 -υιι
3242 645 3422 679 ιυιιιο,

1827 645 1988 704 Cadus
2032 650 2082 704 in
2123 653 2307 713 ﬂorem
2336 663 2689 734 Ziphmorunt.
2731 679 2823 734 Sic
2863 689 3003 742 enim
3048 696 3236 750 mulier
3277 718 3422 770 qum-

1827 733 1946 770 ιΙεὶηι
1994 753 2172 770 οη-ηιιι
2227 750 2335 770 Πνλ
2463 761 2472 770 ¹
2564 763 2613 770 ”““

2402 733 2408 734 7
2747 733 2818 734 ,,,
2867 733 3002 742 --ηα-
3048 733 3186 746 "nun
3213 733 3222 750 ι
3277 733 3286 751 1
3317 733 3414 756 ιιιιῗ·

1827 733 1946 790 dam
1993 753 2174 799 sancta
2225 750 2417 810 Esther
2461 761 2513 814 in
2562 763 2650 819 illo
2699 776 2824 826 tunc
2867 733 3414 860 populoJudaeor'um,

1967 845 2100 860 MM
2385 847 2395 858 .
2490 851 2522 860 ..
2599 855 2611 860 -

1824 841 1942 884 cum
1966 845 2106 888 esset
2134 853 2266 895 uxor
2288 847 2427 916 regis
2455 851 2788 927 alienigenm,
2818 880 3030 924 ventum
3061 885 3141 929 est
3180 878 3245 932 ad
3279 887 3419 950 peri.

1824 920 1994 950 nul...“
2053 928 2184 950 ,ιξμη
2365 949 2371 950 ,
2443 941 2455 950 .

2619 920 2643 927 ν
2777 920 2785 925 _
2909 920 2912 921 ν
3180 920 3244 932 ..υ
3280 920 3414 950 ,πως

1821 920 1994 978 culum
2048 928 2267 1000 civium,
2323 949 2380 992 ut
2424 941 2799 1013 deprecaretur
2846 973 3024 1030 regem
3073 980 3167 1035 pro
3210 973 3414 1031 civibus

2909 1015 3002 1030 υη
3073 1015 3163 1035 Γ,
3212 1015 3406 1031 ν....,...ι

1812 1015 1957 1083 suis;
1989 1023 2151 1091 cepit
2176 1041 2351 1097 orare,
2384 1044 2437 1088 ct
2461 1037 2509 1090 in
2535 1039 2643 1110 ipsa
2668 1048 2910 1107 oratione
2933 1056 3171 1113 confessa
3215 1076 3296 1119 est
3318 1067 3406 1124 illa

1816 1111 1992 1165 Omnia
2050 1115 2273 1188 insignia
2319 1127 2514 1195 regalia
2556 1133 2633 1188 sie
2679 1137 2778 1192 sibi
2825 1157 2945 1199 esse
2989 1149 3134 1205 velut
3172 1171 3403 1224 pannum

1813 1209 2155 1259 tncnslrttala:
2187 1207 2395 1279 (Est/ter
2420 1234 2527 1282 xlv,
2565 1223 2678 1296 16).
2723 1225 2777 1284 Si
2817 1231 2933 1288 lucc
2970 1207 3221 1300 mulieres
3275 1264 3402 1317 pos-

2634 1295 2640 1296 ,
3137 1295 3218 1300 η-
3275 1295 3370 1317 ,,.,.,

1809 1300 1952 1358 sunt,
1985 1295 2081 1350 viri
2127 1316 2232 1355 non
2277 1311 2545 1374 possunt?
2576 1315 2640 1369 Et
2673 1316 2718 1372 si
2755 1319 2868 1378 hmc
2897 1332 3068 1395 potuit
3091 1338 3280 1393 mulier
3303 1341 3399 1396 Ju-

1807 1378 1940 1450 d:ca,
1968 1401 2069 1441 non
2095 1395 2287 1459 poterit
2318 1397 2552 1458 Ecclesia
2583 1408 2914 1472 christiana?
2944 1420 3054 1479 lloc
3091 1441 3218 1498 ergo
3245 1432 3398 1489 dixe-

1807 1472 1901 1498 _,_‘
1930 1474 2032 1498 η,
2075 1481 2105 1498 .,
2153 1485 2182 1498 ,.
2218 1485 2258 1498 .,
2495 1494 2520 1498 -

2945 1472 3053 1479 --ην
3095 1472 3217 1498 ..που
3245 1472 3395 1489 νιου*

1803 1472 1902 1530 rim
1930 1474 2182 1538 Charitati
2218 1485 2421 1546 Vestra:
2450 1494 2689 1555 :Divitia:
2722 1505 2764 1558 si
2789 1509 3012 1579 aﬂluant,
3045 1532 3107 1570 ne
3127 1526 3395 1591 apportatis

1803 1583 1887 1591 -..μ
1935 1572 1947 1591 Ι
1966 1569 2002 1591 n
2071 1575 2082 1591 Ι
2307 1584 2320 1591 ⁵
2343 1586 2354 1591 ⁸
2371 1587 2378 1591 ⁸
2459 1590 2462 1591 ⁷

2394 1625 2408 1640 .
2440 1590 2722 1651 Abundent
2767 1599 2911 1670 licet,
2959 1617 3012 1662 ct
3055 1590 3309 1684 sequatur
3338 1625 3392 1676 te

1790 1668 2123 1733 prosperitas
2152 1675 2353 1745 smeuli,
2390 1689 2441 1732 tu
2471 1686 2600 1738 mari
2625 1689 2732 1743 noli
2756 1693 2995 1764 credere,
3025 1668 3147 1756 nec.
3169 1705 3386 1764 ridenti.

1798 1755 2002 1813 Divitia:
2035 1764 2076 1816 si
2105 1766 2344 1838 al'ﬂuant,
2376 1774 2419 1829 si
2449 1776 2740 1849 abundent,
2769 1787 2914 1842 calca
2944 1808 3053 1854 cas.
3081 1806 3134 1850 ct
3160 1815 3387 1871 suspen-

1798 1846 1915 1871 .1Α--Α
1952 1867 2007 1871 An
2060 1857 2094 1871 ιι
2341 1866 2370 1871 “’“

2726 1846 2734 1849 ν
3015 1846 3053 1854 κ,
3087 1846 3130 1850 vv
3161 1846 3181 1850 -ι
3207 1846 3356 1871 ιγ’-νει

1791 1846 1919 1906 dere
1945 1867 2010 1908 ex
2060 1857 2166 1912 llco
2195 1871 2303 1915 ttto.
2333 1866 2462 1920 Cum
2494 1871 2636 1926 enim
2681 1891 2770 1929 eas
2809 1880 2990 1936 subter
3020 1897 3071 1942 te
3109 1887 3381 1968 habueris,

1791 1950 1836 1968 Α.
1866 1958 1925 1968 Α..
1961 1947 2011 1968 :n
2083 1966 2130 1968 κν
2273 1956 2283 1968 -
2353 1959 2362 1968 -
2605 1965 2621 1968 ‘

1789 1950 1925 1998 etex
1961 1947 2047 2002 illo
2077 1956 2415 2025 pepeutleris,
2447 1977 2566 2018 cum
2599 1965 2795 2025 fuerint
2819 1975 3126 2045 subtraclm,
3154 2000 3256 2038 non
3289 1947 3378 2044 ca:

1779 2033 1899 2089 des.
1949 2038 2026 2094 Ne
2075 2043 2211 2100 forte.
2259 2066 2356 2122 per
2389 2057 2582 2113 malam
2626 2065 2999 2134 cogitationem
3048 2075 3378 2153 minimeque

1786 2126 2034 2153 nL..!..nf..._
2182 2140 2208 2153 Α
2254 2151 2260 2153 -
2312 2147 2320 2153 ·

2692 2126 2718 2134 ν
3052 2126 3371 2153 κ------.--ν.,-.υ

1784 2126 2128 2190 Christianam
2176 2140 2268 2196 ﬁat.
2311 2147 2360 2198 in
2396 2158 2444 2202 te
2483 2153 2624 2220 quod
2674 2156 2869 2215 dicitur
2911 2159 2962 2217 in
3009 2167 3114 2222 alio
3145 2173 3371 2240 psalmo,

1780 2236 2194 2286 commemorato
2209 2236 2335 2294 llorc
2352 2239 2684 2310 Ziphatorutn
2709 2249 2928 2309 istorum
2949 2257 3156 2331 :Nimis,
3183 2265 3371 2339 inquit,

1778 2322 2050 2390 profunda:
2082 2330 2232 2395 facta:
2268 2345 2384 2387 sunt
2430 2340 2756 2408 cogitationes
2803 2357 2920 2405 tute.
2973 2352 3101 2409 Dico
3153 2357 3366 2431 dicitur,

1789 2407 1945 2431 RISUH'A
2101 2421 2120 2431 "
2211 2420 2220 2431 ‘
2319 2429 2328 2431 ‘

2495 2407 2503 2408 ,
3045 2407 3059 2409 -
3085 2407 3092 2408 ί
3157 2407 3366 2431 νην-ην

1777 2407 1948 2464 Nimis
1993 2420 2266 2488 profunda:
2300 2429 2452 2494 facta:
2485 2441 2600 2485 sunt
2627 2435 2952 2506 cogitationes
2997 2454 3097 2501 tua:
3124 2465 3143 2502 :
3168 2452 3240 2505 t'ir
3267 2455 3367 2509 im-

1771 2504 1996 2570 prudens
2041 2525 2140 2564 uon
2184 2530 2465 2584 cognoscet,
2510 2533 2558 2577 et
2602 2529 2784 2584 stultus
2825 2550 2925 2588 non
2965 2537 3207 2613 intelliget
3236 2547 3364 2603 lucc.

3092 2593 3096 2594 ν
3126 2593 3203 2613 α--

1770 2593 1906 2662 Quid
1951 2615 2056 2653 non
2103 2603 2397 2677 intelliget?
2438 2613 2563 2668 Cum
2604 2621 2891 2678 exorientur
2915 2643 3198 2696 peccatores
3234 2639 3366 2694 sicut

1766 2687 1958 2755 (etiam,
2007 2703 2054 2745 et
2082 2701 2428 2766 prospexerint
2453 2705 2466 2734 ¹
2495 2721 2669 2763 onmes
2697 2715 2784 2779 qui
2809 2732 3081 2786 onerantur
3123 2725 3362 2798 iniquita-

1765 2785 1882 2841 tem,
1913 2791 1965 2832 ut
2011 2784 2255 2841 illim-BIN”
2303 2793 2354 2845 in
2393 2798 2634 2851 sazculum
2665 2805 2837 2858 seaculi
2868 2807 3035 2877 (Psal.
3069 2831 3178 2881 XCI,
3208 2819 3353 2892 6-8).

1765 2865 2046 2892 ΠΑΙ.....---·.
2093 2891 2131 2892 ,,
2205 2878 2232 2892 ι.
2417 2885 2429 2892 .
2689 2891 2692 2892 ,

2872 2865 2883 2877 ι
3070 2865 3178 2881 -----ν
3211 2865 3237 2873 ν
3274 2865 3353 2892 νι-

1762 2865 2050 2926 Delectavit
2081 2891 2174 2930 eos
2200 2878 2299 2934 ﬂas
2328 2885 2586 2942 malorum
2622 2910 2636 2945 :
2668 2891 2919 2952 dixerunt
2943 2903 3080 2971 apud
3111 2922 3189 2967 se,
3217 2907 3356 2969 Ecce

1757 2963 1882 3016 mali
1939 2964 2151 3037 ﬂorent,
2199 2983 2326 3042 puto
2369 2979 2538 3035 malos
2581 2994 2724 3040 amat
2773 2989 2908 3044 Deus
2947 3010 2960 3045 :
3000 3004 3055 3050 et
3105 2997 3353 3059 delectati

1758 3060 2035 3126 temporali
2066 3064 2195 3119 ﬂore
2221 3066 2546 3141 iniquorum,
2577 3082 2825 3136 conversi
2857 3095 2974 3139 sunt
3003 3089 3068 3142 ad
3101 3091 3350 3164 iniquita-

1753 3158 1880 3215 tem,
1939 3163 1994 3208 ttt
2043 3157 2339 3216 interirent.
2371 3161 2487 3220 Non
2532 3169 2594 3222 ad
2630 3180 2839 3243 tempus
2864 3178 3000 3233 sicut
3031 3181 3101 3236 illi
3131 3183 3342 3256 ﬂorent,

1749 3243 1843 3298 sed
1899 3246 1950 3302 in
1983 3251 2233 3305 saeculum
2283 3257 2484 3311 sa‘culi.
2514 3257 2668 3318 Unde
2694 3263 2834 3321 hoc?
2863 3268 2995 3336 Quia
3040 3275 3116 3327 vir
3140 3276 3342 3348 impru-

1745 3336 1869 3392 dens
1901 3356 2002 3395 non
2045 3357 2324 3416 cognoscet,
2355 3359 2401 3402 ct
2430 3352 2617 3408 stultus
2655 3373 2755 3411 non
2803 3361 3046 3434 intelliget
3081 3367 3208 3434 ha’c,
3233 3386 3341 3429 non

1743 3428 1948 3487 intrans
1991 3440 2350 3494 sanctuarium
2400 3440 2513 3508 Dei,
2554 3455 2611 3500 ut
2653 3448 2911 3524 intelligat
2943 3456 2991 3509 in
3023 3457 3334 3520 tiovissitna.

1742 3521 1809 3580 Et
1832 3524 1952 3593 quia
1979 3525 2211 3583 diﬂicilis
2239 3541 2321 3585 est
2343 3533 2726 3605 aliquantulum
2756 3521 3052 3602 intellectus
3095 3549 3178 3606 hic
3210 3552 3336 3612 inde

3038 612 3102 654 ex
3129 601 3209 657 illa
3242 608 3424 679 lucris,

80 3677 220 3734 tun,
271 3672 439 3744 l-l7).
488 3675 626 3746 Quae
670 3689 796 3734 sunt
843 3682 942 3738 ista
975 3687 1307 3744 novissima?
1354 3693 1501 3761 Quae,
1529 3699 1628 3753 nisi

76 3770 168 3824 qlia:
190 3762 372 3820 scimus
394 3766 503 3837 jam
532 3769 589 3822 in
621 3768 908 3844 Evangelia
927 3782 1317 3847 prarmtntiata?
1345 3781 1469 3839 Cum
1498 3791 1628 3845 enim

76 3854 223 3907 uenerit
247 3853 290 3908 F
291 3857 404 3913 ilius
435 3861 678 3929 hominis,
704 3869 1140 3939 congregabantur
1168 3885 1283 3927 ante
1317 3891 1427 3930 eum
1457 3897 1626 3938 omnes

71 3958 305 4012 gentes;et
339 3956 592 4024 separabit
619 3973 720 4021 eos,
763 3960 888 4014 sicut
930 3975 1104 4033 pastor
1145 3981 1368 4039 segregat
1410 3988 1523 4028 oves
1559 3977 1622 4030 ab

67 4038 198 4094 battis
221 4059 242 4097 :
266 4062 375 4103 ores
406 4059 562 4118 ponet
607 4051 676 4104 ad
727 4053 1008 4122 dexterum,
1036 4059 1208 4114 liu'a'os
1256 4065 1322 4115 ad
1365 4066 1621 4125 sinistram

71 4127 245 4197 (Μαιιιι.
292 4154 411 4204 xxv,
469 4143 690 4211 5l-55).
743 4145 876 4200 Ecce
900 4148 1007 4217 jam
1053 4152 1123 4205 illi
1154 4152 1351 4223 Zipluei
1401 4174 1618 4228 separa-

65 4217 228 4281 bttntnr
257 4246 270 4282 :
303 4229 512 4288 ﬂantma
547 4238 787 4306 sequitur
812 4244 1222 4308 separationem.
1265 4246 1361 4303 Ubi
1394 4261 1476 4306 cst
1516 4251 1617 4311 llos

63 4328 213 4372 eorum
241 4325 324 4391 qui
355 4323 463 4395 jam
495 4328 565 4382 ad
593 4329 863 4386 sinistram
888 4335 1139 4390 stabunt?
1165 4337 1352 4396 Nonne
1382 4350 1506 4401 tunc
1532 4347 1614 4400 in-

59 4413 351 4476 gemisccnl?
373 4435 550 4478 nonne
581 4433 702 4479 tunc
727 4440 845 4481 sera
875 4429 1181 4497 pmnitenlia
1206 4439 1609 4508 torquebantur,

59 4504 314 4565 ettlicent:
347 4512 482 4581 Quid
509 4517 654 4570 nobis
691 4519 884 4588 profuit
934 4526 1188 4594 superbia,
1233 4538 1278 4582 ct
1323 4531 1611 4590 divitiarum

57 4594 267 4664 iactantia
306 4609 423 4676 quid
472 4611 684 4665 contulit
726 4613 904 4668 nobis?
945 4615 1276 4675 Transierunt
1306 4625 1477 4680 omnia
1519 4629 1610 4685 illa

60 4693 262 4753 lunqnam
290 4698 462 4754 umbra
497 4701 652 4774 (ειη).
687 4719 739 4770 v,
771 4704 824 4769 8,
855 4705 930 4776 9).
965 4705 1220 4778 OZipluei
1243 4713 1307 4766 ad
1337 4718 1606 4778 sinistram

58 4789 249 4856 stantes,
279 4806 394 4847 sero
425 4797 648 4863 pmttitet
677 4813 774 4853 vos
814 4799 864 4853 in
895 4802 1077 4855 umbra
1105 4802 1378 4863 ﬂoruisse!
1433 4811 1607 4881 Quare

60 4868 211 4942 David,
235 4899 386 4952 quem
415 4889 716 4956 prodebatis
739 4891 875 4948 inter
898 4909 990 4948 vos
1022 4895 1204 4960 latere,
1233 4915 1608 4972 nonagno-ce-

57 4961 204 5024 initis?
229 4973 372 5034 Tune
398 4981 538 5037 enim
560 4983 604 5038 si
637 4987 1058 5055 corrigeremini,
1095 4988 1248 5048 dolor
1301 4992 1400 5049 iste
1440 4995 1603 5052 inlru-

57 5069 240 5120 ctuosus
263 5085 362 5124 non
393 5084 552 5130 esset.
583 5077 673 5131 Est
703 5079 842 5134 enim
865 5079 1019 5136 dolor
1048 5082 1373 5148 fructuosus.
1411 5099 1491 5143 est
1517 5091 1598 5145 in-

57 5145 350 5226 lructnosus;
371 5162 668 5223 fructuosus
693 5165 847 5225 dolor
878 5188 1015 5226 nunc
1044 5183 1262 5230 estcutn
1283 5188 1332 5231 te
1348 5193 1596 5247 accusas,

57 5255 150 5299 cum
166 5249 212 5302 in
227 5260 274 5308 te
289 5258 628 5327 reprehendis
643 5263 808 5318 malos
820 5281 997 5322 mores
1017 5279 1151 5330 tuos,
1171 5286 1288 5324 cttm
1317 5273 1600 5342 reprehen-

57 5347 123 5389 505
148 5353 480 5420 persequeris,
509 5367 816 5424 persecutos
844 5359 1097 5426 excludis,
1130 5363 1335 5435 illisque
1368 5369 1595 5424 exclusis

57 5433 255 5500 mutaris,
271 5453 464 5497 exuens
477 5455 772 5504 tevetcrem
789 5450 1054 5508 hominem
1069 5463 1116 5508 cl
1136 5455 1356 5512 inductis
1377 5477 1591 5529 narum,

57 5509 133 5529 ηιμ
320 5525 330 5529 -
423 5527 462 5529 μ

57 5509 1128 5611 EligenspotiusChris:iopprohriumquam
1150 5541 1330 5598 ﬂorem
1359 5543 1594 5616 Zipha‘o.

57 5607 339 5668 rum.Porro
373 5619 417 5674 si
458 5620 546 5678 tibi
575 5627 854 5699 contigerit
901 5629 1114 5689 habenti
1145 5635 1194 5690 in
1236 5636 1447 5706 ocoelfo
1500 5643 1594 5696 bo-

57 5706 155 5791 llum
201 5712 334 5764 tuum
362 5721 412 5770 et
446 5716 624 5775 latenti
674 5722 811 5778 inter
850 5723 1129 5798 Ziplneos,
1175 5731 1386 5789 baltetui
1427 5736 1588 5792 etiam

57 5781 94 5838 in
116 5798 301 5855 occulto
322 5806 718 5872 promissionem
755 5822 1019 5876 mercedis
1050 5832 1172 5893 tum,
1216 5825 1390 5898 aliqua
1421 5828 1587 5884 subli-

57 5882 348 6008 ω’ᾶίξα
369 5896 587 5966 plerique
608 5914 714 5983 Mss.
737 5911 959 5983 Nonnulli
976 5927 1113 5982 vero,
1135 5882 1171 5970 ti
1181 5927 1282 5973 Deo
1299 5882 1585 5986 tinnitum,

1738 3618 1901 3684 cmpit
1929 3620 2160 3688 psalmus
2190 3625 2308 3688 iste,
2359 3638 2416 3680 ut
2446 3628 2608 3685 David
2639 3630 2829 3690 lateret
2873 3639 3013 3695 inter
3060 3641 3328 3718 Ziphzeos,

1735 3724 1836 3766 nec
1861 3710 2221 3771 delectaretur
2261 3719 2391 3777 llore
2431 3721 2806 3794 Ziplueorum;
2843 3731 2937 3787 sed
2965 3710 3185 3806 eligeret
3234 3756 3330 3810 po-

1736 3801 1841 3859 tius
1884 3804 2022 3860 inter
2061 3806 2182 3864 illos
2214 3810 2594 3884 humilitatem,
2630 3827 2686 3873 ut
2714 3820 2932 3880 haberet
2971 3829 3110 3898 apud
3159 3831 3327 3891 Deum

1729 3900 2095 3958 absconditam
2125 3906 2437 3964 claritatem.
2460 3911 2595 3978 Quid
2627 3931 2753 3988 ergo
2783 3918 2830 3974 ei
2860 3921 3105 3978 tribuitur
3139 3926 3189 3981 in
3223 3928 3326 3988 hoc

1731 3994 1922 4048 titulo?
1952 3994 2016 4049 In
2044 3999 2216 4066 finem,
2240 4001 2291 4054 in
2319 4003 2517 4072 hymnis
2537 4023 2556 4061 :
2587 4007 2688 4064 hoc
2708 4020 2789 4066 est
2813 4011 2865 4067 in
2893 4013 3155 4073 laudibus.
3187 4019 3321 4086 Qni-

1726 4085 1826 4142 hus
1851 4085 2133 4146 laudibus?
2166 4092 2417 4150 Dominus
2437 4096 2602 4166 dedit,
2629 4101 2886 4160 Dominus
2908 4108 3155 4177 abstulit;
3181 4085 3321 4170 sicut

1726 4177 1950 4234 Domino
1992 4184 2204 4253 placuit,
2252 4187 2320 4241 ita
2353 4187 2546 4245 factum
2585 4204 2666 4249 cst
2714 4213 2728 4249 :
2761 4197 2829 4252 sit
2867 4216 3058 4256 nomen
3106 4203 3318 4262 Domitii

1722 4269 2056 4329 benedictum
2088 4275 2206 4347 (Job
2229 4295 2241 4332 ι
2266 4321 2278 4341 ,
2310 4281 2424 4350 ‘21).
2449 4283 2606 4350 Quasi
2635 4289 2838 4344 arttisse
2863 4291 3160 4361 videbatur,
3193 4311 3315 4366 per-

1721 4362 1829 4417 dita
1859 4367 2002 4420 omni
2035 4368 2372 4426 substantia?
2409 4374 2581 4431 Absit.
2617 4375 2761 4433 Folia
2805 4385 3128 4451 ceciderant,
3159 4391 3310 4446 radix

1720 4455 1949 4511 virebat.
1985 4459 2140 4528 Ergo,
2191 4459 2256 4515 In
2282 4464 2453 4532 linem,
2495 4468 2546 4521 in
2577 4470 2794 4541 hymnis.
2826 4475 2982 4543 Quid,
3014 4475 3311 4538 Intellectus

1718 4545 1814 4618 ipsi
1860 4547 2065 4607 David?
2103 4552 2398 4613 Intellectus
2440 4573 2623 4617 contra
2671 4564 2838 4620 iilud:
2876 4567 2964 4622 Vir
3013 4571 3308 4642 imprudens

1717 4661 1815 4698 non
1847 4660 2127 4718 cognoscet,
2158 4662 2204 4706 et
2233 4655 2413 4711 stultus
2455 4675 2554 4713 non
2581 4660 2819 4734 intelliget
2849 4665 2973 4720 hinc.
3007 4666 3308 4727 Intellectus

1713 4736 1815 4805 ipsi
1837 4736 2020 4805 David,
2044 4758 2157 4796 cum
2181 4758 2412 4800 venerunt
2444 4747 2662 4820 Zipha’i,
2695 4765 2741 4808 et
2770 4758 3002 4812 (lixermtt
3039 4761 3106 4813 ad
3134 4763 3266 4818 Sat'tl
3286 4783 3305 4818 :

1717 4825 1902 4884 Nonne
1927 4848 2038 4885 ecce
2069 4832 2237 4889 David
2283 4838 2605 4900 absconditus
2660 4858 2730 4900 est
2772 4852 2911 4916 apud
2938 4854 3067 4907 nos?
3112 4853 3178 4910 Et
3233 4859 3308 4912 sit

1710 4917 2052 4977 absco'ulitns
2105 4929 2243 4994 apud
2290 4947 2402 4994 vos,
2452 4933 2743 4994 dummodo
2790 4956 2896 4998 non
2939 4945 3124 5003 ﬂoreat
3164 4949 3304 5005 sicut

1710 5025 1824 5067 vos.
1852 5014 1984 5068 Audi
2012 5032 2142 5088 ergo
2174 5038 2356 5078 vocem
2375 5025 2510 5095 ejus.

1777 5105 1832 5160 4.
1873 5103 2016 5177 [vers
2064 5109 2142 5184 5.]
2176 5112 2309 5168 licus
2353 5117 2403 5170 in
2435 5120 2635 5174 nomine
2659 5131 2744 5178 tuo
2771 5127 2965 5183 salvum
2990 5148 3065 5186 me
3091 5135 3195 5205 fac,
3249 5146 3298 5190 et

1706 5197 1758 5251 in
1780 5198 1959 5253 rit-tute
1975 5211 2058 5255 tua
2084 5205 2265 5273 judica
2307 5226 2402 5264 me.
2435 5211 2545 5266 [Istc
2573 5214 2713 5270 dicat
2741 5219 2976 5276 Ecclesia
3011 5225 3178 5279 latens
3210 5226 3295 5282 in-

1707 5301 1789 5348 ter
1815 5293 2077 5365 Zipha-os.
2105 5299 2215 5356 Hoc
2249 5302 2389 5358 dicat
2412 5321 2604 5379 corpus
2629 5310 2976 5370 christianum
3007 5314 3210 5373 habens
3239 5322 3291 5375 in

1704 5389 1912 5442 occulto
1942 5390 2136 5445 iit‘nlllll
2169 5411 2374 5452 morum
2405 5413 2643 5469 suorum,
2692 5419 2915 5475 sperans
2966 5409 3031 5464 de
3079 5413 3292 5469 occulto

1703 5483 2000 5537 mercedem
2025 5488 2328 5544 meritorum
2349 5508 2597 5560 suorum;
2626 5495 2726 5552 hoc
2755 5498 2894 5554 dicat
2923 5519 2934 5554 :
2967 5501 3104 5557 Deus
3124 5505 3174 5560 in
3201 5523 3291 5561 no-

1702 5575 1835 5627 mine
1869 5585 1955 5629 tuo
1980 5578 2170 5632 salvum
2203 5599 2280 5634 me
2313 5588 2430 5652 fac,
2474 5597 2515 5639 et
2544 5589 2595 5641 in
2635 5591 2809 5643 virtute
2841 5603 2925 5644 tua
2959 5594 3140 5663 judica
3187 5615 3284 5653 me.

1702 5662 1928 5728 Venisti.
1959 5683 1990 5722 o
2015 5668 2246 5738 Christe,
2273 5673 2488 5731 humilis
2508 5681 2820 5748 apparuisti,
2850 5694 3185 5756 contemptus
3207 5706 3284 5758 cs,

1699 5757 1991 5828 ﬂiigClinlllS
2007 5779 2084 5830 es,
2113 5765 2398 5823 erui-ifixus
2425 5787 2503 5837 es,
2526 5774 2735 5828 occisus
2765 5790 2823 5830 es
2851 5793 2865 5832 :
2899 5777 2995 5834 scd
3022 5783 3176 5838 tertio
3199 5784 3287 5842 die

1697 5855 2055 5925 resurresisti,
2090 5860 2498 5931 quadragesimo
2534 5864 2622 5922 die
2650 5866 2700 5921 in
2744 5869 2942 5928 malum
2977 5876 3285 5949 ascendiSti,

1761 5969 1774 5999 ¹
1812 5968 1882 6019 sic
1904 5982 2078 6049 annos
2099 5980 2202 6028 nos.
2223 5980 2280 6028 At
2293 5973 2427 6029 aut.
2455 5976 2726 6046 minati
2743 5979 2938 6048 [nam

1901 6329 1936 6388 ζμ

1911 6370 2046 6400 .__/“
