3942 6480
607 539 715 599 623

607 657 766 716 sedes
803 649 871 707 ad
907 646 1184 705 dexteram
1224 625 1421 695 Patris,
1461 632 1519 683 et
1543 636 1703 684 nemo
1734 619 1898 678 videt.
1939 616 2198 716 Spiritum

786 741 910 799 inde
949 733 1165 799 misisti,
1193 742 1351 801 quem
1380 724 1707 793 acceperunt
1749 712 1937 784 digni;
1992 706 2197 806 impleti

536 818 577 885 3"-
604 801 789 899 amore
803 846 914 899 tuo,
934 828 1145 887 laudem
1167 823 1336 894 ipsius
1351 812 1662 874 humilitatis
1679 819 1783 865 ture
1814 820 1912 876 per
1938 801 2195 899 mundum

566 1152 570 1161 ι
603 1119 925 1192 prmdicatus
951 1127 1031 1167 es.

562 1204 572 1270 ζ
603 1173 957 1282 dixitaliquid
996 1204 1137 1260 inter
1166 1213 1264 1254 nos
1291 1209 1353 1251 se
1379 1190 1537 1254 scire,
1571 1183 1671 1241 nisi
1698 1180 1969 1282 Cbristu‘m
1989 1173 2193 1239 Jesum,

606 1269 1176 1367 etiame-cruciﬁxum
1206 1291 1251 1359 (i
1277 1287 1394 1343 Cor.
1424 1300 1484 1349 ιι,
1527 1278 1607 1349 '2),
1635 1284 1695 1331 ut
1714 1274 1833 1367 ejus
1877 1269 2198 1367 eligeremus

1022 1387 1174 1457 uagis
1202 1395 1358 1454 quam
1383 1374 1603 1449 gloriam
1629 1366 1931 1425 florentium
1955 1359 2199 1431 Zipbaeo-

603 1377 974 1472 op'prubrium,
1004 1407 1020 1443 ι

603 1459 744 1551 rum.
774 1489 1149 1545 Verumtamen
1180 1477 1246 1532 de
1293 1473 1384 1529 illo
1410 1465 1537 1540 quid
1583 1463 1694 1518 ait?
1724 1459 1853 1551 Etsi;
1870 1464 2099 1511 mortuus

603 1542 1006 1653 g-inﬁrntitate,
1038 1571 1128 1629 sed
1166 1568 1282 1624 vivit
1309 1581 1371 1621 ea:
1394 1562 1572 1618 virtute
1603 1554 1695 1610 Dei
1723 1551 1788 1625 (ll
1815 1549 1931 1605 Cor.
1962 1562 2083 1611 xm,
2113 1542 2196 1653 4):

602 1642 763 1733 ileuil
793 1685 921 1742 ergo
941 1676 998 1723 ut
1026 1668 1323 1719 moreretur
1351 1671 1416 1710 ex
1458 1649 1786 1742 infirmitate,
1816 1649 2090 1742 venturus
2114 1642 2199 1740 est

931 1759 985 1813 in
1014 1755 1207 1810 virtute
1233 1749 1325 1804 Dei
1356 1764 1371 1803 :
1395 1742 1486 1799 sed
1512 1756 1608 1812 per
1637 1734 1996 1793 infirmitatem
2020 1727 2199 1836 erucis

599 1821 951 1917 claiiticatum
976 1857 1059 1905 est
1084 1859 1277 1901 nomen
1302 1839 1436 1911 ejus.
1482 1831 1735 1904 Quisquis
1759 1843 1864 1884 non
1909 1821 2199 1882 crediderit

596 1952 655 2009 in
699 1960 896 2004 nomen
936 1939 1283 1999 eiarilicatum
1329 1948 1424 2003 per
1465 1926 1850 1989 infirmitatem,
1879 1924 2199 1990 expavescet

594 2042 665 2101 ad
690 2039 928 2113 iudicem
954 2049 1074 2090 cum
1099 2027 1307 2086 venerit
1325 2025 1377 2079 in
1402 2022 1616 2077 virtute.
1642 2017 1720 2073 Ne
1735 2023 1911 2113 autem
1927 2009 2196 2113 quondam

595 2100 995 2196 ille'inlirmus,
1041 2140 1166 2181 cum
1212 2115 1419 2176 venerit
1450 2112 1623 2178 fortis,
1653 2105 1955 2166 ventilabro
1984 2104 2077 2159 illo
2127 2100 2196 2157 ad

595 2226 871 2286 sinistram
896 2235 998 2277 nos
1018 2219 1228 2279 mittat;
1259 2211 1429 2269 salvet
1452 2220 1552 2262 nos
1574 2205 1626 2260 in
1656 2202 1872 2259 nomine
1897 2212 2017 2263 suo,
2040 2204 2095 2251 et
2109 2195 2196 2265 ju-

594 2319 739 2377 dicet
769 2330 869 2371 nos
916 2314 973 2367 in
1006 2309 1202 2365 virtute
1227 2318 1344 2359 sua.
1371 2299 1503 2369 Quis
1522 2295 1663 2352 enim
1684 2293 1787 2349 hoc
1829 2298 1939 2347 tam
1968 2297 2197 2344 temera-

593 2410 710 2467 rius
754 2401 1043 2477 optaverit,
1087 2407 1147 2453 ut
1170 2395 1312 2451 dicat
1337 2393 1468 2455 Deo,
1486 2386 1675 2442 Judica
1718 2380 2048 2438 me?Noune
2098 2390 2196 2477 pro

595 2468 889 2558 maledicto
917 2491 1022 2548 dici
1051 2488 1191 2544 solet
1208 2482 1514 2541 hominibus
1542 2496 1557 2533 :
1585 2474 1797 2532 iudicet
1839 2481 1893 2529 te
1909 2470 2092 2527 Deus?
2118 2468 2195 2525 Ita

593 2591 756 2664 plane
797 2594 883 2644 est
924 2579 1287 2642 maledictum,
1331 2573 1378 2628 si
1416 2570 1621 2643 judicat
1650 2577 1701 2623 te
1729 2566 1782 2622 in
1814 2564 2009 2621 virtute
2054 2575 2190 2662 sua;

595 2649 698 2739 sed
723 2677 769 2734 si
801 2691 907 2733 non
929 2683 983 2729 te
1011 2665 1297 2727 salvaverit
1325 2664 1378 2719 in
1401 2661 1617 2718 nomine
1655 2672 1753 2713 suo
1783 2669 1944 2711 zeum
1967 2667 2100 2708 vero
2137 2649 2192 2706 in

594 2771 816 2830 nomine
838 2763 1172 2839 praecedente
1191 2755 1474 2815 salvaverit
1501 2761 1573 2818 te,
1606 2748 1891 2807 salubriter
1918 2746 1971 2803 in
1999 2746 2195 2800 virtute

594 2835 960 2932 consequente
994 2851 1274 2926 iudicabit.
1302 2848 1536 2905 Securus
1561 2853 1677 2899 esto
1718 2859 1732 2897 ε
1763 2838 2022 2913 judicium
2065 2835 2194 2893 illud

593 2974 703 3015 non
734 2956 829 3012 tibi
853 2953 956 3010 erit
976 2949 1200 3024 punitio,
1232 2945 1325 3002 sed
1350 2937 1773 3000 discretio.Nam
1803 2944 1858 2993 et
1881 2937 1934 2992 in
1959 2932 2192 3006 quodam

592 3051 802 3126 psalmo
825 3050 899 3105 ita
918 3045 1111 3102 dicitur
1141 3060 1154 3096 :
1185 3039 1374 3094 Judica
1401 3052 1500 3101 me,
1526 3034 1682 3099 Deus,
1711 3043 1760 3087 et
1801 3031 2027 3086 discerne
2063 3043 2191 3081 cau—

592 3120 705 3202 sam
732 3157 900 3198 meum
943 3138 1007 3192 de
1029 3143 1173 3210 gente
1207 3149 1309 3187 non
1354 3138 1530 3186 sancta
1559 3125 1732 3197 (Psal.
1760 3141 1890 3183 xw.
1933 3123 2008 3195 l).
2054 3120 2191 3190 Quid

593 3245 700 3302 est,
745 3233 936 3289 Indica
983 3244 1063 3283 me
1085 3229 1111 3283 ?
1159 3226 1412 3282 Diseerne
1450 3235 1539 3276 me
1570 3234 1602 3274 a
1631 3216 1866 3289 Zipbrcis
1888 3215 2031 3270 inter
2057 3226 2193 3284 quos

593 3331 740 3387 lateo
765 3346 779 3383 :
809 3322 1004 3398 pertuli
1024 3335 1212 3377 eorum
1240 3318 1448 3379 ﬂorem,
1473 3312 1585 3383 jam
1613 3309 1793 3365 veniat
1812 3317 1868 3365 et
1887 3307 1987 3363 llos
2016 3318 2189 3361 meus.

591 3422 665 3481 Et
689 3421 903 3478 illorum
939 3413 1155 3487 quidem
1185 3411 1284 3466 llos
1326 3408 1424 3463 fuit
1449 3402 1781 3476 temporalis,
1813 3409 1869 3458 et
1911 3408 2191 3456 arescente

591 3514 719 3570 leno
752 3508 951 3566 decidit
987 3523 999 3559 ε
1033 3503 1133 3560 llos
1169 3511 1347 3556 autem
1379 3510 1531 3553 meus
1554 3495 1675 3567 quis
1698 3492 1838 3551 erit?
1879 3491 2111 3547 Plantali
2135 3490 2190 3547 in

592 3606 746 3662 domo
775 3598 1003 3663 Domini,
1029 3597 1084 3651 in
1107 3594 1251 3649 atriis
1266 3592 1443 3647 domus
1464 3589 1559 3644 Dei
1574 3586 1736 3643 nostri
1749 3586 1999 3658 ﬂorebunt
2015 3582 2186 3657 (Psal.

590 3711 702 3765 xei,
738 3693 851 3765 li).
880 3693 1142 3747 Remanet
1166 3699 1293 3757 ergo
1319 3693 1375 3741 et
1400 3681 1552 3737 nobis
1578 3679 1697 3747 llos,
1727 3678 1820 3735 sed
1847 3678 1937 3751 qui
1966 3693 2071 3733 non
2095 3691 2189 3734 ca-

591 3790 707 3857 dat,
735 3787 874 3843 sicut
901 3782 1087 3839 folium
1126 3776 1348 3849 plantati
1398 3773 1539 3830 illius
1567 3772 1692 3843 ligni
1718 3771 1868 3842 juxta
1893 3783 2078 3840 aquas,
2120 3768 2189 3826 de

591 3898 700 3957 quo
725 3881 924 3938 dictum
963 3884 1047 3932 est
1077 3892 1092 3928 :
1126 3871 1191 3927 Et
1224 3870 1406 3944 folium
1443 3869 1553 3939 ejus
1582 3883 1681 3921 non
1707 3864 1901 3920 decidet
1945 3862 2115 3934 (Psal.
2149 3877 2185 3930 l,

592 3978 669 4051 3).
694 3975 831 4031 Deus
853 3986 979 4044 ergo
1003 3971 1058 4025 in
1081 3965 1283 4023 nomine
1310 3974 1394 4019 tuo
1416 3961 1608 4019 salvum
1632 3976 1709 4015 me
1736 3959 1839 4031 fac,
1869 3968 1918 4014 et
1936 3958 1988 4013 in
2009 3957 2191 4012 virtute

593 4080 680 4126 tua
694 4067 874 4141 judica
897 4079 994 4118 me.

664 4140 718 4218 5.
746 4158 897 4234 [rers.
927 4152 1007 4227 4.]
1038 4151 1197 4216 Deus,
1226 4147 1415 4206 exaudi
1439 4146 1717 4203 orationem
1752 4160 1950 4211 meam;
1977 4140 2188 4199 auribus

593 4254 797 4328 percipe
822 4249 970 4305 verba
993 4248 1096 4302 oris
1120 4244 1236 4299 mei.
1264 4241 1581 4299 Perveniant
1603 4239 1671 4295 ad
1698 4253 1858 4293 aures
1880 4247 1996 4292 tuas
2023 4234 2186 4293 verba

592 4347 706 4404 oris
734 4346 859 4410 mei,
886 4341 1008 4413 quia
1039 4353 1144 4394 non
1183 4336 1370 4391 ﬂorem
1400 4333 1738 4405 Zipltmorum
1769 4346 1800 4386 a
1838 4340 1892 4386 te
1914 4329 2184 4386 desidero.

594 4438 814 4496 Auribus
850 4435 1050 4506 percipe
1088 4429 1236 4486 verba
1264 4426 1366 4482 oris
1406 4426 1545 4481 mei:
1573 4435 1626 4482 tu
1655 4424 1868 4495 percipe
1894 4440 1909 4491 ;
1935 4437 2055 4478 nam
2099 4421 2188 4477 Zi-

595 4531 762 4603 pbaeis
790 4527 889 4583 etsi
920 4530 1077 4580 sonet
1114 4519 1287 4576 oratio
1318 4533 1435 4574 mea
1461 4560 1476 4583 ,
1508 4531 1614 4572 uon
1644 4516 1899 4581 audiunt,
1928 4516 2049 4587 quia
2078 4529 2186 4571 non

596 4621 918 4691 intelligunt.
991 4610 1400 4683 Temporalibus
1463 4609 1661 4682 quippe
1725 4607 1990 4679 galldenl.
2046 4610 2186 4665 bona

593 4728 797 4775 aeterna
823 4708 1133 4766 desiderare
1161 4721 1266 4760 non
1292 4711 1509 4761 nerunt.
1558 4702 1638 4757 Ad
1679 4711 1731 4757 te
1758 4700 2032 4772 perveniat
2059 4717 2184 4758 ora-

592 4808 670 4865 tio
695 4821 813 4862 mea
843 4846 859 4873 ,
887 4819 955 4860 ex
979 4799 1247 4857 desiderio
1284 4807 1607 4853 aeternorum
1641 4803 1851 4850 tuorum
1892 4795 2184 4852 beneficio-

592 4919 712 4960 rum
743 4914 967 4957 excussa
996 4904 1050 4952 et
1067 4894 1296 4964 jaculata
1327 4910 1340 4945 :
1377 4891 1445 4947 ad
1475 4906 1633 4947 aures
1663 4902 1783 4946 tuas
1807 4890 1998 4946 emitto
2026 4905 2181 4958 eam;

591 4992 783 5065 adjnva
813 5005 931 5047 eam
958 4998 1015 5044 ut
1043 4986 1319 5059 perveniat
1344 5025 1361 5050 ,
1390 4998 1458 5039 ne
1484 4982 1698 5039 deliciat
1739 4984 1789 5038 in
1838 4983 2029 5040 itinere
2069 4999 2185 5040 uie-

590 5087 704 5149 dio.
746 5093 802 5141 et
846 5083 996 5155 quasi
1044 5080 1276 5151 collapsa
1316 5086 1552 5134 corruat.
1594 5075 1700 5133 Sed
1748 5077 1850 5133 etsi
1895 5094 2000 5132 non
2049 5077 2183 5135 mibi

590 5177 847 5237 eveniunt
870 5173 1032 5230 modo
1051 5173 1186 5227 bona
1215 5186 1335 5242 qure
1360 5170 1588 5240 postulo,
1619 5184 1840 5226 securus
1859 5185 1978 5226 sum
2007 5180 2183 5227 tamen

590 5271 718 5345 quia
740 5276 922 5341 postea
968 5264 1198 5322 venient.
1228 5262 1362 5318 Nam
1408 5271 1461 5318 et
1504 5262 1555 5316 in
1603 5260 1812 5317 delictis
1838 5260 2033 5317 dicitur
2059 5262 2182 5333 qui-

592 5364 717 5421 dam
744 5373 964 5431 rogasse
993 5356 1158 5411 Deum
1183 5396 1198 5420 ,
1229 5362 1284 5409 et
1311 5368 1415 5409 non
1461 5352 1742 5409 exauditus
1770 5353 1910 5408 bono
1934 5368 2053 5408 suo.
2080 5353 2185 5410 De-

592 5456 793 5516 sideria
836 5454 980 5509 enim
1026 5447 1300 5506 smeularia
1345 5445 1701 5501 incitaverant
1739 5444 1887 5500 illum
1926 5446 1993 5501 ad
2019 5461 2182 5502 oran-

594 5551 763 5615 dum;
808 5555 864 5603 et
918 5546 972 5601 in
1024 5540 1452 5599 tribulationibus
1496 5538 1879 5608 temporalibus
1931 5539 2182 5610 positus,

591 5649 873 5714 optaverat
912 5645 972 5694 ut
1011 5634 1304 5692 transirent
1347 5631 1721 5687 tribulationes
1764 5632 2084 5701 temporales
2127 5642 2183 5689 et

591 5734 793 5793 rediret
817 5731 916 5787 llos
941 5729 1047 5786 feni
1072 5772 1086 5795 ,
1119 5736 1174 5783 et
1198 5727 1268 5781 ait
1296 5743 1311 5781 :
1346 5724 1487 5780 Deus
1535 5741 1695 5789 meus,
1730 5724 1865 5779 Deus
1897 5741 2038 5783 meus
2060 5770 2076 5792 ,
2099 5737 2184 5782 ut-

591 5826 717 5898 quid
756 5840 836 5877 me
870 5820 1219 5892 dereliquisti?
1242 5816 1359 5873 Vox
1393 5819 1507 5887 ipsa
1551 5817 1747 5873 Christi
1796 5827 1915 5886 est,
1948 5819 2044 5876 sed
2084 5835 2183 5891 pro

589 5916 851 5975 membris
896 5914 1027 5970 suis.
1086 5910 1285 5979 Verba,
1319 5910 1523 5982 inquit,
1569 5910 1867 5966 delictorum
1906 5927 2181 5968 meorum:

594 6008 812 6070 clamavi
835 6006 902 6062 ad
933 6014 979 6062 te
1010 6020 1098 6077 per
1119 6002 1271 6067 diem,
1299 6018 1389 6058 nec
1414 6002 1701 6071 exaudiui;
1720 6013 1768 6059 et
1795 6014 1968 6071 nocte,
2001 6016 2048 6060 et
2081 6022 2184 6062 non

1849 506 1910 563 s.
1950 492 2314 562 AUGUSTINI
2351 491 2660 559 eriscort
3707 511 3778 573 ω

2310 612 2380 668 ad
2398 612 2740 686 insipientiam
2761 612 2891 669 mihi
2927 612 3103 689 (Psal.
3129 618 3247 684 xxi,
3270 613 3342 685 Ξ,
3361 612 3419 689 3)
3441 633 3458 674 :
3481 615 3528 674 id
3550 626 3635 688 est,
3654 629 3777 681 etno-

2304 714 2390 762 cte
2416 706 2684 775 clamavi,
2705 715 2762 763 et
2797 720 2904 763 non
2950 705 3208 764 exaudisti
3232 723 3249 773 ;
3269 713 3336 764 et
3356 717 3517 765 tamen
3549 709 3634 765 hoc
3657 712 3775 783 ipsum

2308 799 2452 872 quod
2495 815 2601 856 non
2640 800 2904 857 exautlisti
2924 841 2939 867 ,
2969 816 3076 858 non
3103 800 3170 857 ad
3201 800 3539 871 insipientiam
3572 803 3675 860 milii
3708 823 3777 864 non

2304 895 2589 960 exaudisti,
2624 896 2720 952 sed
2740 896 2908 969 magis
2931 896 3000 953 ad
3026 896 3338 967 sapientiam
3366 913 3464 954 non
3487 900 3728 968 exaudisti,
3746 911 3782 956 ut

2305 989 2659 1064 iutelligerem
2684 992 2811 1064 quid
2837 1008 2869 1047 a
2897 1000 2949 1048 te
2978 1001 3161 1063 petere
3186 992 3453 1050 deberem.
3496 993 3561 1049 Ea
3587 995 3697 1049 enim
3723 1011 3782 1064 pe-

2305 1084 2481 1139 tebam
2511 1100 2631 1155 qua:
2660 1085 2802 1140 malo
2827 1100 2950 1141 meo
2988 1085 3230 1144 fortassis
3274 1087 3579 1157 acciperem.
3602 1087 3711 1144 Petis
3728 1088 3784 1143 di-

2304 1174 2482 1241 vitias,
2509 1192 2544 1230 ο
2570 1174 2770 1233 homo!
2811 1177 2995 1250 quanti
3020 1186 3148 1234 sinit
3179 1178 3349 1234 eversi
3375 1193 3465 1249 per
3482 1176 3659 1235 divitias
3681 1181 3784 1236 suis!

2306 1265 2460 1323 Unde
2486 1267 2594 1325 scis
2626 1278 2803 1324 utrum
2849 1270 2940 1325 tibi
2971 1270 3080 1327 sint
3104 1269 3394 1341 profutura:
3429 1269 3637 1327 divitiae!
3658 1270 3785 1328 Nonne

2305 1360 2458 1415 multi
2481 1374 2748 1434 pauperes
2773 1363 2938 1420 tutius
2981 1362 3217 1420 latebant
3240 1380 3257 1430 ;
3281 1363 3464 1422 divites
3490 1362 3627 1429 facti,
3648 1376 3787 1421 manu

2306 1451 2489 1510 lucere
2517 1464 2822 1525 coeperunt,
2852 1455 3033 1527 prmda
3077 1454 3384 1514 fortioribus
3402 1456 3625 1513 fuerunt?
3644 1457 3786 1524 Quanto

2303 1547 2497 1603 melius
2526 1548 2758 1604 laterent
2776 1590 2791 1615 ,
2814 1558 3020 1620 quanto
3048 1549 3242 1605 melius
3264 1548 3581 1606 nescirentur
3603 1590 3616 1616 ,
3633 1549 3699 1620 qni
3716 1563 3787 1605 cas

2304 1649 2501 1711 perunt
2517 1640 2686 1713 qumri
2711 1682 2727 1709 ,
2755 1657 2861 1697 non
2885 1653 3105 1713 propter
3133 1641 3276 1713 quod
3323 1651 3500 1710 erant,
3526 1641 3609 1697 sed
3640 1651 3788 1712 propter

2303 1733 2449 1805 quod
2493 1732 2798 1791 habebant!
2830 1734 2887 1790 ln
2923 1734 3009 1790 bis
3040 1750 3170 1804 ergo
3206 1735 3606 1806 temporalibus,
3630 1733 3787 1800 fratres,

2303 1826 2654 1885 admonemus
2689 1842 2789 1883 vos
2824 1836 2881 1883 et
2916 1827 3265 1885 exhortamur
3309 1828 3364 1885 in
3406 1828 3640 1895 Domino,
3661 1838 3788 1883 utnon

2303 1919 2498 1991 petatis
2523 1919 2720 1992 aliquid
2748 1920 2904 1993 quasi
2928 1921 3090 1976 ﬁxum
3107 1962 3125 1990 ,
3154 1919 3252 1978 sed
3280 1919 3423 1993 quod
3456 1920 3595 1977 vobis
3616 1919 3721 1975 Dens
3733 1935 3789 1976 cx-

2302 2012 2489 2084 pedire
2512 2014 2633 2069 scit.
2679 2012 2818 2084 Quid
2859 2015 3004 2070 enim
3041 2014 3196 2071 vobis
3228 2013 3499 2085 expediat,
3525 2012 3707 2070 omnino
3733 2027 3788 2068 ac-

2302 2106 2473 2164 seitis.
2520 2107 2824 2180 Aliquando
2865 2107 3008 2181 quod
3041 2108 3242 2180 putatis
3285 2107 3563 2180 prodesse,
3588 2105 3789 2173 obest;et

2301 2198 2444 2271 quod
2476 2200 2674 2271 putatis
2717 2200 2910 2258 obesse
2928 2242 2944 2270 ,
2978 2199 3081 2257 hoc
3103 2199 3345 2273 prodest.
3372 2198 3519 2272 Egri
3543 2198 3661 2255 enim
3680 2196 3786 2261 estis,

2301 2295 2470 2352 nolite
2511 2294 2721 2351 medico
2760 2294 2968 2352 dictare
3000 2310 3121 2368 quae
3146 2294 3306 2352 vobis
3340 2294 3686 2351 medicamenta
3712 2289 3787 2346 velit
3856 2289 3879 2368 ι

2301 2400 2597 2457 apponere.
2623 2385 2679 2443 Si
2705 2383 2897 2442 doctor
2926 2366 3168 2458 gentium
3190 2384 3391 2443 Paulus
3416 2384 3661 2457 apostolus
3681 2381 3784 2443 dicit.

2302 2478 2443 2545 Quid
2474 2480 2606 2534 enim
2644 2494 2845 2534 oremus
2864 2477 2996 2534 sicut
3027 2486 3224 2551 oportet
3245 2519 3265 2547 ,
3295 2477 3537 2534 nescimus
3561 2475 3702 2549 (Rom.
3720 2486 3787 2538 nn.
3854 2475 3879 2555 li

2298 2570 2429 2643 26);
2462 2580 2664 2643 quanto
2691 2570 2864 2643 magis
2902 2569 3163 2640 ιιοεῖρυὶ
3193 2578 3373 2628 tamen
3412 2586 3526 2626 cum
3554 2566 3788 2624 sibividero-
3854 2566 3879 2643 ι

2301 2672 2389 2718 tur
2415 2664 2529 2735 ipse
2551 2662 2842 2735 prudenter
2855 2678 3034 2731 orare,
3058 2671 3118 2720 ut
3142 2662 3214 2719 ab
3238 2678 3307 2722 eo
3332 2662 3613 2719 auferretur
3624 2657 3788 2717 stimulus
3854 2657 3879 2735 ιἸ

2299 2755 2499 2822 carnis,
2530 2754 2756 2827 angelus
2792 2762 2995 2811 satanas
3034 2755 3124 2826 qui
3155 2770 3282 2811 eum
3310 2753 3677 2826 eolaphizabat,
3699 2748 3786 2804 uein

2300 2847 2665 2919 magnitudine
2689 2847 3078 2904 revelationum
3103 2849 3457 2906 extolleretur
3475 2889 3491 2916 ,
3520 2844 3629 2918 quid
3660 2840 3786 2898 audivit

2298 2954 2329 2995 a
2352 2940 2577 2995 Domino
2592 2940 2618 2993 7
2638 2939 2904 3011 Numquid
2932 2939 3131 2996 factum
3153 2949 3241 2997 est
3264 2940 3409 3014 quod
3435 2939 3654 2997 volebat?
3669 2934 3783 2997 Non‘;

2297 3038 2359 3084 ut
2383 3029 2535 3086 fieret
2575 3030 2718 3102 quod
2753 3030 3093 3102 expediebat.
3126 3031 3269 3100 Quid
3307 3046 3436 3103 ergo
3476 3028 3653 3086 audivit
3680 3023 3784 3081 allo-

2298 3120 2480 3177 mino?
2505 3120 2627 3189 Ter,
2660 3122 2851 3194 inquit,
2883 3124 3058 3194 rogavi
3086 3112 3370 3178 Dominum
3394 3163 3412 3193 ,
3437 3132 3491 3179 ut
3514 3124 3785 3195 auferretm
3840 3112 3880 3195 I,

2296 3232 2330 3269 a
2348 3230 2468 3282 me;
2493 3226 2538 3270 ct
2564 3213 2694 3270 dixit
2723 3192 2849 3271 milii
2870 3255 2886 3281 ,
2916 3192 3116 3286 Sufﬁcit
3143 3215 3232 3271 tibi
3257 3217 3425 3288 gratia
3458 3192 3606 3271 πιθα-ε
3626 3208 3787 3268 namsir-

2297 3317 2379 3362 tus
2421 3308 2477 3362 in
2517 3306 2814 3376 inﬁrmitate
2858 3299 3122 3378 perﬁcitur
3171 3307 3236 3380 (Il
3268 3309 3392 3366 Cor.
3443 3325 3546 3375 xu,
3576 3303 3693 3378 7-9).
3719 3301 3787 3372 Ego

2296 3400 2748 3457 medicamentum
2791 3399 2860 3457 ad
2885 3401 3083 3458 vulnus
3127 3403 3289 3474 posui
3319 3422 3335 3460 :
3371 3403 3575 3474 quando
3599 3395 3783 3472 posuerim
3836 3395 3879 3484 ι1

2294 3495 2441 3560 novi,
2472 3495 2686 3567 quando
2708 3494 3057 3553 auferendum
3079 3496 3151 3553 sit
3171 3496 3324 3553 novi.
3347 3496 3460 3554 Non
3486 3494 3780 3561 recedatur»

2295 3598 2383 3646 tus
2408 3608 2436 3644 a
2468 3589 2713 3646 manibus
2741 3590 2955 3656 medici,
2984 3605 3091 3645 non
3122 3590 3212 3647 det
3236 3590 3519 3648 consilium
3537 3580 3777 3645 medical“
3846 3580 3880 3656 Ι.

2294 3694 2418 3741 sunt
2451 3685 2550 3740 ista
2591 3684 2771 3740 omnia
2810 3685 3141 3756 temporalia.
3199 3684 3590 3743 Tribulationes
3621 3673 3781 3741 ειιιιιςεὶ

2294 3777 2432 3833 bene
2476 3777 2611 3834 colis
2644 3776 2811 3832 Deum
2833 3818 2848 3841 ,
2881 3778 3096 3834 noveris
3129 3778 3251 3849 quia
3317 3779 3464 3835 novit
3511 3774 3624 3850 quid
3661 3770 3783 3839 cuique
3844 3770 3879 3850 Ιέ

2292 3868 2544 3941 expediat
2583 3887 2599 3926 :
2641 3869 3025 3941 prosperitates
3064 3879 3231 3937 sunt;
3264 3872 3436 3943 magis
3480 3884 3600 3928 cave
3635 3880 3689 3922 ne
3708 3863 3784 3932 ip:

2293 3974 2639 4036 corrumpant
2687 3966 2924 4021 animum
2974 3973 3156 4032 tuum,
3183 3974 3243 4022 ut
3287 3967 3358 4025 ab
3384 3965 3559 4039 coqui
3603 3962 3693 4019 lucc
3727 3953 3784 4009 de-

2291 4059 2372 4115 dit
2415 4058 2651 4116 recedat.
2709 4058 2848 4130 Ergo
2887 4057 2989 4115 iste
3040 4058 3352 4132 intelligens
3409 4058 3532 4131 quid
3550 4056 3640 4112 ait?
3672 4050 3783 4107 Dm.

2292 4152 2477 4208 exaudi
2520 4151 2802 4208 orationem
2841 4166 3046 4219 meum;
3089 4153 3304 4210 auribus
3349 4152 3541 4225 percipe
3578 4144 3695 4205 verba
3722 4135 3784 4195 πίε

2291 4261 2408 4301 ηιει.

2364 4338 2418 4395 6.
2476 4337 2627 4411 lem.
2656 4338 2735 4411 5.]
2770 4338 3025 4408 Quoniam
3047 4338 3205 4395 alieni
3215 4338 3585 4397 insurrexerunt
3603 4331 3779 4390 udum

2293 4448 2391 4487 me.
2421 4430 2522 4499 Qui
2561 4430 2978 4489 alieni?l\'onne
3029 4432 3146 4504 ipse
3192 4432 3366 4491 David
3401 4432 3599 4491 indutus
3634 4432 3722 4485 erat
3744 4414 3781 4471 δι

2291 4526 2435 4582 tribu
2463 4524 2640 4581 .luda?
2671 4524 2789 4595 ipse
2830 4535 3008 4583 autem
3050 4524 3199 4582 locus
3231 4524 3374 4597 Ziph
3414 4524 3479 4581 ad
3518 4522 3682 4579 tribum
3700 4506 3782 4568 Ml

2290 4620 2620 4693 pertinebat,
2654 4619 2963 4678 Judmorum
3002 4628 3140 4677 erat.
3190 4620 3474 4690 Quomodo
3506 4630 3620 4689 ergo
3653 4597 3783 4666 alieni?

2290 4711 2410 4769 Non
2452 4712 2670 4770 civitate
2693 4754 2710 4781 ,
2743 4728 2849 4769 non
2875 4713 3017 4770 tribu
3037 4753 3055 4780 ,
3081 4728 3189 4769 non
3227 4713 3568 4783 cognatione,
3593 4700 3781 4783 sodli“?

2289 4803 2423 4860 Nam
2450 4804 2531 4860 vis
2564 4819 2725 4861 nosse
2749 4804 2956 4860 alienos
2979 4803 3153 4861 istos?
3175 4803 3237 4861 ln
3261 4781 3371 4862 alio
3386 4803 3579 4877 psalmo
3595 4781 3782 4854 liliialitni

2290 4900 2416 4959 dicti
2446 4908 2593 4968 sunt,
2621 4916 2837 4971 quorum
2855 4916 2913 4954 os
2936 4899 3157 4955 locutum
3190 4910 3263 4957 est
3288 4901 3571 4962 vanitatem,
3597 4888 3783 4948 adulat

2289 5009 2466 5050 eorum
2504 4993 2711 5048 dextera
2757 4990 3059 5064 iniquitatis.
3097 4991 3168 5048 Et
3208 4998 3489 5049 enumerat
3537 4987 3689 5043 ﬂorem

2288 5085 2565 5158 plin-orum
2590 5101 2607 5140 :
2633 5062 2862 5152 Quorum
2882 5085 2977 5153 filii
2997 5099 3173 5140 eorum
3195 5085 3330 5141 velut
3349 5083 3551 5140 novellis
3575 5062 3785 5133 ωπειάῖίν

2292 5189 2357 5235 ηε
2379 5179 2431 5234 in
2447 5179 2708 5251 juventute
2732 5193 2827 5232 sua
2849 5193 2869 5233 :
2887 5176 3013 5247 ﬁliae
3044 5194 3216 5233 eorum
3260 5177 3542 5250 compositu:
3569 5181 3607 5227 et
3626 5168 3778 5223 οηισισι

2289 5274 2419 5329 sicut
2444 5271 2726 5327 similitudo
2756 5271 2967 5342 templi;
2992 5271 3203 5327 cellaria
3227 5287 3398 5327 eorum
3418 5269 3558 5343 plena
3576 5305 3589 5328 ,
3613 5262 3782 5317 καθ’

2292 5367 2364 5421 tia
2386 5381 2453 5421 ex
2475 5364 2573 5421 Irae
2590 5364 2644 5419 in
2673 5364 2768 5420 hoc
2794 5380 2815 5420 :
2839 5378 2954 5420 oves
2994 5379 3169 5420 eorum
3187 5362 3417 5438 fecundat
3434 5405 3452 5431 ,
3477 5352 3781 5438 multiplicauit:

2288 5460 2345 5514 in
2384 5459 2599 5515 exitibus
2638 5458 2781 5525 suis;
2817 5457 2965 5513 boves
2994 5473 3169 5515 eorum
3190 5437 3365 5514 crassi
3404 5473 3425 5514 :
3463 5469 3557 5511 non
3588 5454 3649 5506 est
3684 5437 3782 5525 “illi
3820 5474 3823 5479 ι

2291 5553 2446 5624 scpis,
2476 5569 2568 5607 nec
2605 5551 2801 5619 exitus,
2826 5567 2984 5622 neque
3010 5550 3205 5607 clamor
3233 5553 3287 5608 in
3327 5549 3502 5623 plateis
3535 5553 3691 5601 eorum.
3711 5519 3780 5584 δαί

2294 5646 2417 5700 vide
2441 5645 2713 5716 Zipbzeos,
2741 5644 2863 5701 vide
2884 5644 2953 5700 ad
2975 5654 3185 5717 tempus
3211 5639 3673 5703 ﬂorentes.Beatruu
3687 5624 3793 5717 dif

2290 5749 2412 5795 runt
2458 5709 2707 5811 populum
2743 5739 2828 5794 cui
2870 5739 2978 5794 lucc
3023 5709 3161 5796 sunt.
3205 5738 3390 5796 Merito
3429 5732 3517 5792 lilii
3554 5722 3698 5786 alieni.

2292 5830 2421 5902 quid
2444 5871 2460 5899 ,
2504 5830 2672 5885 latens
2712 5829 2852 5885 inter
2892 5828 3187 5902 Ziplueos?
3228 5828 3411 5886 Beatus
3454 5819 3644 5898 populus
3682 5813 3779 5873 ⁸³1⁸³

2358 6018 2372 6049 ι
2399 6016 2563 6079 Abest,
2588 6023 2707 6077 Non,
2730 6026 2760 6066 a
2776 6018 2885 6066 Mss.

2603 6196 2657 6214 δι’
2689 6196 2723 6217 φὶ

3874 2797 3880 2833 Ἰ

3874 2984 3880 3019 1

3875 3057 3880 3099 l

3872 3168 3880 3187 ﬂ

3874 3447 3880 3484 1

3877 3804 3880 3852 ἔ

3877 3909 3880 3941 ι

3877 4002 3880 4032 1

3877 4096 3880 4125 ι

3877 4280 3879 4309 ι

3877 4352 3879 4399 Ι
