3942 6426
145 443 265 511 αδ

175 578 407 641 Dontinus
441 577 586 636 Deus
606 573 771 648 ipsius
791 568 967 646 (Psal.
993 580 1179 634 exuit,
1201 562 1381 635 7-15).
1409 561 1492 618 Es
1526 559 1631 616 hoc
1659 555 1742 612 af-

161 679 296 740 fectu
321 675 440 732 haec
461 671 634 730 oratio
661 667 891 726 mittitur
910 664 976 720 ad
997 674 1157 717 aures
1185 656 1421 722 Domini,
1447 668 1571 710 cum
1600 651 1736 707 diei-

169 783 282 832 tur:
306 769 520 826 Auribus
565 763 770 838 percipe
813 757 962 815 verba
995 757 1097 812 oris
1122 753 1262 820 mei;
1300 750 1541 824 quoniam
1583 746 1739 802 alieni

153 867 532 925 insurrexerunt
557 856 824 912 aduersum
844 867 943 907 me.

239 961 287 1016 7.
317 957 384 1013 Et
427 963 654 1027 potentes
706 949 1013 1022 quesierunt
1076 943 1299 998 animam
1349 955 1529 994 meum.
1587 935 1739 993 Novo

156 1055 297 1114 enim
322 1047 501 1116 modo,
524 1046 716 1101 fratres
759 1040 905 1106 mei,
936 1037 1119 1093 volunt
1146 1032 1370 1102 perdere
1409 1043 1580 1101 genus
1607 1043 1735 1082 san-

151 1158 356 1208 ctorum
381 1152 436 1199 et
460 1140 530 1196 ab
563 1137 726 1208 hujus
764 1131 947 1190 saeculi
991 1144 1088 1202 spe
1122 1126 1500 1183 abstinentiam
1544 1137 1736 1178 omnes

154 1240 245 1314 qui
271 1250 414 1309 spem
443 1231 642 1288 habent
669 1229 722 1284 in
751 1227 855 1281 isto
878 1221 1098 1280 saeculo.
1128 1219 1290 1276 Certe
1318 1215 1557 1272 concreti
1581 1221 1729 1314 sunt,

152 1307 312 1392 certe
323 1325 476 1384 simul
495 1324 702 1379 vivunt.
729 1317 1090 1376 Vehementer
1112 1312 1213 1368 sibi
1234 1311 1458 1367 adversa
1481 1315 1608 1365 sunt
1632 1307 1733 1362 ista

153 1426 260 1482 duo
284 1432 478 1494 genera
502 1435 516 1472 :
539 1429 705 1471 unum
736 1425 921 1468 eorum
949 1407 1039 1479 qui
1064 1421 1171 1462 non
1203 1411 1405 1475 ponunt
1429 1416 1582 1473 spem
1628 1399 1736 1494 nisi

153 1519 212 1575 in
234 1491 389 1572 rebus
412 1506 762 1566 srecularibus
798 1511 855 1558 et
878 1497 1156 1570 temporali
1192 1495 1482 1560 felicitate,
1514 1501 1568 1548 et
1595 1491 1734 1546 alte-

149 1627 267 1670 rum
295 1618 481 1664 eorum
509 1599 602 1674 qui
643 1612 792 1669 spem
831 1607 980 1651 suam
1019 1592 1073 1646 in
1114 1589 1342 1646 Domino
1376 1588 1485 1642 Deo
1506 1600 1604 1640 suo
1637 1584 1732 1638 lir-

145 1701 305 1762 sniter
351 1703 576 1770 ponunt.
617 1692 684 1749 Et
720 1705 844 1747 cum
885 1685 1183 1744 concordes
1211 1692 1337 1739 sunt
1366 1681 1455 1736 isti
1488 1678 1688 1749 Zipluei
1713 1719 1731 1745 ,

145 1794 254 1853 noli
282 1791 509 1848 multum
552 1783 774 1844 credere
810 1777 1111 1838 concordia:
1151 1790 1372 1840 eorum;
1401 1773 1732 1830 tentationes

146 1885 378 1944 desunt:
411 1880 501 1936 ubi
525 1876 733 1934 venerit
773 1874 950 1944 aliqua
978 1870 1200 1926 tentatio
1220 1909 1234 1934 ,
1268 1875 1330 1922 ut
1351 1874 1605 1937 arguatur
1633 1864 1732 1918 ali-

150 1979 266 2052 quis
291 1989 388 2047 pro
416 1973 552 2028 ﬂore
595 1967 777 2025 saaculi
803 2007 819 2033 ,
846 1980 952 2020 non
982 1963 1074 2018 tibi
1100 1961 1224 2016 dico
1261 1957 1496 2014 offendet
1517 1957 1731 2052 episco-

148 2051 214 2146 po
235 2073 276 2138 ⁸,
308 2067 403 2126 sed
436 2079 538 2122 nec
562 2063 628 2120 ad
659 2065 829 2134 ipsam
866 2056 1158 2115 Ecclesiam
1197 2052 1457 2110 accedere
1485 2051 1599 2106 vult
1619 2091 1634 2116 ,
1665 2064 1734 2105 ne

147 2142 299 2223 cadat
315 2158 514 2232 aliquid
535 2155 663 2213 feni.
683 2154 858 2223 Quare
881 2151 982 2207 ista
998 2148 1129 2217 dixi,
1163 2146 1392 2203 fratres?
1413 2144 1548 2215 Quia
1570 2142 1732 2200 modo

147 2257 370 2315 libenter
394 2249 591 2308 auditis
630 2261 818 2304 omnes
842 2247 896 2300 in
931 2242 1147 2300 nomine
1188 2239 1423 2308 Christi,
1447 2248 1502 2295 et
1543 2253 1732 2309 quem-

145 2345 425 2405 admodum
448 2339 768 2410 intelligitis,
798 2337 870 2394 ita
895 2334 1206 2393 exclamatis
1224 2331 1293 2388 ad
1321 2331 1542 2388 verbum
1567 2346 1582 2394 ;
1617 2345 1723 2384 non

145 2440 324 2512 utique
371 2431 772 2498 acclamaretis,
822 2428 922 2484 nisi
968 2426 1351 2496 intelligeretis.
1421 2421 1730 2478 Intellectus

143 2533 242 2591 iste
268 2538 444 2587 vester
463 2527 768 2583 fructuosus
795 2535 917 2577 esse
956 2519 1134 2576 debet.
1169 2517 1360 2574 Utrum
1395 2525 1575 2572 autem
1618 2513 1728 2570 fru-

144 2637 362 2685 ctuosus
389 2623 478 2689 sit,
510 2617 734 2676 tentatio
778 2615 1112 2685 interrogat;
1139 2625 1208 2666 ne
1241 2609 1416 2666 subito
1443 2624 1564 2663 cum
1594 2607 1730 2663 dici-

141 2718 274 2776 mini
311 2713 519 2778 nostri,
550 2725 647 2782 per
687 2707 1040 2764 tentationem
1084 2701 1428 2758 inveniamini
1453 2701 1647 2767 alieni,
1675 2709 1731 2756 et

141 2813 370 2877 dicatur,
401 2807 567 2863 Alieni
592 2804 975 2859 insurrexerunt
993 2797 1260 2852 adversum
1287 2812 1366 2849 me
1388 2835 1403 2860 ,
1430 2804 1479 2850 et
1501 2803 1728 2865 potentes

141 2904 446 2978 quaesierunt
491 2899 716 2953 animam
736 2907 934 2957 meam;
954 2906 1024 2947 ne
1050 2889 1258 2945 dicatur
1273 2887 1416 2958 quod
1455 2886 1694 2956 sequitur
1710 2927 1726 2952 ,

144 2977 270 3053 Non
287 2997 651 3068 proposuerunt
667 2985 832 3042 Deum
852 2993 969 3038 ante
987 2989 1307 3052 conspectum
1319 2995 1486 3034 suum.
1505 2977 1730 3047 Quando

140 3091 289 3147 enim
319 3095 477 3158 ponet
493 3093 618 3140 ante
635 3087 981 3151 conspectum
1003 3092 1156 3132 suum
1191 3076 1357 3130 Deum
1379 3113 1393 3139 ,
1426 3081 1552 3128 ante
1573 3072 1726 3143 cujus

140 3191 488 3254 conspecmm
509 3192 615 3234 non
639 3183 724 3232 est
748 3174 849 3230 nisi
872 3170 1170 3228 saeculum?
1196 3168 1460 3242 quomodo
1480 3168 1550 3224 sit
1573 3184 1731 3224 num-

139 3291 270 3333 mus
314 3289 470 3346 super
516 3283 792 3327 nummum
815 3308 831 3336 ,
860 3263 1132 3338 quomodo
1171 3272 1465 3334 augeantur
1497 3276 1688 3333 greges
1709 3303 1726 3328 ,

143 3367 411 3442 quomodo
455 3363 778 3437 impleantur
819 3359 1134 3430 apothecae,
1187 3353 1458 3426 quomodo
1519 3353 1730 3410 dicatur

143 3461 338 3516 anima:
365 3476 378 3515 :
404 3457 582 3514 Habes
619 3452 787 3509 multa
816 3450 989 3516 bona;
1016 3446 1311 3519 jucundare
1333 3487 1350 3514 ,
1373 3446 1609 3518 epulare,
1643 3461 1731 3501 sa-

146 3553 298 3611 tiare.
344 3549 606 3622 Numquid
653 3547 804 3619 ponit
845 3555 971 3600 ante
997 3551 1343 3611 conspectum
1390 3555 1543 3594 suum
1575 3540 1726 3595 illum

153 3646 236 3716 qui
264 3645 342 3701 sic
361 3640 611 3716 glorianti
637 3647 692 3695 et
722 3640 792 3692 ita
824 3636 955 3691 ﬂore
976 3632 1316 3704 Zipltreorum
1339 3631 1528 3686 nitenti
1551 3631 1679 3685 dicit
1709 3647 1724 3684 :

151 3738 346 3804 Stulte,
394 3737 498 3792 hoc
523 3743 604 3790 est
650 3747 756 3787 non
794 3729 1097 3798 intelligens
1118 3768 1132 3786 .
1163 3726 1246 3782 vir
1269 3725 1600 3795 imprudens,
1632 3724 1728 3778 hac

151 3843 288 3886 nocte
310 3833 567 3902 auferetur
604 3826 774 3880 anima
816 3833 939 3886 tua;
971 3821 1076 3875 luet:
1105 3819 1276 3874 omnia
1313 3834 1425 3888 qua:
1463 3834 1728 3890 prtepara-

153 3923 212 3977 sti
237 3924 379 3995 cujus
408 3929 550 3977 erunt
575 3916 724 3992 (Luc.
753 3931 848 3982 xu,
873 3913 1000 3987 20)?
1027 3910 1148 3967 Non
1171 3919 1536 3983 proposuerunt
1564 3909 1730 3965 Deum

155 4027 262 4071 ante
282 4025 604 4083 εοηδρεοιωη
631 4027 802 4066 suum.

219 4107 268 4163 8.
297 4105 447 4180 [rers.
475 4102 554 4178 6.]
582 4103 709 4157 Ecce
732 4101 864 4157 enim
885 4099 1022 4156 Deus
1039 4100 1248 4170 adjuvat
1267 4115 1364 4154 me.
1398 4097 1466 4153 Et
1495 4099 1592 4168 ipsi
1631 4115 1727 4156 ne-

159 4200 317 4254 sciunt
364 4199 502 4254 inter
545 4212 680 4267 quos
725 4196 881 4250 lateo.
932 4193 987 4249 Si
1031 4201 1208 4248 autem
1249 4201 1303 4248 et
1331 4191 1428 4263 ipsi
1468 4202 1730 4262 ponerent

161 4289 312 4346 Deum
356 4300 480 4346 ante
521 4297 867 4357 Conspectum
907 4300 1102 4351 suum,
1131 4284 1430 4340 invenirent
1471 4284 1729 4356 quemad-

159 4385 361 4439 modum
401 4397 489 4440 me
525 4382 737 4452 adjuvat
770 4381 926 4436 Deus.
971 4378 1172 4434 Omnes
1208 4378 1350 4433 enim
1375 4378 1542 4433 sancti
1572 4377 1727 4448 adju-

162 4486 339 4531 vantur
364 4491 392 4530 a
421 4475 563 4540 Deo,
594 4473 686 4528 sed
733 4473 876 4528 intus
916 4470 1004 4526 ubi
1049 4485 1207 4526 nemo
1251 4470 1415 4526 videt.
1451 4469 1732 4538 Quomodo

168 4568 290 4621 enim
315 4582 498 4637 magna
526 4573 610 4622 est
639 4579 794 4634 ptena
824 4562 1102 4632 impiorum
1129 4563 1478 4629 conscientia,
1506 4563 1584 4619 sic
1613 4579 1728 4618 ma-

171 4670 308 4725 gnum
332 4657 579 4729 gaudium
610 4657 817 4728 piorum
858 4655 970 4725 ipsa
999 4654 1348 4709 conscientia.
1385 4654 1522 4710 Nam
1566 4656 1732 4729 gloria

177 4760 319 4804 nostra
347 4752 452 4805 lucc
473 4759 566 4814 est,
593 4750 667 4803 ait
697 4745 984 4817 Apostolus
1001 4788 1015 4811 ,
1046 4746 1382 4801 testimmtium
1415 4749 1733 4803 conscientia:

179 4855 334 4898 nostris
362 4844 426 4912 (ll
452 4843 582 4900 Cor-
604 4860 641 4908 ι,
677 4840 787 4911 12).
815 4841 867 4896 In
898 4840 996 4895 hac
1024 4840 1397 4910 gloriaturiste
1431 4841 1593 4908 intus,
1625 4857 1734 4897 non

179 4933 219 4989 in
245 4936 362 4991 ﬂore
389 4936 728 5006 Ziphmorum
774 4935 902 4990 foris
923 4977 938 5001 ,
963 4936 1054 5006 qui
1091 4934 1250 4989 modo
1285 4936 1362 4990 ait
1388 4952 1401 4988 :
1442 4934 1568 4990 Ecce
1599 4936 1732 4990 enim

177 5024 291 5082 Deus
309 5030 516 5098 adjuvat
554 5045 650 5082 me.
694 5027 920 5082 Prorsus
963 5027 1205 5098 quamvis
1246 5026 1402 5098 longe
1431 5026 1601 5082 futura
1627 5028 1734 5084 sint

173 5135 270 5190 qua
300 5120 573 5190 promittit,
599 5118 754 5172 hodie
784 5119 912 5174 mihi
940 5118 1095 5174 dulce
1119 5129 1173 5174 et
1207 5133 1444 5187 praesens
1471 5128 1556 5175 est
1575 5119 1732 5190 adju-

174 5215 341 5268 torium
367 5256 382 5279 ,
417 5213 573 5267 hodie
595 5213 645 5266 in
669 5210 846 5266 cordis
871 5212 973 5266 mei
995 5211 1186 5282 gaudio
1217 5211 1430 5266 invenio
1466 5213 1588 5282 quia
1616 5212 1734 5266 sine

171 5325 305 5363 causa
343 5309 525 5363 dicunt
564 5307 820 5378 quidam:
858 5305 983 5374 Quis
1009 5308 1227 5362 ostendit
1266 5307 1406 5361 nobis
1450 5307 1617 5362 bona?
1647 5305 1733 5362 Si-

159 5413 354 5476 gnntmn
379 5411 450 5455 est
492 5401 634 5454 enim
661 5415 813 5470 super
851 5415 940 5454 nos
971 5402 1138 5454 lumen
1169 5399 1336 5455 vultus
1361 5401 1451 5464 tui,
1479 5399 1731 5467 Domine;

155 5495 330 5552 dedisti
335 5495 709 5565 jucunditatem
724 5494 776 5548 in
794 5510 882 5547 cor
906 5510 1071 5548 meum
1098 5493 1271 5565 (Psal.
1302 5509 1372 5561 tv,
1403 5495 1456 5558 ϐ,
1485 5494 1543 5566 7)
1576 5513 1588 5548 :
1620 5509 1727 5549 non

154 5593 206 5646 in
240 5588 438 5641 vineam
468 5601 664 5649 meam,
695 5601 798 5640 nou
829 5584 881 5640 in
911 5601 1127 5658 gregem
1158 5601 1356 5649 meum,
1384 5601 1488 5642 non
1519 5587 1571 5641 in
1597 5601 1728 5656 cup-

156 5695 273 5753 pam
299 5692 494 5746 meam,
519 5692 622 5731 non
653 5677 703 5731 in
734 5692 972 5733 mensam
1000 5692 1194 5743 meam,
1222 5678 1318 5734 sed
1357 5679 1409 5734 in
1437 5695 1524 5733 cor
1542 5693 1729 5732 meum.

167 5771 286 5827 Ecce
323 5771 454 5825 enim
498 5771 632 5826 Deus
666 5772 874 5840 adjuvat
913 5787 1009 5826 me.
1051 5771 1331 5839 Quomodo
1373 5782 1426 5829 te
1476 5771 1730 5844 adjuvat?

179 5861 232 5920 Et
257 5863 499 5919 Dominus
524 5875 779 5935 susceptor
798 5873 872 5920 est
901 5864 1084 5920 anima:
1113 5880 1256 5922 mete.

221 5979 242 6018 ⁸
269 5985 346 6032 Ir.
369 5986 425 6032 et
441 5977 624 6045 aliquot
645 5987 774 6042 uss,
796 5979 1086 6044 episcopum.

62 6327 248 6426 σονᾷ

62 6414 164 6426 ﬂ

39 6414 164 6426 ﬂ

1252 437 1656 498 ENARRATIO
1693 438 1762 498 IN
1800 439 2131 507 PSALMUM
2167 450 2303 509 LIII.

3333 469 3440 531 626

1924 563 1979 620 9.
2013 564 2162 638 [vers.
2189 567 2269 642 7.]
2299 570 2476 627 Averte
2499 574 2635 630 mala
2654 576 2871 634 inimicis
2896 595 3037 638 mets.
3065 581 3155 640 Sic
3169 590 3443 658 quomodo

1850 657 2062 724 virent,
2094 663 2172 716 sic
2213 665 2482 731 quomodo
2506 666 2728 735 ﬂorent,
2765 671 2870 742 igni
2907 685 3210 732 servantur.
3240 678 3308 734 In
3337 682 3441 736 uir-

1848 758 1955 805 tute
1974 761 2060 806 tua
2085 754 2320 823 disperde
2361 757 2496 813 illos.
2532 759 2659 816 Puta
2704 764 2824 832 quia
2867 763 3058 823 ﬂorent
3093 770 3276 835 modo,
3310 782 3436 841 puta

1847 846 1970 935 quia
1998 848 2311 904 exoriuntur
2337 851 2474 906 sicut
2505 851 2684 910 fenum
2718 872 2730 908 :
2762 866 2816 910 tu
2845 859 2950 914 noli
2981 876 3103 917 esse
3132 863 3439 935 virimpru-

1846 934 1981 992 dens
2000 947 2056 993 et
2082 940 2293 1005 stultus,
2324 953 2382 998 ut
2408 944 2522 999 inec
2553 949 2876 1004 attendeudo
2904 951 3135 1010 intereas
3179 955 3231 1011 in
3260 934 3435 1014 smon-

1846 1029 1961 1085 lum
1987 1033 2164 1087 saaculi
2187 1033 2359 1103 (Psal.
2386 1053 2492 1099 χω.
2517 1040 2568 1102 7,
2599 1041 2674 1111 8).
2705 1043 2887 1098 Aret-le
2907 1047 3050 1100 enim
3091 1048 3226 1104 mala
3254 1051 3433 1107 inimi-

1849 1123 1921 1177 cis
1949 1124 2092 1179 meis.
2124 1124 2255 1180 Nam
2286 1128 2331 1182 si
2360 1138 2415 1184 tu
2445 1129 2606 1187 fueris
2648 1134 2698 1186 in
2728 1149 2952 1204 corpore
2980 1138 3143 1208 ipsius
3169 1142 3354 1211 David,
3379 1145 3434 1200 in

1847 1216 2044 1273 virtute
2083 1234 2176 1273 sua
2207 1221 2477 1294 disperdet
2524 1226 2667 1281 illos.
2704 1227 2790 1282 Isti
2835 1229 3026 1286 florent
3053 1233 3304 1292 felicitate
3333 1255 3436 1294 sa:-

1847 1309 1980 1375 culi,
2011 1323 2233 1381 pereunt
2272 1314 2326 1370 in
2372 1317 2568 1373 virtute
2595 1319 2710 1374 Dei.
2747 1321 2861 1376 N0n
2896 1326 3164 1394 quomodo
3206 1327 3401 1386 ﬂorent

1846 1405 1926 1461 sic
1983 1417 2250 1475 pereunt:
2289 1409 2481 1467 ﬂorent
2513 1414 2653 1468 enim
2708 1416 2775 1471 ad
2831 1427 3060 1488 tempus,
3113 1434 3340 1491 pereunt
3378 1425 3434 1482 in

1845 1507 2104 1554 mtcrnum
2135 1519 2149 1566 ;
2182 1501 2374 1558 ﬂorent
2403 1505 2548 1560 falsis
2570 1507 2744 1573 bonis,
2772 1522 3000 1580 pereunt
3029 1515 3170 1570 veris
3202 1527 3431 1574 tormen-

1849 1592 1935 1646 tis.
1967 1590 2032 1646 In
2052 1594 2234 1649 virtute
2273 1604 2361 1650 tua
2398 1597 2637 1668 disperde
2670 1601 2785 1655 illos
2814 1617 2833 1655 :
2861 1618 2996 1674 quos
3038 1605 3090 1659 in
3122 1605 3434 1668 infirmitate

1845 1695 1934 1742 tua
1967 1687 2223 1742 tolerasti.

1917 1779 2003 1834 l0.
2081 1777 2231 1852 [rem
2283 1781 2370 1854 8.]
2449 1782 2744 1841 Voluntarie
2780 1789 3076 1856 sacri/icabo
3117 1792 3225 1846 tibi.
3293 1795 3426 1863 Quis

1844 1869 1949 1926 hoc
1996 1869 2194 1927 bonum
2261 1873 2442 1928 cordis
2487 1875 2571 1930 vel
2626 1877 2674 1932 in
2700 1878 2926 1949 elligere
2966 1891 3140 1951 potest
3183 1883 3290 1940 alio
3341 1886 3430 1942 di-

1842 1972 2037 2029 cenle,
2108 1965 2152 2019 si
2202 1979 2306 2020 non
2369 1966 2423 2020 iu
2483 1982 2544 2022 se
2614 1968 2729 2037 ipso
2800 1973 3062 2040 gustarit?
3128 1974 3266 2044 Quid
3313 1987 3425 2046 est,

1851 2051 2151 2110 Voluntarie
2193 2056 2490 2124 sacriﬁcabo
2557 2058 2682 2114 tibi?
2753 2061 2935 2116 Dicam
2976 2071 3182 2132 tamen;
3248 2066 3428 2138 capiat

1843 2147 1933 2217 qui
1979 2156 2191 2218 potest,
2234 2151 2503 2221 quomodo
2541 2161 2760 2220 potest:
2810 2153 2993 2210 credat
3040 2158 3130 2226 qui
3181 2174 3286 2213 non
3337 2175 3441 2230 pou

1842 2249 1968 2308 test,
2010 2249 2063 2295 et
2101 2250 2219 2296 oret
2269 2251 2326 2297 ut
2383 2244 2567 2312 possit.
2597 2244 2860 2316 Numquid
2899 2257 3076 2303 tamen
3119 2250 3282 2306 istum
3307 2268 3429 2309 ver-

1841 2350 1961 2390 sum
1991 2335 2061 2390 ita
2089 2335 2362 2405 przeterire
2387 2336 2666 2402 debemus,
2705 2348 2914 2396 ut~eum
2957 2343 3109 2398 vobis
3138 2361 3245 2401 non
3283 2362 3434 2403 com-

1841 2426 2195 2483 mendemus?
2235 2429 2364 2484 Dico
2400 2429 2654 2501 Char-itali
2693 2431 2916 2497 Vestrae,
2957 2434 3142 2490 invitat
3170 2452 3257 2493 me
3302 2440 3434 2497 satis

1841 2535 1994 2576 amor
2025 2521 2193 2590 ipsius
2220 2522 2418 2592 aliquid
2447 2522 2515 2577 de
2540 2523 2631 2578 illo
2666 2524 2844 2594 loqui;
2888 2533 2942 2580 et
2966 2528 3164 2596 gratias
3191 2544 3290 2599 ago
3317 2530 3434 2588 Deo

1841 2614 1983 2686 quod
2015 2616 2219 2672 intente
2246 2616 2462 2671 auditis.
2491 2615 2546 2672 Si
2575 2627 2751 2673 autem
2769 2633 2865 2674 vos
2895 2619 3223 2676 fastidientes
3245 2623 3436 2682 audire

1841 2708 2230 2776 conspicerem,
2262 2708 2457 2763 invitus
2481 2709 2550 2764 ab
2583 2710 2682 2764 hoc
2707 2725 2863 2765 versu
2891 2713 3139 2780 silerem;
3170 2723 3224 2770 et
3251 2724 3432 2774 tamen

1842 2797 1896 2852 in
1924 2799 2086 2854 corde
2125 2814 2264 2866 meo,
2294 2810 2549 2870 quantum
2593 2801 2845 2856 Dominus
2874 2801 3186 2874 dignaretur
3226 2821 3428 2864 conce-

1840 2889 1994 2954 dere,
2015 2904 2120 2946 non
2138 2890 2372 2947 silerem.
2396 2891 2588 2948 Veniat
2603 2909 2729 2964 ergo
2746 2894 2798 2948 in
2820 2895 3051 2965 linguam
3073 2897 3213 2966 quod
3265 2900 3432 2956 corde

1842 2989 2161 3054 conceptum
2187 2993 2308 3051 est;
2335 2995 2609 3055 promatur
2627 3001 2759 3042 voce
2782 2987 2924 3056 quod
2946 2999 3125 3045 mente
3152 2999 3428 3050 servatur:

1841 3074 2085 3130 dicamus
2111 3083 2171 3131 ut
2196 3091 2500 3146 possumus,
2527 3077 2653 3147 quid
2681 3080 2770 3145 sit,
2812 3078 3108 3135 Voluntarie
3130 3083 3432 3152 sacriﬁcabo

1842 3166 1950 3221 tibi.
1983 3165 2135 3235 Quod
2161 3168 2302 3222 enim
2327 3166 2644 3223 sacrificium
2677 3168 2765 3224 hic
2783 3171 3061 3240 accipiam,
3087 3171 3314 3230 fratres?
3337 3184 3433 3231 aut

1841 3259 1967 3330 quid
1995 3260 2154 3332 digne
2196 3260 2417 3316 offeram
2463 3261 2692 3317 Domino
2730 3279 2827 3332 pro
2873 3263 3238 3320 misericordia
3277 3266 3434 3336 ejus?

1842 3353 2099 3410 Victimas
2135 3370 2374 3426 quaeram
2403 3354 2471 3411 de
2509 3371 2670 3426 grege
2697 3357 2895 3423 ovium,
2942 3358 3162 3414 arietem
3213 3359 3430 3431 eligam,

1841 3455 2054 3503 taurum
2081 3447 2310 3518 aliquem
2349 3448 2404 3502 in
2448 3449 2704 3502 armentis
2729 3449 3068 3517 proSpiciam,
3102 3449 3255 3506 thura
3283 3461 3433 3509 certe

1844 3539 1912 3594 de
1945 3551 2084 3594 terra
2126 3539 2435 3594 Sabzcorum
2467 3539 2724 3594 afferam?
2751 3541 2887 3607 Quid
2923 3539 3152 3596 faciam?
3188 3542 3324 3611 Quid
3350 3544 3432 3600 of-

1841 3631 2034 3696 feram,
2065 3632 2165 3688 nisi
2192 3632 2333 3703 quod
2377 3635 2472 3696 ait,
2521 3634 2846 3701 Sacriﬁcium
2878 3635 3045 3690 laudis
3076 3635 3431 3705 honori/icabit

1841 3742 1922 3780 me
1951 3724 2124 3795 (Psal.
2171 3740 2316 3789 xux,
2343 3724 2476 3793 25)?
2518 3725 2693 3792 Quare
2736 3742 2885 3793 ergo,
2931 3727 3254 3782 voluntarie?
3296 3729 3430 3796 Quia

1842 3817 2010 3890 gratis
2033 3832 2156 3871 amo
2185 3816 2324 3886 quod
2352 3815 2526 3870 laudo.
2551 3815 2732 3870 Laudo
2759 3817 2948 3881 Demn,
2977 3828 3028 3873 et
3057 3819 3108 3872 in
3141 3819 3252 3887 ipsa
3277 3819 3432 3876 laude

1842 3911 2053 3982 gaudeo
2090 3927 2103 3963 :
2134 3910 2299 3979 ipsius
2338 3908 2492 3963 laude
2521 3909 2746 3977 gaudeo,
2785 3924 2891 3980 quo
2922 3909 3131 3963 laudato
3161 3927 3265 3964 non
3309 3928 3432 3966 cru-

1841 4003 2024 4058 besco.
2056 4000 2173 4057 Non
2217 4001 2357 4055 enim
2385 3999 2827 4069 qucmadmodmn
2859 4000 3100 4054 laudatur
3125 4003 3192 4055 ab
3220 4002 3430 4056 studio-

1844 4095 1919 4150 sis
1939 4094 2314 4150 theatricarum
2343 4107 2599 4160 nugarum
2626 4091 2710 4146 vel
2739 4093 2940 4162 auriga,
2969 4091 3051 4146 vel
3077 4103 3319 4156 venator,
3343 4093 3428 4148 vel

1843 4186 2067 4258 quilibet
2096 4185 2305 4251 histrio,
2337 4196 2391 4240 et
2418 4199 2448 4238 a
2479 4184 2845 4238 laudatoribus
2871 4187 2983 4239 suis
3015 4185 3303 4239 invitantur
3337 4185 3430 4240 alii

1843 4281 2166 4347 laudatores,
2213 4279 2562 4335 exhortantur
2592 4287 2647 4332 ut
2677 4280 2873 4347 pariter
2908 4279 3178 4342 clament;
3217 4289 3271 4333 et
3306 4293 3429 4335 cum

1843 4392 2032 4435 omnes
2055 4377 2422 4444 clamaveriut,
2467 4377 2779 4449 plerumque
2805 4379 2894 4433 illo
2916 4380 3056 4433 vieto
3084 4393 3273 4433 omnes
3301 4393 3430 4446 eru-

1843 4471 2068 4528 bescunt
2094 4491 2108 4526 :
2139 4488 2244 4528 non
2287 4473 2358 4528 ita
2397 4479 2482 4528 est
2523 4472 2666 4528 Deus
2713 4481 2924 4538 noster;
2970 4473 3214 4527 laudetur
3242 4472 3432 4527 volun-

1845 4574 1976 4632 tate,
2003 4574 2213 4621 ametur
2254 4563 2549 4630 charitate;
2593 4567 2881 4636 gratuitum
2924 4565 2993 4619 sit
3019 4565 3157 4634 quod
3199 4572 3453 4632 amatur,

1843 4668 1898 4715 et
1921 4659 2061 4729 quod
2100 4657 2361 4712 laudatur.
2407 4656 2544 4724 Quid
2587 4666 2670 4712 est
2709 4657 3034 4727 gratuitum?
3067 4657 3182 4726 Ipse
3218 4667 3435 4727 propter

1843 4767 1924 4815 se,
1957 4769 2062 4808 non
2099 4761 2315 4821 propter
2341 4750 2502 4804 aliud.
2555 4749 2611 4804 Si
2653 4751 2795 4804 enim
2829 4750 3012 4804 laudas
3046 4752 3212 4803 Deum
3245 4759 3302 4803 ut
3341 4750 3434 4804 det

1847 4844 1939 4898 tibi
1971 4843 2170 4913 aliquid
2208 4841 2371 4907 aliud,
2400 4840 2511 4910 jam
2551 4854 2657 4895 non
2686 4839 2854 4910 gratis
2901 4853 3050 4893 amas
3079 4839 3266 4893 Deum.
3299 4839 3435 4894 Eru-

1846 4938 2094 4994 besceres
2137 4937 2180 4990 si
2211 4944 2262 4990 te
2301 4951 2435 4989 uxor
2467 4945 2554 4990 tua
2599 4941 2816 5003 propter
2849 4933 3063 4988 divitias
3109 4941 3346 4998 amaret;
3379 4941 3434 4987 et

1845 5029 1985 5088 forte
2013 5029 2059 5085 si
2091 5027 2182 5084 tibi
2209 5038 2495 5098 paupertas
2533 5026 2820 5092 accideret,
2849 5026 2916 5080 de
2939 5025 3204 5080 adulterio
3227 5023 3432 5094 cogita-

1845 5133 1945 5181 ret.
1993 5123 2126 5178 Cum
2170 5137 2297 5192 ergo
2328 5130 2378 5176 te
2420 5136 2451 5174 a
2499 5119 2724 5188 conjuge
2768 5118 3141 5189 gratisamari
3171 5117 3322 5179 velis,
3374 5121 3434 5180 tu.

1845 5216 2012 5272 Deum
2043 5225 2260 5286 pr0pter
2297 5212 2442 5268 aliud
2483 5211 2728 5266 amabis?
2770 5210 2922 5278 Quod
2955 5211 3230 5282 praemium
3274 5222 3432 5264 acce-

1847 5320 2031 5382 pturus
2058 5323 2118 5364 es
2156 5323 2186 5362 a
2218 5307 2350 5374 Deo,
2382 5320 2417 5361 o
2441 5306 2638 5360 avare?
2680 5304 2795 5359 Non
2822 5305 2916 5360 tibi
2948 5315 3164 5369 terram,
3197 5300 3293 5357 sed
3345 5315 3435 5357 se-

1846 5407 2018 5476 ipsum
2057 5411 2234 5459 servat
2274 5402 2362 5472 qui
2389 5400 2514 5456 fecit
2534 5400 2728 5456 ctelum
2772 5407 2826 5455 et
2862 5408 3080 5454 terram.
3131 5395 3431 5451 Voluntarie

1845 5497 2140 5569 sacriﬁcabo
2167 5496 2254 5551 tibi
2283 5511 2302 5550 :
2329 5495 2444 5550 noli
2480 5510 2549 5551 ex
2589 5494 2925 5550 necessitate.
2956 5492 3013 5547 Si
3039 5490 3181 5546 enim
3213 5495 3432 5559 propter

1845 5591 1987 5648 aliud
2008 5589 2193 5645 laudas
2226 5589 2411 5654 Deum,
2442 5603 2510 5643 ex
2542 5587 2864 5642 necessitate
2893 5582 3097 5638 laudas.
3129 5581 3184 5638 Si
3215 5581 3434 5636 adesset

1847 5684 1942 5741 tibi
1982 5681 2127 5756 quod
2156 5696 2324 5748 amas,
2357 5694 2464 5735 non
2490 5679 2736 5734 laudares
2783 5677 2969 5731 Deum.
3005 5673 3138 5730 Vide
3167 5673 3294 5746 quid
3344 5672 3428 5728 di-

1845 5794 1963 5836 cam
1995 5795 2008 5832 :
2038 5775 2224 5832 laudas
2251 5776 2437 5842 Deum,
2466 5772 2614 5828 verbi
2656 5771 2846 5844 gratia,
2875 5778 2934 5825 ut
2960 5769 3053 5826 tibi
3081 5769 3169 5825 det
3198 5768 3434 5841 amplam

1848 5870 2160 5946 pecuniam;
2191 5869 2236 5924 si
2259 5867 2483 5922 haberes
2503 5864 2716 5920 aliunde
2733 5861 2965 5932 amplam
2994 5863 3295 5935 pecuniam,
3326 5876 3434 5917 non

1853 5981 1887 6022 a
1911 5965 2044 6032 Deo,
2070 5959 2325 6032 numquid
2345 5955 2592 6018 laudares
2620 5955 2828 6015 Deum?
2854 5955 2908 6014 Si
2940 5970 3068 6029 ergo
3093 5964 3312 6030 propter
3342 5968 3434 6030 pe-

2027 6381 2111 6402 ‘.__'
2199 6381 2212 6388 ‘
2245 6385 2286 6399 χ
