3942 6412
240 593 458 651 ttionem
500 587 659 645 solvit
701 588 835 644 ﬁdes
874 587 1155 644 catholica.
1196 582 1477 656 Quomodo
1520 586 1815 647 Dominus?

243 688 361 757 Quia
389 687 439 741 in
481 684 730 757 principio
769 693 875 740 erat
920 681 1160 752 Verbum,
1206 691 1253 740 et
1290 676 1507 740 Verbum
1544 696 1651 741 erat
1679 688 1817 759 apud

249 781 417 845 Deum,
452 789 498 834 et
542 777 678 833 Deus
718 786 826 833 erat
868 775 1101 832 Verbum.
1148 776 1427 846 Quomodo
1471 779 1654 836 titius?
1684 780 1817 849 Quia

256 873 457 929 Verbum
483 885 603 925 caro
631 872 819 942 factum
855 878 944 934 est,
974 879 1022 924 et
1050 866 1292 924 habitavit
1320 866 1373 926 in
1403 872 1544 927 nobis
1570 869 1747 944 (Joan.
1775 889 1814 940 ι,

246 968 291 1029 t,
324 964 428 1037 lt).
471 962 603 1031 Quia
641 974 770 1034 ergo
797 958 959 1017 David
988 960 1040 1016 in
1066 965 1229 1035 ﬁgura
1261 961 1504 1021 Christus
1533 973 1634 1031 est,
1662 962 1816 1019 Chri-

243 1064 346 1113 stus
379 1065 578 1116 autem.
628 1062 690 1109 ut
722 1066 867 1125 smpe
909 1055 1446 1111 commemoravimus
1492 1051 1815 1112 Charitatem

246 1149 496 1212 Vestram,
530 1154 583 1202 et
621 1154 782 1218 caput
820 1156 875 1203 et
901 1158 1099 1219 corpus
1123 1156 1205 1203 est
1230 1165 1243 1203 :
1273 1162 1373 1204 nec
1401 1164 1497 1205 nos
1537 1165 1565 1203 a
1602 1138 1817 1206 Christo

240 1240 432 1300 alienos
470 1241 650 1297 dicere
687 1238 965 1308 debemus,
1009 1234 1161 1311 cuius
1205 1239 1441 1297 membra
1477 1256 1678 1307 sumus,
1720 1256 1818 1300 nec

241 1349 331 1392 nos
353 1334 497 1403 quasi
519 1330 747 1388 alterum
776 1340 1120 1402 computare;
1148 1331 1267 1404 quia
1299 1343 1442 1388 erunt
1464 1334 1564 1388 tino
1593 1334 1643 1388 in
1664 1338 1818 1390 carne

242 1440 352 1480 una.
381 1424 767 1479 Sacramentum
797 1421 890 1479 hoc
916 1430 1153 1496 magnum
1182 1430 1272 1488 est,
1298 1426 1370 1478 ait
1394 1424 1697 1495 Apostolus,
1726 1444 1816 1498 ego

238 1528 398 1573 autem
421 1518 534 1573 dico
559 1514 612 1572 in
642 1511 841 1572 Clima)
863 1524 910 1571 et
939 1512 990 1571 in
1020 1506 1251 1572 Ecclesia
1273 1511 1490 1589 (Epltes.
1509 1532 1561 1584 v,
1584 1514 1643 1575 5|
1660 1561 1674 1584 ,
1697 1514 1814 1578 521.

240 1611 366 1678 Quia
408 1618 537 1679 ergo
579 1616 721 1663 tonis
749 1603 995 1664 Christus
1033 1614 1191 1678 caput
1224 1617 1277 1664 et
1321 1622 1515 1679 corpus
1544 1618 1620 1665 est
1648 1622 1664 1677 ;
1695 1622 1817 1666 cum

234 1703 490 1769 audimus,
515 1692 812 1756 Intellectus
839 1700 939 1771 ipsi
970 1694 1153 1763 Dat-id,
1178 1698 1539 1772 intelligamus
1560 1711 1614 1758 et
1634 1715 1732 1756 nos
1763 1698 1817 1758 in

235 1794 412 1853 David.
461 1793 760 1863 intelligant
803 1792 1041 1847 membra
1086 1789 1307 1855 CltriSti,
1356 1802 1410 1848 et
1458 1793 1511 1848 in
1562 1791 1818 1850 membris

234 1888 344 1947 suis
366 1885 622 1957 intelligat
647 1884 913 1953 Christus,
944 1888 997 1940 et
1026 1882 1263 1940 membra
1293 1880 1490 1941 Christi
1519 1878 1820 1956 intelligant

233 1981 289 2038 in
331 1979 727 2050 CitriSto:quia
778 1984 938 2048 caput
980 1980 1035 2032 et
1079 1973 1319 2032 metttitra
1369 1990 1506 2031 unus
1542 1970 1812 2034 Christus.

233 2072 400 2144 Caput
426 2071 476 2127 itt
506 2071 647 2126 cmlo
688 2077 824 2135 erat,
869 2070 923 2124 et
960 2066 1189 2134 diccbat,
1227 2062 1369 2137 Quid
1401 2084 1481 2123 me
1509 2069 1819 2141 persequeris

233 2164 369 2237 (Act.
397 2176 471 2232 ut,
499 2162 601 2235 4)?
619 2162 725 2219 N05
751 2170 872 2218 eum
900 2154 996 2217 illo
1021 2160 1074 2216 in
1096 2161 1234 2218 ctelo
1256 2174 1352 2232 per
1380 2174 1550 2232 spem,
1578 2164 1690 2233 ipse
1718 2178 1817 2218 no-

231 2257 431 2315 biscum
462 2257 515 2312 in
547 2264 685 2311 terra
715 2266 813 2326 per
839 2252 1176 2310 charitatem.
1209 2248 1370 2326 Ergo,
1404 2252 1688 2309 intellectus
1720 2252 1821 2327 ipsi

230 2347 415 2405 David.
444 2348 842 2404 Adtnoneatunr
866 2356 988 2401 cum
1028 2343 1294 2411 audimus,
1345 2354 1400 2401 et
1428 2344 1686 2415 intelligat
1717 2342 1822 2403 Ec-

228 2440 387 2495 clesia
417 2456 433 2494 :
462 2438 692 2509 pertinet
719 2437 860 2493 enim
890 2438 955 2491 ad
983 2450 1082 2491 nos
1108 2444 1298 2506 magna
1324 2446 1451 2491 cura
1485 2434 1817 2508 intelligendi

230 2530 286 2588 in
310 2542 412 2603 quo
448 2529 593 2586 malo
624 2536 763 2585 nunc
805 2538 1011 2595 sumus,
1060 2534 1116 2584 et
1144 2526 1213 2583 de
1242 2541 1347 2598 quo
1374 2528 1517 2584 man
1544 2534 1600 2584 ut
1626 2526 1820 2587 libere-

228 2632 351 2682 mut-
366 2628 633 2695 optamus,
675 2621 1081 2679 reminiscentes
1118 2620 1374 2677 Orationis
1400 2620 1703 2690 dominicae,
1727 2620 1819 2683 ubi

230 2717 289 2774 in
317 2716 417 2774 line
444 2717 690 2780 dicimus,
736 2713 918 2769 Libera
960 2720 1054 2768 nos
1095 2720 1128 2768 α
1155 2710 1291 2767 malo
1321 2710 1534 2787 (Matth.
1578 2728 1654 2780 γι,
1703 2710 1815 2789 13).

233 2809 373 2866 inter
395 2811 585 2865 multas
614 2812 743 2880 ergo
769 2806 1140 2865 tribuiationes
1179 2805 1338 2876 hujus
1383 2808 1587 2876 sa'culi,
1617 2808 1818 2881 plangit

232 2900 421 2973 aliquid
458 2900 696 2974 psalmus
732 2899 833 2955 iste
853 2899 923 2954 de
966 2897 1259 2954 intellectu.
1290 2894 1385 2955 ille
1412 2910 1535 2955 cum
1576 2896 1680 2955 isto
1708 2916 1813 2957 non

233 2995 419 3066 plorat,
446 2992 537 3065 qui
568 2998 671 3048 non
699 2990 859 3048 habet
891 2988 1244 3048 intellectum.
1270 2986 1438 3047 Porro
1462 3000 1661 3058 autem,
1687 2988 1817 3050 cha-

233 3085 443 3154 rissimi,
483 3085 789 3141 meminisse
830 3082 1089 3139 debemus
1133 3084 1200 3139 ad
1250 3082 1532 3154 imaginem
1582 3076 1672 3140 ilei
1715 3096 1815 3142 nos

230 3190 349 3236 esse
364 3179 548 3245 iactos,
572 3188 672 3233 nec
697 3175 822 3233 alibi
851 3190 1012 3248 quam
1053 3175 1104 3231 in
1135 3175 1252 3247 ipso
1282 3174 1574 3232 intellectu.
1600 3170 1731 3233 Nam
1759 3172 1814 3235 in

232 3272 406 3327 multis
436 3270 594 3326 rebus
629 3284 659 3323 a
686 3267 871 3324 healiis
896 3256 1253 3338 superamur'
1288 3285 1303 3324 :
1332 3265 1420 3324 ubi
1446 3272 1624 3324 autem
1653 3266 1815 3325 homo

231 3363 296 3421 Id
322 3364 599 3435 imaginem
630 3360 723 3417 Dei
763 3358 960 3416 factum
1003 3366 1064 3415 se
1113 3358 1282 3425 novit,
1327 3358 1399 3415 ibi
1426 3358 1624 3431 aliquid
1657 3360 1707 3414 iu
1754 3375 1815 3418 se

230 3456 461 3527 agnoscit
504 3453 734 3525 amplius
775 3462 897 3509 esse
940 3460 1101 3524 quam
1148 3451 1330 3508 datum
1380 3457 1463 3508 cst
1508 3450 1811 3523 pecoribus.

227 3547 585 3605 Consideratis
610 3560 743 3602 vero
768 3536 1017 3601 omnibus
1058 3545 1223 3603 rebus
1262 3559 1397 3617 quas
1439 3542 1599 3600 habet
1628 3545 1813 3616 homo,

228 3640 424 3698 invenit
451 3654 510 3697 se
546 3650 612 3696 eo
640 3637 859 3711 proprie
880 3635 1173 3694 discretum
1218 3646 1249 3691 a
1284 3650 1502 3708 pecore,
1532 3637 1673 3707 quod
1703 3636 1817 3709 ipse

229 3733 415 3792 habeat
449 3728 799 3790 intellectum.
827 3729 981 3788 Unde
1018 3726 1280 3803 quosdam
1325 3740 1734 3787 contemnentes
1759 3730 1814 3786 in

226 3829 446 3902 sequod
475 3828 749 3900 proprium
778 3835 833 3881 et
857 3826 1185 3897 pneeipuum
1215 3840 1245 3879 a
1279 3824 1569 3880 Couditorc
1593 3838 1816 3895 accepe-

225 3931 364 3990 t'ttnt,
392 3923 631 3990 increpat
659 3918 773 3993 ipse
794 3914 1055 3974 Conditor
1085 3916 1269 3972 dicens
1302 3934 1316 3971 :
1353 3912 1530 3971 Nolite
1553 3916 1663 3986 ﬁeri
1687 3916 1815 3973 sicut

226 4031 379 4089 equus
413 4024 459 4072 et
482 4012 671 4079 nmine,
697 4006 877 4083 quibus
904 4022 1003 4065 non
1039 4019 1115 4065 est
1144 4006 1431 4064 intellectus
1458 4004 1628 4080 (Psal.
1658 4022 1811 4079 xxxi,

226 4108 303 4182 9).
330 4104 393 4164 Et
421 4106 525 4163 alio
550 4106 669 4161 ineo
697 4101 826 4159 dicit
850 4120 864 4155 :
899 4092 1066 4156 Homo
1090 4096 1143 4154 in
1170 4097 1360 4155 honore
1387 4096 1599 4173 positus.
1625 4099 1681 4156 In
1709 4112 1816 4172 quo

228 4199 448 4269 honore,
485 4198 588 4255 nisi
615 4198 733 4269 quia
762 4194 930 4252 factus
971 4195 1039 4249 ad
1090 4192 1373 4265 imaginem
1404 4190 1534 4250 Dei?
1570 4192 1729 4266 Ergo,
1762 4195 1814 4250 in

229 4295 415 4350 ltonore
442 4300 632 4363 positus
674 4304 775 4346 non
817 4284 1087 4353 intellexit,
1130 4287 1224 4352 ait,
1267 4298 1591 4360 comparatus
1631 4299 1701 4344 est
1717 4286 1814 4360 ju-

231 4391 403 4444 mentis
430 4385 718 4452 insensatis,
741 4394 786 4440 et
815 4383 995 4439 similis
1017 4387 1187 4455 factus
1209 4390 1281 4436 est
1305 4380 1410 4436 illis
1438 4378 1609 4456 (Psal.
1631 4396 1811 4450 xm'ttt,

230 4480 336 4553 2i).
371 4485 733 4551 Agnoscamos
771 4488 899 4548 ergo
925 4473 1186 4529 honorem
1217 4484 1486 4542 nostrum,
1518 4484 1575 4531 et
1618 4472 1815 4531 intelli-

234 4588 428 4645 gamus.
461 4570 515 4627 Si
563 4568 926 4639 intelligimus,
969 4564 1214 4621 videmus
1256 4581 1363 4621 non
1394 4581 1515 4623 esse
1544 4566 1699 4623 iSIam
1729 4580 1817 4625 re-

234 4667 432 4738 gionem
458 4660 745 4733 gaudendi,
775 4656 870 4715 sed
904 4656 1190 4730 gemendi;
1227 4671 1334 4713 non
1359 4658 1470 4728 jam
1491 4659 1813 4727 exsultandi,

235 4755 321 4813 sed
361 4754 538 4810 adimo
581 4749 887 4823 plangendi.
937 4748 1046 4805 Sed
1096 4747 1197 4803 etsi
1241 4747 1526 4803 exsultatio
1573 4748 1816 4821 quaedam

237 4845 427 4903 habitat
456 4847 507 4900 in
530 4842 779 4897 cordibus
808 4840 1026 4905 nostris,
1062 4836 1299 4894 nondum
1327 4844 1412 4894 est
1436 4838 1490 4894 in
1525 4849 1609 4905 re,
1641 4839 1734 4896 sed
1760 4841 1815 4897 in

235 4918 339 5015 spe:
373 4940 447 4997 Ex
476 4937 739 5011 prtimisso
765 4936 1027 5000 laetamur,
1059 4933 1183 5004 quia
1210 4932 1411 4989 scimus
1437 4946 1544 4989 non
1584 4942 1684 4989 nas
1713 4932 1814 4991 fat.

234 5033 337 5091 iere
372 5032 794 5104 promittentem.
824 5024 1029 5082 Verum
1069 5023 1212 5096 quod
1257 5022 1451 5080 attinet
1484 5022 1551 5080 ad
1578 5040 1817 5097 praesens

235 5136 452 5197 tempus,
486 5125 538 5179 in
579 5134 684 5193 quo
714 5120 878 5185 malo,
928 5119 982 5173 in
1018 5117 1213 5188 quibus
1242 5117 1505 5188 angustiis
1533 5116 1705 5173 simus
1730 5130 1817 5174 au-

231 5222 366 5282 dite:
398 5230 451 5275 et
480 5217 525 5272 si
559 5215 696 5271 viam
728 5213 882 5270 istam
918 5211 1139 5276 tenetis,
1168 5206 1308 5281 quod
1349 5210 1544 5266 auditis
1585 5212 1638 5266 in
1666 5212 1815 5269 vobis

230 5312 512 5385 agnoscite.
539 5307 788 5378 Quisquis
816 5305 959 5361 enim
1009 5302 1244 5358 nondum
1276 5308 1423 5357 tenet
1450 5302 1552 5358 iter
1577 5303 1810 5374 pietatis,

231 5410 446 5461 miratur
466 5403 587 5473 quia
616 5400 742 5456 talis
775 5404 996 5470 gemunt
1023 5394 1264 5452 membra
1306 5394 1473 5452 David
1498 5413 1512 5450 :
1537 5411 1642 5452 non
1669 5398 1813 5453 enim

231 5500 364 5553 videt
394 5499 445 5551 in
473 5508 532 5551 se
562 5496 682 5551 ista.
704 5490 971 5561 Quamdiu
991 5498 1045 5544 et
1070 5489 1122 5543 in
1159 5502 1219 5545 se
1248 5488 1346 5544 ista
1382 5503 1486 5543 non
1508 5490 1653 5546 videt
1681 5504 1815 5545 uou-

230 5593 348 5647 dutn
376 5602 457 5644 est
479 5589 549 5644 ibi
576 5604 590 5643 :
618 5602 726 5643 non
749 5584 914 5640 sentit
933 5581 1074 5653 «good
1099 5594 1294 5652 corpus
1316 5581 1476 5637 sentit
1496 5600 1511 5648 ;
1535 5582 1658 5653 quia
1686 5600 1813 5652 pru-

231 5695 305 5740 ter
330 5698 524 5753 corpus
566 5686 651 5737 est
681 5696 695 5735 :
725 5678 1117 5745 incorporetur,
1165 5683 1221 5730 et
1247 5675 1462 5730 sentiet.
1494 5673 1648 5730 Dicat
1683 5689 1812 5745 ergo

229 5787 277 5835 et
301 5774 592 5837 audiamus,
619 5770 896 5825 audiamus
922 5775 975 5821 et
1003 5766 1243 5820 dicamus
1269 5781 1281 5818 :

292 5869 347 5928 4.
375 5867 527 5942 [rem
552 5860 701 5939 2-5.]
731 5859 958 5929 Exaudi,
990 5857 1151 5927 Deus,
1172 5856 1581 5931 deprecationem
1603 5873 1768 5919 meum
1787 5898 1806 5929 ,

287 5982 305 6015 ί
338 5982 409 6032 sic.
427 5986 531 6030 las.
556 5986 607 6031 Αι
624 5977 758 6039 rod,
784 5971 986 6027 abestiis
1002 5985 1094 6023 non
1116 5982 1397 6035 separamur
1678 6040 1691 6063 ν
1718 6018 1741 6055 ι

1396 473 1794 533 εΝιιιιιιΑτιο
1832 475 1902 535 IN
1938 478 2260 542 PSALMUM
2301 482 2433 542 LIV.

3400 491 3506 550 650

1926 602 1973 651 et
2000 616 2063 653 ne
2089 599 2375 672 despexeris
2402 621 2595 675 precem
2625 623 2787 662 meam
2812 622 2834 663 :
2857 606 3057 665 intende
3081 609 3224 676 mihi,
3254 619 3298 664 et
3324 609 3511 664 exaudi

1922 700 2021 743 me.
2048 688 2378 764 Satagculis,
2425 695 2658 763 solliciti,
2687 694 2740 754 in
2772 697 3110 755 tribulatione
3141 701 3317 770 positi,
3350 701 3514 756 verba

1924 788 2049 838 sunt
2078 784 2198 840 ista.
2227 783 2354 843 Orat
2383 788 2545 845 multa
2578 790 2811 861 patiens,
2852 790 2921 848 de
2959 792 3099 849 maio
3127 792 3340 849 liberari
3368 789 3513 848 desi-

1923 868 2119 931 derans
2153 890 2166 932 :
2198 888 2440 948 Superest
2479 886 2535 936 ut
2576 881 2855 939 audiamus
2895 883 2947 939 in
2986 901 3093 956 quo
3138 885 3281 941 maio
3307 886 3411 951 sit;
3458 892 3513 941 et

1921 976 2043 1024 eum
2071 964 2250 1027 dicere
2273 975 2513 1043 eruperit,
2532 991 2882 1045 agnoscamus
2903 978 2971 1033 ibi
3000 994 3097 1034 nos
3121 994 3261 1046 esse,
3280 988 3337 1036 ut
3362 994 3513 1035 com-
3539 1044 3544 1051 θ

1922 1061 2189 1117 municata
2210 1061 2565 1128 tribulatione,
2579 1066 2963 1139 conjuugamus
2987 1069 3514 1126 orationetn.(.‘ontri-

1921 1160 2082 1209 status
2107 1170 2218 1208 sunt
2237 1156 2289 1210 in
2315 1158 2666 1213 exercitatione
2687 1177 2818 1225 mea,
2841 1169 2886 1215 et
2906 1160 3228 1217 conturbatus
3246 1178 3377 1216 sum.
3405 1158 3511 1219 Ubi

1920 1244 2305 1302 cantristatus?
2344 1247 2432 1303 ubi
2471 1251 2853 1307 conturbatus?
2891 1246 2956 1307 In
2996 1253 3346 1309 exercitatione
3374 1268 3508 1319 meo,

1922 1336 2112 1409 inauit.
2146 1332 2399 1397 llomines
2425 1343 2592 1399 malos
2615 1357 2752 1415 quos
2781 1344 2975 1413 patitur
2996 1353 3513 1400 commemoraturus

1922 1439 2004 1486 est
2027 1431 2067 1500 ⁸,
2085 1424 2435 1502 eamdemque
2455 1435 2755 1501 passionem
2774 1434 3034 1490 malorum
3058 1433 3332 1491 hominum
3352 1449 3514 1491 exer-

1921 1513 2228 1577 citationem
2258 1536 2406 1578 suam
2437 1523 2587 1580 dixit.
2614 1525 2691 1580 Ne
2721 1526 2917 1596 putetis
2941 1527 3103 1595 gratis
3127 1540 3247 1581 esse
3268 1526 3436 1583 malos
3457 1518 3512 1582 in

1922 1611 2025 1668 hoc
2046 1607 2264 1681 mundo,
2298 1615 2353 1669 et
2380 1610 2509 1670 nihil
2533 1615 2657 1672 boui
2680 1610 2746 1671 de
2777 1616 2879 1673 illis
2903 1632 3062 1689 agere
3090 1616 3278 1673 Deum.
3324 1616 3511 1677 Omnis

1921 1698 2094 1760 malus
2136 1710 2230 1760 aut
2264 1703 2386 1762 ideo
2411 1705 2538 1762 vivit
2578 1714 2637 1763 ut
2674 1707 2992 1779 corrigatur,
3024 1706 3265 1766 antideo
3297 1709 3429 1766 vivit
3457 1717 3515 1766 ut

1923 1808 2023 1868 per
2064 1790 2211 1854 illum
2255 1792 2428 1854 bonus
2473 1804 2802 1855 ekerceatur.
2849 1794 3064 1857 Utinam
3104 1812 3234 1872 ergo
3279 1802 3369 1873 qui
3413 1814 3514 1859 nos

1922 1888 2083 1946 modo
2109 1894 2385 1959 exercent,
2413 1900 2812 1960 convrrtantur,
2832 1903 2889 1950 et
2916 1892 3194 1951 nobiseum
3218 1907 3513 1952 exercean-

1923 1986 2048 2037 tur:
2079 1992 2254 2039 tamen
2284 1980 2537 2054 quamdiu
2575 1980 2646 2040 ita
2687 1993 2813 2043 sunt
2848 1988 2906 2042 ut
2939 1994 3256 2056 exerceant,
3286 2000 3391 2044 non
3418 2000 3515 2045 eos

1922 2070 2222 2143 oderimus;
2267 2078 2389 2147 quia
2431 2076 2484 2132 in
2520 2086 2589 2133 eo
2628 2076 2769 2148 quod
2806 2074 2978 2135 malus
3022 2088 3104 2134 est
3144 2081 3263 2151 quis
3301 2093 3510 2147 eorum,

1924 2174 2100 2223 utrum
2120 2183 2291 2237 usque
2316 2168 2368 2224 in
2396 2164 2556 2225 linem
2587 2178 3021 2241 perseveraturus
3047 2172 3137 2235 sit,
3171 2171 3509 2242 ignoramus;

1924 2260 1978 2315 et
2002 2257 2312 2331 plerumque
2330 2272 2450 2317 cum
2482 2258 2575 2317 tibi
2600 2256 2797 2318 videris
2834 2256 3014 2319 odisse
3054 2263 3361 2329 inimicum,
3401 2261 3513 2319 fra-

1925 2361 2059 2407 trem
2087 2352 2266 2417 odisti,
2298 2361 2352 2408 et
2380 2354 2575 2410 nescis.
2599 2352 2852 2410 Diabolus
2869 2360 2922 2410 et
2942 2355 3115 2428 angeli
3142 2354 3258 2427 ejus
3283 2355 3336 2411 in
3360 2353 3512 2412 Scri-

1923 2443 2094 2515 pturis
2121 2445 2321 2500 sanctis
2345 2444 2665 2502 manifestati
2702 2455 2831 2503 sunt
2866 2442 3043 2515 nobis,
3074 2447 3214 2519 quod
3242 2447 3308 2504 ad
3332 2448 3513 2520 ignem

1922 2543 2182 2591 ueternum
2206 2536 2316 2593 sint
2344 2536 2612 2593 dealinati.
2655 2536 2892 2609 ipsorum
2935 2544 3141 2595 tantum
3180 2538 3514 2610 desperanda

1921 2636 2006 2684 est
2033 2630 2296 2685 correctio
2316 2644 2329 2683 :
2348 2639 2534 2686 contra
2558 2645 2695 2701 quos
2719 2631 2976 2688 habemus
3005 2634 3268 2690 occultam
3291 2631 3512 2703 iactam,

1922 2721 1990 2777 od
2019 2736 2178 2794 quam
2206 2723 2399 2779 inciam
2426 2737 2526 2780 nos
2562 2734 2735 2780 armat
2763 2726 3085 2796 Apostolus,
3127 2727 3353 2784 dicens:
3387 2726 3515 2785 Non

1922 2802 2011 2871 est.
2030 2810 2174 2871 nobis
2198 2816 2485 2872 colluctatio
2512 2818 2753 2872 adversus
2788 2832 2992 2873 carnem
3019 2827 3066 2873 et
3093 2819 3428 2892 sanguinem,
3457 2818 3515 2879 id

1921 2915 2003 2963 est
2025 2900 2282 2965 adversus
2307 2907 2551 2965 homines
2572 2924 2707 2980 quos
2729 2908 2949 2974 videtis;
2980 2911 3070 2967 sed
3098 2913 3339 2968 adversus
3362 2913 3512 2983 prin-

1919 3002 2058 3072 cipes
2090 3010 2139 3058 et
2163 3005 2431 3074 potestates
2455 3008 2501 3056 et
2527 3013 2742 3059 rectores
2763 3000 2961 3070 mundi,
2984 3004 3301 3060 tenebrarum
3327 3005 3514 3063 norunt

1919 3091 2140 3167 (Epiros.
2164 3102 2239 3161 Vt,
2270 3093 2381 3168 ιε).
2412 3093 2492 3151 Ne
2517 3094 2652 3153 forte
2671 3106 2793 3153 cum
2814 3094 3053 3161 dixisset,
3085 3097 3286 3165 mundi,
3317 3098 3515 3155 intelli-

1918 3196 2077 3260 geres
2114 3187 2390 3245 eumenes
2429 3196 2549 3245 esse
2586 3197 2824 3246 rectores
2850 3188 2973 3246 emit
3010 3198 3065 3246 et
3105 3198 3294 3258 terrae;
3334 3189 3515 3249 mundi

1919 3279 2087 3347 dixit,
2137 3276 2452 3336 tenebrarum
2496 3279 2711 3345 harum;
2764 3281 2942 3336 mundi
2990 3281 3158 3347 dixit,
3210 3291 3514 3340 amatorum

1919 3372 2138 3438 mundi;
2172 3370 2347 3427 mundi
2376 3372 2537 3440 dixit,
2572 3373 2855 3443 impiorum
2884 3381 2939 3428 et
2964 3373 3302 3444 iniquorum;
3328 3373 3513 3430 mundi

1918 3465 2074 3533 dixit,
2097 3460 2164 3521 de
2186 3472 2295 3537 quo
2320 3464 2449 3521 dicit
2469 3465 2818 3537 Erangelium
2852 3480 2868 3519 :
2896 3463 2966 3520 Et
3000 3470 3223 3522 mundus
3257 3483 3371 3523 eum
3407 3482 3514 3526 non

1916 3558 2149 3629 cognouit
2181 3556 2371 3629 (toan.
2400 3566 2438 3623 t,
2460 3556 2585 3624 10).
2613 3556 2671 3613 Si
2697 3557 2840 3613 enim
2872 3556 3103 3613 mundus
3127 3572 3234 3614 non
3257 3561 3512 3631 cognovit

1918 3648 2092 3704 lucem
2116 3690 2129 3713 ,
2174 3648 2296 3719 quia
2336 3644 2425 3703 iuit
2457 3648 2507 3702 in
2538 3646 2774 3703 tenebris
2813 3647 2990 3715 lucet,
3018 3659 3073 3705 et
3113 3650 3348 3707 tenebras
3388 3666 3511 3710 eam

1917 3750 2024 3794 non
2050 3736 2589 3809 comprehendet-unt,
2613 3746 2668 3794 et
2688 3739 2817 3809 ipste
2838 3739 3073 3795 tenebrat
3098 3755 3217 3811 qua:
3236 3756 3342 3798 non
3362 3756 3512 3800 com-

1918 3824 2320 3902 prehenderunt
2365 3829 2536 3885 lucem
2578 3836 2919 3901 prmsentem,
2951 3831 3135 3888 mundi
3162 3834 3380 3891 nomine
3404 3848 3508 3907 ap-

1917 3924 2216 3995 pelluntur;
2249 3925 2433 3979 harum
2463 3923 2804 3980 tenebrarum
2847 3931 2973 3979 sunt
3005 3923 3080 3979 1111
3123 3932 3380 3982 rectores.
3428 3924 3508 3984 De

1917 4010 2049 4091 ipsis
2074 4026 2202 4090 ergo
2227 4018 2524 4074 rectoribus
2545 4016 2805 4075 habemus
2829 4017 3239 4073 determinatam
3267 4016 3509 4091 Scriptu-

1917 4126 2096 4171 rarum
2121 4111 2465 4182 sententiam,
2491 4110 2632 4184 quod
2660 4111 2878 4168 omnino
2899 4112 3022 4169 inde
3049 4112 3255 4168 reditus
3277 4110 3507 4185 alicuon

1916 4216 2105 4262 eorum
2142 4203 2439 4274 sperandus
2468 4214 2574 4260 non
2602 4211 2705 4261 est.
2737 4204 2807 4260 At
2835 4216 2965 4261 vero
2990 4203 3058 4261 de
3087 4200 3217 4276 ipsis
3265 4209 3504 4264 tenearis

1917 4306 2143 4370 quorum
2181 4296 2259 4353 1111
2296 4303 2534 4354 rectores
2561 4302 2706 4363 sunt,
2733 4310 2840 4353 non
2872 4310 3059 4354 sumus
3085 4298 3219 4355 certi
3257 4316 3327 4355 ne
3363 4300 3506 4358 torte

1916 4388 2010 4461 qui
2046 4396 2202 4446 erant
2240 4390 2511 4457 tenebrat,
2545 4388 2672 4445 iisut
2709 4388 2820 4445 ius.
2868 4381 3138 4446 Fideiibus
3166 4390 3362 4462 quippe
3393 4380 3507 4463 iam

1918 4484 2071 4539 lactis
2093 4482 2222 4538 dicit
2250 4482 2560 4554 Apostolus,
2594 4481 2787 4537 Falsus
2806 4482 3083 4554 aliquando
3102 4480 3339 4551 tenebris,
3368 4498 3505 4539 nunc

1917 4582 2086 4633 autem
2107 4578 2197 4634 tun
2212 4578 2266 4634 in
2295 4576 2510 4633 Domino
2536 4575 2752 4651 (Ephes.
2780 4586 2834 4644 ν,
2859 4575 2914 4649 8)
2945 4575 3221 4633 :teuehra:
3248 4578 3303 4633 in
3332 4576 3506 4647 vobis,

1917 4673 2013 4731 lux
2038 4674 2091 4730 in
2119 4673 2367 4730 Domino.
2400 4673 2559 4745 Ergo,
2590 4670 2801 4736 fratres,
2828 4682 3018 4726 omnes
3049 4670 3198 4739 mali,
3225 4682 3347 4727 cum
3377 4664 3507 4729 mali

1919 4775 2042 4826 sont
2065 4810 2080 4835 ,
2110 4772 2361 4824 exercent
2387 4764 2575 4821 bonos.
2618 4761 2758 4820 Ecce
2780 4761 2922 4819 enim
2950 4761 3183 4819 breviter
3205 4762 3419 4830 audite,
3456 4766 3512 4820 et

1919 4859 2213 4931 intelligite.
2254 4856 2313 4913 Si
2358 4856 2530 4913 bonus
2571 4870 2651 4921 es,
2693 4854 2964 4910 inimicum
3007 4864 3112 4909 non
3156 4854 3377 4910 habebis
3405 4848 3510 4909 nisi

1920 4952 2139 5010 malum.
2180 4950 2347 5006 Porro
2377 4948 2467 5004 tibi
2497 4961 2560 5004 ea
2588 4945 2771 5019 regula
2797 4946 3050 5001 bonitatis
3076 4947 3291 5017 prcetixa
3316 4951 3418 5010 est,
3449 4951 3511 5002 ut

1919 5046 2141 5105 imiteris
2160 5043 2451 5101 bonitatem
2476 5039 2648 5098 Patris
2667 5041 2763 5108 tui,
2788 5041 2876 5113 qui
2896 5041 3019 5113 facit
3037 5041 3194 5097 solent
3213 5050 3361 5096 suum
3380 5039 3508 5094 oriri

1918 5154 2073 5207 super
2110 5138 2267 5194 bonos
2298 5142 2348 5192 et
2384 5134 2579 5202 malos,
2609 5138 2659 5189 et
2691 5131 2822 5207 ptuit
2848 5142 3001 5206 super
3021 5134 3193 5206 justas
3216 5138 3264 5188 et
3288 5130 3508 5203 injustas

1920 5231 2146 5305 (Matth.
2174 5242 2225 5297 ν,
2259 5227 2386 5303 45).
2424 5226 2606 5299 Neque
2648 5228 2790 5283 enim
2826 5230 2887 5282 tu
2928 5224 3097 5281 babes
3131 5225 3423 5288 inimicum,
3450 5228 3509 5277 et

1920 5325 2061 5382 Deus
2085 5339 2191 5380 non
2215 5322 2391 5379 habet.
2415 5320 2493 5377 Tu
2525 5319 2738 5392 quidem
2763 5332 2889 5376 eum
2918 5319 3082 5373 habes
3108 5312 3385 5372 inimicum
3408 5314 3504 5385 qui

1921 5428 2096 5476 tecum
2124 5423 2336 5473 creatus
2360 5424 2474 5482 est;
2516 5410 2605 5469 ille
2636 5424 2766 5469 vero
2788 5426 2911 5468 eum
2936 5422 3096 5480 quem
3124 5407 3348 5464 creavit.
3394 5406 3503 5461 lui‘

1919 5514 2089 5568 tnicos
2126 5524 2254 5582 ergo
2296 5508 2390 5565 Dei
2435 5506 2601 5562 malos
2629 5514 2682 5563 et
2707 5504 2917 5576 iniquos
2954 5516 3100 5574 smpe
3127 5501 3183 5556 in
3210 5499 3501 5569 Scriptum

1918 5604 2144 5678 legimus
2172 5624 2186 5659 :
2210 5614 2263 5661 et
2286 5602 2453 5674 parcit
2479 5602 2557 5658 eis
2582 5601 2669 5656 ille
2693 5597 2783 5669 qui
2810 5612 2914 5652 non
2948 5594 3108 5651 habet
3133 5592 3277 5666 quod
3298 5591 3372 5647 illi
3395 5591 3502 5645 im-

1917 5711 2067 5775 putet
2102 5699 2348 5757 iuimicus
2370 5740 2386 5766 ,
2418 5696 2502 5753 cui
2542 5693 2718 5750 omnis
2747 5688 2992 5747 inimicus
3025 5687 3264 5759 ingratus
3284 5693 3403 5751 est;
3433 5681 3502 5740 ab

1979 5904 1998 5939 ί
2030 5900 2106 5955 sic
2123 5905 2201 5952 Its.
2225 5892 2661 5959 etprastaatlores
2700 5893 2807 5942 uss.
2857 5889 2909 5937 Αι
2943 5892 3078 5948 ιον..
3109 5886 3504 5935 conmemorant-

1916 5974 1999 6020 est.
