3942 6432
515 351 618 410 651

513 466 608 523 illo
637 466 779 523 enim
810 464 970 521 habet
1009 461 1264 536 quidquid
1304 462 1427 517 boni
1468 461 1647 519 habet.
1687 461 1771 518 Ah
1814 463 1929 534 ipso
1963 464 2107 520 enim

513 558 679 616 habet
706 557 1155 625 misericordiam,
1186 556 1442 629 quidquid
1470 565 1553 612 est
1580 557 1741 612 etiam
1771 556 1909 611 unde
1941 558 2109 612 tribu-

513 655 675 711 latur.
705 653 785 709 Ad
815 653 914 708 hoc
953 652 1094 706 enim
1142 650 1444 717 tribulatur,
1477 667 1544 706 ne
1568 650 1871 721 superbiat;
1908 649 1974 705 ad
2005 650 2107 706 hoc

512 745 819 812 tribulatur,
844 755 901 798 ut
922 743 1139 798 humilis
1158 742 1717 814 agnoscatexcelsum.
1750 742 1830 797 Tu
1859 756 1987 813 ergo
2006 742 2107 797 ini-

509 840 653 897 mico
688 848 797 902 tuo,
827 853 983 909 quem
1015 836 1423 892 intolerabiliter
1450 836 1671 907 pateris,
1702 836 1827 907 quid
1853 836 2106 906 przrstiti-

508 932 613 987 sti?
637 930 693 986 Si
722 929 810 985 ille
837 945 959 985 eum
987 928 1149 985 habet
1176 928 1447 984 inimicum
1477 929 1565 1000 qui
1593 928 1643 984 ei
1666 937 1809 983 tanta
1837 930 2102 999 prmstitit,

506 1033 567 1082 et
590 1026 714 1096 facit
735 1024 890 1079 solem
917 1040 1068 1078 suum
1105 1023 1228 1078 oriri
1251 1039 1405 1094 super
1431 1024 1586 1077 bonos
1614 1031 1661 1077 et
1681 1020 1873 1088 malos,
1900 1031 1946 1076 et
1975 1022 2106 1092 pluit

507 1134 662 1189 super
686 1117 856 1189 justas
887 1126 933 1171 et
963 1116 1212 1187 injustas;
1242 1123 1297 1171 tu
1322 1115 1413 1186 qui
1444 1130 1545 1170 nec
1569 1114 1736 1170 solem
1777 1122 1930 1184 potes
1976 1114 2104 1169 oriri

506 1210 707 1277 facere,
733 1225 834 1267 nec
857 1225 1018 1283 Super
1048 1222 1217 1266 terras
1247 1210 1448 1280 pluere,
1478 1209 1675 1279 aliquid
1707 1225 1867 1264 unum
1890 1225 2106 1266 scrvare

507 1304 727 1363 inimico
752 1319 856 1360 non
885 1314 1037 1375 potes
1057 1346 1071 1372 ,
1105 1311 1166 1360 ut
1187 1305 1256 1360 sit
1280 1305 1371 1359 tibi
1398 1320 1502 1376 pax
1529 1304 1581 1359 in
1612 1313 1752 1360 terra
1775 1303 1978 1359 homini
2008 1305 2105 1361 bo-

507 1414 595 1456 nze
618 1398 908 1453 voluntatis
936 1396 953 1468 (
981 1395 1105 1452 an.
1142 1414 1199 1462 ιι,
1231 1394 1375 1470 id)?
1413 1397 1555 1469 Ergo
1584 1397 1834 1468 quoniam
1867 1396 1981 1454 lucc
2009 1397 2103 1453 tibi

508 1489 811 1546 dilectionis
858 1489 1041 1559 regula
1087 1489 1285 1559 figitur,
1313 1499 1372 1545 ut
1408 1488 1622 1545 imitans
1665 1489 1875 1569 Patrem
1914 1490 2105 1561 diligas

508 1581 784 1638 inimicum
819 1600 832 1636 :
867 1580 1076 1653 Diligile
1100 1581 1261 1645 enim,
1287 1582 1477 1654 inquit,
1496 1582 1728 1638 inimicos
1751 1591 1939 1638 vestros
1964 1582 1983 1652 (
2011 1581 2100 1639 Μ.

508 1689 592 1740 vi,
640 1674 732 1736 27.
773 1672 843 1729 '55
866 1670 885 1745 )
911 1690 924 1726 :
951 1674 1002 1727 in
1027 1672 1128 1729 hoc
1154 1683 1423 1745 prtecepto
1445 1674 1715 1745 quomodo
1735 1676 2064 1751 exercereris
2084 1718 2099 1745 ,

507 1767 555 1824 si
593 1766 794 1822 nullum
844 1765 1117 1821 inimicum
1154 1766 1450 1837 patereris?
1478 1766 1643 1823 Vides
1679 1782 1809 1839 ergo
1848 1767 2104 1838 prodesse

510 1860 608 1915 tibi
646 1858 843 1931 aliquid
872 1877 885 1914 :
916 1869 969 1915 et
992 1858 1137 1931 quod
1167 1860 1305 1915 Deus
1332 1859 1500 1930 parcit
1523 1860 1698 1927 malis,
1723 1860 1891 1930 prosit
1922 1860 2015 1916 tibi
2035 1860 2104 1917 ad

506 1951 807 2009 habendam
835 1951 1293 2018 misericordiam;
1338 1952 1461 2023 quia
1501 1960 1556 2009 et
1584 1960 1641 2007 tu
1684 1953 1820 2009 forte
1856 1954 1901 2010 si
1930 1953 2104 2009 bonus

508 2059 589 2112 es,
621 2060 685 2102 ex
712 2044 855 2100 malo
883 2043 1052 2100 factus
1078 2059 1137 2102 es
1165 2044 1367 2111 bonus;
1403 2053 1455 2101 et
1481 2045 1525 2101 si
1559 2045 1700 2102 Deus
1726 2062 1832 2100 non
1863 2056 2104 2117 parceret

506 2141 684 2209 malis,
717 2156 817 2197 nec
853 2149 912 2197 tu
951 2141 1040 2212 qui
1077 2141 1277 2212 gratias
1315 2156 1523 2212 ageres,
1562 2156 1867 2212 apparares.
1914 2140 2105 2198 Pareat

505 2248 637 2307 ergo
657 2235 774 2290 aliis
797 2234 886 2305 qui
917 2235 1159 2304 pepercit
1184 2243 1235 2289 et
1262 2233 1377 2289 tibi.
1405 2232 1522 2288 Non
1552 2232 1696 2290 enim
1723 2249 1845 2289 cum
1879 2233 2103 2289 transie-

504 2328 604 2393 ris,
634 2326 1037 2383 intercludenda
1064 2336 1145 2382 est
1164 2327 1247 2382 via
1278 2326 1513 2398 pietatis.

581 2423 635 2477 5.
659 2420 813 2477 Unde
833 2435 960 2492 ergo
986 2421 1088 2477 iste
1115 2428 1233 2476 orat
1257 2422 1461 2490 positus
1489 2422 1627 2476 inter
1655 2421 1846 2483 malos,
1876 2439 2101 2493 quorum

506 2514 801 2574 inimicitiis
833 2514 1219 2569 exercebatur?
1246 2513 1371 2585 quid
1400 2515 1509 2570 ait?
1549 2514 1885 2572 Contrislatus
1913 2535 2025 2572 sum
2050 2519 2101 2573 in

506 2608 863 2664 exercitatione
901 2624 1031 2672 mea,
1071 2614 1118 2660 et
1160 2608 1484 2662 conturbatus
1510 2626 1642 2664 sum.
1689 2608 1822 2664 Cum
1865 2611 2105 2707 (attendit

366 2654 473 2755 Α(
508 2701 851 2759 dilectionem
898 2709 956 2756 ut
995 2700 1180 2772 diligat
1226 2701 1489 2768 inimicos,
1530 2702 1751 2758 affectus
1795 2676 2097 2773 estmo,

507 2796 798 2867 multorum
826 2794 1136 2861 inimicitiis,
1158 2793 1444 2850 multorum
1471 2794 1619 2850 rabie
1643 2796 2094 2866 circnmlatrat'us,

506 2898 563 2946 et
611 2888 836 2959 quadam
883 2887 1112 2942 humana
1160 2885 1469 2942 infirmitate
1504 2888 1801 2944 succubuit.
1849 2887 1990 2944 Vidit
2043 2904 2104 2946 se

504 2984 613 3055 jam
659 2981 892 3052 incipere
934 2978 1198 3050 penetrari
1241 2979 1379 3034 mala
1417 2979 1763 3050 persuasione
1801 2981 2097 3049 diabolica,

504 3086 566 3134 ut
587 3076 765 3132 odium
789 3076 1041 3131 inducat‘
1067 3074 1349 3129 adversum
1376 3074 1620 3130 inimicos
1644 3093 1659 3130 :
1682 3076 1953 3132 reluctans
1979 3076 2103 3133 odio

506 3177 570 3226 nt
596 3168 877 3240 perliceret
902 3169 1068 3237 ipsam
1108 3166 1470 3232 dilectionem,
1498 3166 1553 3222 in
1594 3166 1710 3237 ipsa
1736 3183 1914 3239 pugna
1934 3178 1989 3225 et
2017 3169 2103 3225 lu-

507 3272 593 3318 cta
618 3261 857 3317 turbatus
879 3268 979 3315 est.
1010 3258 1135 3329 lijus
1159 3259 1302 3314 enim
1329 3273 1431 3314 vox
1457 3266 1613 3314 estet
1640 3259 1693 3313 in
1723 3259 1829 3315 alio
1854 3261 2060 3330 psalmo
2086 3280 2101 3318 :

509 3356 763 3413 Turbatus
792 3366 862 3409 est
885 3369 991 3424 pra:
1008 3354 1086 3407 ira
1108 3351 1283 3408 oculus
1301 3368 1460 3408 meus.
1490 3351 1559 3408 Et
1586 3352 1712 3424 quid
1738 3353 1809 3409 ibi
1829 3354 2105 3426 sequitur?

509 3450 796 3507 Inveteravi
820 3446 874 3502 in
904 3445 1134 3502 omnibus
1158 3446 1377 3502 inimicis
1401 3447 1524 3501 meis
1550 3446 1568 3517 (
1598 3446 1741 3503 Psal.
1768 3463 1844 3513 Vl,
1876 3446 1975 3522 8
2002 3448 2104 3506 Ve-

509 3545 609 3601 luti
654 3544 705 3597 in
750 3548 1064 3611 tempestate
1101 3547 1156 3595 et
1203 3537 1451 3593 fluctibus
1491 3540 1655 3610 mergi
1685 3548 1940 3610 temperat,
1968 3542 2107 3598 sicut

509 3633 742 3705 Petrus(
772 3632 956 3687 Matth.
990 3648 1097 3697 xw,
1129 3630 1199 3687 50
1221 3632 1259 3700 ).
1312 3630 1404 3687 Ille
1423 3631 1566 3687 enim
1593 3631 1766 3688 calcat
1789 3631 1983 3690 ﬂuctus
2010 3634 2108 3690 htt-

506 3729 598 3799 jus
624 3727 826 3792 smculi,
852 3725 940 3795 qui
966 3724 1137 3796 diligit
1161 3723 1427 3779 inimicos.
1471 3721 1717 3778 Christus
1743 3722 1797 3778 in
1828 3726 1961 3779 mari
1991 3742 2107 3780 am-

510 3819 729 3876 bulabat
778 3816 1093 3887 intrepidus,
1141 3815 1293 3883 cujus
1333 3814 1550 3870 omnino
1592 3815 1660 3871 de
1706 3815 1870 3873 corde
1909 3816 2107 3875 auferri

509 3927 619 3968 non
666 3919 872 3981 poterat
918 3908 1117 3963 inimici
1165 3907 1423 3962 dilectio:
1456 3906 1542 3978 qui
1577 3907 1813 3976 pendens
1854 3907 1906 3985 in
1947 3924 2107 3967 cruce

510 4002 740 4068 dicebat,
775 3999 951 4067 Pater,
982 4001 1186 4071 ignosce
1210 3998 1333 4061 illis,
1364 3999 1484 4071 quia
1509 3999 1737 4054 nesciunt
1763 4000 1887 4071 quid
1912 4001 2107 4069 faciunt

515 4096 537 4168 (
554 4096 677 4151 an.
704 4110 863 4161 xxtn,
894 4094 962 4150 34
982 4092 1020 4164 ).
1053 4094 1117 4148 Et
1146 4091 1336 4148 Petrus
1358 4091 1522 4146 voluit
1546 4091 1839 4148 ambulare.
1870 4092 1965 4148 Ille
1991 4103 2106 4149 tan-

509 4205 668 4263 quam
696 4195 873 4257 caput,
894 4186 1084 4242 Petrus
1110 4193 1359 4257 tanquam
1381 4200 1578 4256 corpus
1606 4203 1619 4241 :
1648 4186 1767 4256 quia
1794 4203 1949 4255 super
1975 4186 2107 4243 Itane

510 4292 706 4355 petram
730 4323 745 4347 ,
776 4280 966 4351 inquit,
993 4278 1257 4349 aediﬁcabo
1285 4278 1566 4334 Ecclesium
1598 4297 1780 4336 meam.
1806 4280 1996 4337 Iussus
2024 4291 2108 4340 est

510 4375 818 4440 ambulare,
851 4382 905 4428 et
944 4372 1252 4427 ambulabat
1289 4372 1455 4441 gratia
1486 4372 1743 4441 jubentis,
1771 4389 1876 4430 non
1909 4373 2106 4434 viribus

509 4469 642 4525 suis.
689 4465 794 4525 Sed
840 4482 961 4522 cum
1012 4465 1220 4521 videret
1262 4473 1476 4520 ventum
1518 4464 1772 4534 validum,
1820 4467 2021 4534 timuit;
2054 4477 2108 4525 et

507 4560 681 4631 mergi
706 4559 816 4628 jam
844 4566 1104 4628 cmperat,
1133 4556 1483 4612 conturbatus
1506 4557 1557 4611 in
1581 4558 1965 4614 exercitatione
1985 4575 2104 4616 sua.

508 4654 553 4710 Α
586 4667 694 4724 quo
720 4660 879 4707 vento
906 4648 1127 4704 valido?
1160 4648 1205 4703 A
1232 4664 1350 4703 voce
1376 4649 1604 4713 inimici,
1644 4659 1690 4704 ct
1718 4668 1751 4705 a
1783 4651 2106 4709 tribulatione

511 4743 807 4817 peccatoris.
854 4741 995 4813 Ergo
1032 4741 1302 4813 quomodo
1328 4741 1415 4797 ille
1453 4741 1701 4797 clamavit
1740 4744 1796 4799 in
1838 4742 2103 4815 ﬂuctibus,

510 4836 747 4903 Domine,
779 4851 946 4907 pereo,
975 4835 1118 4889 salva
1140 4851 1220 4889 me
1245 4833 1457 4909 (Matth.
1486 4850 1598 4902 xtv,
1633 4836 1753 4907 50);
1784 4836 1903 4893 talis
1927 4852 1977 4894 et
2005 4838 2103 4895 hu-

503 4933 593 5006 jus
622 4947 726 4995 vox
757 4928 1049 4999 przecessit,
1068 4926 1293 4994 Exaudi,
1317 4928 1473 4996 Deus,
1499 4930 1899 5001 deprecationem
1919 4950 2101 5005 meam,

505 5036 556 5082 et
587 5042 650 5082 ne
673 5024 962 5093 despexeris
994 5040 1187 5093 precem
1215 5040 1375 5077 nteant
1399 5040 1418 5078 :
1444 5023 1645 5079 intende
1673 5027 1820 5091 mihi,
1846 5037 1893 5081 et
1917 5030 2104 5085 exaudi

507 5136 606 5174 me.
655 5117 873 5185 Quare?
911 5116 1035 5188 quid
1062 5116 1203 5171 enim
1234 5117 1470 5185 pateris?
1510 5116 1635 5186 quid
1662 5118 1871 5189 gentis?
1900 5120 2103 5176 Contri-

502 5221 665 5269 stattts
699 5227 809 5264 sunt
837 5210 891 5266 in
928 5209 1282 5264 exercitatione
1308 5226 1435 5264 mea.
1470 5209 1723 5266 Exerceti
1762 5227 1849 5268 me
1887 5214 2100 5281 quidem

506 5305 649 5363 inter
675 5305 842 5361 malos
872 5304 1090 5374 posuisti
1114 5345 1128 5366 ,
1169 5303 1262 5359 sed
1304 5302 1463 5357 nimis
1495 5318 1913 5361 exsurrexerunt
1941 5321 2101 5378 supra

506 5399 651 5453 vires
678 5411 861 5451 meas:
893 5394 1173 5465 tranquilla
1208 5394 1596 5464 perturbatum,
1629 5412 1842 5453 manum
1874 5400 2101 5455 extende

508 5487 789 5556 mergenti.
813 5485 1147 5542 Contristatus
1167 5502 1279 5539 sum
1302 5486 1355 5541 in
1376 5487 1731 5544 exercitatione
1751 5507 1880 5553 utea,
1903 5501 1949 5545 et
1979 5508 2100 5546 con-

507 5578 734 5634 turbatus
754 5595 865 5631 sum
891 5595 921 5630 a
942 5594 1059 5632 voce
1084 5578 1294 5643 inimici,
1314 5588 1360 5634 et
1383 5595 1414 5632 a
1441 5579 1762 5635 tribulatione
1784 5584 2058 5654 peccatoris
2077 5600 2098 5641 :

506 5672 741 5743 quoniam
767 5670 1141 5725 declinaverunt
1166 5671 1218 5726 in
1243 5688 1322 5726 me
1339 5672 1651 5744 iniquitatem
1676 5676 1719 5742 ³,
1750 5685 1795 5731 et
1816 5677 1867 5730 in
1894 5676 1972 5731 ira
1998 5678 2097 5733 atl-

569 5788 589 5820 ⁸
624 5785 807 5848 Aliquot
834 5793 958 5841 Mss,
982 5785 1168 5837 induat.

571 5849 594 5882 ³
624 5849 698 5900 sic
717 5850 933 5913 potiores
952 5856 1057 5903 Mss.
1077 5851 1219 5913 juxta
1234 5857 1383 5909 (ἕως).
1411 5857 1540 5905 LXX.
1563 5860 1619 5906 At
1640 5853 1773 5918 ειη,
1797 5854 2093 5931 ὶηίφιίιαιεε.

1755 346 1815 405 S.
1856 346 2230 407 AUGUSTINI
2267 348 2570 409 EPISCOPI
3705 363 3791 421 632

2219 463 2518 520 umbrabant
2557 482 2655 522 me.
2707 466 2945 526 Audistis
2991 471 3182 529 fluctus
3226 483 3289 532 et
3320 483 3520 531 ventos
3543 495 3557 532 :
3580 485 3789 550 tauquam

2216 552 2865 625 humiliatoinsultahant.
2889 573 2943 618 et
2963 564 3052 621 ille
3071 566 3295 634 orabat;
3325 568 3565 640 nudique
3588 571 3654 625 illi
3677 585 3788 631 Stre-

2214 648 2327 721 pitu
2372 650 2730 707 insultationis
2755 654 3067 724 saeviebant,
3113 667 3169 712 at
3209 645 3312 714 ille
3353 658 3505 714 intus
3549 661 3789 724 invocabat

2212 754 2369 811 quem
2400 758 2507 798 non
2536 743 2805 801 videbant.
3068 797 3077 806 .

2286 830 2338 886 6.
2368 831 2499 887 Cum
2535 836 2733 904 aliquid
2774 838 2879 894 tale
2916 839 3113 910 patitur
3139 842 3508 908 cltristianus,
3540 861 3641 901 non
3662 848 3790 910 debet

2213 920 2371 980 facile
2408 925 2553 981 velut
2587 927 2710 982 odio
2756 930 2834 985 ire
2874 931 2925 985 in
2967 948 3094 988 eum
3137 949 3169 990 a
3206 950 3323 1007 quo
3355 938 3584 1008 patitur,
3611 951 3662 997 et
3682 945 3791 1003 velle

2212 1026 2428 1071 ventum
2459 1019 2709 1087 vincere;
2740 1021 2833 1076 sed
2869 1036 3186 1082 convertere
3205 1042 3267 1082 se
3295 1027 3369 1083 ad
3403 1036 3714 1101 eratlonem,
3739 1053 3792 1095 ne

2209 1108 2416 1164 amittat
2443 1108 2800 1167 dilectionem.
2825 1111 3008 1186 Neque
3030 1118 3172 1172 enim
3199 1117 3516 1176 timendum
3541 1133 3621 1177 est
3641 1141 3700 1181 ne
3715 1128 3791 1182 ali-

2211 1200 2337 1270 quid
2368 1201 2524 1257 faciat
2551 1203 2711 1257 homo
2740 1207 3005 1263 inimicus.
3049 1210 3187 1277 Quid
3216 1211 3374 1268 enim
3419 1213 3657 1273 facturus
3690 1221 3791 1275 est?

2211 1290 2372 1346 Multa
2402 1294 2541 1349 mala
2566 1294 2831 1364 dicturus,
2860 1301 3146 1370 opprobria
3164 1302 3541 1375 jaculaturus,
3564 1309 3614 1364 in
3642 1314 3792 1369 convi-

2210 1384 2308 1440 ciis
2331 1387 2612 1444 serviturus
2644 1407 2657 1444 :
2687 1392 2779 1447 sed
2810 1393 2934 1464 quid
2965 1395 3097 1450 tibi?
3142 1394 3406 1467 Gaudete,
3442 1399 3629 1470 inquit,
3658 1414 3699 1456 et
3721 1422 3791 1459 er.

2209 1476 2395 1532 sultate
2405 1481 2641 1550 quoniam
2664 1500 2848 1539 merces
2862 1496 3022 1541 vestra
3045 1503 3232 1560 magna
3258 1490 3417 1545 estin
3444 1494 3587 1547 cadis
3607 1494 3787 1561 (Matth.

2211 1583 2268 1635 v,
2301 1569 2427 1642 12).
2467 1570 2558 1628 ille
2585 1574 2637 1628 in
2667 1583 2803 1631 terra
2832 1579 3071 1648 geminat
3099 1581 3375 1651 convicia,
3410 1592 3470 1639 tu
3503 1586 3557 1640 in
3585 1589 3711 1647 etzlo
3732 1590 3793 1644 luo

2210 1676 2322 1717 cra.
2364 1662 2469 1721 Sed
2497 1667 2682 1722 saeviat
2707 1670 2957 1740 amplius,
2995 1672 3163 1744 possit
3200 1682 3257 1730 et
3295 1674 3511 1747 aliquid
3542 1681 3787 1751 amplius:

2209 1756 2335 1826 quiti
2369 1766 2420 1814 te
2448 1762 2708 1826 securius,
2731 1764 2813 1819 cui
2840 1764 3038 1822 dictum
3066 1777 3150 1822 est
3173 1811 3188 1834 ,
3218 1767 3410 1825 Nolite
3431 1772 3610 1827 timere
3632 1791 3708 1830 eos
3724 1780 3792 1848 qui

2209 1864 2394 1921 corpus
2439 1853 2694 1913 occidunt.
2725 1856 2948 1912 anintant
2985 1869 3153 1915 autem
3194 1877 3302 1916 non
3349 1873 3570 1934 possunt
3597 1866 3788 1923 occidere

2212 1940 2321 2015 (Id.
2352 1959 2403 2009 ι,
2427 1943 2564 2015 28)?
2601 1947 2735 2016 Quid
2765 1961 2849 2005 est
2879 1966 3007 2022 ergo
3033 1952 3338 2011 timendum
3378 1956 3600 2028 quando
3623 1959 3788 2029 pateris

2210 2034 2525 2093 inimicum?
2544 2038 2622 2095 Ne
2651 2043 2999 2098 conturbetur
3021 2044 3113 2100 tibi
3138 2045 3366 2103 dilectio
3393 2063 3501 2119 qua
3526 2048 3692 2119 diligis
3709 2050 3785 2103 iui-

2209 2128 2429 2185 micum.
2463 2131 2670 2214 Etenim
2701 2134 2945 2192 inimicus
2971 2137 3060 2192 ille
3096 2137 3295 2214 homo,
3335 2155 3472 2196 caro
3500 2152 3557 2198 et
3584 2142 3783 2213 sanguis,

2208 2223 2351 2291 quod
2383 2222 2523 2278 videt
2549 2212 2615 2280 in
2656 2236 2706 2282 te
2741 2228 2961 2299 appetit.
3007 2212 3157 2284 Alius
3198 2239 3388 2288 autem
3437 2212 3778 2291 iuimicusroc-

2210 2313 2384 2369 cultus
2408 2357 2423 2381 ,
2464 2327 2642 2372 rector
2679 2318 2865 2373 harum
2899 2322 3237 2378 tenebrarum
3276 2339 3421 2395 quas
3452 2332 3510 2380 tu
3542 2327 3721 2396 pateris
3740 2327 3779 2381 in

2209 2420 2369 2460 carne
2395 2416 2451 2462 et
2479 2409 2755 2480 sanguine,
2779 2411 3005 2469 alterum
3032 2416 3303 2471 occultum
3340 2426 3496 2472 tuum
3530 2417 3671 2488 petit,
3693 2418 3782 2474 tlte-

2210 2512 2398 2552 sauros
2426 2508 2545 2556 tuos
2573 2500 2856 2560 interiores
2895 2505 3193 2576 depraedari
3230 2518 3286 2563 et
3330 2519 3557 2566 vastare
3581 2510 3780 2566 molitur.

2209 2589 2355 2646 Duos
2378 2606 2507 2664 ergo
2543 2593 2788 2650 inimicos
2814 2597 3079 2653 constitue
3109 2599 3204 2655 tibi
3241 2609 3375 2657 ante
3405 2601 3624 2668 oculos;
3653 2616 3779 2657 unum

2209 2691 2476 2752 apertttm,
2504 2693 2559 2739 et
2586 2684 2814 2742 alterum
2842 2687 3114 2744 occultum
3145 2708 3159 2742 :
3192 2700 3474 2761 apertum,
3508 2692 3778 2758 hominem;

2209 2774 2496 2842 occultum,
2524 2775 2814 2832 diabolum.
2848 2778 3019 2835 llomo
3040 2778 3129 2837 ille
3156 2779 3258 2838 hoc
3276 2792 3365 2839 est
3383 2784 3529 2856 quod
3553 2794 3605 2839 tu
3622 2798 3776 2840 secun-

2208 2864 2336 2921 dum
2382 2877 2622 2923 naturam
2669 2871 2976 2938 humanam,
3009 2874 3303 2931 secundum
3334 2876 3502 2932 fidem
3550 2883 3709 2933 autem
3741 2884 3780 2932 et

2210 2959 2549 3019 dilectionem
2566 2964 2803 3021 nondum
2822 2967 2963 3037 quod
2983 2974 3060 3033 tu,
3081 2968 3175 3025 sed
3205 2970 3410 3041 poterit
3429 2986 3553 3028 esse
3575 2969 3700 3041 quod
3718 2977 3773 3024 tu.

2208 3048 2343 3107 Cum
2388 3068 2517 3124 ergo
2549 3054 2656 3109 sint
2690 3054 2820 3122 duo,
2853 3074 3015 3113 unum
3063 3059 3207 3129 vide,
3254 3062 3491 3117 alterum
3539 3060 3772 3130 intellige;

2210 3161 2376 3203 unum
2405 3146 2586 3220 dilige,
2615 3149 2842 3206 alterum
2866 3166 3018 3225 cave.
3066 3151 3309 3226 Namque
3353 3164 3411 3211 et
3454 3155 3683 3211 inimicus
3710 3152 3774 3207 ille

2208 3254 2368 3311 quem
2396 3240 2565 3310 vides,
2600 3242 2702 3298 hoc
2739 3244 2791 3299 in
2837 3252 2890 3300 te
2923 3245 3037 3301 vult
3074 3246 3363 3305 humiliare
3394 3248 3540 3305 unde
3567 3248 3772 3304 vincitur.

2212 3331 2370 3388 Verbi
2396 3333 2587 3404 gratia,
2603 3334 2647 3389 si
2665 3334 2866 3391 divitiis
2891 3337 2995 3393 tuis
3022 3338 3273 3403 vincitur,
3302 3355 3596 3412 pauperem
3623 3348 3669 3395 te
3688 3337 3768 3392 wit

2210 3421 2416 3492 facere;
2445 3425 2488 3479 si
2510 3424 2716 3482 honore
2738 3435 2828 3482 tuo
2844 3427 3095 3496 vincitur,
3118 3430 3377 3488 humilem
3398 3441 3451 3487 te
3472 3433 3583 3485 vult
3601 3431 3769 3494 facere;

2209 3514 2257 3571 si
2280 3515 2484 3571 viribus
2514 3517 2616 3572 luis
2646 3518 2913 3588 vincitur,
2956 3520 3189 3577 debilem
3235 3529 3289 3580 te
3333 3523 3450 3580 vult
3504 3522 3768 3578 facerem

2211 3623 2340 3680 ergo
2386 3610 2612 3665 attendit
2653 3612 2706 3667 in
2756 3618 2809 3669 te
2853 3614 2935 3669 vel
2985 3612 3220 3683 dejicere
3246 3617 3335 3675 vel
3374 3616 3589 3675 auferre
3612 3614 3766 3689 quibus

2212 3701 2459 3756 vincitur.
2500 3701 2571 3757 Et
2607 3703 2695 3759 ille
2730 3705 2973 3761 occultus
2997 3706 3248 3765 inimicus
3284 3708 3421 3767 illud
3450 3710 3540 3767 tibi
3564 3708 3667 3764 vult
3689 3704 3765 3760 tol-

2212 3791 2323 3848 lere
2350 3793 2489 3849 unde
2526 3794 2771 3851 vincitur.
2828 3796 3002 3855 Homo
3038 3803 3182 3855 enim
3222 3801 3501 3859 hominem
3522 3799 3764 3858 vincishu-

2211 3899 2367 3940 mana
2411 3884 2665 3943 felicitate
2688 3930 2704 3957 ,
2744 3888 3015 3946 diabolum
3043 3902 3221 3949 autem
3242 3894 3418 3952 vincis
3442 3893 3634 3951 inimici
3658 3890 3763 3947 dile-

2211 3978 2407 4033 ctione.
2451 3976 2732 4046 Quomodo
2775 3995 2905 4052 ergo
2948 3980 3112 4040 homo
3140 3985 3312 4042 ambit
3353 3985 3568 4043 auferre
3606 3982 3703 4050 tibi,
3723 3987 3764 4036 et

2213 4066 2553 4134 detruncare,
2584 4082 2673 4127 aut
2712 4075 2992 4131 evertere‘
3039 4075 3350 4136 felicitatem
3391 4096 3497 4152 qua
3539 4076 3759 4141 vincitur;

2212 4160 2290 4215 sic
2316 4172 2369 4217 et
2398 4162 2643 4218 diabolus
2672 4164 2947 4221 hominem
2972 4167 3085 4223 vult
3105 4170 3321 4228 vincere
3344 4169 3629 4229 auferendo
3650 4164 3759 4224 unde

2211 4250 2460 4307 vincitur.
2505 4254 2610 4309 Sed
2649 4270 2775 4312 cura
2807 4257 2858 4311 in
2892 4258 3057 4315 corde
3083 4273 3301 4320 servare
3329 4262 3529 4319 inimici
3557 4256 3758 4316 dilectio-

2212 4361 2358 4416 nem,
2385 4364 2484 4418 qua
2512 4349 2780 4405 diabolum
2805 4352 2992 4409 vineis.
3022 4353 3219 4411 Satriat
3244 4355 3409 4413 homo
3432 4363 3664 4429 quantum
3686 4363 3756 4420 p0-

2214 4447 2316 4495 test
2340 4481 2355 4499 .
2386 4441 2592 4497 auferat
2614 4442 2866 4513 quidquid
2895 4455 3104 4515 potest;
3146 4449 3191 4503 si
3221 4448 3461 4521 diligitur
3484 4453 3651 4519 aperte
3674 4455 3755 4497 53'

2212 4534 2383 4601 vicus,
2414 4534 2585 4589 victus
2614 4544 2697 4590 est
2724 4537 2932 4594 occulte
2960 4540 3207 4595 sreviens.

2283 4628 2339 4683 7.
2379 4628 2448 4683 At
2476 4629 2577 4684 iste
2602 4630 2948 4687 conturbatus
2987 4634 3415 4702 et,coutristatus
3434 4632 3626 4698 orabat,
3661 4636 3750 4683 tau-

2210 4739 2370 4795 quam
2413 4723 2621 4781 turbato
2654 4741 2761 4795 prie
2786 4726 2861 4781 ira
2888 4726 3047 4783 oculo
3092 4742 3212 4784 suo.
3258 4729 3339 4786 ira
3367 4744 3498 4786 vero
3528 4723 3684 4782 fratris
3712 4716 3746 4774 si

2212 4814 2371 4872 fuerit
2398 4817 2714 4885 inveterata,
2753 4819 2863 4890 jam
2892 4820 3073 4876 odium
3103 4832 3206 4879 est.
3254 4821 3335 4879 Ira
3365 4823 3535 4879 turbat
3557 4816 3744 4876 oculum,

2210 4910 2392 4966 odium
2433 4911 2724 4982 exstinguit
2755 4929 2768 4966 :
2802 4913 2877 4968 ira
2907 4912 3106 4969 festuca
3132 4925 3233 4983 est,
3276 4916 3454 4973 odium
3482 4911 3641 4970 trabes
3664 4909 3740 4959 cst-

2210 5001 2513 5072 Aliqnaudo
2551 5002 2712 5058 odisti
2764 5013 2819 5060 et
2871 5005 3098 5076 corripis
3142 5007 3486 5074 irascentem;
3533 5005 3654 5059 inte
3682 5000 3740 5050 εει

2209 5097 2414 5162 odium,
2445 5097 2495 5152 iu
2539 5096 2629 5152 illo
2664 5098 2740 5152 ira
2767 5114 2925 5170 quem
2951 5100 3214 5171 corripis:
3248 5104 3435 5158 merito
3463 5098 3545 5155 tibi
3570 5091 3734 5150 dicitur.

2209 5191 2353 5262 Ejice
2374 5192 2595 5263 primum
2626 5194 2814 5248 trabent
2842 5195 2904 5247 de
2927 5195 3075 5250 oculo
3098 5206 3208 5261 tuo,
3240 5206 3286 5251 et
3313 5198 3384 5252 sic
3413 5190 3581 5249 videbis
3601 5183 3739 5255 ejitm

2209 5285 2449 5356 festucam
2475 5283 2537 5338 de
2562 5283 2709 5338 oculo
2734 5284 2910 5356 fratris
2940 5288 3011 5340 tui
3037 5286 3253 5356 (Matth.
3282 5289 3334 5357 7,
3363 5289 3441 5359 5).
3465 5283 3582 5342 Nam
3597 5283 3643 5331 ut
3662 5284 3734 5372 nti-

2207 5374 2389 5431 veritis
2417 5386 2672 5447 quantnm
2702 5376 2910 5432 intersit
2939 5377 3078 5433 inter
3119 5379 3253 5435 iram
3288 5390 3343 5436 et
3366 5378 3535 5436 odium
3561 5389 3575 5426 :
3600 5369 3730 5438 quott-

2204 5469 2291 5526 die
2323 5469 2566 5526 homines
2596 5471 2897 5527 irascuntur
2937 5471 3062 5528 filiis
3103 5474 3255 5539 suis;
3306 5473 3428 5531 date
3463 5468 3543 5543 qui
3565 5455 3726 5520 oderint

2205 5561 2345 5617 ﬁlios
2373 5576 2520 5617 suos.
2572 5561 2928 5620 Conturbatus
2969 5564 3068 5619 iste
3114 5565 3303 5621 orabat
3342 5575 3395 5622 et
3427 5557 3723 5650 contristati”.

2204 5654 2411 5709 luctans
2451 5655 2709 5709 adversm;
2749 5658 2927 5711 omnia
2975 5658 3212 5714 convicia
3250 5657 3476 5715 omnium
3509 5643 3718 5707 convicia-

2204 5754 2419 5812 torum;
2452 5762 2556 5801 non
2588 5756 2645 5801 ut
2673 5747 2903 5817 aliquem
2951 5763 3137 5805 eorum
3181 5751 3471 5807 convicium
3498 5727 3717 5800 referendo

2267 5859 2287 5891 ⁸
2322 5858 2454 5922 Fdd.,
2478 5866 2711 5913 avertere.
2737 5869 2794 5925 At
2816 5867 2946 5925 1155.,
2963 5868 3193 5916 evertere.
