3942 6434
210 407 312 469 6'53

217 533 460 598 vinceret,
511 531 606 588 sed
647 547 716 589 ne
755 530 986 605 aliquem
1013 546 1198 590 eorum
1237 529 1460 587 odisset.
1495 527 1631 583 Hinc
1652 530 1792 589 orat,

219 625 334 681 hinc
368 618 511 694 petit.
544 624 588 678 Α
614 640 733 679 uoce
753 625 963 689 inimici,
1011 634 1059 680 et
1082 641 1115 679 a
1139 621 1461 678 tribulatione
1485 616 1799 692 peccatoris:

216 717 440 789 quoniam
484 716 860 771 declinaverunt
911 716 966 771 in
1006 732 1086 771 me
1131 715 1465 786 iniquitatem,
1530 721 1576 767 et
1618 710 1673 765 in
1720 708 1800 764 ira

216 809 571 865 aduntbrubant
608 825 705 863 me.
753 806 854 864 Cor
896 824 1062 863 meum
1111 805 1467 862 conturbatum
1499 804 1656 859 estin
1695 819 1794 856 me.

218 903 325 959 lloc
346 911 422 955 est
453 899 579 955 illud
603 900 727 954 alibi
756 898 955 955 dictum
982 918 997 953 ε
1030 897 1283 954 Turbatus
1302 906 1373 952 est
1395 911 1502 968 prce
1519 898 1598 950 ira
1623 893 1801 949 oculus

216 1013 348 1052 meus
370 994 536 1067 (Psal.
567 1009 643 1060 vr,
675 992 753 1065 8).
779 991 845 1049 Et
868 992 913 1049 si
940 993 1127 1049 oculus
1158 991 1397 1047 turbatus
1417 998 1516 1052 est,
1549 986 1676 1059 qttid
1709 1002 1800 1042 se-

210 1089 425 1163 quitur?
452 1087 521 1143 Et
546 1099 704 1142 metus
733 1089 907 1143 mortis
943 1087 1122 1143 cecidit
1158 1101 1307 1157 super
1332 1102 1431 1141 me.
1471 1082 1591 1139 Vita
1616 1088 1801 1138 nostra

210 1184 418 1241 dilectio
460 1191 539 1237 est
572 1200 585 1235 :
633 1180 678 1236 si
707 1181 810 1235 vita
841 1180 1080 1244 dilectio,
1130 1194 1276 1235 mors
1302 1177 1484 1233 odium
1520 1185 1622 1232 est.
1666 1174 1799 1232 Cum

210 1277 429 1347 cu'perit
451 1275 612 1329 homo
642 1274 830 1329 timere
867 1287 933 1329 ne
953 1272 1127 1328 oderit
1153 1286 1313 1342 quem
1335 1269 1611 1341 diligebat,
1649 1283 1800 1323 mor-

212 1378 321 1439 tem
349 1369 526 1433 timet;
567 1376 623 1421 et
648 1366 908 1420 acriorem
949 1374 1200 1428 mortem,
1233 1373 1286 1419 et
1313 1363 1627 1418 interiorem
1656 1374 1801 1415 mor-

215 1471 343 1527 tem,
384 1476 481 1531 qua
521 1457 783 1514 occiditur
825 1457 1023 1523 anima,
1065 1472 1169 1511 non
1204 1470 1420 1525 corpus.
1472 1451 1802 1510 Attendebas

214 1553 477 1609 hominem
508 1550 816 1606 sterientem
841 1549 1001 1605 inte:
1034 1547 1161 1619 quid
1183 1558 1298 1602 erat
1327 1545 1585 1608 facturus,
1613 1552 1800 1599 contra

215 1663 368 1717 quem
397 1644 485 1698 tibi
507 1643 849 1699 securitatem
877 1650 999 1696 tuus
1030 1641 1286 1695 Dominus
1316 1637 1557 1703 dederat,
1591 1634 1799 1701 dicens,

218 1739 390 1795 Nolite
422 1738 592 1791 timere
623 1751 706 1790 eos
742 1734 828 1805 qui
857 1750 1043 1804 corpus
1069 1732 1304 1788 occidunt
1343 1730 1558 1802 (Matth.
1586 1745 1642 1797 Χ,
1669 1726 1801 1799 28)?

222 1832 319 1890 Ille
342 1829 603 1886 saeviendo
617 1844 810 1899 corpus
828 1827 1041 1893 occidit,
1069 1836 1125 1881 tu
1150 1825 1274 1881 odio
1295 1823 1547 1880 habendo
1566 1823 1799 1877 animam

219 1922 491 1988 occidisti;
529 1930 586 1977 et
613 1920 699 1975 ille
723 1933 918 1990 corpus
959 1918 1215 1985 alienum,
1266 1927 1323 1973 tu
1359 1916 1592 1972 animam
1633 1925 1799 1970 tuam.

223 2014 383 2072 Metus
403 2030 525 2087 ergo
554 2013 729 2067 mortis
753 2012 929 2066 cecidit
956 2027 1106 2083 super
1132 2026 1228 2065 me.

294 2109 345 2165 8.
384 2106 525 2182 [vers.
559 2102 704 2178 6-8.]
748 2102 926 2159 Timor
956 2111 1003 2158 et
1041 2112 1229 2157 tremor
1249 2109 1488 2157 venerunt
1627 2117 1681 2154 er
1701 2115 1799 2169 me,

294 2206 603 2255 contexerant
633 2213 712 2250 me
750 2196 984 2249 tenebrw.
1017 2193 1084 2248 Et
1112 2194 1237 2249 dixi.
1269 2193 1367 2263 Qui
1398 2118 1799 2265 Matrem

226 2210 271 2258 ct
292 2171 603 2255 coniecerunt
633 2171 712 2250 me
750 2196 984 2249 tenebrw.
1017 2193 1084 2248 Et
1112 2194 1237 2249 dixi.
1269 2193 1367 2263 Qui
1398 2171 1587 2263 ω
1582 2191 1801 2247 fratrem

228 2311 393 2359 suum,
425 2294 473 2346 in
505 2289 737 2345 tenebris
766 2298 849 2345 est
876 2303 1045 2359 usque
1075 2285 1267 2341 adhuc.
1296 2285 1351 2341 Si
1381 2285 1594 2340 dilectio
1625 2285 1802 2339 lumen

228 2400 327 2452 est,
356 2386 526 2440 odium
574 2382 806 2438 tenebrae
837 2381 882 2453 (l
917 2380 1072 2434 Joan.
1106 2395 1163 2444 ll,
1196 2378 1376 2448 9-H).
1430 2377 1498 2433 Et
1540 2376 1664 2445 quid
1704 2374 1803 2431 sibi

228 2482 302 2536 ait
326 2482 370 2534 iu
398 2479 478 2533 illa
523 2477 829 2532 inﬁrmitate
867 2474 1089 2545 positus,
1138 2472 1275 2528 etin
1311 2471 1397 2527 illa
1425 2468 1806 2525 exercitatione

227 2572 493 2631 turbatus?
538 2570 663 2638 Quis
701 2569 839 2623 dabit
885 2567 1009 2620 mihi
1054 2582 1242 2637 pennas
1283 2565 1411 2619 sicut
1454 2561 1718 2627 columine,
1761 2567 1808 2614 et

224 2666 413 2734 volabo,
437 2675 483 2719 et
500 2660 848 2733 requiescam?
872 2661 909 2713 Α
920 2668 973 2713 ιιι
999 2666 1223 2712 mortem
1245 2653 1482 2726 optabat,
1508 2662 1597 2707 aut
1619 2650 1804 2706 solitu-

226 2761 394 2818 dinem
409 2756 763 2815 desiderabat.
787 2751 1068 2824 Quamdiu,
1091 2749 1280 2822 inquit,
1305 2748 1355 2803 id
1379 2761 1586 2802 mecum
1609 2746 1804 2816 agitur,

229 2851 278 2909 id
304 2852 424 2907 milti
454 2849 759 2922 prircipitur
780 2856 836 2901 ut
860 2845 1102 2900 inimicos
1128 2841 1367 2913 diligam,
1399 2839 1638 2896 convicia
1675 2837 1807 2893 isto-

231 2965 338 3003 rum
384 2941 775 3002 crebrescentia
819 2949 874 2996 et
921 2938 1289 2994 adumbrantia
1336 2951 1442 3003 me,
1470 2940 1810 2990 commovent

228 3040 427 3097 oculum
476 3052 674 3102 meum;
719 3030 1032 3105 perturbant
1071 3029 1246 3085 lumen
1286 3043 1501 3095 meum,
1551 3031 1812 3096 appetunt

230 3147 317 3188 cor
360 3146 556 3198 meum,
611 3123 938 3182 interﬁciunt
986 3122 1218 3178 animam
1268 3135 1465 3176 meam.
1507 3116 1712 3174 Vellem
1753 3125 1813 3172 ut

231 3223 439 3290 abirem,
469 3220 563 3277 sed
592 3219 833 3274 inﬁrmus
853 3232 993 3282 sum,
1030 3231 1099 3271 ne
1130 3213 1395 3270 manendo
1421 3226 1647 3284 augeant
1676 3224 1809 3282 pec-

232 3326 337 3372 cata
360 3314 622 3385 peccatis:
651 3321 742 3368 aut
760 3322 906 3367 certe
928 3324 1209 3381 separarer
1243 3308 1513 3379 paululum
1549 3321 1583 3364 a
1609 3320 1810 3379 genere

232 3410 471 3473 humano,
500 3424 569 3465 nc
598 3407 829 3480 patiatur
846 3405 1041 3461 vulnus
1065 3420 1241 3460 meum
1271 3403 1490 3460 crebras
1517 3402 1717 3473 plagas,
1751 3408 1813 3456 ut

227 3513 459 3557 sanatum
502 3497 866 3557 exercitationi
906 3495 1180 3552 reddatur.
1223 3495 1309 3551 Fit
1349 3493 1472 3555 hoc.
1511 3494 1724 3562 fratres,
1754 3501 1811 3550 et

225 3596 385 3665 surgit
413 3594 728 3666 plerumque
769 3590 822 3645 in
851 3589 1031 3644 animo
1059 3588 1201 3645 servi
1229 3587 1325 3642 Dei
1362 3585 1686 3642 desiderium
1714 3599 1810 3640 so-

222 3687 474 3753 litudinis,
522 3701 634 3742 non
661 3684 730 3740 ob
757 3681 899 3737 aliud
941 3681 1044 3737 nisi
1076 3688 1295 3752 propter
1339 3679 1545 3734 turbam
1590 3677 1810 3733 tribula-

220 3784 418 3840 tionum
445 3791 500 3838 et
524 3778 920 3844 scandalorum,
948 3786 1003 3848 et
1024 3774 1151 3830 dicit
1176 3789 1191 3827 :
1221 3772 1346 3840 Quis
1375 3772 1500 3826 mihi
1529 3772 1668 3826 dabit
1688 3787 1813 3841 pen-

218 3876 348 3930 nos?
373 3872 536 3929 Videt
571 3885 630 3926 se
667 3870 783 3925 sine
809 3865 1023 3940 pennis,
1063 3880 1135 3920 an
1168 3864 1346 3935 potius
1382 3861 1566 3941 ligatis
1583 3861 1810 3932 pennis?

218 3965 273 4025 Si
302 3967 524 4033 desunt,
552 3963 785 4029 dentur;
833 3961 878 4017 si
915 3959 1089 4031 ligatae
1129 3962 1274 4026 sunt,
1319 3954 1599 4013 colvantur
1630 3971 1643 4007 :
1688 3952 1811 4024 quia

217 4062 377 4119 etiam
428 4059 524 4133 qui
565 4057 724 4115 solvit
758 4069 962 4128 pennas
998 4053 1104 4117 avi,
1151 4058 1244 4107 aut
1271 4049 1362 4106 dat
1393 4058 1486 4106 aut
1531 4047 1707 4106 reddit
1732 4048 1811 4105 illi

218 4168 421 4226 pennas
449 4166 599 4209 suas.
650 4147 766 4206 Non
805 4148 947 4205 enim
978 4144 1212 4201 habebat
1243 4158 1335 4200 eas
1374 4151 1628 4216 tanquam
1659 4157 1808 4210 suas,

226 4247 412 4318 quibus
438 4245 621 4301 volare
662 4257 770 4299 non
808 4247 1035 4313 poterat.
1081 4237 1282 4310 Ligata:
1329 4252 1518 4307 penum
1554 4251 1692 4292 onus
1729 4235 1813 4291 fa-

233 4339 389 4395 ciunt.
423 4338 570 4407 Quis,
606 4334 799 4407 inquit,
829 4331 968 4387 dabit
999 4330 1123 4385 nti/ti
1152 4346 1346 4402 pennas
1380 4329 1509 4384 sicut
1542 4328 1809 4397 columbae,

233 4442 279 4486 et
300 4431 489 4496 volabo,
527 4439 575 4486 et
599 4427 944 4501 requiescant?
973 4424 1311 4495 Requiescet,
1355 4422 1488 4478 ubi?
1528 4422 1673 4478 Duos
1702 4423 1812 4479 dixi

233 4517 413 4582 sensus
438 4506 525 4580 hic
564 4537 685 4580 esse
713 4540 727 4577 :
752 4527 845 4576 aut
876 4518 1016 4575 sicut
1042 4516 1118 4572 ait
1140 4515 1447 4587 Apostolus,
1490 4513 1730 4583 Dissolvi,
1765 4524 1813 4572 et

227 4635 331 4678 esse
354 4635 466 4675 cum
490 4616 712 4680 Christo,
742 4612 901 4667 multo
925 4611 1059 4666 enim
1089 4610 1253 4682 magis
1291 4609 1555 4680 optimum.
1597 4607 1812 4665 Etenim

224 4722 281 4770 et
318 4714 427 4784 ipse
465 4708 714 4784 quamvis
757 4705 928 4772 fortis,
976 4701 1224 4774 quamvis
1273 4716 1517 4771 magnus,
1569 4702 1814 4773 quamvis

221 4807 384 4865 corde
406 4803 828 4867 robustissimus,
874 4796 1124 4871 quamvis
1162 4795 1217 4850 in
1239 4792 1453 4850 Christo
1482 4792 1637 4851 miles
1676 4796 1809 4851 invi-

222 4908 359 4969 ctus,
386 4899 437 4955 in
465 4894 849 4954 exercitatione
875 4905 993 4958 sua,
1021 4894 1277 4961 quantum
1299 4885 1543 4957 legimus,
1587 4894 1812 4943 contur-

220 4989 372 5050 ltatus
419 4999 525 5055 est,
559 4997 616 5045 et
647 4988 765 5041 ait:
808 4981 889 5039 De
915 4993 1096 5039 cratera
1132 4994 1279 5035 nemo
1316 4977 1441 5032 mihi
1484 4978 1721 5033 molestus
1749 4980 1814 5035 sit

226 5084 365 5157 (Gal.
387 5101 463 5152 vi,
493 5082 608 5147 l7).
636 5078 912 5149 Tanquam
947 5076 1151 5131 diceret
1185 5070 1255 5128 de
1297 5068 1389 5126 illo
1426 5069 1670 5141 psalmo:
1701 5069 1814 5126 Tce—

223 5178 358 5233 dium
383 5175 601 5233 detinuit
627 5188 708 5228 me
743 5188 775 5226 α
801 5168 1143 5244 peccatoribus
1169 5165 1626 5240 derelinquentibus
1652 5165 1811 5237 legem

230 5281 358 5328 tuam
389 5268 564 5343 (Psal.
598 5279 780 5330 cmu,
808 5263 921 5334 55).
950 5258 1189 5317 Conatur
1228 5274 1357 5331 ergo
1385 5257 1548 5314 homo
1575 5258 1812 5330 plerum-

127 5426 135 5431 .
232 5378 325 5435 que
346 5360 618 5430 corrigere
647 5354 895 5411 homines
920 5351 1196 5419 distortos,
1227 5364 1443 5421 pravos,
1484 5349 1812 5421 pertinentes

236 5453 434 5527 quidem
457 5450 527 5507 ad
556 5461 738 5506 curam
765 5460 938 5510 suam,
979 5441 1074 5499 sed
1104 5442 1374 5516 inquibus
1400 5441 1615 5499 deﬁciat
1637 5442 1811 5501 omnis

240 5544 453 5602 humana
480 5540 741 5600 industria
766 5548 820 5595 et
846 5536 1113 5610 vigilantia
1140 5552 1154 5591 :
1182 5535 1453 5610 corrigere
1477 5551 1581 5593 non
1610 5544 1806 5608 potest,

244 5641 335 5711 pati
359 5653 578 5697 necesse
608 5644 712 5694 est.
760 5634 828 5690 Et
854 5632 944 5705 qui
985 5631 1179 5704 corrigi
1208 5646 1315 5687 non
1342 5639 1521 5707 potest
1552 5640 1674 5689 tuus
1701 5639 1803 5702 est,

246 5741 321 5788 aut
337 5732 600 5790 consortio
618 5726 831 5802 generis
847 5724 1084 5791 humani,
1108 5732 1203 5781 aut
1219 5724 1532 5798 plerumque
1550 5725 1805 5783 ecclesia-

249 5821 361 5880 stica
380 5822 751 5881 communione
771 5835 787 5887 ;
834 5818 978 5875 intus
997 5826 1099 5885 est,
1129 5811 1257 5888 quid
1285 5817 1490 5876 facies?
1532 5832 1641 5890 quo
1667 5816 1806 5875 ibis?

251 5926 420 5997 quote
444 5915 738 5992 separabis,
763 5920 826 5972 ut
851 5911 953 5971 ista
998 5923 1106 5968 non
1137 5909 1398 5983 patiaris?
1446 5909 1554 5971 Sed
1593 5911 1798 5983 adesto,

1348 402 1751 471 ENARRATIO
1786 399 1858 458 IN
1894 401 2219 462 PS‘ALMUM
2256 405 2391 465 LIV.

3390 423 3497 484 634

1908 519 2151 593 loquere,
2194 523 2498 594 exhortare,
2531 526 2799 599 blandire,
2832 531 3057 597 minare,
3094 538 3326 611 corripe.
3372 541 3499 601 Feci

1907 615 2107 678 omnia,
2150 614 2403 687 quidquid
2434 619 2624 675 virium
2655 620 2814 678 habui
2845 625 3079 695 impendi
3130 639 3186 685 et
3227 636 3499 704 expressi,

1907 704 2041 760 nihil
2073 722 2157 761 me
2175 706 2328 764 video
2354 709 2643 780 profecisse
2666 732 2683 780 ;
2710 717 2886 771 onmis
2912 732 3073 786 opera
3106 720 3370 794 insumpta
3392 738 3499 797 est,

1907 798 2062 855 dolor
2088 801 2362 856 remansit.
2394 802 2675 872 Quomodo
2700 822 2829 878 ergo
2865 812 3165 881 requiescet
3191 830 3286 871 cor
3322 834 3498 875 meum

1906 908 1937 947 a
1967 893 2181 958 talibus,
2212 894 2311 950 nisi
2343 904 2399 951 ut
2419 896 2613 964 dicam,
2640 898 2765 965 Quis
2793 902 2931 958 dabit
2956 907 3081 961 mihi
3109 924 3301 979 pennas
3321 913 3347 967 .’
3369 915 3502 971 sicut

1907 983 2154 1041 colmubte
2179 996 2376 1053 tamen,
2410 1004 2517 1045 non
2533 990 2673 1046 sicut
2689 1008 2872 1050 corvo.
2899 996 3156 1056 Coiumba
3185 1017 3215 1056 a
3243 1004 3502 1063 molestiis

1907 1081 2096 1149 qumrit
2117 1081 2493 1149 avolationem,
2526 1083 2621 1139 sed
2647 1102 2751 1141 non
2779 1090 2974 1146 amittit
2996 1091 3356 1153 dilectionem.
3396 1098 3510 1156 Co-

1907 1173 2083 1231 lumba
2115 1177 2259 1233 enim
2306 1194 2402 1248 pro
2446 1182 2599 1251 signo
2643 1181 2947 1241 dilectionis
2990 1188 3222 1258 ponitur,
3276 1202 3331 1249 et
3359 1194 3409 1251 in
3438 1211 3503 1255 ea

1905 1269 2136 1340 gemitus
2162 1280 2393 1328 amatur.
2439 1273 2582 1331 Nihil
2611 1283 2717 1331 tam
2747 1278 2975 1335 amicum
3020 1284 3302 1352 gemitibus
3340 1304 3502 1358 quam

1906 1362 2153 1418 columba
2179 1379 2192 1415 :
2218 1362 2307 1420 die
2328 1374 2592 1438 noctuque
2610 1370 2797 1438 gemit,
2834 1381 3079 1442 tanquam
3109 1375 3193 1431 hic
3219 1380 3387 1446 posita
3410 1380 3503 1438 ubi

1906 1452 2226 1522 gemendum
2254 1463 2356 1509 est.
2400 1456 2536 1523 Quid
2563 1474 2693 1529 ergo
2722 1459 2852 1517 dicit
2879 1461 2979 1518 iste
3005 1464 3269 1521 dilector?
3311 1469 3504 1529 Convi-

1906 1542 1988 1598 cia
2018 1542 2292 1600 hominum
2320 1545 2459 1603 ferre
2487 1564 2594 1604 non
2620 1566 2858 1620 possum,
2886 1555 3137 1624 stridunt,
3160 1559 3305 1616 rabie
3326 1561 3508 1621 ferun-

1908 1642 2016 1701 tur,
2066 1636 2435 1694 accenduntur
2470 1640 2767 1712 iracundia,
2816 1645 2869 1701 in
2914 1647 2989 1701 ira
3030 1649 3354 1710 adumbrant
3383 1673 3505 1725 me;

1909 1727 2163 1799 prodesse
2190 1730 2297 1787 illis
2336 1747 2439 1788 non
2482 1748 2699 1805 possum
2727 1755 2741 1791 :
2767 1738 2969 1794 utinam
3001 1745 3334 1813 requiescam
3364 1749 3505 1805 alic-

1909 1820 1996 1876 ubi
2043 1821 2111 1876 ab
2135 1822 2214 1878 eis
2240 1834 2516 1893 separatus
2558 1842 2803 1899 corpore,
2854 1848 2960 1888 non
2991 1850 3208 1904 amore;
3240 1854 3309 1896 ne
3340 1841 3390 1896 in
3419 1857 3509 1902 me

1908 1912 2253 1969 conturbetur
2283 1914 2394 1986 ipsa
2422 1917 2638 1974 dilectio
2664 1938 2677 1975 :
2704 1924 2891 1999 verbis
2913 1927 3050 1982 meis
3069 1939 3124 1983 et
3150 1932 3508 1997 collocutione
3582 1988 3591 1991 _
3632 1984 3663 1999 ,π

1908 2019 2026 2062 mea
2074 2008 2331 2077 prodesse
2357 2026 2463 2066 non
2494 2026 2732 2082 possum,
2791 2004 3241 2092 οἷΊΠίῘΓρῖοἘῖέ
3282 2022 3505 2087 forsitan

1908 2099 2161 2171 prodero,
2192 2100 2386 2157 Dicunt
2414 2104 2512 2159 ista
2536 2106 2803 2177 homines,
2840 2112 2935 2166 sed
2973 2113 3286 2187 plerumque
3326 2120 3397 2175 ita
3439 2121 3506 2177 li-

1907 2202 2103 2263 gantur
2129 2203 2187 2251 ut
2210 2197 2392 2254 volare
2432 2215 2538 2254 non
2569 2202 2791 2270 possint.
2830 2203 2992 2264 Forte
3020 2211 3292 2269 enimnon
3334 2215 3507 2289 ligan-

1911 2296 1998 2343 tur
2024 2288 2192 2355 visco,
2223 2290 2320 2346 sed
2341 2291 2575 2363 ligantur
2603 2295 2801 2353 ofﬁcio.
2831 2299 2886 2355 Si
2908 2314 3084 2358 autem
3119 2306 3351 2378 ligantur
3378 2288 3507 2370 cura

1911 2387 1967 2473 et
1992 2379 2191 2473 ofﬁcio,
2222 2392 2277 2438 et
2297 2383 2549 2441 deserere
2582 2403 2688 2443 non
2722 2402 2964 2460 possunt,
2991 2395 3171 2454 dicunt
3202 2419 3215 2455 :
3242 2401 3506 2473 Optabam

1911 2471 2138 2540 dissolvi,
2177 2484 2361 2532 etesse
2386 2496 2501 2532 cum
2531 2480 2752 2549 Christo,
2805 2487 2964 2542 multo
3003 2490 3134 2544 enim
3171 2471 3332 2566 magis
3371 2500 3508 2569 opti-

1912 2580 2082 2670 mum;
2104 2584 2307 2670 manere
2325 2570 2377 2624 in
2393 2588 2545 2628 carne
2562 2579 2898 2633 necessarium
2919 2594 3128 2653 propter
3145 2589 3260 2660 vos(
3275 2589 3507 2666 Philipp.

1913 2670 1952 2721 ι,
1981 2654 2219 2756 βεμὲι).
2247 2659 2540 2718 Columba‘
2568 2666 2790 2739 religata
2817 2670 3031 2740 affectu,
3058 2693 3163 2731 non
3195 2654 3507 2756 cupiditate,

1912 2749 2095 2805 volare
2122 2767 2227 2808 non
2270 2763 2480 2823 poterat
2508 2768 2726 2828 prepter
2752 2762 3079 2834 implendum
3100 2749 3368 2857 lpl‘llcium,
3400 2749 3510 2835 non

1914 2851 2133 2912 propter
2158 2860 2376 2915 parvum
2406 2850 2674 2907 meritum.
2695 2852 2897 2910 Tamen
2924 2850 3245 2917 desiderium
3265 2865 3316 2921 in
3345 2869 3511 2928 corde

1914 2952 2137 2994 necesse
2162 2946 2246 2994 est
2279 2949 2341 2996 ut
2367 2941 2436 2996 sit
2468 2958 2482 2995 :
2526 2958 2627 3000 nec
2665 2945 2862 3016 patitur
2886 2949 2990 3006 hoc
3014 2953 3358 3021 desiderium,
3404 2963 3511 3020 nisi
3546 2944 3559 2963 ’

1914 3029 2003 3124 qui
2020 3031 2241 3101 cmperit
2257 3033 2532 3091 ambulare
2545 3046 2826 3107 augustam
2852 3041 2998 3099 illam
3021 3045 3160 3101 viam
3181 3048 3392 3121 (Matth.
3412 3070 3507 3124 vn,

1897 3122 2007 3194 14)
2034 3139 2048 3190 ;
2078 3133 2136 3180 ut
2162 3127 2369 3182 noverit
2395 3128 2519 3198 quia
2545 3147 2649 3185 non
2674 3130 2869 3190 desunt
2898 3135 3151 3194 Ecclesia:
3180 3122 3544 3212 persecutio-il

1916 3229 2033 3283 nes,
2065 3215 2225 3271 etiam
2256 3218 2309 3273 in
2340 3217 2442 3274 hoc
2464 3227 2705 3293 tempore
2733 3227 2947 3294 quando
2970 3202 3326 3303 tranquillitas
3358 3202 3561 3303 naM

1916 3315 2004 3362 tur
2050 3307 2305 3366 Ecclesiae
2340 3310 2410 3404 ab
2443 3310 2528 3369 his
2566 3315 2781 3384 quidem
2831 3296 3323 3397 persecutionihus,
3377 3296 3555 3404 quasi

1915 3408 2178 3494 martyres
2206 3403 2375 3459 nostri
2401 3404 2540 3475 passi
2565 3415 2710 3463 sunt.
2762 3409 2877 3467 Non
2901 3422 3078 3472 autem
3109 3418 3300 3477 desunt
3325 3439 3511 3494 perse-

1915 3493 2178 3590 cutiones,
2200 3495 2338 3590 quia
2363 3511 2550 3552 verum
2580 3509 2664 3554 est
2698 3500 2828 3558 illud
2852 3522 2867 3558 :
2895 3503 3083 3563 Omnes
3110 3511 3199 3579 qui
3230 3493 3403 3571 volunt
3430 3520 3512 3590 pie

1914 3585 2157 3681 uittcrein
2188 3585 2409 3681 Christo,
2442 3592 2838 3660 persecutionem
2881 3599 3139 3668 patientur
3162 3601 3229 3675 (ll
3248 3603 3384 3663 Tim.
3428 3585 3507 3681 ιιι,

1915 3676 2031 3748 l2).
2056 3675 2173 3733 Non
2204 3678 2399 3748 pateris
2424 3683 2850 3751 persecutionem
2876 3703 2890 3741 :
2915 3704 3022 3745 non
3044 3692 3122 3747 vis
3150 3695 3234 3764 pie
3255 3675 3511 3760 vivereid

1914 3769 2152 3827 Christo.
2197 3770 2290 3828 Vis
2334 3772 2562 3843 probare
2591 3791 2775 3833 verum
2817 3793 2940 3837 esse
2982 3785 3123 3854 quod
3163 3788 3365 3846 dictum
3394 3796 3512 3850 est?

1917 3861 2098 3933 Incipe
2122 3862 2210 3934 pie
2244 3863 2425 3921 vivere
2451 3865 2504 3920 in
2528 3864 2765 3925 Christo.
2797 3869 2937 3939 Quid
2965 3884 3068 3942 est,
3114 3880 3200 3947 pie
3234 3882 3414 3939 vivere
3456 3886 3509 3941 in

1915 3953 2170 4012 Christo?
2212 3955 2280 4014 Ut
2299 3957 2563 4027 pertineat
2579 3960 2647 4016 ad
2675 3962 2880 4021 viscera
2906 3973 2995 4021 tua
3014 3970 3156 4039 quod
3181 3972 3256 4028 ait
3282 3975 3512 4045 Aposto-

1915 4047 2002 4105 lus
2033 4062 2049 4102 :
2097 4046 2224 4115 Quis
2246 4049 2556 4121 inﬁrmatur,
2598 4063 2647 4108 et
2670 4071 2763 4127 ego
2787 4073 2889 4114 non
2907 4058 3189 4130 inﬁrmor?
3228 4066 3340 4137 quis
3361 4083 3514 4124 scan-

1917 4140 2191 4209 dalizatur,
2236 4151 2287 4199 et
2313 4159 2405 4216 ego
2428 4160 2532 4201 non
2572 4162 2695 4202 uror
2732 4149 2798 4220 (ll
2820 4149 2938 4207 Cor.
2968 4167 3041 4221 ιι,
3090 4154 3183 4228 29)
3213 4157 3240 4212 ‘l
3268 4159 3509 4217 Aliorum

1917 4229 2275 4302 inﬁrmitates,
2304 4232 2532 4291 aliorum
2562 4239 2834 4311 scandala,
2856 4245 3260 4313 persecutiones
3282 4251 3358 4306 illi
3389 4251 3509 4311 fue-

1917 4333 2064 4382 runt.
2110 4323 2377 4397 Numquid
2428 4342 2556 4401 ergo
2603 4328 2799 4388 desunt
2851 4332 2955 4392 hoc
3001 4342 3279 4410 tempore?
3326 4343 3512 4404 Plures

1918 4415 2194 4474 abundant
2230 4417 2335 4475 illis
2366 4419 2456 4490 qui
2495 4435 2588 4477 eas
2613 4431 2819 4480 curant.
2868 4425 2937 4481 Et
2960 4428 3274 4505 plerumque
3298 4434 3365 4493 de
3392 4438 3511 4494 lon-

1917 4509 2118 4582 ginquo
2137 4510 2347 4567 videtur
2372 4510 2556 4582 homo,
2588 4528 2643 4570 et
2667 4515 2883 4586 dicitur,
2928 4519 3072 4578 Bene
3097 4536 3181 4580 est
3210 4527 3303 4582 illi.
3336 4530 3400 4585 Et
3427 4531 3515 4590 ille

1918 4602 2011 4674 qui
2047 4601 2194 4672 dicit,
2240 4612 2335 4659 aut
2361 4619 2457 4660 sua
2485 4615 2682 4677 gustat,
2732 4617 2791 4666 ct
2813 4609 2987 4668 aliena
3018 4630 3123 4671 non
3166 4628 3375 4687 potest;
3424 4635 3516 4681 aut

1918 4696 2058 4769 apud
2107 4713 2169 4754 se
2215 4698 2359 4770 quod
2395 4709 2571 4771 gustet
2609 4716 2717 4759 non
2757 4702 2936 4770 habet.
2980 4716 3037 4764 et
3075 4709 3229 4768 alteri
3256 4719 3512 4786 gustanti,

1918 4788 2031 4846 imo
2054 4788 2332 4846 devoranti
2375 4806 2480 4847 non
2511 4796 2853 4864 compatitur.
2895 4797 3119 4870 incipiat
3159 4819 3288 4874 ergo
3326 4808 3409 4877 pie
3430 4810 3516 4864 vi-

1919 4896 2047 4938 vere
2071 4881 2126 4938 in
2154 4882 2393 4954 Christo,
2424 4893 2479 4941 et
2509 4886 2698 4955 probet
2723 4891 2867 4959 quod
2888 4891 3083 4949 dicitur
3115 4912 3129 4949 :
3160 4898 3345 4969 incipit
3369 4900 3512 4956 desi-

1918 4974 2110 5032 derare
2146 4989 2370 5048 pennas,
2419 4976 2692 5051 elongare,
2729 4979 2936 5054 fugere,
2985 4994 3040 5042 et
3066 5002 3287 5046 manere
3329 4990 3383 5046 in
3416 4991 3515 5048 de-

1916 5077 2085 5124 serto.

1989 5161 2043 5219 9.
2085 5160 2238 5219 Unde
2272 5162 2416 5221 enim
2451 5166 2671 5237 putatis,
2701 5166 2914 5237 fratres,
2954 5173 3126 5231 servis
3162 5174 3257 5231 Dei
3297 5176 3511 5247 impleta

1918 5269 2039 5312 esse
2066 5254 2320 5313 deserta?
2347 5257 2405 5315 Si
2431 5257 2570 5317 bene
2596 5260 2702 5318 illis
2724 5274 2871 5321 esset
2894 5265 3035 5323 inter
3062 5267 3329 5335 homines,
3361 5285 3512 5328 rece-

1917 5348 2105 5405 derent
2129 5349 2198 5406 ab
2224 5351 2566 5411 hominibus?
2609 5354 2680 5412 Et
2713 5368 2892 5415 tamen
2929 5360 3054 5431 quid
3082 5360 3354 5419 faciuntet
3379 5364 3514 5437 ipsi?

1918 5438 2063 5498 Ecce
2101 5442 2352 5513 elongant
2402 5444 2686 5518 fugientes,
2736 5459 2957 5507 manent
3001 5451 3058 5507 in
3109 5452 3322 5511 deserto
3360 5472 3376 5511 :
3417 5456 3513 5513 sed

1915 5534 2176 5606 numquid
2201 5535 2501 5608 singillatim
2519 5539 2543 5593 ?
2558 5539 2730 5597 Tenet
2750 5557 2844 5599 eos
2868 5542 3120 5612 Charitas,
3144 5554 3203 5601 ut
3227 5560 3348 5603 cum
3376 5549 3514 5605 mul-

1918 5629 1987 5687 tis
2007 5639 2287 5687 maneant:
2313 5639 2367 5688 et
2388 5631 2457 5691 de
2481 5634 2609 5706 ipsis
2632 5634 2812 5692 multis
2832 5635 3069 5693 existunt
3094 5640 3183 5710 qui
3203 5652 3508 5699 exerceant.

1914 5720 2048 5790 Quia
2079 5722 2132 5779 in
2169 5722 2314 5780 omni
2338 5726 2749 5799 congregatione
2787 5728 3142 5788 multitudinis
3174 5746 3396 5793 necesse
3426 5742 3513 5794 est

1911 5862 1943 5975 ὲ
1964 5858 2167 5977 ἐξω..
2190 5859 2418 5915 colmnba
2452 5861 2679 5927 delicata.
2697 5863 2918 5934 religata,
2940 5873 3059 5934 etc;
3080 5868 3244 5937 abest,
3277 5869 3507 5939 αιιίιαω,
