3942 6450
161 425 249 491 δτι

163 547 397 614 retentae.
446 536 598 600 Vidit
654 544 799 595 enim
856 528 1337 591 contradictionem
1383 527 1441 584 in
1495 524 1734 581 civitate.

164 644 386 707 Christus
430 633 601 692 venit.
646 629 778 701 Quis
828 627 1110 690 Christus,
1157 615 1527 679 contradicts?
1571 616 1739 673 Filius

166 740 268 801 Dei.
300 734 364 792 Et
408 729 572 786 habet
613 725 774 782 illium
812 721 953 778 Deus
977 763 992 787 ,
1040 712 1413 774 coatradicis?
1447 710 1615 768 Natus
1657 716 1743 766 est

164 838 221 896 de
242 830 459 901 virgine,
494 833 721 895 pas=ns,
748 814 1064 875 resurrexit.
1095 812 1161 868 Et
1196 808 1336 865 uade
1377 808 1479 863 hoc
1513 804 1625 860 lteri
1657 814 1743 872 po-

164 938 275 995 test,
322 897 707 979 centu-adicis?
762 910 994 969 Attende
1040 907 1235 963 saltem
1287 902 1511 974 gloriam
1566 897 1743 954 crucis

164 989 331 1093 ip~ius.
360 1014 478 1072 iam
524 1011 578 1065 in
609 1008 784 1062 frtmte
828 1016 1011 1074 rogum
1042 1013 1172 1055 crux
1216 996 1305 1050 illa
1340 997 1442 1049 lixa
1490 996 1614 1057 est,
1657 989 1744 1045 cui

163 1086 343 1170 inimici
391 1105 806 1164 insultat-erunt.
851 1096 1084 1153 Effectus
1126 1091 1373 1163 probavit
1398 1088 1414 1120 ¹
1442 1086 1744 1140 virtutem:

162 1206 347 1264 domuit
377 1202 589 1261 urbem,
628 1211 735 1251 non
768 1192 935 1256 ferro,
978 1187 1074 1244 sed
1105 1188 1269 1256 ligno.
1316 1182 1541 1252 Lignum
1569 1177 1746 1232 erucis

163 1294 481 1358 contumeliis
510 1290 732 1361 dignum
759 1285 930 1340 visum
955 1289 1037 1336 est
1057 1278 1307 1345 inimicis,
1338 1285 1393 1328 et
1419 1281 1543 1329 ante
1572 1272 1746 1340 ipsum

162 1396 345 1464 lignum
372 1394 583 1441 stantes
608 1385 769 1449 caput
791 1376 1077 1447 agitabant,
1102 1368 1419 1425 ctdiccbaut
1449 1382 1463 1419 :
1498 1366 1559 1420 Si
1585 1363 1749 1417 Filius

164 1457 245 1540 ltiti
270 1491 360 1542 est,
394 1473 671 1532 descendat
701 1472 766 1525 de
790 1483 939 1525 crure
963 1462 1176 1534 (Matth.
1209 1474 1372 1526 xxv",
1401 1458 1515 1529 ΔΟ).
1550 1457 1753 1512 Exten-

163 1578 305 1634 th-bat
334 1574 423 1627 ille
454 1582 651 1624 manus
690 1580 813 1619 snas
842 1560 909 1617 ad
938 1558 1188 1630 populum
1216 1569 1323 1610 non
1364 1551 1673 1608 credentem
1698 1554 1753 1602 et

164 1667 630 1727 euntratliccnlcm.
663 1657 716 1713 Si
748 1656 890 1711 cuitu
915 1653 1093 1724 justus
1135 1658 1249 1714 est,
1278 1646 1464 1716 qui'ex
1494 1642 1596 1696 [ide
1623 1640 1755 1694 vivit

164 1762 322 1837 (liam.
351 1776 387 1821 t,
422 1755 540 1825 ιη,
576 1752 790 1820 iniquus
818 1756 901 1802 est
925 1744 1012 1816 qui
1045 1752 1153 1797 non
1184 1739 1345 1795 habet
1374 1735 1553 1791 ﬁdem.
1596 1730 1751 1801 Quod

166 1826 279 1927 ergo
306 1852 392 1907 hic
416 1852 511 1905 ait.
551 1844 891 1917 iniquitatem.
930 1836 1205 1908 perﬁdiam
1240 1827 1498 1899 intelligo.
1528 1826 1756 1882 Videbat

165 1919 279 2020 ergo
312 1945 575 2001 Dominus
605 1939 657 1994 in
688 1934 901 1991 civitate
929 1929 1261 2000 iniquitatem
1293 1933 1349 1980 et
1373 1919 1756 1978 contradictio‘

168 2017 297 2105 ttt‘llt,
320 2047 373 2094 et
399 2032 731 2092 extendebat
763 2040 952 2082 manus
973 2036 1097 2080 suas
1126 2021 1193 2076 ad
1224 2017 1479 2091 populum
1504 2028 1611 2070 non
1637 2026 1757 2068 ere-

168 2136 371 2192 dentem
402 2138 457 2183 ct
483 2122 983 2183 cmrtradicentem;
1022 2123 1075 2172 et
1101 2122 1278 2169 tamen
1306 2119 1358 2165 ct
1386 2111 1531 2180 ipsos
1560 2119 1755 2176 exspe—

168 2237 302 2283 etaus
326 2220 541 2276 diccbat
578 2236 592 2271 :
624 2210 802 2273 Pater,
832 2213 1037 2282 ignosce
1066 2206 1189 2269 illis,
1221 2203 1340 2273 quia
1371 2200 1600 2256 nesciunt
1636 2198 1761 2268 quid

108 2364 113 2369 λ
172 2319 345 2393 faciunt
377 2310 530 2383 (an.
572 2323 722 2368 xxut,
752 2303 867 2374 5i).
896 2299 1084 2356 Adhuc
1104 2311 1237 2352 sane
1265 2293 1499 2362 reliqui-at.
1529 2293 1760 2347 szcviunt

178 2382 304 2467 illius
353 2382 630 2464 civitatis,
690 2394 866 2452 adhuc
903 2390 1297 2449 contradicunt.
1364 2386 1437 2441 De
1493 2382 1760 2438 frontibus

173 2502 390 2558 οιιιιιῐιιιιι
437 2494 608 2551 ιιόιιιι
637 2491 874 2546 extendit
911 2496 1099 2541 manus
1125 2482 1189 2537 ad
1221 2477 1476 2548 reliquias
1503 2490 1606 2530 non
1636 2489 1761 2530 cre-

172 2596 342 2652 dentes
375 2600 427 2647 et
455 2585 917 2645 contradicentes.
964 2570 1215 2644 Quoniam
1240 2570 1343 2627 ridi
1371 2569 1687 2640 iniquitatem
1713 2571 1765 2621 et

174 2683 613 2745 contradictionem
635 2678 685 2731 in
713 2674 933 2728 ciuitate.

237 2780 315 2837 15.
347 2775 496 2852 (vers.
538 2776 597 2828 tt
633 2764 657 2843 ]
691 2767 784 2821 llic
825 2781 885 2820 ac
929 2768 1073 2817 nocte
1099 2753 1432 2813 circumdabit
1471 2768 1581 2808 eam
1610 2767 1767 2822 super

178 2890 330 2930 muros
349 2845 475 2944 eius
502 2863 750 2935 iniquitas
779 2871 824 2915 et
850 2853 1011 2912 labor.
1047 2852 1216 2923 Super
1247 2866 1417 2904 muros
1441 2845 1573 2920 ejus,
1602 2860 1767 2915 super

180 2939 488 3025 nuttriutcnta
538 2960 678 3029 ejus,
716 2966 903 3009 tenens
945 2946 1096 3020 quasi
1139 2945 1312 3017 capita
1353 2942 1469 3013 ejus
1496 2983 1511 3005 ,
1555 2939 1763 2995 nobiles

179 3063 297 3136 ejus.
327 3060 416 3117 Ille
441 3052 642 3111 nubilis
667 3046 710 3104 si
742 3044 1065 3105 christianos
1087 3046 1249 3100 esset.
1276 3050 1433 3091 nemo
1462 3040 1767 3090 remaneret

182 3124 414 3231 paganus.
446 3150 777 3214 l‘lcrumquc
798 3138 975 3194 tlinum
1007 3130 1255 3190 homines
1280 3148 1293 3185 :
1322 3124 1487 3184 Nemo
1516 3139 1766 3181 remane-

279 3258 537 3318 pagaaus,
572 3241 615 3292 si
648 3237 737 3291 ille
780 3239 917 3287 esset
962 3224 1303 3281 christianos.
1335 3219 1661 3289 Plerumque
1687 3216 1770 3272 di-

183 3312 296 3398 cunt
321 3312 572 3395 homines
604 3349 617 3386 :
653 3328 717 3385 Et
748 3325 840 3381 ille
882 3322 925 3378 si
970 3320 1118 3375 iteret
1146 3312 1498 3379 chri~tianus,
1526 3312 1645 3382 quis
1676 3324 1767 3368 re-

184 3442 405 3491 main-ret
431 3423 712 3501 paganus?
738 3416 890 3488 Quod
909 3430 1036 3485 ergo
1058 3409 1291 3467 nondum
1318 3408 1447 3462 tiunt
1468 3403 1781 3472 christiani,

185 3528 318 3602 quasi
348 3500 479 3581 tum-i
511 3528 639 3575 sunt
675 3511 914 3571 civitatis
944 3508 1085 3563 illius
1114 3519 1219 3560 non
1251 3500 1525 3559 credentis
1555 3508 1609 3556 et
1636 3514 1768 3556 con-

188 3589 496 3677 tiadiccntis.
543 3608 808 3680 Quamdiu
840 3600 923 3659 isti
952 3596 1088 3656 muri
1114 3593 1374 3652 stabunt?
1400 3589 1518 3647 Non
1552 3604 1774 3660 semper

187 3714 405 3771 stabunt.
450 3705 659 3767 Circuit
688 3715 810 3756 arca
840 3709 1020 3752 muros
1049 3688 1264 3747 Jerichu
1297 3705 1310 3740 :
1345 3687 1523 3740 veniet
1563 3692 1772 3752 tempus

190 3810 399 3880 ερνιῑιιιυ
443 3817 589 3859 arca:
618 3795 866 3856 circuitu,
910 3798 969 3846 ut
1007 3800 1195 3841 ommrs
1227 3779 1361 3836 muri
1391 3777 1623 3835 civitatis
1667 3790 1773 3830 non

191 3869 442 3958 credentis
465 3906 528 3951 et
556 3880 973 3948 contratlicentis
995 3878 1189 3936 cadant
1219 3870 1401 3949 (Iosue
1445 3886 1525 3934 vr,
1556 3869 1635 3939 5).
1668 3869 1772 3922 Do-

192 4010 278 4050 nec
302 3996 406 4058 liat,
435 3987 686 4045 turbatur
713 3981 811 4035 istc
843 3979 893 4031 in
922 3968 1309 4031 exercitatione
1336 3978 1466 4029 sua;
1497 3970 1553 4017 et
1593 3959 1773 4031 peric-

193 4104 305 4144 rens
329 4082 584 4156 reliquias
607 4068 1089 4135 coutradicentium
1117 4105 1131 4129 ,
1180 4065 1328 4132 Optat
1358 4071 1561 4128 pennas
1598 4053 1779 4109 avida-

196 4180 360 4244 tionis,
391 4149 543 4247 optat
570 4169 804 4240 requiem
835 4160 1053 4217 deserti.
1081 4155 1191 4210 lmo
1212 4152 1367 4207 duret
1397 4149 1537 4205 inter
1561 4155 1777 4202 eontra-

196 4242 441 4335 diceutes,
470 4263 707 4338 per-ierat
749 4257 937 4314 minas.
972 4251 1120 4306 bibat.
1144 4242 1429 4318 opprobria
1461 4284 1476 4304 ,
1507 4247 1781 4310 exspectet

197 4366 277 4437 qui
304 4380 421 4420 eum
458 4337 669 4416 saltum
716 4349 872 4406 iaciat
910 4361 941 4401 a
990 4337 1427 4415 pusillauitnitate
1478 4344 1531 4387 ct
1577 4338 1781 4400 tempe-

199 4426 324 4513 state
351 4476 364 4512 :
397 4458 667 4510 intueatur
694 4452 880 4513 caput,
910 4434 1212 4507 cscrnplum
1247 4433 1369 4488 vita:
1395 4426 1416 4460 ¹
1445 4442 1555 4483 sua:
1580 4467 1595 4493 ,
1638 4435 1783 4479 trau-

202 4568 264 4621 qu
288 4552 441 4605 llctur
468 4549 523 4602 in
556 4558 675 4612 spe,
706 4536 806 4595 etsi
843 4533 1084 4588 turbatur
1110 4527 1162 4582 in
1189 4540 1268 4581 re.
1303 4518 1399 4577 Die
1424 4535 1484 4575 ac
1513 4527 1656 4574 nocte
1680 4516 1782 4571 cir—

202 4608 439 4707 cumdati!
491 4654 604 4694 eam
652 4646 806 4703 super
849 4640 1021 4679 muros
1059 4622 1169 4692 ejus
1212 4616 1491 4688 iniquitas,
1545 4619 1594 4669 et
1640 4608 1785 4666 labor

203 4736 250 4788 iu
276 4704 430 4789 ntetlio
461 4733 572 4805 ejus
600 4737 645 4783 et
676 4719 947 4798 iujttslilia.
979 4714 1043 4771 Et
1068 4713 1189 4769 ideo
1214 4710 1366 4767 labor
1391 4706 1496 4774 ibi,
1523 4706 1644 4777 quia
1682 4702 1786 4759 iui—

204 4828 364 4898 quilas
390 4795 508 4881 ιι.ιέ
539 4822 661 4893 quia
693 4795 950 4884 injustitia
981 4804 1092 4871 ibi,
1132 4801 1252 4898 ideo
1278 4809 1332 4857 et
1356 4799 1509 4855 labor
1538 4796 1630 4852 ibi.
1675 4795 1784 4853 Sed

207 4891 410 4976 audiuit
455 4891 830 4974 cxtemleutcm
883 4912 1117 4959 manus:
1161 4891 1335 4950 Venite
1401 4891 1469 4945 ad
1489 4906 1565 4944 tne
1611 4904 1784 4945 omnes

207 5011 282 5080 qui
308 5009 563 5066 laboratis.
588 5004 695 5061 Vos
718 4992 981 5061 clamatis,
1006 5006 1101 5045 vos
1120 4982 1508 5051 contradicitis,
1538 4996 1631 5036 vos
1655 4996 1784 5037 cun-

211 5104 459 5159 viciamini
492 5123 505 5157 :
539 5099 629 5155 ille
650 5114 680 5151 c
703 5102 909 5156 contra,
945 5084 1121 5142 Venite
1147 5082 1214 5137 ad
1242 5096 1320 5135 me
1345 5094 1514 5135 omnes
1535 5076 1619 5149 qui
1641 5075 1784 5130 laba-

211 5197 324 5251 ratis
351 5199 401 5251 in
426 5190 677 5266 superbia
706 5194 880 5242 vestra
902 5223 919 5250 ,
949 5190 1005 5236 et
1028 5170 1373 5250 requiescctis
1401 5171 1453 5227 in
1484 5169 1784 5225 humilitate

216 5304 344 5345 mea.
374 5260 561 5345 Discite
588 5301 620 5339 a
649 5296 729 5337 me
750 5320 765 5345 ,
793 5275 960 5347 inquit
985 5314 1002 5341 ,
1037 5270 1156 5343 quia
1181 5268 1316 5323 mitis
1354 5282 1466 5322 sunt
1506 5272 1553 5319 et
1579 5260 1786 5316 Innuilis

214 5383 370 5445 corde.
398 5391 442 5438 et
485 5374 747 5436 invenietis
785 5369 1006 5442 requiem
1047 5360 1312 5421 animabus
1346 5358 1520 5415 vestris
1570 5354 1784 5430 (Matth.

220 5489 285 5537 ιι,
306 5474 373 5531 ‘28
396 5519 410 5541 ,
434 5474 553 5547 29).
584 5469 737 5528 Unde
761 5466 903 5522 enim
932 5462 1006 5517 illi
1054 5457 1336 5521 laborant,
1379 5452 1481 5508 nisi
1525 5450 1649 5520 quia
1679 5462 1786 5503 non

220 5577 332 5620 sunt
356 5541 580 5625 utites’ct
603 5559 830 5619 humiles
854 5548 1059 5612 corde?
1085 5549 1226 5607 Deus
1252 5544 1469 5603 humilis
1492 5541 1661 5599 factus
1681 5548 1783 5609 est,

220 5662 477 5720 erubecat
505 5662 666 5718 homo
691 5670 812 5714 esse
836 5649 1119 5722 superbus.

286 5756 366 5811 t4.
394 5754 539 5833 [rem
571 5754 686 5828 12.]
719 5749 838 5807 Non
868 5744 1047 5819 defecit
1095 5739 1158 5795 de
1193 5736 1374 5810 plateis
1417 5733 1526 5805 ejus
1558 5745 1712 5786 usura
1739 5732 1789 5784 et

277 5908 299 6004 ἔ
326 5895 985 6004 messem“
1006 5893 1159 5963 ντ⁰⁰⁰
1176 5890 1417 5947 "m‘m‘

325 5968 541 6044 Plerique
559 5978 691 6032 Issa
713 5968 821 6022 vite.

1238 399 1642 467 ENARRATIO
1676 399 1745 461 ΙΝ
1781 390 2103 465 PSALWM
2139 402 2273 462 LIV.

1844 522 2014 580 dolus.
2043 521 2218 580 Usttra
2244 528 2298 580 ct
2325 521 2484 580 dolus
2508 536 2615 580 non
2652 524 3054 585 abscondantur
3079 530 3269 588 saltem
3304 536 3431 607 quia

1846 617 1986 672 mala
2011 623 2154 682 Stult,
2184 618 2281 673 sed
2317 618 2526 688 publice
2553 620 2800 675 stcviuut.
2832 622 3038 678 Etenim
3064 626 3154 696 qui
3192 627 3245 682 in
3271 629 3434 688 domo

1847 708 2047 780 aliquid
2074 709 2198 765 mali
2228 710 2374 779 facit,
2403 711 2489 767 vel
2509 712 2577 768 de
2606 714 2745 768 malo
2767 726 2864 769 suo
2884 716 3151 775 erubescit
3182 737 3197 776 :
3229 719 3295 776 In
3322 721 3435 785 pla-

1850 801 1942 856 teis
1968 803 2079 873 ejus
2106 818 2259 858 usura
2287 814 2332 859 et
2356 804 2522 860 dolus.
2552 806 2729 862 Fenus
2757 816 2811 863 et
2838 809 3222 879 professionem
3253 813 3432 883 habet,

1851 893 2008 949 lenus
2034 903 2089 949 et
2112 910 2200 950 ars
2235 906 2494 955 Vocatur:
2532 913 2728 969 corpus
2763 901 2957 958 dicitur
2979 943 2998 969 ,
3046 920 3239 977 corpus
3285 909 3435 980 quasi

1853 988 2220 1042 necessarium
2246 987 2445 1043 civitati
2472 1030 2488 1056 ,
2516 998 2571 1044 et
2611 990 2679 1046 de
2706 991 3040 1062 professi-me
3077 1010 3172 1053 sua
3212 1001 3437 1072 vectigal

1853 1079 2114 1151 impendit
2148 1097 2164 1137 :
2192 1094 2360 1152 usque
2384 1081 2517 1137 adeo
2538 1082 2589 1137 in
2624 1084 2795 1154 platea
2823 1095 2903 1141 cst
2931 1088 3071 1157 quod
3101 1092 3288 1147 saltem
3316 1095 3437 1148 abs-

1855 1170 2193 1227 condendutn
2220 1180 2355 1226 erat.
2385 1171 2478 1227 Est
2499 1184 2550 1227 et
2570 1175 2670 1226 alia
2702 1188 2862 1229 usura
2896 1178 3065 1247 pejor,
3093 1184 3305 1251 quando
3335 1202 3440 1241 non

1855 1264 2076 1319 dimittis
2105 1265 2244 1335 quod
2278 1262 2367 1319 tibi
2404 1264 2663 1331 debetur;
2705 1276 2759 1322 et
2787 1272 3027 1325 turbatur
3050 1272 3232 1328 oculus
3268 1274 3320 1332 in
3354 1277 3445 1333 illo

1856 1372 2013 1412 versu
2036 1358 2311 1426 orationis,
2338 1359 2544 1414 Dimitte
2564 1360 2707 1415 nobis
2731 1361 2896 1418 debita
2921 1375 3111 1420 nostra.
3138 1366 3279 1436 Quid
3301 1370 3443 1426 enim

1856 1450 1928 1504 ibi
1956 1450 2188 1506 facturus
2218 1465 2297 1517 es,
2326 1452 2539 1522 quando
2574 1462 2823 1511 oraturus
2852 1470 2911 1512 es
2939 1466 2994 1513 et
3031 1457 3095 1514 ad
3123 1459 3292 1529 ipsum
3323 1474 3445 1519 ver-

1858 1558 1975 1597 sum
2015 1544 2310 1599 venturus?
2342 1544 2572 1601 Verbum
2615 1550 3059 1605 contumeliosum
3099 1552 3292 1609 audisti
3325 1573 3340 1609 :
3368 1556 3449 1611 vis

1858 1636 2073 1708 exigere
2118 1636 2475 1693 damnationis
2521 1640 2862 1709 snpplieium.
2912 1641 3004 1698 Vel
3051 1654 3251 1702 tantum
3296 1649 3451 1721 exige

1858 1738 2114 1798 quantum
2145 1726 2335 1783 dedisti
2367 1769 2381 1792 ,
2424 1730 2692 1786 fenerator
2733 1732 3067 1801 injuriarum.
3116 1737 3298 1808 Pugno
3326 1752 3449 1810 per-
3478 1796 3481 1799 Α

1860 1833 2047 1875 cussus
2082 1834 2169 1885 es,
2211 1820 2632 1879 interfectionem
2670 1825 2882 1893 quanis.
2918 1826 3087 1883 Usura
3130 1830 3289 1885 mala.
3336 1832 3451 1900 Qua

1860 1913 2029 1967 iturus
2081 1926 2141 1968 es
2194 1913 2245 1968 in
2298 1915 2639 1971 orationem?
2690 1915 2746 1972 Si
2796 1918 3075 1988 reliqueris
3127 1925 3447 1995 orationem,

1862 2016 1964 2073 qua
2003 2003 2377 2059 circumiturus
2417 2016 2474 2061 es
2512 2005 2579 2061 ad
2612 2007 2933 2063 Dominum?
2959 2010 3096 2068 Ecce
3124 2011 3270 2071 dices
3303 2034 3315 2071 :
3350 2014 3454 2072 Pa-

1866 2108 1942 2152 ter
1971 2106 2139 2152 noster
2158 2139 2170 2161 ,
2204 2098 2291 2168 qui
2316 2115 2368 2153 es
2393 2099 2445 2153 in
2474 2100 2610 2155 caelis
2642 2115 2661 2154 :
2686 2102 3027 2173 sancti/“iretur
3072 2120 3253 2162 nomen
3290 2120 3452 2168 tuum.

1873 2189 2052 2245 Veniat
2075 2205 2286 2261 regnum
2312 2200 2473 2245 tuum.
2518 2189 2636 2246 Fiat
2662 2193 2893 2249 voluntas
2916 2207 3039 2262 tua,
3079 2198 3208 2252 sicut
3250 2202 3300 2256 in
3330 2203 3455 2259 calo

1865 2290 1910 2338 et
1953 2284 2009 2337 in
2053 2292 2205 2338 terra.
2253 2283 2447 2340 Dices:
2483 2282 2680 2340 Panem
2726 2295 2951 2342 nostrum
2999 2291 3346 2362 quotidianum
3390 2296 3456 2353 da

1865 2378 2009 2432 nobis
2037 2377 2202 2432 hodie.
2230 2374 2420 2433 Venies
2446 2376 2533 2443 ad,
2556 2377 2762 2433 Dimitte
2788 2378 2931 2436 nobis
2955 2382 3118 2437 debita
3144 2397 3333 2454 nostra,
3357 2389 3458 2445 sic-

1867 2479 1920 2524 ut
1936 2479 1980 2525 et
1996 2485 2088 2525 nos
2105 2470 2399 2526 dimittimus
2420 2469 2728 2557 debitoribus
2748 2474 2933 2528 nostris
2954 2474 3255 2548 (Matt/tm,
3273 2482 3456 2554 9-12).

1869 2561 1964 2616 \‘el
1993 2563 2045 2616 in
2076 2561 2289 2616 civitate
2312 2561 2400 2616 illa
2433 2562 2569 2617 mala
2596 2562 2867 2620 abundent
2889 2581 3066 2622 usura:
3090 2569 3226 2634 istae,
3253 2588 3359 2628 non
3380 2574 3460 2629 iu-

1870 2661 2015 2706 trcnt
2047 2652 2277 2720 parietes
2314 2653 2444 2708 istos
2470 2653 2555 2709 ubi
2586 2663 2773 2725 pectus
2809 2656 3065 2714 tunditur.
3097 2660 3233 2728 Quid
3264 2663 3457 2737 facies,

1869 2748 1990 2819 quia
2024 2748 2091 2803 ibi
2131 2756 2184 2802 tu
2211 2758 2265 2804 et
2296 2750 2382 2805 ille
2409 2765 2595 2806 versus
2637 2751 2688 2806 in
2719 2754 2896 2809 medio
2922 2756 3095 2811 estis?
3133 2759 3325 2817 Preces
3367 2764 3461 2821 tibi

1869 2844 2170 2912 composuit
2194 2844 2427 2900 cmlestis
2452 2845 2793 2915 jurisperitus
2820 2846 2897 2918 (tr)
2928 2866 2941 2901 :
2972 2848 3061 2920 qui
3089 2864 3309 2908 noverat
3334 2857 3460 2927 quid

1871 2936 1942 2992 ibi
1974 2946 2250 3008 ageretur,
2290 2935 2362 2992 ait
2407 2938 2529 3003 tibi,
2591 2938 2759 2993 Aliter
2800 2954 2907 2995 non
2949 2940 3275 3012 impetrabis.
3304 2949 3464 3005 Amen

1870 3028 2004 3083 enim
2030 3028 2143 3083 dico
2172 3028 2327 3094 vobis,
2357 3028 2475 3097 quia
2500 3029 2545 3083 si
2583 3029 2875 3087 ditniseritis
2896 3044 3101 3104 peccata
3137 3037 3422 3096 hominibus
3444 3082 3461 3109 ,

1872 3123 2184 3179 dimittantur
2241 3123 2418 3190 vobis;
2471 3125 2515 3179 si
2574 3134 2738 3178 autem
2784 3143 2884 3181 non
2920 3127 3210 3185 diluiseritis
3262 3145 3466 3203 peccata

1874 3218 2195 3284 hominibus,
2241 3234 2398 3288 neque
2441 3217 2599 3273 Pater
2648 3231 2806 3276 vester
2844 3220 3057 3276 dimittet
3100 3225 3235 3280 vobis
3274 3225 3465 3297 (Ibid.,

1874 3311 1974 3377 14,
2008 3312 2120 3380 l5).
2149 3310 2280 3379 Quis
2329 3310 2429 3366 hoc
2478 3308 2643 3366 dicit?
2671 3312 2772 3381 Qtti
2813 3315 2914 3368 scit
2960 3314 3085 3385 quid
3138 3314 3206 3371 ibi
3258 3332 3465 3391 agatur,

1874 3405 2015 3477 quod
2066 3412 2118 3459 tu
2163 3405 2379 3459 adstans
2422 3406 2577 3475 petis.
2621 3403 2757 3459 \‘idc
2804 3404 2946 3476 quod
2992 3407 3161 3463 voluit
3193 3425 3312 3466 csse
3354 3410 3469 3482 ipso

1874 3495 2165 3554 advocatus
2196 3508 2316 3553 tuus
2349 3514 2361 3551 :
2396 3498 2506 3567 ipse
2531 3496 2872 3568 juriSperitus
2914 3507 3053 3567 tuus,
3088 3502 3200 3573 ipse
3228 3520 3471 3564 assessor

1874 3590 2048 3647 Patris
2072 3633 2087 3657 ,
2142 3592 2256 3660 ipse
2291 3590 2453 3660 judcx
2502 3598 2624 3644 tuus
2651 3590 2824 3658 dixit,
2856 3592 3022 3647 Aliter
3068 3610 3172 3650 non
3216 3600 3466 3667 aecipics.

1875 3682 2012 3751 Quid
2053 3680 2294 3737 facturus
2328 3680 2430 3736 es?
2461 3679 2575 3735 Non
2608 3694 2955 3750 accepturus,
2985 3680 3029 3739 si
3060 3702 3163 3740 nun
3191 3686 3467 3757 dicturus;

1880 3793 1987 3833 non
2016 3784 2334 3846 accepturus
2354 3815 2371 3842 ,
2404 3774 2448 3828 si
2483 3775 2670 3830 falsum
2700 3774 2961 3830 dicturus.
2997 3775 3138 3849 Ergo
3167 3788 3255 3833 aut
3301 3780 3471 3836 factu~

1878 3882 1972 3925 rus
1997 3878 2051 3925 ct
2075 3867 2350 3932 dicturus,
2393 3874 2486 3921 aut
2527 3864 2668 3936 tptud
2710 3866 2846 3941 petis
2896 3884 3000 3922 non
3044 3871 3473 3941 promeritnrus;

1879 3963 2002 4033 quia
2046 3962 2135 4033 qui
2178 3962 2278 4016 hoc
2308 3976 2411 4015 non
2444 3957 2681 4023 faciunt,
2726 3961 2778 4015 in
2809 3962 2983 4016 usoris
3011 3963 3113 4017 illis
3142 3975 3264 4018 sunt
3295 3966 3469 4021 malis.

1881 4055 2001 4112 Sint
2030 4055 2100 4110 ibi
2146 4055 2219 4110 illi
2247 4053 2337 4126 qui
2367 4052 2543 4108 adhuc
2586 4053 2723 4108 idola
2764 4063 2855 4108 aut
2898 4055 3155 4123 adurant,
3204 4068 3292 4113 aut
3324 4075 3473 4131 qtae-

1881 4158 2035 4212 runt;
2066 4146 2171 4199 noli
2203 4154 2278 4209 tu,
2306 4145 2451 4214 plebs
2479 4144 2592 4210 Dei,
2624 4143 2752 4209 noli,
2782 4145 2931 4214 plebs
2955 4145 3176 4213 Christi,
3203 4150 3331 4213 noli,
3356 4166 3475 4204 cur-

1883 4252 1982 4308 pus
2026 4235 2167 4292 illius
2210 4234 2425 4305 capitis.
2469 4234 2698 4291 Attende
2731 4236 2996 4291 vinculum
3027 4239 3172 4306 pacis
3204 4249 3340 4304 tutu,
3389 4249 3472 4297 at-

1886 4331 2045 4387 tende
2078 4329 2398 4401 prumissum
2427 4329 2548 4385 vita:
2578 4339 2699 4385 ture.
2746 4329 2881 4400 Quid
2913 4333 3055 4387 cuint
3085 4333 3173 4409 tibi
3223 4335 3433 4405 prodest
3456 4378 3473 4403 ,

1884 4422 2005 4496 dUia
2045 4422 2213 4494 exigis
2240 4422 2460 4493 injurias
2489 4438 2620 4494 quas
2655 4423 2914 4492 perLJisti
2943 4423 2967 4475 ’ἶ
3010 4423 3148 4480 Ultio
3180 4436 3231 4482 te
3261 4428 3477 4487 reiicit?

1885 4518 2027 4589 Ergo
2068 4518 2135 4573 de
2171 4515 2314 4572 malo
2347 4516 2521 4572 alieno
2560 4515 2856 4588 gaultebis?
2895 4516 3089 4572 PaSSIIS
3135 4534 3195 4573 es
3236 4522 3430 4577 malum
3457 4564 3475 4589 ,

1887 4614 2136 4684 ignosce;
2169 4627 2236 4665 ne
2261 4609 2366 4665 duo
2397 4606 2469 4684 (ὁ)
2493 4608 2629 4664 sitis.
2653 4605 2719 4663 Et
2748 4626 2849 4663 non
2876 4607 3057 4681 defecit
3084 4609 3147 4664 de
3169 4609 3349 4683 plateis
3370 4613 3479 4688 ejus

1887 4721 2042 4762 usura
2064 4714 2109 4759 et
2136 4702 2307 4759 dolus.

1958 4801 2047 4855 15.
2077 4797 2227 4873 [vera
2260 4792 2477 4869 15-15.]
2509 4793 2631 4850 ideo
2660 4809 2789 4867 ergo
2829 4803 2883 4850 ιιι
2927 4796 3206 4865 ιιιιιυιριιτιε
3234 4798 3481 4858 solitarii.

1888 4908 2011 4947 nem
2037 4901 2091 4945 ct
2124 4903 2344 4960 pennas,
2375 4885 2496 4945 ideo
2524 4903 2847 4955 murmuras,
2878 4886 2990 4943 h.rc
3018 4889 3157 4946 ferre
3181 4910 3283 4945 nun
3307 4905 3478 4963 putes,

1887 4982 2364 5041 contradictionem
2407 4989 2460 5037 et
2504 4980 2832 5052 iniquitatem
2878 4982 3105 5038 civitatis
3152 4985 3324 5055 hujus.
3379 4985 3481 5041 [ie-

1888 5077 2104 5152 quicscc
2131 5076 2183 5130 itt
2212 5074 2296 5130 his
2326 5073 2413 5145 qui
2444 5083 2617 5129 lCCUtlI
2647 5073 2786 5128 intus
2824 5084 2949 5129 Sttlll
2971 5117 2985 5140 ,
3020 5087 3069 5132 et
3105 5077 3209 5131 uolt
3241 5094 3482 5146 qumretc

1888 5172 2248 5232 solitudinem.
2299 5168 2433 5225 Audi
2464 5176 2518 5223 et
2560 5168 2626 5222 de
2665 5169 2794 5238 ipsis
2835 5170 2960 5239 quid
3008 5170 3181 5235 dicat,
3231 5171 3480 5237 Quoniam

1887 5270 1931 5327 si
1959 5267 2191 5337 inimicus
2215 5262 2561 5335 exprobrasset
2591 5263 2734 5317 mihi.
2765 5262 2827 5316 Et
2850 5263 3061 5332 quidem
3092 5267 3335 5330 superius
3356 5280 3479 5316 cort-

1890 5361 2133 5418 turbatus
2161 5356 2353 5414 eratin
2384 5355 2767 5411 exercitatione
2786 5369 2887 5423 sua
2917 5370 2945 5408 a
2977 5370 3109 5408 voce
3147 5354 3342 5408 inimici
3374 5365 3427 5409 ct
3451 5372 3479 5410 ει

1894 5452 2236 5510 tribulatione
2261 5449 2588 5521 peccatoris,
2631 5444 2768 5505 forte
2812 5448 2862 5500 in
2896 5447 2982 5501 illa
3011 5445 3224 5500 civitate
3255 5447 3480 5518 prasinus,

1890 5545 2120 5617 superba
2152 5543 2241 5599 illa
2284 5543 2520 5616 erigente
2561 5552 2758 5595 turrem
2802 5555 2919 5608 quae
2963 5536 3236 5593 Stthtncrsa
3266 5549 3349 5593 est
3379 5538 3394 5570 ⁸
3428 5550 3480 5597 ιιι

1892 5638 2259 5700 dividerentur
2287 5654 2472 5694 corum
2516 5636 2707 5706 lingua:
2738 5631 2884 5692 (Gen.
2917 5649 2967 5688 ιιι
2987 5675 3001 5697 ,
3032 5635 3090 5702 4)
3117 5650 3128 5684 :
3156 5635 3371 5689 attende
3401 5634 3482 5689 in-

1958 5754 1977 5786 ι
2012 5751 2148 5809 Edd.,
2172 5748 2414 5802 subversa.
2460 5754 2517 5799 At
2549 5752 2678 5807 uss,
2717 5742 2985 5797 subnwrsa.
3010 5741 3188 5794 alludit
3218 5743 3280 5795 ad
3314 5746 3366 5807 ρ.
3407 5745 3485 5811 to,

1891 5815 2165 5879 siliginei-go,
2193 5822 2286 5862 etc.
2376 5870 2407 5879 Δ
2432 5873 2444 5879 _
2518 5877 2533 5879 ᾼ
2708 5872 2725 5879 ί
2964 5870 3007 5879 η

1961 5877 2012 5940 (α
2069 5870 2174 5925 fut.
2198 5880 2354 5926 met.
2376 5870 2407 5923 7
2430 5873 2482 5924 tn
2503 5877 2678 5936 Evang.
2701 5872 2858 5932 Joan.,
2882 5882 2935 5922 ιι.
2956 5870 3033 5925 tt.

1961 5878 2035 6006 (bi
2068 5937 2299 6002 Subrium,
2316 5934 2451 5989 mali.

1959 5934 2035 6005 (lt)
2068 5937 2299 6002 Subaud.,
2316 5934 2451 5989 mali.
