3942 6460
461 397 570 459 639

462 526 552 574 tus
588 512 716 588 quid
753 519 933 586 gemat
972 517 1189 583 propter
1234 504 1472 580 pericula
1511 517 1545 560 a
1587 499 1734 559 l'alsis
1777 498 2048 555 fratribus.

468 606 720 678 Quoniam
745 605 790 659 si
833 603 1067 657 inimicus
1111 597 1460 671 exprobrasset
1499 594 1624 650 mihi
1649 635 1667 661 ,
1707 590 2055 648 sustinuissent

463 700 638 768 utique
656 712 676 752 :
702 704 747 751 et
770 695 814 750 si
839 694 883 749 is
905 693 992 765 qui
1015 691 1191 748 oderat
1210 707 1289 746 me
1305 732 1322 758 ,
1350 704 1502 760 super
1542 704 1620 742 me
1648 701 1834 757 magna
1857 685 2054 739 locutus

463 791 660 864 fuisset,
682 786 734 843 id
764 794 866 854 est,
890 800 986 857 per
1009 783 1313 856 superbiam
1334 780 1467 837 mihi
1489 779 1814 842 insultasset,
1845 773 2052 846 magni-

462 881 650 939 ﬁcaret
675 894 734 936 se
753 893 915 949 super
937 892 1044 946 me,
1072 876 1368 931 minaretur
1397 872 1525 928 mihi
1550 869 1806 943 quidquid
1835 876 2050 938 posset:

461 970 820 1027 absconderem
842 986 923 1024 nte
947 969 1117 1039 utique
1137 966 1200 1021 ab
1220 984 1297 1021 eo.
1326 965 1409 1021 Ab
1429 965 1519 1021 illo
1547 963 1637 1035 qui
1663 961 1791 1016 loris
1818 968 1901 1015 ρει
1921 1001 1934 1021 ,
1965 957 2053 1013 ubi

462 1071 514 1120 te
536 1060 932 1119 absconderes?
961 1059 1105 1115 Inter
1129 1058 1249 1114 illos
1264 1057 1352 1128 qui
1382 1056 1523 1111 intus
1538 1062 1683 1110 sunt.
1705 1051 1855 1107 Nunc
1876 1059 2051 1104 autem

461 1156 604 1223 vide,
621 1158 668 1214 si
695 1173 800 1213 non
822 1155 953 1212 nibil
974 1153 1117 1209 aliud
1138 1160 1324 1216 restat,
1352 1150 1453 1205 nisi
1479 1145 1889 1203 utsolitudioem
1917 1157 2055 1214 qua:-

462 1266 572 1310 ras.
609 1250 685 1305 Tu
711 1265 846 1316 vero,
871 1247 1061 1319 inquit,
1082 1246 1232 1300 homo
1258 1243 1530 1305 unanimis,
1559 1241 1667 1296 dum
1686 1256 1824 1292 mens
1839 1248 1883 1292 et
1905 1247 2054 1290 notus

465 1360 628 1433 piens.
658 1342 822 1400 Forte
848 1338 1137 1411 aliquando
1164 1338 1360 1395 bonum
1382 1335 1660 1391 consilium
1677 1331 1894 1397 dedisti,
1918 1330 2055 1384 forte

462 1421 751 1506 aliquando
770 1432 1087 1505 processisti
1109 1446 1214 1495 me,
1242 1439 1294 1484 ιιι
1314 1428 1525 1484 salubre
1544 1423 1743 1496 aliquid
1767 1421 2016 1478 monuisti
2037 1439 2050 1475 :

465 1528 520 1585 in
548 1526 791 1583 Ecclesia
816 1526 905 1582 Dei
933 1524 1091 1580 simul
1119 1522 1333 1578 fuimus.
1369 1519 1445 1575 Tu
1469 1536 1580 1575 vero
1606 1519 1755 1572 Ιιοηιθ
1776 1516 2049 1581 unanimis,

465 1619 577 1676 dua:
601 1635 739 1674 meus
759 1627 805 1673 et
836 1626 984 1672 notus
1012 1631 1152 1670 meus
1185 1630 1204 1669 :
1226 1613 1313 1685 qui
1344 1612 1495 1666 simul
1538 1626 1731 1665 mecum
1762 1606 1933 1662 dulces
1963 1623 2054 1660 ca-

466 1710 638 1783 piebas
663 1709 816 1765 cibos.
867 1706 969 1776 Qui
1011 1713 1137 1760 sunt
1174 1703 1359 1759 dulces
1405 1701 1553 1757 cibi?
1595 1699 1711 1755 Non
1748 1713 1937 1754 omnes
1966 1696 2056 1766 qui

465 1801 659 1859 adsunt
685 1808 946 1856 noverunt
971 1815 985 1862 ;
1030 1795 1123 1853 sed
1152 1812 1258 1851 non
1279 1795 1572 1850 amaricent
1602 1793 1620 1824 ¹
1648 1792 1739 1864 qui
1769 1799 2053 1855 noverunt,

466 1902 527 1951 ut
550 1893 753 1964 possint
793 1891 898 1947 illis
923 1890 1011 1962 qui
1050 1889 1226 1945 adhuc
1255 1903 1360 1943 non
1399 1897 1661 1942 noverunt
1690 1884 1869 1940 dicere
1902 1903 1917 1940 :
1950 1881 2060 1938 Gu-

467 1996 632 2053 state,
672 1994 720 2042 ct
757 1986 954 2051 videte,
1001 1981 1237 2052 quoniam
1275 1979 1438 2034 dulcis
1480 1987 1553 2034 est
1596 1976 1840 2032 Dominus
1882 1974 2058 2046 (Psal.

467 2092 630 2135 χχχιιι
651 2120 668 2143 ,
691 2075 769 2149 9).
816 2075 917 2144 Qui
945 2075 1096 2129 simul
1132 2089 1324 2128 mecum
1350 2071 1524 2125 dulces
1552 2070 1782 2140 capiebat
1810 2069 1962 2122 cibos.
1994 2066 2063 2123 In

468 2169 620 2224 domo
649 2166 745 2222 Dei
769 2165 1135 2221 ambulauimus
1157 2180 1272 2218 cum
1297 2178 1563 2216 consensu.
1610 2159 1765 2217 Unde
1793 2175 1921 2230 ergo
1946 2159 2060 2215 dis-

468 2260 649 2317 sensio
675 2258 796 2332 (a)?
820 2258 920 2328 Qui
948 2258 1093 2312 intus
1111 2266 1246 2324 erat,
1278 2254 1408 2310 loris
1434 2253 1603 2309 factus
1628 2262 1728 2308 est.
1762 2251 2064 2306 Ambulavit

470 2368 680 2410 mecum
721 2353 773 2407 in
813 2352 974 2406 domo
1016 2350 1109 2404 Dei
1136 2364 1257 2404 cum
1296 2363 1604 2404 consensu:
1637 2347 1795 2400 aliam
1843 2344 2061 2401 domum

472 2445 645 2501 erexit
676 2451 863 2499 contra
902 2441 1121 2496 domum
1153 2439 1265 2494 Dei.
1305 2438 1482 2506 Quare
1509 2437 1597 2492 illa
1625 2437 1807 2505 relicta
1838 2446 1941 2503 est,
1974 2437 2062 2492 ubi

473 2533 861 2590 ambulavimus
885 2547 1007 2587 cum
1047 2530 1361 2587 consensu?
1406 2544 1570 2601 quare
1607 2528 1694 2583 illa
1721 2527 1932 2583 deSerta
1960 2536 2061 2595 est,

475 2628 567 2684 ubi
593 2626 776 2683 dulces
804 2626 960 2681 simul
983 2623 1326 2694 capiebamus
1353 2622 1541 2678 cibos?

547 2717 635 2776 16.
665 2717 815 2793 [vers.
839 2715 952 2790 16.]
992 2715 1169 2771 Veniat
1199 2732 1331 2770 mors
1352 2732 1504 2786 super
1522 2730 1608 2770 eos
1631 2754 1647 2781 ,
1692 2723 1737 2767 et
1762 2714 2067 2769 descendant

475 2812 544 2866 ad
576 2810 832 2880 infernum
861 2808 1096 2863 uiuentes.
1126 2806 1242 2875 Quo
1269 2805 1429 2860 modo
1451 2805 1724 2874 replieavit
1751 2813 1803 2859 et
1829 2805 2066 2860 recolere

475 2919 576 2962 nos
603 2904 725 2960 fecit
751 2902 977 2974 primum
1002 2900 1129 2955 illud
1154 2897 1458 2955 sebismatis
1490 2896 1734 2961 initium,
1768 2896 1980 2967 quando
2012 2898 2065 2951 in

476 2994 568 3052 illo
609 2994 784 3066 primo
820 2991 1019 3064 populo
1060 2990 1367 3046 Judmornm
1406 2988 1619 3059 quidam
1646 2987 1864 3058 superbi
1890 3004 1947 3041 se
1977 3002 2065 3041 se-

477 3092 821 3159 paraverunt,
847 3093 903 3140 et
926 3093 1075 3139 extra
1101 3080 1402 3137 sacriﬁcare
1418 3079 1719 3135 voluerunt.
1758 3079 1900 3134 Nova
1924 3095 2069 3135 mors

478 3192 641 3248 super
668 3190 763 3232 eos
796 3175 945 3230 venit
973 3192 986 3227 :
1010 3173 1218 3244 aperuit
1240 3188 1301 3228 se
1325 3180 1467 3227 terra
1492 3213 1508 3238 ,
1539 3181 1593 3227 et
1625 3173 1773 3226 vivos
1796 3171 2072 3227 absorbuit

482 3266 674 3343 (Num.
703 3283 792 3323 xv:
814 3308 829 3334 ,
863 3267 1037 3337 1-55).
1087 3263 1267 3319 Veniat
1289 3306 1304 3329 ,
1330 3264 1535 3336 inquit,
1560 3281 1693 3319 mors
1713 3280 1865 3335 super
1889 3280 1993 3328 eos,
2023 3274 2071 3319 et

482 3358 791 3416 descendant
817 3358 886 3413 ad
910 3358 1167 3431 infernum
1195 3357 1427 3411 uiuentes.
1473 3355 1610 3422 Quid
1637 3364 1721 3410 est
1739 3397 1755 3421 ,
1809 3356 2071 3411 virentcs?

483 3452 727 3510 Scientes
752 3450 873 3523 quia
896 3458 1154 3522 pereunt,
1188 3458 1239 3504 el
1268 3458 1446 3504 tamen
1474 3458 1776 3519 pereuntes.
1819 3447 1955 3503 Audi
1987 3449 2071 3505 vi-

483 3553 672 3600 ventes
689 3543 865 3617 perire
893 3550 947 3599 et
974 3541 1251 3598 absorberi
1275 3541 1422 3596 hiatu
1441 3550 1598 3597 terra:
1613 3580 1631 3607 ,
1660 3541 1711 3596 id
1738 3551 1819 3597 est
1842 3542 2068 3598 devora-

485 3638 635 3694 tioue
680 3646 1013 3692 terrenarum
1060 3632 1408 3703 cupiditatum
1456 3631 1750 3688 absorberi.
1805 3634 1943 3690 Dicis
1970 3633 2072 3689 ho-

485 3730 617 3786 mini
647 3746 660 3783 :
691 3728 828 3798 Quid
860 3728 1097 3799 pateris,
1147 3725 1347 3781 initer?
1393 3724 1608 3781 Fratres
1635 3712 1819 3782 sumus
1839 3768 1854 3792 ,
1908 3744 2072 3784 unum

486 3822 656 3880 Deum
687 3824 1017 3886 invocamus,
1034 3821 1097 3899 jn
1122 3836 1281 3874 unum
1305 3819 1573 3874 Christum
1594 3820 1885 3888 credimus,
1910 3838 2075 3878 unum

488 3914 834 3985 Evangelium
883 3911 1170 3979 audimus,
1221 3927 1385 3966 unum
1442 3910 1710 3966 Psalmum
1762 3921 2073 3982 cantamus,

489 4022 656 4063 unum
675 4008 844 4062 Amen
865 4004 1271 4076 respondemus,
1302 4018 1464 4058 unum
1487 4002 1705 4085 Alleluia
1736 4019 2072 4075 resonamus,

488 4114 656 4155 unum
683 4097 885 4154 Pascha
916 4097 1249 4152 celebramus
1282 4115 1295 4151 :
1325 4096 1450 4167 quid
1495 4105 1550 4151 tu
1588 4097 1718 4153 loris
1760 4113 1854 4165 es,
1902 4107 1956 4154 et
1976 4114 2077 4170 ego

489 4190 633 4246 intus
648 4205 764 4245 sum
781 4188 806 4241 ‘I
826 4189 1142 4259 Plerumque
1157 4197 1468 4258 angustatus
1482 4197 1535 4242 et
1555 4188 1902 4245 considerans
1917 4206 2076 4260 quam

489 4294 619 4338 vera
645 4281 890 4335 dicantur
915 4323 928 4345 ,
959 4278 1203 4344 Reddat,
1236 4279 1326 4342 ait.
1372 4279 1512 4334 Deus
1538 4278 1828 4348 majoribus
1858 4282 2074 4337 nostris.

491 4373 634 4444 Ergo
658 4374 809 4427 vivus
837 4373 990 4442 perit.
1028 4371 1227 4426 Deinde
1251 4369 1401 4425 addis
1425 4378 1479 4425 et
1500 4385 1685 4424 mones
1713 4387 1726 4422 :
1758 4367 1956 4426 Saltem
1985 4388 2077 4428 so-

492 4466 602 4523 lum
627 4467 695 4519 sit
720 4465 916 4518 malum
947 4462 1331 4534 segregatiunis
1347 4503 1360 4527 ,
1390 4477 1487 4516 cur
1507 4460 1750 4532 adjungis
1772 4472 1825 4516 et
1845 4463 2080 4534 rebapti-

492 4558 764 4615 zatiunis?
812 4559 1057 4627 Agnosce
1094 4556 1146 4610 in
1188 4571 1274 4610 me
1302 4554 1443 4625 quod
1487 4554 1691 4621 babes;
1738 4565 1792 4611 et
1831 4558 1874 4610 si
1912 4566 1963 4612 tu
1995 4575 2081 4615 me

493 4651 686 4716 odisti,
731 4648 944 4705 Christo
982 4648 1035 4702 in
1071 4663 1157 4703 me
1183 4661 1362 4718 parce.
1410 4645 1478 4701 Et
1508 4645 1611 4701 hoc
1633 4648 1711 4702 eis
1738 4647 1934 4703 malum
1966 4651 2079 4720 ple-

494 4761 724 4817 rumque
749 4754 803 4799 et
832 4743 1061 4798 maxime
1103 4741 1348 4812 displicet
1376 4758 1388 4795 :
1423 4740 1590 4805 Vere,
1637 4741 1913 4812 inquiunt,
1944 4745 2081 4800 male

497 4839 593 4901 ﬁt;
621 4837 820 4892 utinam
845 4843 1023 4907 posset
1050 4851 1153 4890 non
1178 4833 1326 4889 ﬁeri!
1360 4832 1452 4888 sed
1480 4832 1605 4904 quid
1634 4832 1855 4888 lacinias
1881 4834 1948 4889 de
1974 4846 2082 4891 sta-

498 4933 627 4988 tutis
663 4928 922 4999 majorum
969 4926 1318 4982 nostrorum?
1364 4924 1687 4980 Descendunt
1724 4925 1793 4979 ad
1830 4927 2083 4997 infernum

495 5028 731 5081 viventes.
758 5020 813 5077 Si
842 5027 1084 5075 mortuus
1107 5017 1482 5083 descenderes,
1512 5018 1636 5088 quid
1660 5033 1845 5088 ageres
1874 5018 2085 5088 ignora-

497 5133 583 5173 res
609 5132 623 5170 :
650 5126 772 5169 cum
799 5124 926 5166 vero
950 5110 1057 5165 scis
1084 5110 1281 5164 malum
1309 5123 1429 5164 esse
1447 5108 1590 5180 quod
1625 5107 1757 5165 facis
1777 5150 1791 5171 .
1821 5118 1873 5165 et
1906 5118 2082 5165 tamen

497 5213 664 5273 lacis;
712 5220 891 5262 nonne
917 5203 1068 5259 vivus
1104 5201 1386 5259 descendis
1413 5200 1480 5256 ad
1526 5199 1763 5256 inferos?
1811 5200 1877 5255 Et
1921 5216 2086 5270 quare

497 5307 730 5362 maxime
776 5304 919 5376 ipsos
964 5296 1134 5358 duces‘
1170 5309 1328 5356 terrae
1377 5298 1548 5352 hiatus
1597 5296 1875 5351 absorbuit
1912 5296 2082 5363 vivos,

500 5401 748 5472 pOpulum
800 5406 977 5453 autem
1023 5396 1129 5449 illis
1171 5390 1592 5449 censentieutem
1634 5406 1664 5443 e
1692 5390 1830 5445 coelo
1878 5387 2085 5444 irruens

499 5492 637 5563 ignis
664 5488 958 5558 absumpsit
1002 5484 1188 5558 (Ibid,
1217 5482 1645 5553 47)?Propterea
1695 5480 1832 5535 hanc
1876 5494 2087 5551 ptenam

500 5595 925 5639 commemorans
955 5577 1192 5649 psalmus
1232 5576 1367 5639 iste,
1412 5589 1442 5627 a
1482 5573 1673 5643 populo
1697 5571 1893 5643 coepit,
1939 5585 1992 5628 et
2020 5572 2088 5629 ad

504 5673 670 5731 duces
707 5671 991 5730 conclusit.
1030 5668 1210 5725 Veniat
1235 5682 1371 5722 mors
1392 5681 1543 5738 super
1564 5680 1646 5719 eos
1674 5706 1688 5731 ,
1722 5672 1940 5736 propter
1967 5664 2089 5723 illos

566 5853 586 5917 ξ
617 5851 691 5917 sic
711 5856 786 5899 Er.
813 5855 866 5899 et
885 5855 995 5917 uss.
1020 5855 1078 5901 At
1097 5852 1230 5911 tam,
1252 5839 1346 5898 sed
1368 5853 1464 5894 non
1482 5837 1824 5893 ωυαῆοειιιιιν.

563 5912 642 5978 (α)
672 5912 1026 5965 ωυοωιωδ.

1692 385 1755 444 S.
1792 371 2165 442 AUGUSTINI
2201 375 2506 436 EPISCOPI

2166 493 2334 561 dixit,
2364 508 2528 566 super
2549 506 2684 566 quos
2710 494 2857 550 venit
2888 492 3025 567 ignis
3051 492 3120 552 de
3145 494 3289 555 calo
3320 512 3336 552 :
3363 503 3420 553 et
3452 496 3637 554 statim
3655 496 3741 557 atl-

2154 588 2347 660 junxit,
2386 586 2701 643 Descendunt
2719 587 2787 641 ad
2804 587 3061 660 infernum
3085 590 3324 661 uiuentes,
3344 601 3574 661 propter
3594 590 3742 651 duces

2159 694 2293 750 quos
2324 688 2480 734 terra}
2519 677 2694 734 hiatus
2719 679 3013 735 absorbuit.
3065 680 3197 736 Nam
3224 683 3507 753 quomodo
3532 681 3762 742 dessem.

2160 773 2351 829 derent
2369 772 2433 827 ad
2463 772 2731 828 infernum
2756 775 3027 842 viventes,
3055 774 3125 831 de
3152 774 3348 847 quibus
3376 776 3624 843 dixerat,
3661 776 3747 834 Vs-

2160 865 2265 919 niat
2292 882 2430 920 mors
2453 882 2607 937 super
2635 866 2762 922 eos?
2801 867 2847 922 si
2873 884 2984 937 jam
3014 882 3176 939 super
3212 883 3310 924 eos
3340 884 3493 925 mors
3519 883 3747 937 venerat,

2160 958 2428 1028 quomodo
2454 958 2558 1014 vivi
2592 958 2659 1014 ad
2692 960 2893 1015 inferos
2931 959 3334 1018 descendebant
3354 963 3380 1017 ἲ
3429 963 3583 1034 Ergo
3608 980 3638 1019 a
3664 968 3751 1021 mi-

2161 1052 2382 1108 noribus
2407 1054 2587 1123 coepit,
2621 1053 2687 1108 ad
2717 1052 2947 1125 majores
2976 1054 3260 1110 cont-lusit.
3302 1054 3491 1112 Veniat
3518 1074 3659 1111 mars
3679 1075 3753 1111 sn-

2162 1163 2253 1216 per
2276 1163 2360 1201 eos
2382 1188 2398 1214 ,
2427 1147 2513 1218 qui
2539 1156 2928 1203 consenserunt
2954 1158 3009 1203 et
3033 1151 3305 1204 consecuti
3332 1160 3484 1206 sunt.
3531 1150 3670 1220 Quid
3691 1154 3755 1208 illi

2159 1238 2327 1295 duces
2355 1249 2410 1295 et
2433 1239 2746 1310 principes?
2776 1239 3095 1297 Descendunt
3115 1243 3185 1298 ad
3213 1244 3475 1316 infernum
3508 1246 3756 1303 uiuentes:

2161 1335 2283 1404 quia
2316 1334 2415 1407 ipsi
2444 1334 2750 1407 Scripturas
2782 1343 3050 1402 tractant,
3084 1345 3140 1392 et
3167 1347 3435 1393 noverunt
3462 1337 3614 1394 bepe
3637 1354 3754 1410 quo-

2163 1425 2289 1481 tidie
2331 1426 2554 1496 legendo
2596 1426 2868 1498 quomodo
2897 1426 3139 1483 Ecclesia
3168 1429 3432 1483 catholica
3468 1446 3575 1501 per
3600 1439 3754 1485 totum

2161 1516 2349 1572 orbem
2395 1527 2655 1573 terrarmn
2703 1518 2774 1573 ita
2803 1517 2992 1573 dill'usa
3035 1528 3157 1587 est,
3208 1531 3262 1574 ut
3292 1523 3521 1576 omnino
3549 1535 3752 1578 contra-

2162 1613 2326 1670 dictio
2350 1614 2523 1668 omnis
2549 1622 2734 1680 vacet,
2783 1629 2885 1669 nec
2912 1614 3135 1669 inveniri
3167 1616 3335 1683 possit
3357 1615 3584 1687 aliquod
3622 1617 3756 1672 tesxi-

2164 1706 2401 1761 monium
2434 1721 2528 1775 pro
2556 1704 2848 1763 schismate
2871 1720 3060 1762 eorum
3082 1748 3097 1770 ,
3127 1716 3392 1762 noverunt
3422 1706 3602 1774 bene;
3646 1709 3755 1763 ideo

2163 1802 2230 1857 ad
2279 1800 2480 1858 inferos
2518 1802 2761 1855 viventes
2805 1799 3170 1865 descendunt,
3216 1800 3339 1869 quia
3384 1801 3593 1856 malum
3623 1801 3756 1872 quod

2164 1892 2385 1958 faciunt,
2415 1891 2614 1948 malum
2633 1907 2753 1949 esse
2777 1900 3063 1948 noverunt.
3094 1892 3216 1947 Illos
3235 1902 3416 1948 autem
3441 1892 3645 1950 divinae
3666 1896 3757 1949 ira-

2164 1985 2373 2041 cundia:
2404 1987 2422 2017 ί
2450 1985 2587 2057 ignis
2615 1984 2930 2055 absumpsit.
2982 1983 3173 2040 Studio
3213 1986 3358 2042 enim
3388 1986 3749 2044 contentionis

2166 2080 2420 2147 accensi,
2463 2094 2494 2133 a
2523 2077 2748 2134 ducibus
2788 2077 2901 2133 suis
2939 2077 3096 2133 malis
3126 2077 3383 2134 recedere
3431 2078 3752 2135 noluerunt:

2166 2173 2312 2226 venit
2342 2184 2504 2241 super
2534 2168 2713 2239 ignem
2742 2168 2879 2240 ignis
2898 2209 2913 2231 ,
2946 2182 3108 2238 super
3132 2167 3382 2225 ardorem
3412 2169 3756 2227 dissensionis

2167 2262 2329 2318 ardor
2352 2260 2799 2331 consumptionis.
2861 2257 3043 2314 Veniat
3077 2276 3212 2315 mors
3238 2277 3397 2331 super
3426 2262 3545 2316 illos
3565 2305 3581 2325 .
3609 2274 3656 2317 et
3676 2263 3753 2320 de.

2168 2351 2413 2408 scandant
2441 2351 2510 2405 ad
2552 2352 2807 2422 infernum
2852 2351 3092 2405 viventes.
3149 2350 3405 2418 Quonim
3448 2353 3672 2423 nequitia
3708 2355 3755 2408 is

2169 2443 2401 2513 hospitiis
2419 2457 2611 2506 eorum,
2638 2441 2691 2494 in
2720 2440 2883 2493 medio
2904 2455 3097 2494 eorum.
3127 2437 3193 2494 In
3224 2440 3478 2510 hospitiis,
3506 2442 3593 2496 ubi
3647 2457 3754 2514 perb

2169 2535 2486 2605 egi-inantur
2520 2542 2575 2589 et
2611 2541 2904 2587 transeunt.
2932 2530 3049 2587 Non
3081 2532 3221 2586 enim
3254 2533 3339 2587 hic
3360 2547 3579 2605 semper
3608 2534 3752 2591 futuri

2170 2637 2295 2682 sunt
2327 2644 2340 2680 :
2369 2636 2423 2682 et
2467 2637 2642 2680 tamen
2694 2639 2792 2693 pro
2838 2623 3177 2679 animositate
3223 2626 3503 2694 temporali
3547 2627 3626 2683 sic
3667 2642 3752 2697 pu-

2171 2726 2355 2788 gnant.
2401 2714 2467 2771 In
2494 2715 2724 2786 hospitiis
2758 2729 2886 2783 ergo
2909 2730 3084 2769 eorum
3117 2715 3381 2786 iniquitas,
3414 2717 3469 2771 in
3497 2718 3752 2773 mediaes-

2172 2828 2285 2866 rum
2316 2809 2567 2880 iniquitas
2598 2826 2611 2862 :
2646 2806 2851 2863 nullum
2883 2817 2989 2862 tam
3017 2805 3249 2863 medium
3275 2823 3465 2864 eorum
3492 2824 3649 2880 quam
3673 2823 3753 2866 cor

2172 2919 2381 2960 eorum.

2248 2996 2335 3050 17.
2369 2992 2519 3069 [vers.
2559 2991 2668 3066 17.]
2701 2990 2810 3059 Ego
2830 2991 2898 3045 ad
2926 2990 3195 3045 Dominum
3230 2992 3538 3050 exclamaui.
3562 2994 3750 3069 Corpus

2174 3086 2371 3144 Christi
2403 3094 2456 3140 et
2482 3085 2658 3139 unitas
2680 3082 2877 3138 Cbris1i
2909 3083 2960 3137 in
2991 3098 3188 3153 angore
3208 3124 3222 3145 ,
3265 3083 3317 3137 in
3349 3084 3512 3141 taedio
3534 3129 3551 3152 ,
3580 3088 3631 3142 in
3654 3103 3749 3141 meo

2176 3181 2327 3238 lestia
2352 3221 2369 3248 ,
2395 3180 2446 3234 in
2473 3177 2884 3233 conturbatione
2910 3175 3310 3231 exercitationis
3338 3192 3489 3243 suae;
3520 3179 3608 3235 ille
3632 3195 3749 3235 otius

2177 3272 2344 3327 homo
2368 3313 2381 3337 ,
2434 3272 2485 3325 in
2527 3285 2633 3324 uno
2673 3284 2902 3339 corpore
2946 3269 3113 3338 posita
3146 3266 3359 3332 unitas.
3399 3284 3523 3325 cum
3551 3271 3749 3328 taederet

2177 3365 2409 3420 animam
2453 3363 2571 3433 ejus
2618 3362 2924 3417 exclamans
2960 3375 2988 3413 a
3036 3359 3231 3415 ﬁnibus
3270 3368 3427 3414 terra:
3458 3378 3472 3416 :
3499 3361 3545 3416 Α
3586 3362 3749 3432 ﬁnibus

2178 3466 2326 3513 teme
2349 3454 2417 3509 ad
2443 3464 2492 3510 te
2516 3453 2730 3508 clamavi
2750 3493 2766 3517 ,
2813 3451 3013 3522 inquit,
3051 3467 3167 3505 cum
3192 3461 3465 3522 angeretur
3491 3468 3582 3508 cor
3608 3470 3748 3508 meum

2183 3548 2354 3623 (Psal.
2391 3564 2478 3615 ιχ,
2506 3547 2588 3617 5).
2644 3545 2763 3616 ipse
2800 3560 2938 3600 unus
2960 3587 2976 3612 ,
3013 3543 3108 3600 sed
3153 3545 3326 3600 unitas
3362 3561 3503 3602 unus
3532 3565 3549 3602 :
3578 3556 3628 3603 et
3652 3549 3747 3618 ipse

2177 3658 2318 3700 unus
2342 3683 2357 3709 ,
2391 3655 2498 3696 non
2522 3641 2573 3695 in
2598 3653 2704 3693 uno
2726 3637 2845 3692 loco
2870 3653 3008 3693 unus
3030 3679 3048 3702 ,
3078 3637 3171 3692 sed
3194 3653 3223 3691 a
3251 3637 3446 3693 ﬁnibus
3474 3648 3627 3695 terra:
3649 3640 3743 3695 cla-

2180 3744 2292 3791 mat
2332 3748 2488 3787 unus.
2530 3716 2810 3797 Quomodo
2836 3743 2865 3781 a
2895 3728 3090 3783 linibus
3119 3736 3276 3782 term
3320 3728 3575 3786 clamaret
3607 3745 3740 3795 unus,

2180 3826 2283 3883 nisi
2328 3825 2380 3880 in
2413 3823 2593 3877 multis
2621 3830 2765 3877 esset
2794 3818 2975 3875 unus?
3023 3817 3137 3891 Ego
3174 3819 3244 3872 ad
3282 3818 3557 3876 Dominum
3595 3824 3737 3876 mla-

2180 3920 2335 3974 maui.
2385 3915 2572 3991 Recte.
2608 3913 2687 3969 Tu
2718 3912 2960 3968 exclama
2992 3910 3057 3966 ad
3088 3910 3368 3966 Dominum
3390 3956 3404 3976 ,
3437 3915 3541 3970 noli
3565 3914 3625 3968 ad
3653 3914 3739 3968 Do.

2182 4022 2405 4072 natum;
2458 4023 2525 4063 ne
2568 4006 2662 4062 tibi
2711 4004 2783 4060 sit
2827 4019 2925 4075 pro
2953 4003 3182 4059 Domino
3210 4004 3497 4072 dominus,
3543 4008 3623 4077 qui
3656 4004 3738 4062 sub

2181 4104 2412 4162 Domino
2444 4100 2615 4156 noluit
2638 4114 2760 4154 esse
2792 4112 3105 4154 conservus.
3146 4095 3259 4169 Ego
3287 4098 3356 4153 ad
3385 4098 3644 4155 Dominum
3668 4115 3738 4155 cs-

2183 4194 2398 4253 elamavi
2428 4209 2446 4249 :
2471 4202 2516 4248 et
2540 4191 2783 4246 Dominus
2803 4189 3056 4244 exaudiuit
3081 4204 3178 4243 me.

2256 4289 2346 4346 18.
2379 4281 2670 4361 [uers.18.]
2709 4280 2958 4354 Vespere,
3004 4290 3052 4335 et
3090 4297 3269 4347 mane,
3300 4290 3347 4336 et
3367 4282 3595 4346 meridie.
3616 4298 3737 4338 enar-

2184 4383 2306 4439 rabo
2326 4422 2342 4447 ,
2365 4388 2411 4433 et
2436 4376 2767 4443 annuntiabo,
2790 4384 2837 4429 et
2856 4372 3091 4429 exaudiet
3120 4388 3286 4428 vocem
3310 4391 3492 4430 meam.
3524 4375 3733 4447 Evange-

2186 4475 2288 4530 liza
2316 4482 2393 4534 tu.
2425 4468 2533 4525 noli
2560 4477 2737 4523 tacere
2756 4473 2810 4520 tu
2837 4465 2978 4535 quod
3010 4466 3280 4535 accepisti,
3304 4481 3522 4535 uespere.
3545 4469 3605 4523 de
3629 4482 3734 4537 pra:-

2187 4564 2396 4626 teritis;
2436 4575 2589 4614 mane
2610 4600 2625 4624 ,
2655 4556 2723 4613 de
2764 4556 2995 4622 futuris;
3041 4556 3284 4624 meridie,
3315 4556 3383 4613 de
3412 4560 3730 4630 sempiternis.

2186 4657 2316 4714 Ideo
2344 4653 2411 4711 ad
2441 4652 2493 4707 id
2518 4650 2661 4722 quod
2685 4650 2792 4713 ait,
2835 4664 3038 4719 vespere
3056 4690 3071 4709 .
3102 4647 3337 4720 pertinet
3356 4649 3499 4719 quod
3524 4657 3729 4705 enarrat:

2187 4749 2256 4806 ad
2285 4747 2338 4804 id
2366 4743 2508 4818 quod
2534 4743 2646 4807 ait,
2690 4757 2841 4796 mane
2862 4782 2878 4808 ,
2916 4739 3147 4810 pertinet
3175 4740 3315 4810 quod
3352 4741 3621 4795 annuntiat
3647 4757 3659 4792 :
3683 4735 3730 4793 ad

2188 4841 2241 4900 id
2270 4838 2410 4911 quod
2440 4837 2551 4899 ait,
2594 4834 2804 4888 meridie
2826 4875 2842 4899 ,
2890 4831 3123 4904 pertinet
3169 4831 3311 4903 quod
3358 4834 3627 4888 exauditur
3657 4847 3729 4886 rex

2189 4934 2327 5005 ejus.
2383 4931 2527 4987 Finis
2547 4929 2687 4983 enim
2720 4926 2771 4982 in
2801 4925 3026 4980 meridie
3047 4933 3164 4989 est,
3195 4923 3289 4979 sed
3316 4925 3459 4980 unde
3484 4941 3582 4980 non
3601 4921 3728 4979 decli-

2191 5036 2346 5083 natur
2371 5025 2424 5079 in
2452 5036 2722 5078 occasum.
2769 5017 2827 5074 In
2875 5012 3099 5073 meridie
3124 5017 3265 5071 enim
3308 5018 3397 5073 lux
3439 5020 3629 5073 excelsa
3653 5022 3725 5077 est,

2191 5116 2445 5189 splendor
2498 5110 2793 5182 sapielitim,
2847 5109 3025 5163 fervor
3068 5107 3390 5163 dilectionis.
3454 5107 3664 5179 Vespere,
3693 5114 3726 5157 et

2190 5224 2355 5271 mane,
2389 5215 2436 5260 et
2457 5202 2682 5258 meridie.
2713 5200 2946 5268 Vespere
2970 5199 3226 5254 Dominus
3249 5200 3302 5254 in
3332 5215 3504 5261 cruce,
3538 5214 3667 5253 mane
3688 5198 3721 5246 ῐιι

2192 5297 2604 5362 resurrectione,
2627 5294 2848 5349 meridie
2870 5294 2924 5349 in
2953 5296 3266 5348 ascensione
3298 5311 3312 5346 :
3346 5309 3414 5350 en
3433 5310 3531 5349 ll'l‘O
3549 5304 3721 5360 γρερσετρ

2193 5394 2502 5467 patientiam
2551 5388 2863 5451 morientis,
2916 5387 3178 5441 annuntio
3217 5403 3377 5441 mane
3413 5388 3560 5442 vitam
3583 5397 3717 5439 resur-

2193 5488 2394 5562 gentis,
2445 5482 2611 5540 orabo
2636 5491 2695 5536 ut
2730 5477 2980 5536 exaudiat
3019 5478 3252 5534 meridie
3288 5481 3478 5535 sedens
3505 5477 3561 5531 ad
3580 5476 3716 5529 «lene

2193 5594 2306 5636 ram
2325 5575 2534 5640 Patris;
2560 5571 2808 5628 exaudiet
2833 5584 3020 5625 vocem
3048 5584 3221 5624 meam
3245 5570 3333 5639 qui
3356 5567 3629 5638 interpellat
3652 5577 3716 5630 pm

2193 5670 2348 5731 nobis
2377 5666 2555 5739 (Rom.
2579 5680 2693 5728 vni,
2723 5663 2835 5734 34).
2866 5662 3072 5731 Quanta
3103 5661 3265 5731 hujus
3279 5662 3548 5723 securitas,
3568 5664 3711 5725 qamna

2195 5760 2495 5822 consolatio
2514 5800 2528 5827 ,
2568 5765 2764 5830 quanta
2793 5752 3019 5812 reiectio
3050 5770 3081 5808 a
3110 5753 3534 5825 pusillanimiuue
3552 5758 3595 5803 el
3617 5760 3705 5798 tell!-

2262 5899 2279 5934 ι
2313 5905 2491 5949 omnes
2511 5900 2639 5958 Mss,
2663 5890 2726 5945 de
2747 5888 2911 5946 divina
2929 5886 3330 5954 iraaatdiaignis
3349 5885 3597 5949 αῡωηραι-

3674 6313 3838 6358 μω
