3942 6438
155 585 365 657 gestata,
388 580 575 630 contra
595 566 786 633 malos,
807 569 995 621 contra
1015 558 1226 630 iniquos
1243 565 1298 657 et
1327 553 1459 657 foris
1485 560 1540 609 et
1559 548 1724 615 intus,

155 648 199 732 et
227 676 273 730 in
301 672 380 725 his
401 669 489 738 qui
517 665 644 720 l'oris
670 670 815 724 sunt,
846 672 969 715 cum
995 654 1222 753 fuissent
1245 648 1420 753 inlusi
1474 738 1486 751 '

219 765 298 822 l9.
327 761 478 836 [υρι-ε.
510 752 621 827 l9.]
647 753 848 820 Itaque,
869 747 1060 803 fratres
1085 744 1210 812 mei,
1232 755 1369 836 quos
1390 744 1448 836 in
1474 744 1587 809 ipsa
1603 750 1735 792 con-

164 834 449 933 ξι-..μειιῖοηο
488 851 746 922 parietum
789 845 981 898 horum
1010 838 1202 895 videtis
1230 834 1562 933 turbulentos
1586 872 1603 898 ,
1625 843 1736 933 ’διι-

158 922 368 1024 peritos,
401 962 498 1001 sua
526 948 865 1015 qua-rentes,
893 935 1092 999 elatos,
1130 944 1240 1028 non
1269 922 1734 1028 habentes-zelum

159 1015 241 1102 Dei
269 1051 472 1095 castum
496 1078 511 1102 ,
542 1048 729 1091 sanum
748 1072 763 1096 ,
799 1028 1036 1100 quietum
1056 1064 1074 1089 ,
1113 1021 1208 1078 sed
1255 1018 1479 1120 multum
1506 1015 1609 1120 sibi
1637 1015 1736 1068 tri-

160 1141 406 1194 ιιιιιιιιιεςς
459 1127 529 1182 ad
568 1124 955 1180 dissensionem
985 1124 1198 1188 paratos
1220 1156 1235 1179 ,
1263 1110 1361 1169 sed
1399 1110 1738 1165 occasionem

158 1245 252 1284 nnu
282 1221 636 1279 invenientes,
657 1216 769 1285 ipsa
787 1221 869 1269 est
888 1209 1037 1281 palea
1062 1203 1345 1262 dominica:
1364 1216 1504 1257 arca:
1521 1197 1736 1302 (Matth.

159 1340 209 1379 ιιι
230 1364 245 1383 ,
280 1318 390 1384 l2).
424 1313 561 1370 Hinc
588 1310 709 1364 illos
730 1319 929 1379 paucos
950 1298 1440 1399 superbiae-ventus
1460 1298 1698 1399 excussit
1721 1306 1736 1344 :

159 1382 255 1469 tota
280 1382 428 1480 palea
456 1419 568 1459 non
597 1399 816 1461 volabit,
839 1395 941 1453 nisi
971 1408 1091 1449 cum
1114 1392 1203 1446 ille
1225 1389 1276 1443 in
1297 1387 1483 1442 ultimo
1514 1382 1744 1488 ventila-

163 1508 247 1562 hit.
289 1500 393 1558 Sed
427 1512 529 1551 ttns
556 1492 704 1564 quid,
730 1489 830 1544 nisi
859 1503 980 1543 cum
1011 1487 1115 1540 isto
1138 1490 1415 1538 cantemus
1434 1521 1450 1547 ,
1482 1482 1740 1580 cum-isto

159 1609 382 1657 oremus,
414 1606 541 1645 cum
563 1586 667 1642 isto
690 1583 999 1654 plangamus
1028 1584 1085 1633 et
1108 1576 1349 1630 dicamus
1365 1569 1580 1673 securi:
1597 1567 1745 1673 .Red-

161 1693 268 1747 intet
329 1686 383 1741 in
429 1698 558 1755 pace
601 1677 824 1733 animam
869 1669 1077 1727 meam?
1121 1667 1319 1763 Contra
1365 1664 1486 1719 illos
1522 1664 1610 1733 qui
1639 1674 1747 1763 non

160 1788 330 1840 amant
370 1789 562 1849 pacem
582 1813 598 1838 ,
645 1768 714 1824 In
743 1781 867 1839 pace
892 1762 1103 1818 redimet
1129 1760 1355 1813 animant
1387 1770 1548 1859 meum
1576 1760 1748 1859 'quia

162 1889 276 1933 cum
305 1842 388 1926 his
421 1866 516 1939 qui
562 1862 792 1918 oderunt
834 1870 1057 1930 pacem,
1103 1867 1249 1909 eram
1294 1842 1753 1950 pacificusjl’sal,

162 1981 306 2031 cstx,
338 1961 417 2034 7).
441 1936 709 2014 'Redimet
732 1953 786 2006 in
826 1965 948 2022 pace
984 1946 1206 2000 animam
1235 1957 1396 1996 meam
1417 1982 1431 2006 ,
1460 1937 1521 1993 ab
1551 1936 1630 1992 his
1663 1936 1752 2008 qui

165 2055 571 2131 appropinquant
600 2047 744 2101 mihi.
769 2043 898 2099 Nam
921 2040 991 2095 ab
1015 2038 1119 2095 illis
1147 2036 1234 2137 qui
1265 2036 1561 2137 lo-u-g-esunt'
1584 2044 1749 2137 a'me,

166 2122 329 2210 facilis
360 2122 530 2204 causa
576 2149 661 2198 est
690 2156 703 2193 :
733 2152 839 2192 non
888 2148 977 2189 me
1017 2141 1122 2185 tam
1167 2129 1276 2184 cito
1305 2127 1437 2180 fallit
1474 2124 1563 2195 qui
1602 2122 1753 2226 dicit,

166 2244 322 2310 Veni,
370 2239 579 2296 idolum
626 2232 789 2288 adora
823 2248 837 2285 :
868 2227 1092 2284 multmu
1123 2240 1151 2277 a
1176 2238 1260 2277 me
1281 2221 1439 2290 longe
1468 2226 1570 2275 est.
1599 2215 1755 2310 Chri-

168 2308 359 2396 stianus
383 2331 485 2389 es?
514 2326 870 2390 Christianus,
902 2319 1092 2391 inquit.
1122 2315 1203 2371 Ex
1237 2312 1535 2384 prepiuquo
1560 2308 1757 2364 adver-

168 2440 323 2495 satur,
356 2437 531 2497 prope
557 2429 659 2477 est.
711 2414 938 2472 Redimet
973 2414 1026 2466 in
1055 2407 1424 2508 pacennimam
1450 2418 1611 2508 meam
1637 2443 1651 2467 ,
1696 2399 1759 2508 ab

170 2526 241 2580 his
263 2521 345 2596 qui
386 2514 807 2586 appropinquant
850 2505 974 2560 mihi
1002 2499 1375 2602 :quonian-t-
1408 2498 1580 2602 multis
1619 2502 1762 2602 erant

171 2587 370 2672 mecum.
395 2616 582 2680 Quare
611 2604 742 2667 dixi,
771 2599 1179 2674 appropinquant
1208 2590 1375 2646 mihi?
1402 2590 1538 2695 Quoia
1562 2589 1613 2642 in
1637 2587 1765 2642 mul°

173 2711 229 2765 tis
251 2716 385 2764 erant
415 2715 640 2756 mecum.
689 2694 745 2750 In
791 2695 889 2747 hoc
929 2705 1086 2745 versu
1116 2687 1236 2741 dum
1261 2687 1543 2740 sententiae
1572 2693 1762 2734 occur-

173 2810 311 2860 runt.
352 2797 420 2853 In
446 2790 626 2849 multis
652 2795 795 2844 erant
815 2798 1009 2839 merum
1033 2797 1053 2835 :
1079 2776 1409 2844 Baptismum
1438 2770 1765 2878 habebamus

174 2896 400 2966 utrique,
431 2889 490 2945 in
531 2901 597 2942 eo
620 2890 776 2939 erant
803 2891 1045 2941 mecum;
1078 2870 1421 2942 Evangelium
1448 2867 1659 2936 utrique
1687 2864 1765 2966 le-

176 2954 441 3061 gebamus,
471 2983 637 3035 erant
662 2974 715 3029 in
737 2988 803 3029 eo
838 2980 1080 3031 mecum;
1131 2964 1265 3061 festa
1304 2967 1596 3061 martyrum
1623 2954 1767 3012 cele-

179 3049 459 3136 brabamus
481 3112 501 3138 ,
546 3075 701 3124 erant
728 3063 800 3119 ibi
836 3072 1080 3123 mecum;
1108 3051 1332 3150 Pasclne
1361 3049 1765 3150 solemnitatem

178 3164 679 3242 frequentabamus,
717 3160 871 3210 erant
897 3150 967 3205 ibi
996 3161 1236 3245 mecum.
1272 3140 1378 3245 sed
1406 3157 1515 3245 non
1546 3140 1767 3194 omnino

178 3233 376 3320 mecum
403 3272 418 3311 :
447 3254 513 3310 in
532 3250 820 3306 schismate
841 3258 947 3299 non
970 3253 1203 3304 mecum,
1222 3235 1275 3291 in
1304 3233 1494 3289 hmresi
1524 3246 1628 3287 non
1657 3244 1771 3287 me-

180 3368 313 3411 cum.
359 3351 416 3405 ln
443 3343 633 3402 multis
661 3353 904 3404 mecum,
950 3333 1003 3389 in
1031 3331 1215 3404 paucis
1248 3343 1356 3384 non
1395 3341 1627 3383 mecum.
1661 3322 1768 3381 Sed

181 3446 231 3504 in
258 3445 338 3499 his
356 3438 546 3513 paucis
571 3438 623 3490 in
648 3432 841 3504 quibus
865 3444 968 3483 non
1000 3440 1230 3525 mecum,
1263 3437 1369 3477 non
1394 3421 1720 3525 eis-prosunt
1749 3418 1768 3451 ¹

181 3538 337 3596 multa
358 3512 411 3591 in
432 3532 634 3603 quibus
655 3539 884 3582 mecum.
915 3518 1147 3583 Etenim,
1176 3514 1388 3577 fratres,
1410 3512 1587 3616 videte
1609 3526 1770 3616 quam

182 3632 336 3689 multa
362 3622 640 3685 enarravit
662 3615 936 3687 apostolus
963 3611 1155 3666 Paulus
1181 3626 1194 3662 :
1230 3622 1389 3662 unum
1411 3605 1574 3664 dixit:
1606 3604 1650 3658 si
1680 3604 1774 3659 de-

184 3727 353 3790 fuerit,
381 3723 584 3779 frustra
613 3721 740 3771 sunt
764 3710 877 3766 illa.
927 3704 987 3763 Si
1016 3702 1203 3774 linguis
1235 3700 1492 3754 hominum
1521 3704 1699 3768 loquar
1725 3706 1772 3752 et

184 3820 513 3892 Angelorum,
535 3811 630 3874 ait,
658 3807 702 3861 si
725 3803 934 3859 habeam
951 3813 1147 3853 omnem
1164 3793 1479 3866 prophetiam
1503 3801 1550 3845 et
1577 3807 1774 3894 omn-em

184 3882 349 3984 fidem,
375 3918 422 3963 et
446 3918 651 3962 onmem
669 3896 947 3956 scientiam,
968 3892 1010 3947 si
1031 3898 1219 3943 montes
1245 3889 1569 3984 transferam,
1596 3882 1641 3936 si
1665 3882 1774 3936 dis-

185 3977 394 4060 tribuam
419 3996 598 4054 omnia
642 4007 754 4047 mea
774 3983 1099 4060 pauperibus,
1129 3979 1172 4033 si
1191 3977 1389 4032 tradam
1410 3990 1594 4043 corpus
1614 3988 1777 4027 nteant

188 4097 254 4152 ita
289 4106 344 4151 ut
382 4090 585 4148 ardeat.
627 4085 797 4153 Quam
825 4079 986 4136 multa
1008 4071 1338 4133 entuneravit
1365 4071 1379 4125 !
1410 4069 1503 4124 His
1530 4066 1777 4124 omnibus

188 4188 364 4247 multis
400 4182 549 4240 desit
596 4193 698 4234 una
741 4173 1011 4230 charitas:
1041 4167 1130 4222 illa
1177 4178 1404 4220 numero
1438 4160 1587 4266 plura
1633 4168 1775 4266 sunt,

190 4281 303 4339 hate
324 4276 567 4349 pondere
597 4269 769 4340 major
791 4275 873 4323 est
904 4263 944 4336 (1
968 4262 1086 4318 Cor.
1116 4258 1253 4331 xm).
1287 4257 1425 4329 Ergo
1452 4254 1504 4311 in
1534 4254 1781 4310 omnibus

191 4368 558 4433 Sacramentis
585 4376 794 4420 mecum
819 4400 835 4423 ,
877 4358 930 4413 in
963 4371 1064 4410 una
1101 4352 1361 4409 charitate
1396 4366 1501 4404 non
1529 4365 1776 4405 mecum:

193 4467 261 4527 In
284 4467 459 4523 multis
500 4468 643 4517 erant
670 4470 883 4512 mecum.
931 4450 1137 4507 Rursus
1161 4447 1265 4502 alio
1298 4444 1458 4500 modo
1480 4487 1496 4512 ,
1530 4443 1783 4512 Quoniam

195 4562 246 4615 in
271 4558 448 4614 multis
479 4559 621 4609 erant
640 4561 855 4612 mecum,
879 4543 966 4613 qui
997 4556 1057 4596 se
1082 4546 1460 4608 separaverunt
1479 4551 1508 4589 a
1539 4551 1646 4600 me,
1674 4550 1785 4590 me-

202 4667 317 4707 cum
340 4654 523 4711 erant,
555 4658 662 4698 non
692 4640 744 4695 in
774 4634 977 4707 paucis,
1008 4631 1100 4687 sed
1132 4632 1182 4685 iu
1209 4630 1411 4684 multis.
1454 4626 1664 4683 Etenim
1691 4642 1786 4697 per

206 4750 370 4799 totum
397 4736 589 4794 orbem
614 4741 878 4788 terrarum
904 4738 1067 4796 pauca
1094 4732 1213 4776 sunt
1234 4735 1396 4791 grana
1414 4760 1428 4783 ,
1458 4717 1637 4772 multa:
1665 4727 1790 4773 sunt

204 4836 386 4906 paleae.
411 4827 552 4897 Quid
574 4838 702 4896 ergo
725 4819 832 4876 ait?
858 4818 914 4872 In
937 4816 1084 4887 palea
1104 4828 1308 4867 mecum
1338 4820 1510 4875 erant,
1543 4810 1594 4864 in
1613 4809 1790 4906 tritico

207 4899 309 4983 non
338 4935 550 4981 mecmn
590 4921 745 4973 erant
774 4930 787 4967 :
819 4918 874 4967 et
922 4905 1240 4979 propinquat
1284 4900 1440 4974 palea
1481 4900 1691 4967 tritico,
1722 4899 1792 4955 de

210 5035 314 5075 uno
352 5013 564 5075 semine
609 5007 741 5074 exit,
770 5004 823 5059 in
858 5017 966 5057 uno
989 5013 1118 5071 agro
1144 4995 1449 5061 radicatur,
1488 5008 1589 5047 una
1618 4992 1791 5063 pluvia

214 5109 476 5172 nutritur,
515 5100 760 5158 eumdem
790 5106 1083 5151 messorem
1111 5089 1308 5159 patitur
1335 5128 1350 5152 ,
1378 5083 1618 5141 eamdem
1642 5084 1796 5140 tritu-

215 5204 473 5259 rationem
502 5195 759 5255 sustinet,
801 5185 1045 5245 eamdem
1074 5180 1470 5237 vcntilationem
1499 5186 1793 5249 exspectat,

221 5313 322 5352 non
344 5295 398 5350 in
421 5304 583 5349 unum
609 5287 860 5341 horreum
890 5281 1070 5336 intrat.
1104 5273 1355 5342 Quoniam
1381 5273 1436 5327 in
1456 5271 1626 5326 amitis
1653 5280 1798 5327 erant

223 5403 435 5443 mecum.
785 5464 805 5469 Α
847 5463 886 5469 _
1012 5462 1042 5469 ῃ
1250 5457 1285 5469 ἢ
1486 5465 1495 5469 Δ
1529 5454 1542 5469 .
1648 5455 1698 5469 η.
1738 5454 1780 5469 Η

291 5480 380 5535 9.0.
411 5476 557 5552 [ειη.
590 5464 808 5539 20-93.]
840 5462 1089 5520 Exaudiet
1126 5476 1204 5516 me
1242 5457 1407 5524 Deus,
1448 5465 1495 5511 et
1522 5454 1802 5552 humilinbit

231 5575 361 5635 ειιοε,
383 5549 464 5643 qui
478 5580 552 5627 est
563 5576 680 5622 ante
696 5561 901 5619 simula.
926 5558 1001 5614 illi
1024 5556 1164 5653 enim
1191 5558 1511 5653 pra-sumunt
1532 5549 1598 5606 de
1623 5552 1803 5653 nescio

237 5682 336 5737 quo
359 5641 490 5722 duce
519 5678 616 5717 suo
642 5656 729 5727 qui
757 5651 917 5722 coepit
946 5650 1057 5704 heri
1089 5643 1409 5737 :humiliabit
1449 5641 1568 5737 illus
1603 5641 1689 5710 qui
1731 5647 1805 5737 est

238 5729 349 5812 ante
384 5755 589 5812 saecula.
632 5748 766 5818 Quia
801 5742 901 5800 etsi
942 5757 1010 5799 ex
1052 5747 1293 5811 tempore
1336 5734 1579 5792 Christus
1616 5741 1697 5788 est
1737 5729 1807 5788 de

225 5944 237 5957 .
302 5865 1663 5957 rm’mawmmﬁnqﬁbmmeu
1692 5875 1811 5932 pro-

240 5955 461 6016 mare.

1244 437 1645 501 ENARBATIO
1681 430 1748 490 IN
1787 430 2114 493 PSALMUM
2150 432 2287 491 LIV.

3312 438 3430 498 ΜΞ

1838 544 2004 602 Maria
2031 547 2236 619 virgine
2258 588 2276 616 ,
2318 555 2446 604 ante
2477 547 2676 605 saecula
2709 554 2886 605 tamen
2926 548 2982 605 in
3008 551 3271 626 principio
3290 554 3427 613 Ver-

1836 636 1985 703 bum,
2013 648 2068 694 et
2087 637 2325 695 Verbum
2350 640 2489 709 apud
2520 640 2706 709 Deum,
2739 651 2793 698 et
2822 641 2962 697 Deus
2983 641 3215 699 Verbum
3245 645 3425 711 (Joan.

1838 745 1878 795 ι,
1916 728 1985 802 l).
2023 728 2325 785 Humiliabit
2359 732 2475 788 illos
2513 733 2600 804 qui
2631 743 2705 789 est
2750 743 2869 789 ante
2909 734 3115 791 saecula.
3146 735 3268 794 Non
3295 740 3428 794 enim

1838 830 1911 876 est
1936 821 2039 876 illis
2059 823 2383 877 commutatio
2399 840 2418 879 :
2434 823 2501 879 de
2525 824 2627 880 illis
2647 824 2790 893 dico,
2811 827 3005 897 quibus
3032 845 3137 884 non
3164 840 3248 886 est
3274 847 3425 887 cout-

1841 914 2084 968 mutatio.
2115 912 2347 970 Noverat
2389 916 2594 985 aliquos
2628 929 3099 986 persevcraturos,
3141 930 3196 977 et
3226 922 3276 977 in
3309 940 3431 993 per.

1843 1006 2179 1061 scveratione
2207 1023 2319 1062 suae
2361 1008 2609 1080 nequitia:
2649 1012 2953 1068 morituros.
3001 1013 3256 1072 Videmus
3287 1020 3431 1074 enim

1796 1118 1801 1125 '
1844 1110 1960 1163 eos,
2005 1106 2061 1154 et
2095 1112 2204 1154 non
2243 1109 2327 1154 est
2357 1099 2461 1154 illis
2499 1101 2844 1158 commulatio
2870 1120 2883 1157 :
2908 1103 2998 1175 qui
3027 1106 3106 1161 sic
3135 1108 3438 1164 moriuntur

1846 1189 1902 1244 in
1927 1190 2039 1261 ipsa
2071 1192 2449 1261 perversitate,
2494 1193 2547 1249 in
2580 1194 2695 1264 ipso
2724 1194 3046 1263 schismate,
3075 1215 3180 1256 non
3214 1215 3295 1258 est
3328 1203 3434 1260 illis

1847 1287 2217 1341 commutatio.
2248 1284 2557 1342 Humiliabit
2600 1288 2720 1343 illos
2751 1289 2924 1353 Deus,
2978 1292 3275 1351 humiliabit
3319 1298 3439 1352 illos

1850 1372 1905 1429 in
1929 1372 2287 1441 damnatione,
2321 1379 2442 1448 quia
2481 1381 2646 1435 erecti
2686 1389 2812 1437 sunt
2841 1382 2893 1438 in
2938 1383 3292 1444 dissensione.
3320 1389 3437 1446 Non

1850 1476 1933 1522 est
1958 1468 2061 1523 illis
2089 1471 2473 1537 commutatio,
2519 1472 2644 1542 quia
2676 1488 2781 1529 non
2824 1485 3099 1532 mutantur
3125 1478 3177 1534 in
3206 1481 3396 1537 melius
3419 1522 3437 1550 ,

1850 1557 1946 1613 sed
1974 1559 2025 1613 in
2059 1560 2239 1630 pejus;
2268 1577 2367 1616 nec
2393 1577 2514 1618 cum
2545 1562 2632 1620 hic
2651 1575 2796 1634 sunt,
2824 1582 2925 1623 nec
2946 1568 2998 1623 in
3029 1574 3438 1631 resurrectione.

1852 1647 2053 1707 Omnes
2079 1651 2222 1708 enim
2251 1670 2590 1724 resurgemus
2611 1697 2628 1724 ,
2659 1659 2755 1714 sed
2786 1674 2891 1716 non
2918 1676 3108 1720 omnes
3134 1664 3444 1725 immutabi-

1854 1758 1976 1798 mur
2012 1744 2031 1814 (
2056 1744 2074 1799 l
2102 1743 2221 1801 Cor.
2255 1762 2328 1802 xv
2350 1789 2366 1813 ,
2396 1747 2513 1819 5i).
2542 1748 2752 1818 Quare?
2779 1751 2911 1821 Quia
2946 1772 3048 1811 non
3074 1768 3148 1813 est
3175 1759 3279 1815 illis
3302 1777 3444 1817 com-

1856 1836 2096 1901 mutatio,
2140 1845 2185 1891 et
2214 1854 2314 1893 non
2345 1840 2618 1896 timuerunt
2650 1841 2830 1898 Deum.
2860 1845 3075 1903 Fratres
3100 1850 3205 1907 mei
3230 1893 3247 1919 ,
3283 1869 3446 1910 unum

1857 1928 2152 1984 remedium
2198 1941 2282 1985 est
2308 1948 2322 1986 :
2351 1932 2572 1989 timeant
2616 1934 2818 2004 Deutn,
2863 1937 3116 1999 deserant
3159 1944 3445 2007 Donatum.

1859 2021 2004 2077 Dicis
2035 2024 2107 2078 illi
2136 2042 2150 2079 :
2176 2024 2323 2081 Peris
2351 2026 2406 2083 in
2437 2028 2650 2095 hatresi,
2686 2030 2737 2086 in
2767 2032 3089 2103 schismate;
3121 2053 3340 2098 necesse
3367 2053 3452 2101 est

1861 2122 1920 2168 ut
1946 2116 2088 2171 Dens
2114 2117 2374 2173 retribuat
2396 2119 2512 2175 istis
2534 2122 2722 2178 malis:
2741 2126 2922 2183 venies
2947 2127 2999 2183 in
3025 2128 3450 2207 damnationem,

1862 2210 1973 2265 noli
2020 2211 2112 2267 tibi
2154 2211 2381 2268 blandiri
2431 2216 2612 2272 verbis
2657 2218 2797 2286 tuis,
2841 2236 2948 2276 non
2978 2225 3220 2294 sequaris
3248 2242 3452 2288 ereum

1864 2300 2084 2367 ducem;
2116 2319 2291 2360 caecus
2310 2315 2486 2361 autem
2510 2323 2709 2365 catcnm
2730 2310 2953 2379 ducens,
2981 2313 3139 2371 simul
3163 2317 3216 2373 in
3245 2319 3454 2378 foveam

1865 2394 2062 2450 cadunt
2095 2394 2307 2466 (Matth.
2339 2413 2428 2466 xv,
2462 2396 2570 2470 14).
2601 2399 2738 2469 Quid
2782 2402 2848 2457 ad
2880 2419 2999 2471 me,
3038 2406 3150 2463 ait?
3186 2412 3456 2482 quomodo

1866 2486 1972 2540 vixi
2003 2486 2119 2542 heri
2147 2529 2160 2552 ,
2192 2488 2270 2543 sic
2298 2499 2353 2545 et
2381 2489 2570 2556 hodie;
2621 2503 2869 2562 parentes
2897 2497 2999 2551 mei
3028 2499 3169 2569 quod
3200 2500 3453 2570 fuerunt,

1869 2576 1972 2633 hoc
1996 2586 2053 2633 et
2070 2594 2188 2649 ego.
2213 2579 2329 2635 Non
2353 2581 2508 2638 times
2529 2582 2720 2640 Deum.
2748 2585 2819 2639 Da
2844 2587 3085 2644 timorem
3110 2590 3203 2648 Dei
3226 2609 3242 2646 :
3263 2595 3458 2665 cogitet

1870 2670 1991 2740 quia
2039 2671 2137 2725 ista
2177 2672 2354 2729 omnia
2404 2689 2527 2729 vera
2568 2685 2693 2731 sunt
2739 2693 2859 2748 quae
2902 2679 3186 2752 leguntur,
3226 2686 3350 2756 quia
3378 2694 3461 2744 est

1873 2760 2007 2817 lides
2022 2763 2218 2819 Christi
2240 2781 2360 2836 qua:
2385 2767 2492 2821 falli
2528 2782 2632 2822 non
2664 2779 2871 2840 potest;
2894 2775 3162 2843 quomodo
3188 2776 3243 2833 in
3270 2778 3461 2837 hrcresi

1874 2857 2173 2913 remanebit
2197 2860 2213 2891 ⁸
2242 2860 2307 2914 ad
2338 2869 2536 2915 tantam
2568 2863 2884 2920 evidentiam
2913 2877 3113 2925 sancte
3140 2871 3457 2944 Catholica,

1872 2962 2028 3018 quam
2050 2948 2258 3003 diti‘udit
2286 2950 2426 3007 Deus
2453 2968 2546 3021 per
2572 2961 2739 3011 totum
2763 2956 2949 3013 orbem
2979 2969 3268 3031 terrarum;
3300 2981 3461 3037 quam

1873 3048 2156 3108 antequam
2205 3041 2527 3099 diffunderet
2580 3048 2859 3115 promisit,
2914 3055 3327 3125 pra-nuntiavit,
3383 3058 3463 3115 sic

1873 3131 2113 3187 exhibuit
2144 3143 2199 3188 ut
2238 3136 2518 3204 promisit?
2550 3138 2690 3208 Ergo
2716 3152 2941 3197 caveant
2972 3152 3027 3199 et
3055 3145 3346 3204 observent
3371 3149 3462 3220 qui

1875 3240 1983 3281 non
2025 3228 2212 3283 timent
2260 3230 2445 3285 Deum.
2492 3228 2737 3287 Extendit
2777 3251 2985 3291 manum
3025 3255 3170 3295 suam
3218 3241 3273 3296 in
3312 3244 3462 3299 retri-

1875 3316 2089 3373 (tuendo.

1945 3410 2035 3467 21.
2066 3410 2366 3469 Polluerunt
2388 3423 2737 3473 testamentum
2759 3419 2891 3491 ejus.
2916 3419 3060 3493 Lege
3086 3432 3462 3485 testamentum

1872 3490 2017 3578 quod
2052 3508 2359 3577 polluerunt
2384 3529 2398 3565 :
2421 3509 2490 3565 In
2532 3514 2723 3568 semine
2766 3490 2852 3568 tuo
2900 3490 3251 3575 benedicentur
3292 3539 3466 3580 omnes

1876 3609 2045 3671 gentes
2069 3597 2224 3665 (Gen.
2256 3616 2360 3663 xu,
2393 3600 2459 3666 5,
2488 3615 2534 3657 et
2565 3619 2719 3669 χχιι,
2748 3602 2825 3674 6).
2856 3604 3163 3663 Polluerunt
3189 3619 3461 3668 testamen-

1878 3700 1982 3744 tum
2012 3692 2141 3762 ejus.
2175 3691 2254 3746 Tu
2287 3702 2471 3747 contra
2504 3693 2604 3748 ista
2645 3694 2805 3751 verba
2837 3700 3109 3756 testatoris
3135 3702 3259 3772 quid
3290 3703 3468 3760 dicis?

1877 3783 2056 3839 Africa
2094 3786 2205 3841 sola
2255 3786 2409 3841 istam
2451 3788 2673 3856 gratiam
2718 3792 2916 3846 meruit
2948 3793 3118 3848 sancti
3147 3794 3367 3863 Donati,
3412 3797 3468 3855 in

1881 3877 1997 3947 ipso
2026 3879 2282 3935 remansit
2326 3879 2564 3936 Ecclesia
2593 3879 2810 3937 Christi.
2842 3884 2939 3940 Dic
2966 3885 3187 3955 saltem,
3230 3887 3467 3945 Ecclesia

1882 3969 2093 4023 Donati.
2126 3969 2306 4036 Quare
2331 3970 2578 4042 adjungis
2597 4012 2612 4037 ,
2642 3972 2882 4044 Christi,
2913 3975 2983 4032 de
3010 3992 3117 4048 qtto
3142 3978 3340 4035 dictum
3363 3988 3466 4050 est,

1881 4058 1949 4115 In
1978 4062 2165 4115 semine
2201 4071 2288 4116 tuo
2312 4061 2663 4118 benedicentur
2687 4082 2859 4122 omnes
2892 4078 3086 4139 gentes.
3131 4069 3261 4128 Post
3297 4072 3472 4128 Dona-

1885 4162 1997 4206 tum
2028 4152 2106 4206 vis
2144 4152 2260 4207 ire?
2303 4153 2452 4209 Pone
2476 4152 2743 4210 Christum
2767 4197 2786 4225 ,
2833 4166 2889 4214 et
2927 4159 3007 4214 sic
3032 4160 3248 4219 recede.
3283 4162 3471 4220 Videte

1883 4260 2012 4317 ergo
2035 4245 2161 4317 quid
2178 4245 2448 4317 sequitur:
2468 4245 2773 4304 Pollucrunt
2797 4258 3144 4307 testamentum
3168 4254 3297 4325 ejus.
3316 4254 3471 4323 Quod

1887 4337 2308 4394 testamentum?
2340 4338 2560 4395 Abrahae
2594 4339 2745 4396 dicta:
2770 4352 2889 4397 sunt
2928 4345 3283 4413 promissiones
3310 4355 3357 4403 et
3392 4364 3474 4404 se-

1892 4431 2019 4485 mini
2057 4432 2186 4502 ejus.
2235 4431 2524 4501 Apostolus
2570 4432 2737 4489 dicit:
2760 4432 2999 4502 Fratres,
3037 4446 3207 4493 tamen
3256 4438 3474 4498 hominis

1892 4533 2243 4580 testamentum
2277 4524 2631 4592 conﬁrmatum
2664 4542 2810 4583 nemo
2846 4528 3047 4583 irritum
3083 4529 3239 4600 facit,
3269 4542 3357 4588 aut
3381 4549 3474 4589 su-

1892 4614 2202 4686 perordinat.
2243 4614 2459 4671 Abrahae
2490 4615 2639 4671 dicta:
2674 4626 2792 4673 sttnt
2831 4621 3187 4689 promissiones
3224 4634 3272 4679 et
3295 4626 3478 4682 semini

1892 4711 2002 4782 ejus
2023 4724 2043 4763 :
2064 4724 2165 4763 non
2190 4707 2331 4774 dicit,
2359 4707 2428 4762 Et
2451 4708 2723 4765 seminibus
2744 4751 2761 4777 ,
2789 4720 3030 4783 tanquam
3054 4713 3108 4769 in
3132 4716 3346 4784 multis;
3386 4718 3478 4775 sed

1894 4812 2132 4876 tanquam
2157 4803 2210 4857 in
2239 4818 2361 4868 uno,
2385 4800 2453 4857 Et
2479 4803 2659 4857 semini
2686 4812 2792 4870 tuo,
2820 4805 2957 4876 quod
2976 4817 3046 4867 est
3072 4805 3303 4865 Christus
3335 4809 3475 4883 (Gal.

1897 4914 1975 4965 ιιι,
2004 4897 2093 4963 13,
2122 4894 2234 4964 t6).
2266 4896 2320 4949 In
2349 4893 2452 4950 hoc
2481 4910 2609 4966 ergo
2634 4894 2850 4953 Christo
2874 4898 3016 4970 quod
3047 4903 3367 4971 promissum
3396 4912 3481 4960 est

1899 4989 2309 5048 testamentum?
2330 4987 2395 5043 In
2418 4990 2603 5045 sentiae
2624 5000 2709 5045 tuo
2728 4990 3082 5050 benedicentur
3099 5012 3269 5052 omnes
3288 5006 3477 5068 gentes.

1898 5083 1979 5140 Tu
2022 5082 2113 5155 qui
2159 5080 2407 5137 dimisisti
2434 5082 2692 5137 unitatem
2719 5083 2957 5139 omnium
3002 5086 3281 5156 gentium,
3324 5095 3380 5143 et
3425 5087 3481 5144 in

1900 5184 2051 5248 parte
2078 5172 2416 5239 remansisti,
2466 5172 2699 5242 polluisti
2730 5182 3106 5232 testamentum
3151 5178 3290 5248 ejus.
3328 5178 3482 5249 Quod

1904 5268 1997 5324 tibi
2024 5280 2151 5337 ergo
2178 5264 2419 5335 contigit,
2445 5272 2504 5319 ut
2527 5266 2983 5335 exterminareris,
3009 5268 3151 5324 utab
3172 5268 3485 5329 hatreditate

1904 5356 2262 5431 separareris.
2307 5354 2376 5411 de
2414 5356 2489 5411 ira
2533 5355 2625 5412 Dei
2669 5369 2771 5414 est.
2811 5358 3039 5414 Attende
3074 5359 3218 5415 enim
3244 5360 3372 5432 quid
3399 5376 3486 5419 se-

1904 5461 2098 5525 quatur
2124 5469 2137 5505 :
2172 5450 2476 5506 Polluerunt
2521 5459 2868 5507 testamentum
2893 5452 3037 5522 eius;
3065 5452 3212 5509 divisi
3238 5462 3356 5508 sunt
3380 5471 3489 5525 prta

1908 5546 1986 5600 ira
2024 5545 2192 5598 uultus
2231 5543 2360 5614 ejus.
2391 5542 2527 5611 Quid
2572 5543 2924 5613 exspectatis,
2972 5558 3075 5614 qua
3112 5543 3317 5616 majore
3364 5555 3490 5604 uota

1910 5633 2257 5693 ostendantur
2283 5632 2554 5688 ha'retici?
2579 5632 2742 5688 Divisi
2770 5643 2887 5688 sunt
2921 5649 3029 5706 pra:
3059 5634 3140 5689 ira
3167 5636 3329 5692 vultus
3358 5638 3489 5710 ejus.

1978 5727 2070 5783 ΞΩ.
2098 5725 2168 5781 Ει
2195 5726 2619 5798 appropinquavit
2643 5741 2733 5781 cor
2747 5724 2909 5783 illius.
2940 5727 3106 5800 Cujus
3130 5729 3493 5802 intelligimus,

1979 5860 2107 5934 χείρ
2124 5866 2233 5934 ηδ.
2257 5858 2462 5933 acadd”
2649 5859 2870 5913 timorem
2894 5860 3014 5928 Dei;
3034 5862 3207 5928 cogita,
3233 5873 3351 5931 eus,
3375 5882 3497 5934 quo:

1917 5922 2060 5976 nitido
2075 5922 2130 5975 in
2147 5921 2323 5975 heresi
2338 5920 2622 5974 remanebt's.
