3942 6468
469 353 577 418 643

471 480 579 535 nisi
615 477 766 546 cujus
805 474 881 530 ira
925 469 1078 528 divisi
1123 465 1287 523 sunt?
1329 462 1609 534 Quomodo
1636 457 2061 533 appropinquavit

479 593 566 629 rer
598 572 773 627 illius?
803 570 867 623 Ut
898 566 1254 634 intelligamus
1282 561 1607 616 voluntatem
1652 558 1815 612 illius.
1849 556 2060 611 Etenim

475 688 534 721 ex
590 661 850 714 lt;l‘l't2llt'lS
893 665 1096 711 asserta
1144 664 1225 708 est
1259 654 1273 686 ⁸
1304 652 1598 715 Catholica,
1645 658 1702 706 et
1743 665 1807 703 ex
1860 647 1942 702 liis
1971 647 2062 717 qui

478 758 609 809 male
639 760 872 808 sentiunt
904 747 1108 818 probati
1154 756 1278 801 sunt
1321 744 1408 814 qui
1443 744 1577 798 bene
1604 741 1863 798 sentiunt.
1902 738 2061 793 Multa

474 868 612 901 man
662 849 892 899 latebant
934 843 985 897 in
1035 839 1359 910 Scripturis;
1408 847 1465 893 et
1493 852 1611 891 cum
1647 833 1851 904 praecisi
1882 840 2065 887 essent

478 940 745 1000 i..tt‘t‘.-lt‘l,
793 935 1177 1005 ipiaistionibns
1206 932 1539 1001 agitaverant
1588 927 1880 983 Ecclesium
1926 925 2060 980 Dei:

471 1052 534 1101 ap
574 1042 648 1086 ιι.ι
683 1039 801 1084 sunt
837 1045 958 1098 qua!
991 1026 1222 1081 latebant
1246 1066 1260 1089 ,
1308 1033 1362 1079 et
1407 1021 1673 1077 intellecta
1703 1028 1788 1076 est
1819 1018 2064 1073 voluntas

474 1128 581 1183 lici.
615 1125 737 1179 lude
766 1123 961 1177 dicitur
989 1123 1039 1175 in
1066 1122 1171 1175 alio
1196 1119 1417 1189 psalmo.
1442 1115 1774 1188 Congregatio
1802 1123 2063 1167 taurorum

468 1224 596 1277 inter
621 1237 795 1275 vaccas
836 1218 1138 1288 populorum
1158 1257 1171 1280 ,
1215 1222 1268 1268 ut
1306 1212 1640 1268 excludantur
1668 1210 1722 1263 lii
1748 1209 1837 1279 qui
1868 1208 2064 1278 probati

466 1324 582 1369 sunt
610 1322 817 1384 argento
841 1308 1016 1379 (l’sal.
1042 1323 1207 1369 exvn,
1231 1306 1345 1377 51).
1365 1301 1715 1358 Excluduutur
1736 1302 1877 1357 enim
1904 1301 2060 1366 dixit.

467 1407 759 1463 emineant.
787 1410 1099 1473 appareant.
1119 1398 1269 1455 Unde
1289 1397 1539 1452 dicuntur
1563 1404 1616 1451 et
1645 1396 1698 1449 in
1726 1404 1842 1449 arte
1866 1404 2061 1465 argen-

469 1499 601 1554 taria
630 1496 960 1555 exclusores.
982 1493 1031 1548 id
1047 1502 1153 1557 est,
1176 1507 1244 1548 ex
1263 1490 1493 1563 quadam
1510 1486 1823 1543 confusione
1846 1500 2059 1550 massae,

468 1592 656 1647 forma:
700 1602 1064 1659 cxpressores.
1112 1585 1254 1655 Ergo
1301 1582 1450 1639 multi
1488 1581 1579 1653 qui
1605 1580 1808 1653 optime
1842 1589 2064 1650 possent

466 1684 771 1755 Scripturas
823 1681 1140 1752 dignoscere
1189 1685 1244 1732 et
1297 1683 1665 1746 pertractare,
1719 1672 1954 1727 latebant
2007 1671 2059 1725 in

468 1776 666 1849 populo
699 1775 832 1839 Dei;
866 1787 965 1828 nec
991 1770 1302 1827 asserebant
1345 1767 1666 1823 solutionem
1707 1764 2061 1837 qumsdoaum

464 1869 763 1926 difticilinm
795 1882 915 1921 eum
940 1866 1290 1922 calumniator
1320 1862 1497 1916 mullus
1524 1862 1767 1915 instaret.
1791 1857 2062 1928 Numquid

468 1966 611 2021 enim
643 1959 876 2033 perfecte
914 1960 982 2015 de
1027 1959 1289 2014 'I‘riuitate
1317 1964 1596 2012 tractatuum
1627 1962 1742 2019 cst,
1774 1961 2061 2025 antequam

464 2057 797 2113 oblatrarcut
827 2052 1055 2110 Ariani?
1096 2050 1351 2122 numquid
1385 2048 1620 2120 perfecte
1647 2046 1716 2102 de
1748 2045 2059 2117 pmititcntia

467 2158 750 2208 tractatum
779 2157 864 2204 est
887 2187 903 2213 ,
950 2157 1236 2216 antequam
1276 2144 1602 2199 obsisterent
1633 2139 1945 2197 Novatiaui?
1972 2139 2064 2196 Sic

465 2259 573 2300 non
603 2241 836 2312 perfecte
863 2240 930 2295 de
956 2239 1280 2308 Baptismate
1312 2246 1591 2292 tractatum
1618 2243 1701 2291 est
1720 2277 1734 2302 ,
1776 2242 2061 2305 antequam

465 2333 899 2392 contradicerent
946 2330 1076 2385 foris
1131 2328 1289 2400 positi
1346 2328 1793 2396 rebaptizatores;
1851 2337 1952 2381 nec
1996 2323 2064 2379 de

464 2427 583 2497 ipsa
611 2426 817 2481 unitate
853 2422 1054 2478 Christi
1096 2421 1373 2477 enucleate
1410 2418 1552 2475 dicta
1597 2428 1749 2475 erant
1773 2434 1893 2491 qum
1922 2418 2062 2474 dicta

467 2529 629 2584 sunt,
675 2517 775 2572 nisi
822 2524 1167 2586 posteaquam
1212 2515 1480 2584 separatio
1524 2512 1611 2567 illa
1668 2528 1861 2583 urgere
1899 2513 2065 2581 coepit

397 2651 401 2655 -
467 2612 659 2669 fratres
686 2610 947 2675 infirmos,
976 2618 1036 2663 ut
1055 2607 1163 2678 jam
1190 2606 1263 2660 illi
1289 2605 1379 2676 qui
1408 2614 1666 2660 noverant
1692 2604 1808 2660 lucc
1835 2614 2063 2660 tractare

465 2714 629 2775 atque
657 2701 982 2766 dissolvere,
1014 2715 1082 2755 ne
1110 2699 1350 2770 perirent
1381 2695 1579 2751 infirmi
1610 2696 1874 2751 sollicitati
1909 2711 2061 2767 qure-

465 2794 730 2855 Stiouibus
771 2793 1089 2864 impiorum,
1131 2790 1470 2846 sermonibus
1516 2796 1570 2843 et
1614 2787 2063 2859 diSputationibus

468 2892 582 2951 suis
608 2890 834 2945 obscura
858 2886 1016 2958 Legis
1047 2886 1098 2940 in
1138 2884 1410 2957 publicum
1438 2882 1783 2939 deducerent.
1816 2883 1958 2954 Ergo
1988 2883 2063 2938 illi

467 2985 622 3042 divisi
649 2992 773 3040 sunt
803 2997 912 3053 prte
942 2982 1018 3035 ira
1044 2980 1224 3035 vultus
1248 2978 1386 3048 ejus,
1410 2986 1465 3033 et
1488 2977 1641 3035 nobis
1667 2978 1733 3033 ad
1763 2977 2065 3048 intelligen-

466 3080 594 3136 dqu
627 3078 1068 3150 appropinquavit
1109 3088 1205 3129 cor
1246 3073 1382 3143 ejus.
1412 3072 1595 3143 Itaque
1625 3070 1903 3142 iutelligite
1934 3070 2062 3126 illud

466 3173 607 3245 quod
639 3171 690 3226 in
725 3170 926 3240 psalmo
955 3169 1060 3222 alio
1085 3164 1564 3223 commemoravit:
1588 3163 1922 3236 Congrrgatio
1944 3171 2062 3216 tau-

468 3283 661 3328 rerum,
688 3264 737 3317 id
766 3273 847 3318 est
876 3262 1232 3331 superborum
1259 3266 1674 3329 cor-impetarum
1695 3299 1709 3324 ,
1738 3259 1868 3312 inter
1888 3274 2065 3312 vaccas

469 3357 795 3430 populorum.
841 3355 984 3422 Quas
1023 3354 1155 3408 dixit
1182 3353 1397 3407 vaccas?
1434 3353 1654 3407 Animas
1700 3351 2063 3407 seductibilcs.

471 3448 665 3518 thuid
695 3446 836 3501 hoc?
867 3444 934 3501 Ut
968 3445 1301 3500 excludantur
1325 3445 1379 3499 Iri
1401 3486 1417 3510 ,
1455 3443 1506 3499 id
1536 3452 1618 3499 est
1656 3451 1947 3512 appareant
1974 3444 2064 3513 qui

469 3540 727 3603 latebant,
758 3539 848 3607 qui
878 3537 1076 3609 probati
1106 3546 1222 3592 sunt
1263 3548 1494 3608 argento.
1524 3535 1661 3604 Quid
1687 3545 1789 3600 est,
1820 3536 2065 3608 argento?

471 3633 702 3703 Eloquio
731 3632 843 3686 Dei.
882 3629 1099 3701 liloquia
1140 3628 1346 3684 Domini
1370 3627 1569 3698 eloquia
1597 3637 1736 3682 casta
1760 3668 1776 3695 ,
1802 3639 2066 3700 argentum

470 3726 588 3798 igne
615 3724 954 3780 examinatum
977 3763 991 3785 ,
1038 3721 1298 3793 probabile
1340 3730 1521 3783 terrm,
1571 3729 1841 3793 purgatum
1885 3722 2067 3791 septies

473 3827 668 3876 tantum
692 3816 865 3882 (Psat.
900 3829 971 3877 st,
1006 3812 1082 3884 7).
1121 3815 1272 3867 llunc
1300 3826 1517 3868 sensum
1549 3812 1859 3877 obscurum,
1889 3812 2069 3867 videte

473 3908 921 3980 quemadmodum
949 3907 1002 3960 in
1022 3906 1194 3960 lucem
1216 3904 1462 3961 excludat
1487 3904 1809 3973 Apostolus:
1835 3902 2069 3976 Oportet,

475 4002 666 4070 inquit,
699 4009 744 4054 et
772 4001 986 4054 Itwreses
1014 4014 1121 4052 esse
1144 4038 1158 4058 ,
1189 4005 1243 4050 ut
1270 3997 1469 4069 probati
1505 3997 1762 4067 manifesti
1786 3999 1911 4066 ﬁant
1937 3999 2070 4053 inter

474 4110 562 4150 vos
584 4094 627 4163 (Ι
658 4093 778 4148 Cor.
810 4109 888 4155 χι,
927 4090 1030 4162 l9).
1058 4089 1193 4159 Quid
1216 4099 1318 4156 est,
1346 4089 1589 4158 probati?
1615 4088 1821 4144 Probati
1836 4102 2065 4161 argento,

477 4188 682 4258 probati
709 4186 939 4255 eloquio.
972 4183 1107 4249 Quid
1138 4192 1220 4237 est
1244 4223 1257 4245 ,
1301 4183 1559 4255 manifesti
1583 4183 1746 4248 ﬂant?
1772 4182 2069 4238 Excludan-

477 4287 581 4335 tur.
615 4277 791 4347 Quare
820 4276 955 4329 hoc?
987 4274 1209 4344 Propter
1235 4273 1535 4329 hereticos.
1559 4274 1694 4341 Quid
1718 4285 1819 4339 est,
1852 4285 2069 4345 prepter

480 4369 796 4425 haereticos?
840 4368 1063 4436 Propter
1103 4366 1574 4436 congregationem
1628 4375 1886 4423 taurorum
1941 4368 2072 4422 inter

479 4477 659 4518 taceas
696 4459 1015 4530 populorum.
1050 4456 1140 4512 Sic
1164 4472 1292 4525 ergo
1321 4465 1376 4511 et
1420 4455 1472 4509 hi
1519 4455 1666 4510 divisi
1704 4467 1817 4511 sunt
1847 4473 1955 4529 pra:
1993 4459 2071 4512 ira

481 4555 646 4610 uultus
673 4556 800 4626 ejus,
830 4562 879 4607 et
907 4552 1332 4622 appmpinquavit
1362 4566 1451 4604 cor
1477 4550 1639 4605 illius.
1924 4558 1929 4564 ’

551 4647 641 4703 25.
675 4645 865 4699 Molliti
898 4655 1014 4697 sunt
1040 4659 1290 4697 sermones
1329 4642 1438 4713 ejus
1474 4658 1627 4711 super
1661 4643 1856 4708 oleum,
1902 4653 1949 4698 et
1975 4645 2071 4714 ipsi

480 4747 598 4797 sunt
627 4737 826 4808 jacula.
865 4733 1119 4802 Quzctlam
1162 4734 1304 4788 enim
1348 4734 1399 4787 iu
1440 4733 1732 4802 Scripturis
1760 4734 1889 4789 dura
1920 4736 2069 4792 vide-

484 4831 679 4887 bantur
701 4870 717 4893 ,
764 4842 884 4883 cum
912 4827 1139 4882 obscura
1168 4834 1379 4891 essent;
1416 4826 1656 4897 exposita
1697 4828 1898 4882 mollita
1925 4837 2068 4885 sunt.

483 4925 618 4984 Nam
661 4932 718 4979 et
764 4923 928 4993 prima
980 4922 1201 4975 lucresis
1248 4921 1300 4975 in
1345 4920 1624 4989 discipulis
1649 4921 1845 4976 Christi
1871 4922 2072 4979 veluta

484 5020 676 5077 duritia
706 5016 968 5073 sermonis
995 5015 1160 5085 ipsius
1189 5014 1325 5070 facta
1357 5022 1457 5068 est.
1487 5013 1621 5069 Cum
1658 5015 1801 5070 enim
1832 5015 2069 5085 diceret,

486 5112 606 5171 Nisi
631 5113 743 5182 quis
776 5109 1152 5163 manducauerit
1189 5124 1393 5162 carnem
1430 5123 1623 5172 meum,
1668 5116 1717 5163 et
1752 5110 1925 5163 biberit
1949 5128 2073 5163 san-

485 5207 686 5277 guinem
712 5220 897 5263 meum,
926 5218 1025 5257 non
1055 5200 1248 5254 habebit
1278 5201 1428 5254 vitam
1463 5200 1514 5253 in
1560 5215 1613 5255 sc
1634 5216 1652 5254 :
1676 5201 1747 5256 illi
1779 5218 1881 5257 non
1915 5203 2073 5259 intel-

485 5302 708 5371 ligentes
745 5297 995 5353 dixerunt
1023 5294 1087 5347 ad
1120 5295 1344 5349 invicem
1369 5336 1382 5357 ,
1428 5293 1600 5346 Durus
1638 5303 1713 5348 est
1751 5295 1832 5348 hic
1874 5312 2070 5363 sermo,

485 5395 597 5466 quis
648 5401 807 5463 potest
834 5408 948 5446 cum
980 5389 1195 5443 audire?
1223 5389 1468 5442 Dicentes
1497 5388 1616 5459 quia
1660 5387 1822 5442 durus
1849 5398 1929 5443 est
1957 5405 2071 5443 ser-

486 5504 576 5542 mo
602 5486 716 5550 hic,
746 5488 1126 5555 separaverunt
1165 5497 1223 5537 se
1264 5482 1332 5535 ab
1360 5482 1489 5535 illo:
1521 5482 1774 5535 remansit
1805 5496 1924 5536 cam
1958 5481 2076 5537 aliis

486 5583 788 5640 dumloeint.
814 5580 945 5637 Cum
973 5579 1020 5633 ei
1050 5577 1438 5648 suggessissent
1468 5576 1588 5630 illos
1615 5576 1664 5629 in
1692 5591 1937 5631 sei-none
1962 5576 2079 5647 ejus

488 5677 652 5735 fuisse
694 5675 1116 5738 scandalizatus,
1160 5670 1424 5739 Numquid
1450 5679 1493 5722 et
1521 5685 1607 5722 vos
1631 5711 1644 5734 ,
1693 5668 1891 5739 inquit,
1932 5672 2079 5725 vultis

488 5774 601 5831 ire?
642 5773 711 5829 Et
743 5773 965 5827 Petrus:
1000 5768 1214 5824 Verbum
1251 5769 1366 5823 vita:
1393 5776 1595 5822 retenta:
1623 5765 1804 5834 habes,
1836 5766 1904 5821 tul
1933 5781 2080 5838 quem

554 5886 576 5922 ι
608 5879 1816 5948 ωωιιεωηααάκιιοναίὼεεεηαοα.

1728 340 1786 397 s.
1828 330 2200 397 AUGUSTth
2240 333 2545 395 EPISCOPI
3695 348 3785 410 ω

2173 456 2354 512 ibimus
2381 457 2557 530 (Joan.
2585 473 2660 526 Vt,
2692 456 2919 535 54-69)?
2948 461 3243 526 intendite,
3292 460 3660 520 obsecramus
3683 481 3781 535 Vos.

2166 559 2224 606 et
2253 550 2455 621 parvuli
2484 552 2674 609 discite
2703 554 2952 625 pietatem
2982 573 2999 609 :
3025 556 3313 629 Numquid
3350 557 3467 629 jam
3502 559 3688 614 Petrus
3715 564 3783 616 ia-

2172 643 2443 713 telligcbat
2467 654 2735 701 secretum
2766 647 2908 703 illius
2941 650 3216 705 semirutis
3252 650 3532 705 mittiiiti?
3564 652 3783 713 Nondum

2171 736 2530 808 intelligebat;
2583 739 2677 795 sed
2708 740 2846 796 bona
2875 756 2998 799 esse
3027 744 3186 799 verba
3223 760 3365 816 qua:
3398 762 3517 801 non
3551 747 3765 820 l;.lt‘lll;e

2169 828 2280 892 bat.
2312 831 2397 900 pie
2419 831 2693 887 credebat.
2722 834 2864 905 Ergo
2902 835 2947 889 si
2990 837 3157 892 durus
3186 847 3292 893 est
3322 852 3554 900 serum,
3588 853 3640 895 et
3671 861 3784 897 ιισηι·

2169 920 2296 976 dum
2328 924 2627 981 intellectus
2653 935 2770 994 est,
2799 926 2968 983 durus
2992 929 3067 986 sit
3095 930 3275 1002 impio
3294 973 3309 995 ,
3353 932 3455 985 tibi
3490 946 3671 990 autem
3700 954 3787 1006 pm

2171 1020 2281 1069 tatc
2320 1015 2585 1071 molliatur
2606 1032 2622 1071 :
2647 1018 2767 1087 quia
2798 1019 3118 1089 quandoque
3146 1023 3425 1079 solvetur
3447 1066 3464 1090 ,
3509 1034 3567 1080 et
3599 1030 3685 1082 lict
3713 1030 3789 1085 tibi

2168 1108 2371 1172 oleum,
2396 1119 2452 1164 et
2479 1123 2645 1180 neque
2675 1111 2740 1164 ad
2770 1124 2896 1167 ostia
2929 1115 3255 1182 penetrabit.

2240 1200 2332 1255 Si.
2362 1199 2516 1274 [rem
2546 1201 2666 1276 23.]
2692 1198 2931 1259 Proinde
2956 1249 2967 1270 ,
2996 1215 3259 1279 tanquam
3300 1207 3433 1278 ipse
3468 1209 3665 1267 Petrus
3688 1227 3789 1284 post

2170 1293 2297 1348 illos
2325 1294 2518 1350 duritia
2541 1335 2555 1361 ,
2585 1296 2726 1350 sicut
2757 1298 3044 1367 putabant,
3074 1302 3367 1357 sernmnis
3402 1302 3626 1359 Domini
3653 1326 3789 1364 δοεη-

2169 1388 2427 1444 dalizatus
2447 1391 2607 1445 etiam
2636 1391 2722 1447 hic
2739 1393 2963 1462 diceret,
2996 1394 3215 1451 Verbum
3248 1399 3383 1455 rita
3402 1411 3622 1454 ceterum
3640 1401 3788 1469 habes,

2170 1482 2241 1535 ad
2263 1498 2409 1552 quem
2435 1483 2659 1539 ibimus!
2704 1485 2778 1540 ita
2808 1487 3071 1556 subjecit,
3099 1488 3264 1545 Jacta
3292 1492 3352 1546 in
3384 1491 3673 1549 Dominum
3709 1514 3787 1551 cu-

2170 1590 2282 1628 ram
2309 1584 2464 1640 litant,
2509 1576 2693 1647 ctipsc
2732 1585 2780 1633 te
2817 1582 3049 1635 etuttriet.
3098 1582 3385 1639 Parvulos
3436 1600 3527 1648 es.
3576 1588 3786 1645 nomium

2172 1668 2427 1739 intelligis
2454 1680 2660 1726 secreta
2692 1672 2979 1729 verborum
3006 1692 3019 1729 :
3046 1674 3115 1730 fet
3132 1685 3183 1732 te
3216 1686 3233 1732 Ι
3245 1678 3326 1732 ibi
3363 1678 3531 1748 panis
3575 1679 3715 1740 latet.
3742 1693 3787 1739 et

2170 1759 2350 1816 adhuc
2378 1763 2514 1819 lacte
2544 1766 2860 1820 nutriendus
2890 1782 2949 1823 es
2986 1768 3027 1842 (ι
3049 1769 3167 1826 Cor.
3202 1787 3303 1838 ut,
3357 1771 3459 1844 2);
3512 1775 3623 1828 uoti
3653 1776 3787 1832 irasci

2172 1853 2464 1921 uberibus,
2508 1855 2618 1925 ipsa
2649 1864 2700 1910 te
2728 1856 2978 1913 idoneum
3023 1860 3251 1916 reddent
3291 1862 3367 1918 ad
3402 1879 3685 1931 mensam,
3713 1869 3783 1922 cui

2173 1945 2336 2000 modo
2366 1947 2542 2002 minus
2572 1949 2801 2005 idoneus
2829 1965 2907 2007 cs.
2944 1951 3083 2009 Ecce
3124 1969 3223 2026 per
3251 1956 3603 2015 divisionem
3634 1962 3784 2014 Izte'e-

2172 2040 2401 2096 ticornm
2446 2041 2608 2096 multa
2657 2042 2788 2097 dura
2839 2044 3042 2100 mollita
3090 2060 3211 2101 sunt
3252 2067 3268 2102 :
3309 2063 3614 2107 sermones
3659 2052 3781 2108 illius

2169 2132 2287 2189 duri
2321 2135 2507 2190 molliti
2553 2145 2678 2190 sunt
2717 2150 2879 2207 super
2921 2138 3122 2198 oleum.
3170 2150 3225 2195 et
3277 2140 3392 2211 ipsi
3443 2154 3577 2199 sunt
3606 2145 3780 2213 jamla.

2170 2230 2528 2285 Arinavernnt
2547 2235 2973 2304 evangelizantt-s
2997 2253 3010 2291 :
3030 2247 3084 2291 et
3108 2238 3206 2307 ipsi
3227 2253 3542 2294 sormrnes
3562 2239 3768 2312 d:rigntr

2170 2330 2261 2377 tur
2300 2322 2350 2376 in
2383 2335 2597 2393 pectora
2629 2342 2967 2397 quorumque
2993 2329 3334 2386 audientium
3369 2331 3447 2387 ab
3476 2332 3779 2391 instantibus

2170 2425 2474 2484 Opportune
2500 2428 2554 2471 et
2580 2418 2911 2499 importune;
2946 2421 3050 2477 illis
3074 2423 3462 2490 sermonibus,
3495 2423 3603 2480 illis
3622 2426 3776 2481 verbis

2173 2516 2426 2578 tanquam
2458 2512 2665 2582 sagittis
2690 2554 2703 2575 ,
2749 2513 2907 2568 corda
2950 2515 3229 2570 hominum
3262 2515 3339 2571 ad
3370 2533 3623 2572 antorem
3651 2518 3777 2588 pacis

2171 2598 2459 2657 feriuntur.
2502 2603 2628 2659 Duri
2671 2614 2860 2671 erant,
2906 2616 2960 2661 et
3004 2607 3197 2664 molles
3241 2608 3381 2664 fat-ti
3425 2619 3578 2667 sunt.
3610 2611 3771 2667 Molliti

2172 2706 2280 2747 non
2311 2695 2560 2749 virtutem
2590 2696 2904 2762 amiserunt,
2934 2698 3028 2752 sed
3061 2698 3113 2753 in
3139 2698 3325 2768 jacula
3358 2701 3617 2757 conversi
3644 2710 3770 2757 sunt.

2174 2783 2366 2839 Molliti
2388 2795 2507 2841 sunt
2534 2803 2787 2843 smnoncs
2814 2791 2922 2867 ejus
2951 2806 3103 2859 super
3129 2792 3324 2860 oleant,
3358 2806 3413 2849 et
3442 2795 3573 2865 ipsi,
3606 2792 3769 2851 ηιυῖῐὶιὶ

2172 2890 2470 2942 sermones,
2501 2880 2599 2950 ipsi
2627 2889 2745 2935 sunt
2765 2881 2965 2953 jarula.
2993 2884 3099 2940 Sed
3134 2896 3186 2940 tu
3216 2887 3477 2943 noiidom
3508 2888 3644 2944 forte
3667 2887 3767 2943 ido-

2173 2983 2310 3025 neus
2340 2986 2399 3026 es
2422 2972 2510 3042 qui
2539 2975 2764 3029 armeris
2792 2974 2875 3028 bis
2894 2976 3108 3045 jaculis,
3137 2987 3191 3035 et
3211 2981 3470 3036 nondum
3500 2980 3598 3036 tibi
3623 2978 3765 3036 eluxit

2175 3063 2317 3131 quod
2350 3063 2401 3117 in
2432 3079 2680 3121 sermone
2712 3066 2849 3123 forte
2871 3070 3156 3125 obscurum
3187 3084 3271 3129 est
3301 3084 3360 3129 et
3385 3075 3614 3141 durum;
3635 3073 3765 3129 lacte

2173 3153 2229 3207 in
2264 3152 2540 3210 Dominum
2564 3174 2735 3213 curant
2762 3170 2921 3222 tuam.
2952 3172 2999 3217 et
3026 3164 3205 3234 ipsete
3233 3169 3482 3222 entitrirt.
3520 3170 3574 3224 lu
3608 3168 3761 3223 "omi-

2174 3262 2303 3302 num
2341 3249 2479 3317 jacta
2511 3261 2581 3306 te.
2610 3250 2747 3308 Ecce
2771 3256 2855 3309 vis
2881 3263 2935 3311 te
2957 3257 3161 3328 jactare
3192 3260 3242 3313 in
3276 3262 3594 3328 Dominum,
3623 3276 3760 3317 ntimo

2174 3353 2238 3395 se
2275 3354 2541 3411 supponat
2577 3358 2674 3414 pro
2715 3345 2960 3403 Domino.
2999 3350 3151 3405 Jacta
3193 3352 3244 3407 in
3293 3352 3757 3420 Domimtmcurattt

2175 3441 2334 3489 tuam.
2362 3434 2495 3491 Vide
2521 3438 2967 3507 quemadmodum
2998 3459 3221 3515 magnus
3252 3446 3349 3503 ille
3384 3448 3544 3504 miles
3583 3449 3757 3505 Chriin

2174 3526 2227 3580 in
2281 3541 2341 3582 se
2386 3542 2569 3583 curam
2623 3532 2968 3600 parvulorum
3014 3536 3203 3607 jactari
3251 3541 3432 3597 noluit
3465 3561 3483 3598 :
3516 3539 3758 3613 Numquid

2177 3616 2374 3672 Paulus
2404 3636 2495 3690 pro
2524 3622 2662 3676 vobis
2697 3625 2974 3694 cruci/imus
3001 3638 3104 3693 est,
3139 3640 3227 3684 aut
3274 3633 3331 3687 in
3373 3634 3580 3688 nomine
3618 3631 3755 3687 Pauli

2174 3710 2414 3781 baptizati
2452 3714 2570 3768 estis
2613 3713 2723 3790 (Id.
2771 3732 2820 3783 t,
2860 3718 2991 3791 l3)?
3027 3721 3162 3789 Quid
3218 3724 3299 3779 eis
3337 3725 3487 3780 aliud
3531 3724 3746 3789 dicebat,

2173 3802 2299 3871 nisi,
2330 3803 2535 3861 Jactate
2561 3806 2613 3861 in
2648 3807 2929 3866 Dominum
2960 3827 3141 3867 cm'am
3168 3827 3431 3883 vestram,
3462 3827 3518 3873 et
3548 3819 3652 3891 ipse
3670 3831 3749 3872 vos

2176 3898 2447 3953 cuntriet?
2486 3897 2643 3954 Modo
2690 3913 2867 3958 autem
2900 3906 3013 3960 vult
3042 3910 3297 3977 parvulus
3338 3911 3551 3983 jactare
3587 3924 3745 3966 curam

2174 4004 2323 4046 suam
2356 3992 2409 4047 in
2442 3992 2748 4063 Dominum,
2783 4006 2836 4052 et
2866 4002 3101 4055 occurrit
3131 4004 3312 4058 nescio
3344 4005 3490 4078 quis,
3521 4014 3573 4058 et
3599 4003 3742 4058 dicit:

2174 4084 2289 4155 Ego
2314 4087 2545 4155 excipio.
2594 4090 2869 4162 Tanquam
2910 4095 3031 4148 nari
3076 4095 3353 4154 fluctuanti
3397 4098 3656 4166 occurrit,
3699 4102 3744 4149 et

2173 4178 2304 4234 dicit
2328 4198 2340 4234 :
2364 4180 2476 4252 Ego
2509 4181 2738 4252 excipio.
2774 4185 3058 4256 ltcsponde
3092 4197 3146 4243 et
3173 4199 3223 4242 tu
3247 4207 3259 4243 :
3285 4190 3504 4245 Portum
3544 4200 3739 4258 quam,

2177 4286 2280 4326 non
2308 4288 2517 4329 saxum.
2557 4271 2709 4328 locta
2732 4275 2783 4329 in
2811 4274 3085 4332 Dominum
3112 4296 3288 4335 curam
3317 4292 3480 4348 tuam,
3511 4287 3556 4335 et
3578 4281 3676 4351 ipse
3699 4286 3742 4330 te

2176 4366 2410 4420 enutriet.
2463 4367 2530 4422 Et
2570 4367 2690 4422 vide
2728 4370 2849 4442 quia
2894 4380 3078 4441 portus
3122 4380 3176 4430 te
3213 4378 3452 4447 excipit:
3483 4371 3593 4428 Non
3619 4368 3736 4423 dabit

2174 4459 2228 4511 in
2257 4468 2498 4513 retentum
2537 4460 2918 4529 ﬂuctuationem
2951 4464 3115 4535 justo.
3164 4465 3378 4523 Videris
3427 4466 3667 4522 fluctuare
3690 4460 3734 4514 in

2175 4553 2309 4608 mari
2340 4552 2460 4616 isto,
2485 4553 2578 4607 scd
2610 4554 2808 4625 exripit
2833 4566 2884 4612 te
2914 4570 3116 4628 portus.
3140 4557 3220 4614 'l‘u
3247 4570 3451 4617 tantmn
3480 4570 3730 4628 antequam

2178 4645 2344 4702 intres
2374 4648 2427 4701 in
2458 4657 2692 4716 portum,
2726 4652 2794 4704 ab
2821 4653 3056 4707 anchora
3087 4653 3194 4709 noli
3224 4656 3488 4726 abrumpi.
3519 4653 3732 4709 Fluctuat

2177 4741 2328 4795 navis
2357 4741 2410 4794 in
2437 4740 2716 4803 anchoris.
2747 4743 2841 4797 sed
2873 4759 2976 4799 non
3019 4744 3175 4817 longe
3210 4765 3237 4799 a
3284 4756 3427 4805 terra
3457 4744 3733 4818 projicitur;

2177 4847 2277 4888 nec
2306 4832 2356 4887 in
2387 4844 2646 4889 mlernum
2689 4833 2985 4901 lluctuabit,
3028 4838 3128 4892 etsi
3172 4839 3238 4895 ad
3285 4850 3491 4911 tempus
3520 4838 3723 4893 lhtctuat.

2181 4924 2391 4982 Etenim
2422 4927 2486 4981 ad
2514 4925 2916 4983 fluctuationem
2954 4931 3228 4999 pertinent
3258 4933 3415 4991 verba
3446 4928 3688 5002 superiora
3716 4939 3727 4974 :

2180 5019 2515 5076 Contristatus
2544 5038 2655 5077 sum
2682 5022 3019 5079 inexercitati
3054 5042 3115 5081 ne
3152 5044 3260 5082 mea
3285 5072 3300 5096 ,
3344 5039 3394 5085 et
3438 5021 3722 5083 conturbatus

2179 5132 2309 5170 sunt.
2346 5115 2713 5189 Easpcrtabam
2743 5135 2856 5175 eum
2886 5123 2972 5191 qui
3001 5138 3079 5175 mc
3107 5122 3301 5177 salvum
3329 5126 3506 5197 faceret
3528 5135 3557 5172 a
3581 5109 3715 5189 ριεδὲι·

2180 5210 2463 5266 lanimitate
2500 5223 2545 5267 et
2576 5223 2888 5284 tempestate.
2922 5215 3212 5273 Fltlt‘llltms
3238 5216 3496 5292 loquitur,
3524 5208 3607 5269 sed
3634 5217 3716 5260 11οη

2182 5305 2233 5359 in
2262 5314 2521 5359 aiternnm
2550 5307 2858 5372 ilnctuabit;
2889 5327 3008 5365 nam
3041 5311 3268 5366 anchora
3299 5312 3499 5387 ligatur,
3520 5300 3711 5360 anchora

2183 5414 2304 5469 spes
2348 5401 2466 5469 ejus
2509 5408 2608 5455 est.
2661 5399 2781 5456 Non
2825 5403 2963 5459 dabit
3008 5405 3059 5458 in
3102 5415 3343 5463 interitum
3385 5396 3712 5478 ﬂuctuatione»

2175 5493 2336 5566 justo.

2256 5587 2344 5642 9.3.
2374 5586 2525 5661 [rcrs.
2552 5586 2667 5663 ‘24.]
2702 5587 2808 5645 Illis
2842 5599 3020 5646 autem
3053 5589 3217 5662 quid?
3248 5586 3323 5648 Tu
3350 5607 3482 5657 vero,
3509 5583 3621 5640 Deus
3637 5572 3708 5629 tit-

2188 5683 2337 5738 duccs
2365 5700 2447 5737 (os
2475 5682 2525 5737 in
2553 5693 2753 5752 puteum
2778 5685 3135 5752 corruptionis.
3162 5683 3360 5743 Putcus
3384 5675 3699 5751 corruptio“.

2191 5777 2423 5834 tcaebrx
2452 5786 2574 5833 sunt
2600 5776 3002 5834 subruersionis.
3051 5777 3282 5837 Deduces
3316 5797 3432 5848 eos,
3474 5769 3637 5842 inquit.
3662 5760 3705 5815 ίη

2192 5882 2396 5945 puteum
2444 5868 2784 5941 corruptionis
2825 5884 2845 5925 :
2878 5870 3006 5944 quis
3052 5884 3233 5931 me.
3269 5884 3467 5932 Μ
3503 5866 3695 5947 decenti

3922 648 3927 733 ἓ

3920 740 3927 789 t

3922 812 3925 891 i

3908 1134 3930 1665 ἱ

3524 5983 3924 6406 ὶΔ
