3942 6398
621 422 698 471 est
723 412 777 467 in
800 407 932 466 tituli
962 397 1374 471 inscriptionem?
1401 395 1520 467 ipse
1547 391 1733 450 titulus
1772 391 2020 447 ostendat
2062 390 2217 446 nobis

625 508 877 577 pupulum
925 503 1104 550 istum.
1139 494 1380 562 Scriptus
1408 499 1488 545 est
1517 487 1660 545 enim
1689 486 1904 559 quidam
1951 485 2137 540 titulus
2162 485 2216 540 in

622 595 887 650 dominica
915 589 1182 662 passione,
1205 583 1418 654 quando
1462 581 1720 636 Dominus
1756 578 2046 634 crucifixus
2075 583 2158 632 est
2196 594 2213 630 :

621 694 740 744 erat
762 686 827 739 ibi
862 682 1043 736 titulus
1076 679 1383 747 inscriptus,
1411 674 1680 740 hebraice,
1721 689 1917 743 grmce,
1947 682 2000 726 ct
2029 670 2210 737 latine,

625 782 736 837 Rex
758 777 1094 836 Judteorum;
1121 772 1291 827 tribus
1311 770 1506 841 linguis
1525 780 1773 839 tanquam
1803 767 1971 821 tribus
1994 765 2217 821 testibus

624 871 808 926 titulus
837 867 1182 938 approbatus,
1212 863 1336 934 quia
1364 862 1416 915 in
1443 875 1539 915 ore
1559 859 1789 914 duorum
1818 857 1904 912 vel
1935 857 2092 910 trium
2131 863 2216 911 te-

623 965 782 1020 stium
805 961 964 1016 stabit
989 973 1148 1012 omne
1174 954 1391 1011 verbum
1431 951 1608 1025 (Deut.
1639 966 1760 1016 XIX,
1795 949 1904 1021 15).
1939 947 2104 1002 Istum
2145 946 2215 1002 ti-

624 1058 791 1112 tulum
821 1070 940 1110 cum
972 1052 1228 1122 legissent
1271 1045 1461 1109 Judaei,
1507 1042 1763 1114 indignati
1807 1050 1954 1108 sunt,
1983 1049 2037 1096 et
2061 1039 2216 1094 dixe-

624 1158 747 1206 rttnt
773 1148 839 1202 ad
877 1147 1138 1200 Pilatum:
1187 1139 1311 1194 Noli
1347 1137 1578 1198 scribere,
1621 1133 1733 1188 Rea:
1769 1132 2099 1194 Jttdteorum;
2129 1130 2218 1184 sed

622 1244 741 1316 quia
761 1241 870 1313 ipse
888 1239 1013 1292 dixit
1047 1253 1100 1290 se
1135 1250 1300 1306 regem
1330 1248 1435 1286 esse
1458 1229 1776 1284 Judazorum.
1807 1227 1981 1296 ipsum
2019 1223 2219 1316 dixisse

624 1315 820 1398 scribe,
844 1333 1132 1396 dixerunt;
1167 1341 1271 1381 non
1299 1325 1401 1380 hoc
1428 1338 1547 1378 esse
1589 1319 1728 1391 quod
1773 1320 1923 1374 dixit.
1956 1317 2060 1373 Sed
2093 1315 2215 1387 quia

624 1443 808 1484 verum
848 1433 932 1480 est
975 1423 1024 1475 in
1056 1421 1163 1476 alio
1199 1417 1421 1488 psalmo,
1474 1412 1540 1468 In
1575 1412 1708 1466 tituli
1741 1410 2122 1481 inscriptionem
2155 1424 2219 1462 ne

625 1535 919 1588 corrumpas
940 1515 1110 1584 (l’sal.
1139 1528 1244 1577 ut,
1270 1511 1346 1582 l),
1376 1506 1650 1578 respondit
1677 1505 1895 1564 Pilatus,
1924 1503 2073 1571 Quod
2093 1502 2217 1556 scri-

625 1617 724 1689 psi,
753 1612 934 1682 scripsi
964 1627 982 1664 :
1015 1620 1260 1677 tanquam
1285 1604 1492 1668 dicens,
1535 1600 1648 1654 Non
1691 1612 1978 1667 cot’rumpo
2020 1596 2218 1689 verita-

628 1688 754 1772 tem,
787 1705 886 1762 etsi
917 1718 1011 1758 vos
1041 1697 1259 1769 diligitis
1293 1695 1596 1750 falsitatem.
1634 1691 1767 1760 Quia
1797 1704 1925 1759 ergo
1958 1689 2009 1742 in
2055 1688 2218 1742 ntale-

624 1804 769 1859 dicto
798 1801 899 1854 isto
929 1794 1185 1865 indignati
1217 1799 1336 1845 sunt
1359 1787 1550 1849 Judazi,
1581 1785 1840 1847 dicentes,
1867 1779 1979 1835 Nos
2005 1797 2102 1832 non
2126 1780 2220 1832 Ita-

625 1899 797 1952 bemtts
827 1907 990 1963 regem
1026 1887 1122 1941 nisi
1147 1886 1312 1940 solum
1340 1881 1588 1936 Cwsttrem
1628 1873 1807 1948 (Joan.
1854 1889 1963 1936 xix,
2009 1869 2215 1940 15-22),

625 1990 692 2046 de
738 1986 876 2043 tituli
921 1980 1217 2037 offensione
1254 1977 1408 2044 longe
1441 1970 1562 2026 facti
1595 1978 1720 2023 sunt
1747 1983 1772 2018 a
1815 1966 2036 2020 sanctis.
2091 1963 2220 2017 Pro-

625 2085 885 2154 pinqueut
914 2075 1135 2138 Sanctis,
1183 2080 1238 2125 et
1268 2067 1663 2137 agglutittetitur
1705 2069 1890 2115 sancto
1917 2059 2006 2128 qui
2039 2073 2217 2128 regem

625 2152 896 2234 Christum
936 2176 1232 2236 agnoscunt
1269 2173 1325 2218 et
1363 2160 1561 2214 habere
1602 2156 1983 2224 concupiscunt
2017 2171 2028 2205 :
2064 2152 2220 2220 longe

629 2274 759 2326 fiant
806 2285 835 2321 a
878 2264 1079 2321 sant-tis
1123 2260 1210 2329 qui
1243 2253 1673 2310 contradicentes
1719 2248 1870 2300 titulo
1902 2251 2222 2313 respuerant.

629 2379 808 2433 regem
857 2360 1045 2417 Deum,
1092 2362 1146 2406 ct
1187 2350 1462 2418 elegerunt
1496 2357 1676 2411 regem
1718 2338 2009 2392 hominem.
2036 2335 2220 2439 Omnis

630 2471 758 2526 ergo
791 2451 1015 2523 populus
1059 2447 1290 2499 humano
1332 2454 1498 2508 regno
1537 2435 1853 2498 delectatus,
1887 2435 2220 2534 respuens-in

631 2521 944 2616 se'rcguare
980 2539 1282 2602 hominum,
1315 2547 1422 2603 quo
1459 2539 1714 2598 regnante
1747 2525 1812 2578 ita
1843 2524 2066 2594 quisque
2095 2521 2222 2576 sub-

629 2641 806 2714 jectus
841 2646 942 2701 est,
994 2644 1050 2688 ιιι
1079 2637 1264 2701 regnet
1304 2634 1361 2682 et
1391 2625 1501 2693 ipse
1537 2616 2076 2714 cupiditattbus-suis,
2100 2629 2220 2714 om-

630 2707 715 2793 itis
739 2747 868 2804 ergo
897 2727 1122 2799 populus
1154 2723 1273 2777 talis
1318 2721 1474 2787 longe
1500 2724 1584 2770 est
1607 2730 1635 2766 a
1669 2711 1888 2766 sanctis.
1918 2707 2094 2804 l‘lolite
2119 2707 2222 2761 ila-

632 2843 758 2901 que,
788 2800 998 2884 fratres,
1024 2820 1073 2872 in
1102 2815 1231 2886 solis
1259 2809 1457 2867 Judmis
1490 2807 1589 2861 hoc
1615 2800 2069 2901 advertereaDa-t‘a
2099 2805 2224 2854 sunt

631 2895 845 2994 quidem
877 2919 926 2970 in
961 2914 1062 2967 illis
1093 2909 1242 2979 quasi
1274 2903 1536 2976 primitiva
1559 2898 1820 2966 exempla,
1840 2907 1898 2950 ut
1928 2896 1978 2948 in
2008 2895 2097 2950 illo
2124 2908 2223 2994 po:

631 2985 760 3087 pulo
785 3011 1016 3065 clttecret
1047 3001 1188 3072 quod
1219 2997 1393 3053 omnis
1431 2996 1588 3048 homo
1624 2999 1859 3047 caveret.
1909 2991 2107 3059 Aperte
2148 2985 2224 3040 illi

633 3082 813 3178 regem
856 3101 1128 3157 Christum
1183 3096 1582 3151 recusaverunt,
1638 3093 1690 3138 ct
1728 3082 2224 3183 regem-Caesarem

558 3196 614 3272 ιχ
636 3172 932 3267 elegerunt.
961 3190 1058 3244 Est
1081 3185 1293 3258 quidem
1321 3192 1374 3235 et
1401 3181 1582 3234 Czesat'
1603 3193 1694 3231 rex
1727 3175 1888 3228 homo
1920 3172 2226 3272 hominibus

579 3265 614 3344 ί
636 3292 702 3346 ad
730 3265 984 3349 humana,
1014 3284 1104 3336 sed
1142 3279 1276 3333 alius
1303 3292 1397 3331 rex
1427 3283 1510 3329 est
1543 3272 1610 3325 ad
1637 3269 1848 3332 divina;
1874 3267 2012 3320 alius
2039 3281 2131 3321 rex
2159 3265 2227 3320 ad

559 3347 580 3426 l-
639 3383 799 3439 vitam
846 3347 1194 3445 temporalem
1224 3412 1239 3438 ,
1291 3369 1426 3423 alius
1471 3365 1536 3420 ad
1593 3373 1893 3425 aeternam;
1953 3360 2086 3413 alius
2131 3373 2228 3414 rex

561 3453 580 3514 ί
641 3487 906 3537 terrenos,
939 3472 1074 3524 alios
1106 3483 1200 3522 rex
1234 3461 1473 3520 Ctelestis
1506 3478 1518 3515 :
1550 3475 1644 3512 rex
1691 3465 1933 3510 terrenus
1967 3452 2068 3508 sub
2102 3467 2228 3522 rege

561 3569 569 3612 -⁵
639 3567 841 3626 (ξωιοδιί
869 3605 884 3632 ,
915 3579 1008 3618 rex
1042 3557 1279 3616 caelestis
1318 3569 1479 3621 super
1500 3549 1699 3605 omnia.
1727 3546 1840 3601 Νοιι
1859 3560 1986 3615 ergo
2005 3543 2078 3598 illi
2105 3543 2227 3614 quia

637 3664 887 3720 dixerunt
912 3673 970 3712 se
997 3653 1190 3709 habere
1212 3649 1481 3704 Catsarem
1505 3658 1706 3713 regem,
1731 3645 2109 3709 peccaverunt;
2134 3633 2228 3690 sed

637 3757 761 3831 quia
804 3767 986 3824 regem
1030 3746 1305 3802 Christum
1355 3739 1554 3795 habere
1597 3735 1901 3831 noluerunt.
1955 3731 2022 3785 Et
2068 3729 2229 3831 modo

639 3823 792 3908 multi
818 3823 1089 3902 Christum
1139 3851 1318 3908 regem
1354 3835 1405 3887 in
1447 3831 1585 3887 cutio
1628 3827 1904 3884 sedentem
1948 3833 2002 3879 et
2035 3823 2230 3894 ubique

641 3953 951 4020 regnantem
985 3938 1182 3992 habere
1222 3934 1411 3988 nolunt
1440 3947 1452 3982 :
1480 3938 1533 3982 et
1564 3925 1819 4020 ipsi-psunt
1852 3921 1940 3992 qui
1977 3919 2232 4020 tribulant

640 4011 758 4098 nos.
789 4038 987 4093 Contra
1011 4031 1145 4086 tales
1172 4029 1271 4082 iste
1297 4023 1532 4094 psalmus
1554 4017 1835 4074 confirmat
1864 4028 1980 4068 nos.
1998 4011 2231 4067 Necesse

639 4147 724 4194 est
750 4134 890 4190 enim
920 4139 976 4184 ut
1004 4126 1137 4180 tales
1166 4121 1425 4192 patiamur
1465 4127 1632 4183 usque
1662 4113 1712 4165 in
1741 4109 1897 4163 finem
1965 4120 2097 4176 quos
2125 4119 2229 4207 non

642 4237 977 4299 pateremur,
1009 4216 1109 4272 nisi
1140 4211 1292 4268 nobis
1315 4207 1613 4279 expediret.
1636 4201 1822 4257 Omnis
1850 4200 1989 4254 enim
2012 4200 2232 4252 teutatio

643 4290 884 4393 probatio
899 4321 1060 4379 est,et
1076 4306 1248 4363 euntis
1261 4299 1584 4374 probationis
1601 4295 1820 4351 effectus
1834 4293 1990 4393 habet
2006 4290 2230 4393 fructum

643 4385 968 4478 somn.Quia
1000 4404 1158 4458 homo
1204 4399 1514 4468 plerumque
1555 4391 1716 4446 etiam
1751 4386 1851 4442 sibi
1881 4385 1977 4456 ipsi
2023 4385 2232 4478 ignotus

641 4516 725 4562 est
756 4521 770 4558 :
799 4501 922 4573 quid
939 4492 1300 4564 fcrat,quidve
1331 4505 1434 4541 non
1455 4486 1855 4553 lerat,ignorat;
1878 4489 1931 4534 et
1951 4477 2233 4573 aliquando

645 4568 922 4669 praesentit
965 4604 1025 4643 se
1064 4585 1204 4640 ferre
1252 4579 1391 4651 quod
1447 4594 1552 4632 non
1611 4581 1806 4644 potest,
1852 4581 1906 4626 et
1949 4568 2232 4640 aliquando

633 4661 894 4756 desperat
920 4697 980 4736 se
1008 4692 1164 4750 posse
1195 4674 1334 4728 ferre
1356 4670 1494 4741 quod
1526 4678 1697 4738 potest
1732 4684 1746 4721 :
1779 4664 1986 4720 accedit
2013 4664 2233 4718 tentatio

571 4807 573 4812 ·
645 4780 796 4854 quasi
823 4772 1188 4844 interrogatio,
1231 4779 1286 4825 et
1318 4764 1586 4821 invenitur
1607 4763 1768 4817 homo
1801 4777 1829 4814 a
1869 4760 2080 4830 seipse;
2113 4759 2233 4829 quia

645 4851 846 4930 latebat
867 4878 922 4924 et
949 4866 1202 4935 seipsunt,
1238 4859 1331 4916 sed
1359 4856 1618 4912 artificem
1638 4872 1742 4910 tton
1766 4854 1984 4908 latebat.
2008 4851 2235 4908 Proinde

647 4965 837 5022 Petrus
881 4955 1220 5031 praesumpsit
1252 4952 1434 5007 nescio
1460 4949 1582 5019 quid
1613 4948 1753 5019 quod
1787 4947 1838 5001 in
1881 4947 1971 5001 illo
1999 4945 2234 4999 nondum

646 5066 786 5122 erat,
809 5067 976 5122 usque
1001 5048 1064 5102 ad
1087 5055 1310 5101 mortem
1340 5058 1400 5098 se
1422 5057 1540 5097 cum
1586 5041 1808 5094 Domino
1851 5038 1977 5093 Jesu
2023 5037 2236 5092 Christo

647 5164 768 5207 esse
796 5150 1286 5218 perseveraturum:
1311 5135 1449 5190 vires
1471 5148 1592 5188 suas
1616 5132 1803 5186 Petrus
1824 5129 2116 5200 ignorabat,
2142 5127 2235 5182 sed

649 5241 908 5300 Dominus
946 5242 1186 5291 noverat.
1237 5228 1532 5298 Respondit
1569 5227 1584 5258 ³
1629 5225 1805 5279 minus
1847 5222 2093 5276 idoneum
2147 5220 2235 5291 qui

650 5336 1020 5394 fabricaverat,
1059 5326 1147 5397 qui
1183 5323 1343 5379 etiam
1373 5320 1628 5374 fabricato
1669 5334 1697 5369 a
1742 5330 1801 5370 se
1847 5315 1988 5367 vires
2021 5312 2237 5368 idoneas

649 5429 873 5484 daturus
903 5432 1038 5487 erat,
1063 5419 1186 5490 quid
1214 5416 1448 5473 nondum
1476 5412 1717 5477 dederat,
1746 5409 1975 5472 sciebat;
2015 5407 2104 5462 ille
2147 5407 2236 5478 qui

649 5523 888 5581 nondum
939 5525 1253 5587 acceperat,
1315 5507 1584 5566 nesciebat
1630 5525 1644 5561 :
1691 5505 1916 5561 accessit
1965 5503 2234 5570 tentatio;

715 5748 734 5780 ι
768 5746 844 5797 sie
863 5743 1015 5796 nostri
1037 5750 1212 5793 omnes
1235 5745 1339 5788 Mss.
1367 5727 1905 5801 At_Etld.,_Pra:tittebat
1944 5728 2102 5801 minus
2134 5727 2240 5782 ido-

649 5792 1013 5871 κωὶζέῶῖέι
1026 5792 1167 5870 paulo
1190 5807 1299 5867 post
1323 5813 1338 5850 :
1361 5795 1445 5865 qui
1465 5793 1679 5848 nondum
1698 5793 1898 5846 dederat
1920 5792 2112 5845 sciebat.

1824 272 1882 330 S.
1924 268 2289 330 AUGUSTINI
2329 270 2639 329 EPISCOPI
3758 281 3832 338 648

2329 394 2561 463 negavit,
2585 391 2748 457 ﬂevit,
2773 391 2977 463 accepit
3017 391 3164 465 (Luc.
3188 409 3325 457 χιιι.
3349 394 3568 467 55ο62).
3607 397 3717 456 Cum
3747 419 3837 478 ergo

2326 491 2626 542 nesciamus
2665 488 2788 558 quid
2828 498 3070 557 petamus
3108 499 3358 558 tanquam
3403 506 3507 544 nou
3540 491 3836 564 habentes,et
3879 537 3885 550 η

2326 579 2468 636 unde
2499 580 2696 650 gratias
2724 595 2941 649 agamus
2983 589 3231 650 tauquant
3256 583 3638 652 accipientes,
3662 603 3766 656 opus
3783 602 3837 648 est

2326 686 2540 742 semper
2568 673 2949 727 tentationibus
2979 683 3034 728 et
3061 673 3498 729 tribulationibus
3515 678 3692 734 erudiri
3715 683 3752 736 in
3772 685 3837 742 ἱςιο

2326 764 2564 829 εωειιΙος
2596 765 2690 820 sed
2730 765 2969 820 tribulari
3005 783 3109 820 non
3153 782 3461 836 possumus,
3494 769 3589 824 nisi
3615 772 3676 825 ab
3703 776 3761 828 eis
3783 779 3839 846 qui

2325 856 2486 927 longe
2513 857 2646 912 fiunt
2671 872 2701 911 a
2729 856 2946 913 sanctis.
2975 857 3450 929 Longioquitatem
3482 861 3632 916 istam
3650 904 3662 926 ,
3691 862 3838 935 lettres,

2326 951 2607 1022 intelligite
2635 951 2814 1006 cordis
2838 968 2980 1018 esse,
3004 967 3108 1007 non
3132 954 3400 1021 corporis.
3424 953 3512 1009 Fit
3535 939 3666 1011 enim
3683 958 3841 1027 plenitu-

2327 1051 2432 1107 que
2462 1045 2520 1091 ιιι
2546 1038 2634 1107 qui
2661 1052 2888 1107 corpore
2912 1037 3070 1108 longe
3111 1039 3489 1109 peregrinatur
3520 1055 3549 1096 a
3578 1051 3652 1108 te,
3685 1044 3842 1115 conjuu

2327 1139 2446 1185 ctus
2467 1130 2538 1183 sit
2564 1129 2677 1197 tibi,
2702 1130 2823 1200 quia
2853 1128 2955 1184 hoc
2976 1139 3121 1185 amat
3149 1131 3291 1201 quod
3322 1142 3380 1186 tu
3407 1149 3422 1186 :
3447 1142 3502 1188 et
3524 1133 3580 1187 lit
3607 1135 3842 1208 plerumque

2326 1233 2385 1279 tit
2408 1225 2720 1294 stansjuxta
2751 1235 2820 1288 te,
2844 1226 3164 1292 coniunctus
3204 1226 3274 1280 sit
3316 1227 3447 1292 tibi,
3472 1228 3592 1296 quia
3637 1231 3721 1284 hoc
3748 1244 3845 1288 amat

2327 1316 2466 1385 quod
2488 1326 2540 1370 tu
2572 1332 2586 1371 :
2611 1327 2661 1371 et
2699 1315 2757 1370 tit
2777 1317 3095 1387 plerumque
3121 1327 3178 1372 ut
3197 1325 3349 1373 stans
3370 1318 3525 1389 juxta
3549 1329 3614 1382 te,
3637 1330 3846 1394 excoquit

2325 1407 2496 1478 diligit
2516 1407 2796 1471 mundum,
2823 1423 2947 1464 cum
2973 1418 3025 1463 ιιι
3049 1409 3240 1480 diligas
3274 1411 3470 1475 Deum,
3498 1413 3646 1484 longe
3675 1417 3730 1469 sit
3757 1435 3776 1469 ι
3798 1431 3846 1476 te.

2399 1501 2452 1556 5.
2493 1501 2628 1570 Quid
2684 1517 2811 1574 ergo
2863 1503 2964 1558 sibi
3010 1504 3142 1569 vult,
3198 1505 3342 1576 quod
3391 1506 3459 1560 ad
3506 1508 3666 1576 ipsum
3698 1513 3846 1568 titulum

2326 1591 2498 1648 adhuc
2529 1594 2778 1664 pertinet,
2808 1594 2931 1664 quia
2954 1605 3218 1650 tenuerunt
3237 1613 3352 1650 eum
3387 1597 3645 1670 Altophyli
3667 1603 3710 1654 in
3728 1601 3849 1657 θευιῖ

2327 1684 2463 1741 Geth
2492 1687 2677 1740 civitas
2705 1687 2947 1756 quzedam
2981 1698 3097 1742 erat
3126 1688 3571 1761 Allophylorum,
3592 1692 3637 1746 id
3671 1705 3741 1748 est
3759 1698 3846 1748 alie-

2330 1778 2664 1846 ttigenarotn,
2699 1779 2878 1849 utique
2901 1780 3082 1850 populi
3108 1782 3265 1852 longe
3294 1799 3322 1835 a
3351 1786 3578 1839 Sanctis.
3604 1784 3846 1844 Exeocuim

2328 1870 2466 1938 quod
2495 1871 2831 1941 alienigena),
2865 1887 2970 1926 non
3006 1875 3186 1944 utique
3223 1877 3654 1947 appropinquant
3679 1884 3844 1946 sanctis,

2329 1961 2420 2014 sed
2456 1961 2610 2030 longe
2637 1972 2760 2016 sunt
2790 1979 2818 2015 a
2851 1965 3069 2019 sanctis.
3115 1965 3313 2022 Omnes
3342 1968 3439 2038 qui
3478 1982 3709 2025 recusant
3740 1974 3848 2027 Chri-

2328 2063 2468 2106 stunt
2498 2071 2672 2124 regem
2693 2055 3004 2124 alienigenae
3029 2059 3179 2111 tittut.
3207 2057 3388 2126 Quare
3406 2063 3705 2134 alienigenae
3729 2066 3846 2120 liutu?

2331 2143 2463 2211 Quia
2498 2154 2552 2198 et
2584 2145 2668 2198 illa
2703 2147 2822 2201 vitis
2849 2149 3093 2218 quamvis
3118 2150 3184 2201 ab
3216 2150 3306 2205 illo
3349 2153 3609 2222 plantata,
3637 2173 3781 2212 amara
3799 2160 3846 2213 la-

2328 2249 2410 2292 cta
2433 2239 2817 2309 quidaudivit?
2843 2241 3012 2307 Quare
3034 2261 3271 2298 conversa
3316 2263 3372 2300 es
3410 2247 3463 2300 in
3505 2255 3845 2320 amaritudinem,

2329 2331 2440 2384 vitis
2469 2333 2633 2384 aliena
2661 2330 2876 2400 (Jerem.
2911 2351 2966 2394 ιι,
2986 2333 3076 2403 21)
3096 2334 3244 2390 ?Nou
3261 2335 3472 2392 dictum
3497 2349 3599 2406 est,
3623 2340 3846 2396 Vitismea:

2329 2424 2452 2494 quia
2481 2425 2523 2477 si
2557 2439 2694 2488 mea,
2723 2425 2923 2490 dulcis;
2957 2427 2998 2481 si
3022 2443 3226 2494 amara,
3254 2445 3362 2484 non
3397 2447 3553 2497 mea;
3581 2433 3730 2488 sinon
3755 2451 3846 2502 mea,

2330 2519 2513 2589 utique
2538 2519 2729 2573 aliena.
2765 2519 3058 2575 Tettucrttttt
3085 2538 3212 2592 ergo
3246 2540 3362 2578 eum
3399 2525 3659 2598 Allapltyli
3679 2529 3722 2581 in
3748 2527 3845 2582 Gelli.

2332 2611 2634 2666 invenimus
2684 2613 2920 2682 quidem,
2970 2615 3180 2682 fratres,
3236 2617 3404 2674 David
3459 2620 3627 2689 ipsuut
3677 2622 3692 2654 ¹
3737 2621 3844 2676 ﬁlium

2330 2704 2501 2767 Jesse,
2529 2722 2705 2776 regem
2730 2707 2792 2761 lSl
2808 2709 2912 2772 ael,
2945 2711 3336 2779 peregrinatum
3361 2728 3487 2768 esse
3507 2715 3640 2784 apud
3663 2717 3846 2784 Allophy-

2334 2798 2433 2864 los,
2464 2813 2584 2853 eum
2615 2809 2945 2869 quaereretur
2975 2818 3002 2853 a
3032 2802 3194 2858 Saule
3219 2803 3261 2876 (Ι
3287 2803 3420 2876 Reg.
3459 2823 3574 2874 XXI,
3601 2808 3707 2877 i0);
3729 2819 3767 2864 el
3790 2810 3846 2862 fuit

2333 2888 2384 2944 in
2418 2890 2516 2944 ista
2550 2891 2764 2946 civitate
2791 2900 2845 2947 et
2866 2893 3006 2962 apud
3038 2910 3218 2966 regem
3248 2897 3488 2953 civitatis
3515 2900 3663 2970 hujus
3683 2917 3696 2954 ε
3716 2902 3786 2956 sed
3806 2901 3845 2954 ili

2334 2994 2598 3040 retentum
2627 3001 2747 3041 esse
2775 3003 2880 3041 non
2912 2988 3158 3058 legimus.
3191 2990 3331 3062 Ergo
3360 2993 3528 3048 David
3555 3005 3761 3050 nostrum
3786 2995 3845 3047 Do-

2333 3077 2535 3131 minum
2561 3077 2743 3134 Jesom
2769 3079 3042 3135 Christum
3072 3091 3254 3137 natum
3297 3100 3362 3138 cx
3404 3086 3608 3142 semine
3639 3088 3754 3142 illius
3782 3087 3844 3141 Dt-

2336 3171 2442 3237 vid,
2469 3187 2572 3225 non
2601 3172 2772 3226 solum
2805 3181 3113 3240 tenuerunt,
3145 3175 3243 3232 sed
3280 3186 3339 3233 et
3362 3186 3550 3235 tenent
3579 3179 3731 3236 adhuc
3749 3181 3845 3236 Allo-

2335 3264 2477 3337 pliyli
2509 3266 2559 3319 in
2586 3265 2745 3322 Gelli.
2771 3267 2907 3322 Geth
2941 3267 3173 3325 diximus
3195 3272 3342 3342 quod
3375 3273 3568 3329 civitas
3585 3275 3666 3331 sit.
3690 3274 3847 3329 Interm-

2333 3367 2452 3426 gata
2505 3368 2679 3413 autem
2727 3359 3100 3431 interpretatio
3167 3363 3331 3434 hujus
3391 3367 3652 3431 nominis,
3716 3365 3844 3421 indicat

2336 3449 2611 3504 Torcular.
2655 3451 2903 3508 Christus
2957 3454 3250 3510 secundum
3298 3458 3445 3525 quod
3482 3468 3636 3528 caput
3679 3458 3845 3513 Salvator

2335 3543 2595 3614 corporis,
2627 3542 2716 3599 ille
2749 3555 2906 3601 natus
2952 3562 3016 3602 ex
3058 3547 3263 3618 virgine
3317 3552 3624 3617 cruciﬁxus,
3668 3551 3741 3621 qui
3777 3551 3842 3618 jam

2335 3639 2490 3693 nobis
2533 3639 2838 3708 exemplum
2887 3643 3300 3699 resurrectionis
3345 3657 3546 3701 nostra:
3592 3646 3639 3702 in
3676 3659 3843 3700 resim-

2337 3733 2515 3788 ctione
2553 3749 2664 3789 suae
2693 3734 2871 3790 carnis
2900 3735 3154 3801 ostendit,
3207 3737 3298 3806 qui
3345 3740 3499 3794 sedet
3549 3738 3611 3794 ad
3646 3738 3841 3793 dexteram

2336 3826 2533 3891 Patris,
2557 3835 2611 3882 et
2643 3842 2737 3896 pro
2770 3827 2923 3882 nobis
2952 3827 3278 3897 interpellat,
3303 3839 3464 3885 estet
3485 3831 3588 3891 hic.
3615 3829 3695 3885 sed
3719 3831 3757 3882 in
3777 3842 3844 3880 cor-

2338 3937 2470 3992 pore
2493 3937 2590 3977 suo
2619 3923 2758 3992 quod
2785 3932 2868 3977 est
2913 3922 3175 3978 Ecclesia.
3218 3922 3432 3994 Corpus
3469 3926 3767 3995 conjunctum
3795 3929 3845 3974 est

2337 4013 2497 4084 capiti
2520 4028 2640 4078 suo,
2672 4023 2834 4083 caput
2861 4029 2955 4083 pro
2983 4028 3210 4085 corpore
3235 4017 3438 4072 clamat
3466 4035 3480 4071 :
3513 4018 3689 4082 Saule,
3714 4014 3842 4072 Stult.

2336 4106 2460 4178 quid
2493 4122 2573 4160 me
2601 4107 2908 4177 persequeris
2938 4105 3075 4176 (Act.
3109 4123 3188 4173 Ix,
3220 4108 3318 4180 4)?
3348 4109 3420 4164 Et
3448 4124 3631 4179 corpus
3662 4108 3705 4163 in
3727 4104 3844 4171 capite

2338 4215 2436 4256 suo
2491 4207 2574 4255 est
2611 4200 2900 4254 secundum
2941 4201 3256 4270 Apostolum
3297 4202 3566 4260 dicentem
3605 4220 3618 4256 :
3658 4201 3711 4256 Et
3744 4196 3842 4252 sintul

2337 4293 2669 4357 resuscitavit,
2705 4303 2748 4348 et
2777 4294 2928 4346 simul
2963 4293 3135 4349 sedere
3156 4295 3271 4365 fecit
3301 4295 3353 4350 in
3389 4297 3654 4352 etelestibtts
3692 4291 3838 4361 (Ep/ta.

2340 4406 2401 4454 tt,
2429 4390 2506 4458 6).
2540 4386 2608 4441 Et
2648 4401 2746 4441 nos
2779 4387 2849 4441 ibi
2888 4387 3156 4454 sedemus,
3191 4398 3244 4444 et
3273 4389 3390 4459 ipse
3427 4391 3512 4445 hic
3551 4390 3837 4444 laboratum;

2341 4483 2408 4537 ibi
2441 4481 2690 4536 sedemus
2713 4480 3005 4534 secundum
3035 4496 3205 4550 spem,
3236 4491 3291 4536 et
3317 4483 3409 4537 ille
3436 4483 3518 4538 hic
3546 4478 3772 4536 uobiscum
3787 4482 3835 4527 est

2339 4579 2632 4635 secundum
2661 4577 2995 4634 eharitatem.
3029 4578 3155 4633 Haec
3193 4594 3454 4651 compago
3483 4589 3704 4648 tanquam
3732 4571 3834 4626 unius

2342 4674 2572 4728 hominis
2599 4672 2722 4727 facit
2746 4672 2880 4728 duos
2910 4673 2961 4727 in
3002 4687 3162 4728 carne
3204 4689 3332 4740 una,
3363 4687 3608 4742 Sponsum
3652 4676 3696 4724 et
3728 4676 3833 4730 spon-

2340 4783 2474 4822 sam.
2509 4766 2657 4823 Uode
2689 4777 2741 4822 ct
2764 4767 2876 4836 ipse
2899 4766 3154 4820 Dominus
3179 4764 3342 4820 dicit:
3365 4764 3531 4838 Igitur
3535 4765 3638 4833 jam
3661 4774 3736 4814 nou
3752 4754 3829 4812 duo.

2341 4861 2429 4917 sed
2453 4878 2551 4916 una
2573 4877 2690 4915 caro
2719 4858 2932 4929 (Matth.
2960 4875 3074 4925 xix,
3098 4859 3176 4929 6).
3208 4859 3491 4928 Quomodo
3517 4870 3630 4929 ergo
3653 4852 3720 4908 hic
3743 4858 3831 4901 lenti~

2342 4963 2428 5010 tur
2456 4955 2505 5008 in
2530 4954 2673 5009 Getlt
2697 4953 2720 5006 ?
2747 4952 2985 5007 Tenetur
3009 4952 3064 5006 in
3099 4951 3352 5007 torculari
3381 4965 3566 5022 corpus
3591 4947 3703 5016 ejus,
3727 4939 3762 5034 id

2342 5047 2576 5103 Ecclesia
2596 5046 2709 5115 cjus
2736 5045 2948 5116 (Epltes.
2976 5060 3014 5110 t,
3035 5043 3125 5112 22,
3142 5043 3256 5113 25).
3281 5045 3416 5111 Quid
3439 5053 3534 5108 est,
3556 5041 3602 5096 in
3622 5024 3829 5092 toncttlari?

2343 5141 2398 5195 In
2424 5138 2708 5209 pressaris.
2734 5136 2840 5194 Sed
2893 5137 2943 5190 in
2968 5137 3219 5192 torculari
3261 5137 3519 5192 fructuosa
3545 5138 3744 5203 pressura
3761 5125 3824 5173 est

2343 5233 2452 5290 Uva
2481 5233 2532 5287 in
2572 5232 2677 5286 vite
2724 5245 3029 5300 pressuram
3056 5245 3162 5284 non
3215 5230 3398 5294 sentit,
3443 5228 3625 5296 integra
3663 5215 3821 5272 videtur,

2344 5327 2437 5382 scd
2463 5325 2591 5379 nihil
2632 5323 2754 5378 inde
2777 5330 2991 5378 manat:
3019 5322 3250 5377 mittitur
3276 5322 3329 5376 in
3362 5318 3608 5378 torcular,
3632 5309 3820 5406 calami,

2343 5421 2640 5494 premitur;
2669 5418 2859 5489 injuria
2896 5415 3108 5471 videtur
3135 5415 3247 5471 fieri
3289 5431 3423 5480 uvm,
3452 5409 3538 5468 sed
3579 5409 3659 5462 ista
3691 5400 3819 5490 injuria

2345 5513 2544 5569 sterilis
2575 5527 2679 5566 non
2705 5518 2820 5576 est;
2846 5509 2953 5565 imo
2981 5509 3029 5564 si
3050 5508 3195 5564 nulla
3226 5507 3412 5578 injuria
3439 5500 3693 5561 accederet,
3712 5496 3816 5545 stt-rt-

2345 5607 2412 5663 lis
2431 5611 2753 5663 remaneret.
3867 5595 3885 5663 |

2408 5724 2426 5756 ²
2463 5730 2568 5773 Mss.
2584 5753 2600 5780 ,
2649 5725 2726 5774 Est
2768 5716 2966 5783 cuidem
2983 5747 2999 5780 ,
3045 5715 3223 5780 fratres
3240 5753 3254 5778 ,
3308 5713 3417 5779 quia
3458 5703 3677 5762 interimus
3713 5681 3816 5748 0"“

2343 5786 2518 5851 ipsum,
2543 5792 2638 5834 etc.
