3942 6450
169 341 269 404 649

232 462 284 517 ι.
313 458 478 535 [σονς.
507 457 589 533 2.]
619 457 948 528 Quicumque
971 469 1100 528 ergo
1122 455 1288 511 sancti
1318 470 1625 526 pressuram
1654 469 1746 525 pa-

167 558 362 609 tiuntur
384 556 400 586 ⁸
431 555 498 609 ab
523 553 602 608 eis
631 552 720 623 qui
757 552 909 620 longe
938 549 1060 605 facti
1097 558 1220 605 sunt
1246 563 1275 604 a
1305 549 1540 614 sanctis,
1572 557 1750 603 atten-

163 647 286 702 dant
326 647 582 717 psalmum
617 647 808 710 istttm,
841 652 1130 715 agnoscant
1159 643 1246 699 hic
1281 657 1371 709 se,
1400 643 1582 698 dicant
1605 641 1748 713 qttod

162 743 248 797 hic
274 741 496 808 dicitur,
530 739 619 808 qui
657 739 931 809 patiuntur
955 737 1092 808 quod
1122 737 1207 792 hic
1232 737 1446 792 dicitur.
1474 737 1632 793 Certe
1658 736 1748 806 qui

155 849 264 887 non
289 833 502 904 patitur,
527 845 632 884 non
650 830 825 885 dicat:
855 828 970 885 Non
1007 827 1242 900 astringo
1263 829 1330 884 ad
1351 844 1560 894 vocem,
1586 843 1746 898 quem

154 924 309 978 video
338 932 484 978 extra
519 922 838 992 passionem.
870 921 974 978 Sed
1005 920 1181 976 videat
1213 936 1308 983 ne,
1339 936 1460 975 cum
1487 919 1600 974 vult
1627 933 1747 974 esse

152 1019 309 1084 loiige
344 1029 372 1068 a
415 1014 694 1084 passione,
727 1013 885 1084 longe
928 1011 1021 1067 liat
1053 1028 1083 1066 a
1123 1011 1339 1067 sanctis.
1373 1012 1581 1081 Cogitet
1617 1025 1745 1081 ergo

151 1108 516 1180 unusquisque
538 1107 607 1163 de
633 1107 847 1162 inimico
875 1123 1010 1170 suo;
1043 1104 1086 1160 si
1111 1105 1432 1160 christianos
1461 1114 1561 1170 est,
1591 1119 1744 1157 mun-

123 1197 251 1256 'dus
281 1199 380 1272 ipsi
411 1199 657 1254 inimicus
685 1208 784 1254 est.
826 1198 1062 1254 Privatas
1091 1212 1218 1266 ergo
1249 1194 1553 1252 inimicitias
1583 1211 1742 1251 nemo

148 1293 380 1362 Cogitet,
411 1289 689 1345 auditurus
715 1291 874 1344 verba
908 1287 1092 1359 p~a|tni
1133 1286 1288 1357 hujus
1314 1304 1328 1339 :
1357 1289 1588 1342 sciamus
1617 1287 1740 1357 quia

147 1404 256 1442 non
287 1397 368 1442 est
404 1385 552 1441 nobis
576 1383 881 1438 colluctatio
906 1377 1165 1436 adversus
1191 1395 1406 1434 carnem
1442 1386 1497 1433 et
1525 1378 1741 1448 sangui-

147 1495 298 1544 nem,
320 1477 414 1534 sed
442 1477 698 1531 adversus
721 1473 984 1544 principes
1005 1482 1056 1528 et
1079 1480 1389 1543 potestates,
1416 1481 1470 1526 et
1490 1472 1738 1540 spiritua-

146 1573 217 1628 lia
247 1571 493 1643 nequitia:
520 1567 734 1643 (Ep/tes.
757 1583 830 1634 vt,
857 1565 967 1637 l2),
998 1565 1049 1620 id
1077 1574 1158 1621 est
1183 1565 1439 1620 adversus
1466 1564 1738 1619 diabolum

145 1681 198 1722 et
227 1667 445 1736 angelos
473 1664 623 1732 ejus;
649 1662 768 1733 quia
795 1671 849 1716 et
872 1659 1084 1730 quando
1110 1660 1341 1728 patimur
1369 1657 1614 1712 homines
1640 1658 1740 1712 im-

146 1770 437 1830 portunos.
469 1755 559 1811 ille
588 1754 837 1825 instigat,
879 1752 968 1807 ille
1005 1749 1328 1817 inﬂammat,
1357 1749 1449 1806 ille
1487 1758 1736 1821 tanquam

146 1867 276 1906 vasa
303 1868 394 1905 sua
421 1857 617 1904 movet.
645 1846 994 1902 Attendimus
1017 1860 1146 1916 ergo
1170 1843 1305 1900 duos
1334 1843 1549 1909 hostes;
1578 1859 1735 1914 quem

147 1948 425 2014 videmus,
453 1956 506 2001 et
530 1960 688 2016 quem
718 1959 825 1999 non
855 1942 1096 1998 videmus
1121 1959 1133 1994 :
1164 1941 1434 1997 hominem
1462 1941 1734 2007 videmus,

143 2038 419 2092 diabolum
451 2053 557 2090 non
596 2035 876 2099 videmus;
915 2033 1182 2088 hominem
1208 2031 1486 2102 diligamus
1507 2073 1519 2094 ,
1554 2032 1740 2087 diaboc

148 2132 260 2185 lum
288 2144 602 2193 caveamus;
634 2142 728 2198 pro
755 2126 968 2181 homine
996 2139 1230 2190 oremus,
1256 2132 1442 2178 contra
1468 2121 1733 2178 diabolum

145 2239 387 2287 oremus,
419 2231 474 2277 et
498 2221 736 2276 dicamus
769 2219 877 2274 Deo
905 2235 918 2272 :
944 2215 1182 2271 Miserere
1206 2214 1322 2277 mei,
1354 2212 1586 2277 Domine,
1611 2230 1736 2284 qno-

145 2317 286 2369 niam
318 2312 625 2368 conculcavit
653 2327 732 2366 me
757 2311 925 2364 homo.
957 2307 1072 2363 Noli
1113 2308 1331 2373 timere,
1359 2306 1480 2376 quia
1515 2307 1734 2362 concul-

141 2410 289 2465 cavit
318 2417 366 2462 te
395 2407 589 2471 homo;
617 2405 797 2459 vinum
827 2401 1039 2467 habeto,
1067 2415 1166 2454 uva
1197 2399 1365 2454 lactus
1390 2412 1448 2452 es
1475 2406 1533 2452 ut
1559 2398 1732 2454 calce-

141 2505 243 2558 ris.
286 2501 527 2557 Miserere
566 2500 696 2565 mei,
741 2495 990 2561 Domine,
1033 2493 1269 2563 quoniam
1305 2492 1614 2546 conenlcnvit
1656 2509 1734 2547 me

139 2599 298 2652 homo
331 2611 349 2650 :
376 2607 478 2649 tota
504 2595 585 2648 die
613 2592 803 2646 bellans
832 2589 1086 2643 tribnlavit
1121 2603 1200 2644 me
1235 2586 1410 2639 omnis
1448 2585 1536 2655 qui
1577 2583 1733 2654 longe

136 2691 317 2746 factus
354 2696 434 2744 est
471 2703 499 2740 a
538 2685 756 2742 sanctis.
796 2683 902 2740 Sed
939 2691 992 2737 et
1030 2681 1144 2752 ipse
1180 2679 1424 2734 diabolus
1452 2693 1616 2750 quare
1646 2677 1732 2735 hic

133 2797 248 2836 non
272 2777 633 2852 intelligatur?
655 2780 734 2832 An
761 2776 896 2830 forte
919 2773 1038 2844 quia
1066 2787 1173 2827 non
1189 2773 1211 2804 ¹
1233 2771 1405 2827 dictus
1429 2781 1512 2826 est
1535 2771 1730 2825 homo?

133 2874 284 2943 Ergo
323 2881 463 2926 errat
504 2867 880 2938 Evangelium,
921 2865 1042 2934 quia
1086 2864 1260 2918 dixit:
1294 2862 1538 2916 Inimicus
1577 2865 1727 2917 homo

127 2967 232 3018 hoc
255 2963 372 3035 fecit
396 2960 606 3033 (Matth.
635 2973 755 3025 xm,
780 2956 914 3026 28)?
939 2955 1043 3012 Sed
1070 2955 1169 3010 sub
1193 2954 1418 3026 quadam
1445 2954 1606 3027 ﬁgura
1634 2970 1726 3024 po-

126 3065 239 3110 test
260 3062 318 3110 et
339 3055 426 3109 ille
448 3052 550 3106 dici
576 3052 755 3115 homo,
779 3065 885 3105 non
910 3059 1087 3103 tamen
1108 3062 1227 3103 esse
1252 3047 1431 3101 homo.
1455 3045 1577 3102 Sive
1597 3061 1725 3116 ergo

119 3150 308 3218 ipsum
347 3147 644 3201 intueretur
677 3143 765 3214 qui
805 3141 1014 3198 dicebat
1054 3141 1195 3203 hinc,
1236 3141 1350 3195 sive
1389 3140 1638 3211 populum
1669 3150 1724 3196 et

119 3255 563 3311 unumquemque
585 3239 741 3310 longe
766 3236 962 3291 factum
985 3251 1015 3291 a
1037 3235 1257 3300 sanctis,
1285 3250 1381 3304 per
1400 3234 1584 3305 quales
1609 3234 1724 3289 dia-

115 3335 285 3390 bolus
317 3333 532 3390 tribulat
571 3331 822 3402 pupulum
862 3327 956 3383 Dei
994 3327 1340 3382 inhit-remeat
1374 3328 1602 3390 sanctis,
1636 3328 1719 3382 in-

113 3427 420 3484 hzereutetn
458 3432 679 3490 sancto,
720 3423 1066 3476 inhmrentem
1108 3421 1254 3491 regi,
1286 3419 1352 3475 ad
1389 3421 1542 3489 cujus
1577 3422 1718 3492 regis

110 3523 336 3577 titulum
370 3519 621 3591 indignati
654 3517 728 3573 illi
760 3525 1007 3585 tanquam
1040 3515 1375 3583 repercussi,
1407 3514 1563 3584 longe
1592 3524 1716 3568 sunt

108 3614 284 3677 facti;
315 3614 476 3676 dicat,
511 3608 749 3665 Miserere
775 3608 890 3672 mei,
922 3605 1154 3669 Domine,
1180 3609 1418 3675 quoniam
1446 3606 1716 3659 conculca-

109 3707 181 3757 oit
213 3721 296 3758 me
318 3705 468 3758 homo
491 3719 510 3758 :
536 3717 632 3756 nec
652 3699 864 3755 deﬁciat
889 3697 942 3752 in
970 3697 1068 3751 ista
1092 3697 1510 3759 conculcatione,
1539 3697 1715 3751 sciens

109 3813 278 3867 quem
310 3797 545 3859 invocet,
573 3801 629 3848 et
652 3807 757 3863 quo
781 3789 1028 3858 exemplo
1054 3787 1208 3842 fortis
1235 3787 1455 3842 effectus
1481 3787 1568 3841 sit.
1602 3787 1714 3840 l‘ri-

113 3904 240 3942 nius
268 3887 452 3941 hotrus
479 3887 528 3940 in
558 3883 808 3940 torculari
835 3897 1050 3952 pressus
1074 3889 1156 3936 est
1176 3880 1442 3936 Christus.
1464 3880 1593 3935 Cum
1623 3880 1713 3937 ille

119 3979 307 4034 botrus
333 3977 581 4048 passione
606 3987 891 4045 expressus
918 3982 1019 4037 est,
1048 3971 1281 4026 manavit
1308 3971 1434 4026 illud
1462 3971 1600 4026 unde
1627 3988 1714 4026 ca-

121 4073 192 4124 lix
214 4071 471 4124 inebrians
497 4084 648 4136 quam
679 4067 953 4135 praeclarus
979 4074 1052 4119 est
1078 4063 1246 4138 (Paul.
1277 4080 1406 4131 χιιι,
1435 4065 1529 4134 5)!
1564 4065 1713 4120 Dicat

123 4176 244 4232 ergo
278 4169 332 4216 et
367 4174 563 4228 corpus
599 4157 750 4228 ejus,
790 4156 1005 4213 intuens
1041 4165 1202 4225 caput
1241 4171 1395 4210 suum
1427 4172 1440 4209 :
1473 4155 1713 4211 Miserere

123 4254 213 4308 mei
231 4295 246 4318 ,
288 4251 506 4308 Domine
524 4292 537 4315 ,
569 4250 807 4321 quoniam
834 4249 1143 4304 conculcaoit
1173 4265 1250 4302 me
1276 4248 1424 4304 homo
1451 4265 1470 4303 :
1493 4259 1596 4304 tota
1631 4251 1711 4304 die

121 4342 310 4398 bellum
346 4344 599 4398 tribulanit
636 4358 732 4397 me.
773 4341 902 4397 Tota
939 4342 1048 4405 die,
1089 4348 1201 4396 toto
1240 4350 1496 4412 tempore.
1539 4341 1708 4398 Nemo

118 4433 213 4488 sibi
235 4434 383 4490 dicat
410 4452 424 4488 :
451 4434 686 4489 Fuerunt
712 4433 1081 4488 tribulationes
1103 4432 1242 4503 apud
1270 4442 1446 4502 patres
1471 4442 1703 4502 nostros,

115 4525 250 4592 apud
279 4539 384 4580 nos
409 4540 514 4580 non
543 4532 687 4579 sunt.
713 4523 769 4578 Si
799 4533 952 4593 putas
975 4533 1024 4578 te
1049 4538 1156 4578 non
1188 4523 1385 4579 habere
1411 4525 1707 4580 tribulatio-

115 4631 228 4683 nes,
263 4617 502 4672 nondum
527 4613 734 4687 cepisti
770 4631 890 4672 esse
919 4615 1260 4671 christianus.
1291 4618 1357 4672 Et
1380 4619 1468 4673 ubi
1494 4627 1578 4675 est
1603 4635 1705 4676 vox

113 4708 359 4775 Apostoli
385 4727 398 4762 :
431 4708 536 4763 Sed
560 4717 605 4763 et
625 4724 797 4763 omnes
815 4709 901 4777 qui
928 4708 1098 4762 volunt
1120 4710 1172 4763 in
1199 4710 1397 4764 Christo
1423 4713 1506 4782 pie
1523 4714 1702 4780 vivere,

113 4799 488 4871 persecutiones
516 4799 769 4870 patientur
796 4798 869 4869 (ll
907 4798 1038 4852 Tim.
1069 4815 1146 4862 ιιι,
1185 4800 1249 4854 12
1268 4801 1327 4868 )‘l
1355 4801 1410 4857 Si
1440 4817 1569 4874 ergo
1598 4820 1706 4860 non

111 4891 316 4956 pateris
337 4890 499 4945 ullam
523 4905 619 4961 pro
637 4889 850 4946 Christo
870 4892 1315 4961 persecutionem,
1338 4893 1460 4949 vide
1482 4909 1548 4949 ne
1571 4909 1705 4950 nou-

109 4981 232 5036 dum
271 4983 509 5055 cmperis
545 4983 600 5038 in
637 4983 851 5039 Christo
881 4983 965 5054 pie
995 4984 1190 5039 vivere.
1223 4985 1354 5040 Cum
1381 4996 1560 5048 autem
1589 5002 1704 5044 ca:-

111 5076 252 5141 peris
291 5077 351 5132 in
386 5075 601 5132 Christo
641 5077 726 5147 pie
767 5077 977 5144 vivere,
1026 5077 1297 5149 ingressus
1336 5095 1396 5138 es
1438 5081 1700 5148 torcular;

1293 337 1693 399 ENARRATIO
1728 338 1797 395 IN
1837 339 2159 402 ΡδΑιιιυιι
2199 341 2309 404 LV.

3342 366 3452 432 650

1865 457 2008 521 vult,
2044 458 2121 513 Ab
2158 463 2426 520 altitudine
2465 467 2602 524 diei?
2637 470 2796 530 Forte
2833 476 2998 534 altum
3028 489 3111 537 est
3140 481 3205 538 ad
3235 485 3452 544 intelle-

1860 558 2023 604 ctum.
2058 551 2168 610 Nec
2201 558 2422 622 mirum,
2455 562 2574 631 quia
2601 565 2823 621 altitudo
2848 572 2954 628 diei
2984 587 3086 631 est.
3121 577 3280 634 Forte
3307 582 3448 635 cnim

1859 637 1934 694 illi
1980 651 2260 712 propterea
2305 647 2460 720 longe
2503 651 2624 708 t‘acti
2670 669 2794 712 sunt
2833 676 2865 715 a
2903 667 3130 733 sanctis,
3173 671 3294 737 quia
3342 688 3446 724 non

1858 740 2142 829 potuerunt
2181 750 2457 806 penetrare
2491 744 2821 804 altitudinem
2852 752 2987 820 diei,
3017 759 3169 824 cujus
3205 763 3449 829 Apostoli

1855 821 2137 881 duodecim
2181 827 2325 884 horae
2353 830 2634 904 fulgentes.
2678 839 2820 910 Ergo
2851 845 2938 914 qui
2977 821 3222 916 tanquam
3254 821 3446 908 lmini-

1855 929 1977 970 nem
2017 919 2420 990 cruciﬁxerunt,
2458 927 2510 981 in
2549 929 2636 986 die
2675 946 3007 992 erraverunt.
3050 939 3223 1008 Quare
3264 955 3442 1001 autem

1855 1008 2102 1104 tenebras
2142 1014 2280 1079 passi
2319 1026 2470 1083 sunt,
2501 1028 2558 1073 ut
2587 1021 2740 1091 longe
2771 1025 2964 1082 fierent
2990 1046 3017 1082 a
3047 1035 3280 1088 sanctis?
3308 1037 3443 1104 Quia

1851 1095 1904 1151 in
1936 1098 2044 1154 alto
2079 1101 2287 1158 lucebat
2309 1106 2326 1137 ⁸
2353 1106 2497 1174 dies,
2532 1109 2582 1165 iu
2616 1114 2724 1169 alto
2763 1117 3011 1175 latentem
3044 1140 3146 1177 non
3178 1095 3445 1191 Cognove—

1849 1199 1973 1288 rttnt
2003 1208 2018 1245 :
2052 1193 2094 1245 si
2124 1195 2264 1249 enim
2294 1201 2687 1271 cognovissent,
2721 1224 2987 1280 nunquam
3021 1215 3294 1272 Dominum
3325 1224 3442 1292 glo-

1849 1283 1943 1375 ria:
1983 1283 2371 1341 crucilixissent
2403 1290 2454 1362 (Ι
2492 1291 2608 1346 Cor.
2654 1310 2711 1362 ιι,
2744 1298 2833 1369 8).
2869 1300 2977 1357 llac
3005 1318 3131 1375 ergo
3164 1283 3440 1369 altitudine

1847 1366 1952 1426 diei
1984 1377 2301 1444 repercussi,
2330 1389 2383 1433 et
2411 1380 2566 1453 longe
2592 1383 2712 1440 lacti
2740 1404 2769 1442 a
2793 1366 3019 1458 sanctis,
3049 1366 3170 1450 facti
3196 1407 3318 1452 sunt
3341 1402 3441 1456 ini-

1846 1462 1968 1517 mici
2009 1467 2096 1534 qui
2141 1470 2392 1527 tribulent
2429 1483 2484 1529 et
2531 1481 2844 1538 eoncnlcent
2891 1493 3138 1558 tanquam
3183 1508 3335 1548 uvam
3383 1498 3439 1552 in

1848 1559 2117 1614 torculari.
2164 1563 2258 1618 Est
2299 1577 2352 1620 et
2393 1569 2525 1623 alius
2569 1572 2866 1633 intellectus
2898 1597 2912 1634 :
2942 1581 3017 1635 Ab
3046 1585 3311 1642 altitudine
3338 1591 3440 1646 diei

1844 1651 2263 1710 conculcaverunt
2303 1675 2380 1713 me
2417 1661 2607 1718 inimici
2631 1670 2739 1727 ,ιηεὶ
2764 1679 2867 1725 ιοια
2894 1673 3009 1739 die,
3043 1675 3145 1733 hoc
3178 1691 3293 1747 est,
3327 1692 3439 1740 toto

1845 1749 2084 1812 tempore
2117 1766 2130 1801 :
2161 1748 2237 1803 Ab
2266 1753 2530 1812 altitudine
2559 1758 2678 1824 diei,
2713 1762 2813 1818 hoc
2838 1776 2938 1831 est,
2970 1783 2999 1822 a
3025 1775 3271 1840 superbia
3304 1784 3438 1832 tem-

1843 1836 2033 1904 porali.
2065 1839 2285 1906 Quando
2321 1847 2464 1900 enim
2500 1853 2846 1925 conculcant,
2885 1860 2974 1913 alti
3013 1873 3136 1917 sunt
3165 1883 3178 1917 :
3209 1866 3435 1925 humiles

1843 1936 1967 1981 sunt
1994 1931 2083 1998 qui
2113 1936 2521 2006 conculcantnr,
2550 1943 2640 1998 alti
2683 1957 2807 2002 sunt
2839 1950 2928 2020 qui
2965 1957 3295 2012 conculcant.
3328 1963 3435 2018 Sed

1842 2019 1950 2073 noli
1980 2021 2166 2078 timere
2194 2025 2526 2086 altitudinem
2567 2039 3026 2109 conculcantium;
3063 2046 3168 2101 diei
3209 2050 3433 2108 altitudo

1841 2120 1943 2177 est,
1973 2117 2281 2184 temporalis
2306 2127 2407 2186 est,
2437 2138 2540 2178 non
2568 2134 2785 2184 a'terna.

1912 2204 1975 2302 6..
2002 2204 2250 2270 Quoniam
2279 2213 2421 2266 inulti
2448 2218 2534 2282 qui
2558 2217 2806 2276 debellant
2835 2241 2933 2291 me,
2966 2228 3223 2286 timebunt.
3253 2234 3434 2302 Quan-

1840 2291 1912 2347 do
1941 2293 2239 2353 timehunt?
2263 2301 2392 2356 Cum
2422 2308 2688 2364 transierit
2715 2312 2828 2368 dies
2862 2332 2963 2386 qua
2987 2321 3007 2350 ’
3031 2321 3122 2375 alti
3159 2291 3302 2379 sunt:
3335 2291 3432 2384 Et-

1840 2385 1982 2438 enim
2016 2387 2081 2480 ad
2114 2397 2322 2460 tempus
2350 2395 2441 2450 alti
2482 2408 2637 2468 sunt,
2675 2403 2821 2458 linito
2861 2385 3100 2480 tempore
3137 2415 3432 2477 altitudinis

1837 2490 1951 2569 suae
1991 2479 2266 2537 timebunt.
2311 2484 2423 2558 Ego
2459 2507 2573 2545 vero
2610 2493 2661 2547 in
2696 2506 2743 2548 te
2769 2479 3015 2567 sperabo,
3047 2504 3282 2563 Domine.
3311 2512 3430 2569 Non

1838 2567 1930 2671 ait,
1961 2569 2074 2672 ligo
2095 2587 2221 2628 vero
2247 2591 2351 2632 non
2380 2579 2609 2646 timebo;
2634 2587 2749 2651 sed,
2777 2589 2930 2645 Multi
2949 2595 3034 2661 qui
3059 2598 3308 2655 debellant
3331 2567 3426 2672 me,

1839 2659 2097 2751 timebunt.
2126 2665 2258 2720 Cum
2286 2673 2490 2726 venerit
2518 2674 2604 2730 ille
2633 2676 2748 2732 dies
2773 2659 2987 2750 judicii,
3019 2696 3142 2744 tunc
3171 2659 3430 2751 lamenta:

1835 2750 2032 2809 buntur
2054 2771 2113 2811 se
2138 2772 2326 2814 onmes
2361 2763 2528 2820 tribus
2565 2776 2719 2824 terrm
2745 2772 2958 2842 (Matth.
2991 2795 3112 2846 xxv,
3146 2785 3255 2852 51).
3292 2750 3426 2844 Cum

1832 2851 2139 2916 apparuerit
2167 2853 2374 2924 signum
2406 2858 2523 2913 Filii
2554 2861 2783 2920 hominis
2814 2869 2864 2923 in
2895 2873 3064 2939 cmlo,
3100 2851 3222 2934 tunc
3251 2887 3426 2940 securi

1831 2950 1987 3044 erunt
2008 2957 2194 3044 omnes
2220 2950 2408 3004 sancti.
2436 2950 2568 3007 Illud
2590 2957 2730 3010 enim
2757 2964 2929 3017 veniet
2951 2967 3088 3035 quod
3113 2974 3420 3044 sperabant,

1831 3033 1970 3101 quod
1999 3034 2392 3106 desiderabant,
2420 3047 2560 3114 quod
2593 3059 2644 3102 ut
2675 3053 2876 3108 veniret
2902 3033 3166 3117 orahautuz
3199 3060 3302 3122 illis
3329 3033 3424 3126 au:

1830 3129 1934 3178 tem
1971 3130 2259 3196 pmnitendi
2291 3133 2438 3189 locus
2469 3139 2642 3193 nullus
2675 3147 3004 3213 remanebit,
3036 3156 3157 3222 quia
3185 3173 3250 3212 eo
3281 3170 3420 3215 tem-

1828 3232 1959 3286 pore
1984 3237 2089 3291 quo
2115 3222 2379 3282 fructuosa
2416 3240 2595 3298 posset
2619 3249 2738 3290 esse
2769 3242 3096 3310 pmnitcntia,
3125 3265 3220 3306 cor
3246 3255 3420 3310 olido-

1825 3323 2076 3368 raverunt
2102 3317 2358 3375 adversus
2398 3335 2700 3382 monentem
2731 3329 3036 3390 Dominum.
3072 3339 3332 3414 Numquid
3365 3359 3422 3404 et

1824 3417 2035 3458 murum
2062 3408 2264 3478 erigent
2295 3412 2547 3469 adversus
2569 3417 2894 3487 judicantem
2928 3427 3132 3485 Deum?
3157 3408 3420 3494 Pietatem

1823 3509 1952 3551 sane
1980 3498 2137 3570 hujus
2163 3518 2414 3574 agnosce,
2442 3517 2516 3574 et,
2548 3512 2592 3565 si
2622 3513 2673 3566 in
2700 3530 2764 3570 eo
2789 3532 3014 3589 corpore
3039 3540 3096 3579 cs
3113 3525 3154 3589 ³,
3185 3528 3414 3589 imitare.

1823 3587 2235 3687 cuin-dixisset,
2267 3596 2425 3654 Multi
2454 3619 2539 3672 qm
2574 3606 2824 3663 debellant
2854 3587 2966 3679 me,
3003 3587 3280 3687 timebunt;
3308 3587 3418 3682 non

1820 3679 2054 3746 addidit,
2081 3683 2196 3754 Ego
2223 3703 2349 3742 vero
2385 3707 2488 3746 non
2519 3694 2752 3764 timebo;
2787 3717 2855 3757 ne
2894 3707 3004 3759 suis
3043 3709 3241 3767 viribus
3258 3679 3416 3772 'assi-

1820 3773 2030 3842 gnando
2059 3777 2199 3845 quod
2233 3795 2340 3834 non
2369 3782 2548 3852 timet,
2579 3799 2722 3845 esset
2751 3801 2804 3846 et
2834 3793 2948 3859 ipse
2975 3797 3025 3851 in
3057 3801 3180 3856 altis
3209 3814 3416 3877 tempoc

1819 3865 2038 3933 ralihus,
2067 3879 2120 3923 et
2149 3887 2242 3941 per
2266 3876 2570 3944 superbiam
2600 3885 2946 3952 temporalem
2976 3905 3081 3946 non
3114 3865 3416 3959 merere-tur

1820 3957 2002 4017 venire
2025 3960 2091 4014 ad
2123 3964 2356 4033 requiem
2383 3971 2761 4039 sempiternam
2789 3991 2803 4030 :
2829 3979 3003 4047 potius
3033 3990 3082 4039 te
3109 3985 3232 4042 lccit
3256 3957 3413 4048 intel-

1817 4047 1982 4154 ligere
2009 4052 2148 4154 unde
2187 4070 2291 4110 non
2326 4058 2562 4127 timebit;
2593 4063 2703 4136 Ego
2733 4081 2878 4134 vero,
2909 4072 3105 4144 inquit,
3135 4078 3188 4132 in
3218 4090 3265 4135 te
3289 4099 3410 4154 spe-

1814 4143 1969 4208 rabo,
1999 4145 2217 4203 Domine
2237 4164 2259 4204 :
2284 4167 2388 4204 non
2418 4152 2554 4209 dixit
2591 4143 3059 4231 praesumptionem
3091 4143 3247 4226 suam
3269 4214 3283 4240 ,
3311 4143 3412 4234 sed

1816 4249 2030 4290 causam
2057 4242 2485 4311 prmsnmptionis
2505 4263 2635 4302 suae.
2658 4248 2711 4304 Si
2738 4253 2878 4307 enim
2903 4271 3008 4311 non
3039 4260 3256 4330 timebo,
3286 4283 3411 4336 pos-

1813 4337 2012 4385 sumet
2040 4329 2231 4388 duritia
2269 4336 2446 4392 cordis
2485 4355 2590 4394 non
2631 4343 2847 4413 timere;
2879 4352 3028 4404 multi
3065 4355 3206 4410 enim
3242 4329 3411 4419 nimia
3466 4335 3472 4340 ”

1813 4422 2062 4492 superbia
2087 4425 2214 4480 nihil
2243 4428 2448 4484 timent.
2476 4435 2730 4491 Attendat
2752 4438 2990 4496 Charitas
3015 4444 3198 4503 Vestra
3225 4468 3240 4504 :
3263 4454 3408 4512 aliud

1813 4523 1897 4572 est
1921 4516 2119 4572 sanitas
2147 4523 2418 4589 corporis,
2445 4525 2587 4579 aliud
2619 4537 2804 4598 stupor
2828 4538 3067 4604 corporis
3086 4581 3099 4603 ,
3128 4541 3269 4598 aliud
3301 4547 3403 4603 im-

1811 4607 2106 4666 mortalitas
2128 4615 2388 4683 corporis.
2422 4615 2633 4674 Sanitas
2657 4621 2869 4691 quidem
2899 4626 3152 4698 perfecta,
3185 4633 3406 4693 immor-

1814 4704 1991 4758 talitas
2033 4715 2153 4771 est;
2200 4707 2294 4762 sed
2344 4707 2537 4765 dicitur
2577 4714 2737 4768 etiam
2783 4720 3074 4776 secundum
3117 4731 3403 4795 quemdam

1812 4795 2029 4849 modum
2069 4797 2298 4864 sanitas,
2331 4816 2487 4870 quam
2531 4802 2786 4860 habemus
2817 4807 2868 4862 in
2899 4809 2998 4866 hac
3025 4814 3150 4868 vita.
3180 4817 3405 4886 Quando

1811 4903 1918 4942 non
1947 4889 2263 4957 inﬁrmatur,
2298 4894 2659 4964 unusquisque
2700 4913 2861 4954 sanus
2899 4914 3155 4972 vocatur;
3196 4922 3252 4965 et
3281 4930 3401 4967 cum
3491 4924 3499 4934 ‘

1810 4980 2104 5051 inspexerit
2131 4985 2405 5054 medicus,
2433 5001 2621 5044 sanum
2660 4996 2962 5064 renuntiat;
2998 5009 3054 5056 et
3085 5019 3206 5058 cum
3234 5023 3410 5077 :rgro—
3482 5014 3490 5020 ‘

1812 5083 1927 5130 tare
1970 5077 2194 5146 quisque
2237 5081 2488 5150 coeperit,
2533 5084 2644 5154 ipsa
2692 5090 2890 5147 sanitas
2937 5099 3309 5164 perturbatur;
3357 5115 3412 5160 et

107 5182 357 5240 prapara
385 5176 440 5224 te
465 5167 532 5223 ad
561 5183 870 5239 pressurae;
901 5169 999 5226 sed
1027 5170 1134 5226 noli
1164 5186 1284 5228 esse
1311 5172 1512 5250 aridus,
1540 5189 1609 5230 ne
1634 5173 1743 5266 de‘

106 5275 366 5323 pressura
395 5261 528 5316 nihil
558 5270 732 5317 exeat.

169 5353 229 5409 5.
273 5350 428 5426 [verm
469 5353 534 5420 ὅ,
568 5354 650 5426 4.]
683 5352 1110 5410 Conculcaverunt
1142 5372 1221 5410 nte
1251 5356 1442 5412 inimici
1476 5359 1572 5412 mei
1601 5368 1705 5414 tota

90 5445 197 5501 die.
247 5443 335 5501 Illi
369 5444 528 5516 longe
567 5444 686 5501 lacti
722 5461 754 5501 a
786 5449 1019 5514 sanctis,
1050 5447 1149 5518 ipsi
1184 5449 1383 5505 inimici
1420 5453 1541 5506 mei.
1574 5451 1706 5506 Tala

86 5543 178 5599 die
205 5557 230 5597 :
257 5542 372 5612 jam
408 5539 608 5596 dictum
636 5548 738 5597 est.
770 5540 846 5595 Ab
872 5540 1137 5598 altitudine
1158 5544 1277 5599 diei.
1304 5541 1444 5613 Quid
1476 5545 1577 5602 sibi
1603 5545 1706 5604 hoc

1811 5169 2023 5238 quando
2061 5178 2312 5240 curatur,
2355 5173 2421 5228 ad
2462 5175 2629 5245 ipsam
2673 5181 2954 5239 sanitatem
2998 5189 3223 5245 reditur.
3269 5193 3411 5251 Tres
3454 5223 3479 5276 J-

1812 5276 1940 5332 ergo
1965 5262 2273 5319 affectiones
2296 5267 2554 5336 quasdam
2580 5276 2824 5344 corporis
2845 5278 3106 5337 advertite
3139 5293 3193 5338 et
3232 5285 3412 5357 inspi-

1811 5353 1916 5408 cite
1948 5370 1962 5406 :
1996 5355 2275 5410 sanitatem
2297 5399 2310 5421 ,
2343 5368 2610 5429 stuporem
2631 5405 2648 5430 ,
2682 5363 3155 5428 immortalitatem.
3188 5353 3406 5435 Sanitas
3461 5356 3487 5436 ’ς

1814 5445 2178 5514 a'gritudinem
2213 5463 2317 5503 non
2359 5451 2549 5518 habet;
2581 5455 2675 5509 sed
2705 5465 2878 5514 tamen
2918 5463 3131 5531 quando
3171 5470 3410 5539 tangitur
3471 5439 3486 5518 θ’

1815 5545 1869 5593 et
1896 5537 2228 5605 molesmtur,
2257 5540 2420 5597 dolet.
2448 5543 2646 5615 Stupor
2672 5557 2848 5606 autem
2888 5567 2993 5608 non
3020 5553 3195 5624 dolet;
3225 5537 3408 5618 amisit

1882 5675 1898 5754 ξ
1935 5676 2236 5754 sagittatis”
2260 5675 2450 5728 latebat.
2476 5681 2607 5730 Alius
2631 5693 2661 5731 e
2683 5691 2866 5746 contra,
2890 5683 3014 5750 loco,
3055 5690 3295 5754 latentem,
3319 5696 3412 5749 ba.

1815 5736 1921 5795 bet,
1942 5736 2193 5787 lucentem.

1882 5799 1904 5876 ξ
1935 5800 2008 5876 sic;
2029 5799 2211 5876 aliquot
2235 5808 2340 5876 n_ts_s_.
2370 5809 2423 5872 At
2440 5803 2572 5874 md,
2595 5804 2873 5858 transierint
2893 5810 2998 5862 dies
3019 5816 3104 5876 qui
3122 5817 3210 5871 alti
3231 5828 3359 5874 mu.

1887 5859 1906 5892 ³
1937 5861 2009 5910 sic
2031 5859 2134 5912 uss.
2160 5867 2215 5911 At
2238 5863 2375 5924 ωτι,
2394 5863 2447 5921 in
2466 5859 2571 5928 eius
2588 5879 2790 5932 corpore
2812 5883 2879 5922 es.

2647 5953 2685 6035 ί
2699 5956 3116 6040 Viam—une.)

153 5729 172 5760 ι
219 5730 334 5774 uss.
357 5735 550 5785 omnes,
573 5722 816 5789 Quidquid
838 5735 954 5788 ergo
986 5737 1326 5788 premat-um
1341 5726 1497 5782 sancti
1517 5729 1708 5792 patiun-

79 5798 200 5886 ηοξ
229 5845 488 5908 Particula,
511 5860 620 5910 non,
645 5850 785 5900 abest
806 5863 832 5900 a
859 5859 963 5900 MSS.

390 5931 593 5994 8ΔῖοΤ
656 5934 928 5994 Λιηιιςτ.
962 5935 1068 5996 ιν.
