3942 6414
143 333 236 407 {$3

140 453 220 533 qui
246 459 395 527 longe
421 451 536 510 facti
568 459 688 508 sitnt
711 461 740 506 ιι
765 443 982 517 sanctis,
1012 447 1308 505 subintrant
1330 453 1541 522 quidam
1566 451 1691 515 llcti,

139 561 183 609 et
213 552 418 622 pejoris
449 541 812 601 tribulationes
840 545 1038 599 faciunt
1080 545 1289 612 corpori
1334 544 1549 607 Christi,
1579 545 1700 616 quia

137 651 228 701 n'ou
261 648 502 710 tauquam
538 640 745 708 penitus
771 639 927 692 alieni
951 637 1272 692 devitantur.
1297 637 1378 691 Ab
1404 639 1530 708 ipsis
1564 640 1701 708 peri-

135 739 238 796 cula
263 737 502 807 graviora
531 745 957 787 commemorans
982 731 1285 801 Apostolus,
1328 745 1447 784 cum
1477 747 1701 786 enume-

133 843 260 887 raret
289 828 478 882 multas
510 823 782 895 passiones
807 839 951 890 suas,
976 830 1029 878 et
1055 820 1277 886 diceret,
1321 821 1571 878 Periculis
1598 823 1700 895 ﬂa-

132 924 324 984 minum,
351 918 581 988 periculis
608 913 882 983 latromtm,
911 917 1147 989 periculis
1168 933 1228 971 ea:
1244 933 1441 989 genere,
1468 919 1702 985 periculis

129 1031 182 1069 ea:
203 1013 446 1084 gentibus,
470 1010 703 1080 periculis
726 1009 1008 1072 incivitate,
1031 1009 1265 1080 periculis
1291 1010 1342 1063 in
1373 1010 1586 1073 deserto,
1611 1027 1698 1079 pe-

128 1103 288 1160 riculis
327 1105 377 1155 in
416 1097 876 1167 mari:Periculis,
925 1102 1114 1171 inquit,
1168 1099 1220 1154 in
1266 1103 1409 1172 falsis
1460 1101 1700 1171 fratribus

131 1199 184 1270 (ll
216 1197 327 1253 Cor.
354 1213 432 1260 ιιι,
463 1197 575 1268 26).
621 1195 682 1250 lli
729 1196 886 1249 nitnis
931 1195 1215 1266 periculosi
1243 1207 1385 1262 sunt,
1417 1197 1483 1252 de
1510 1197 1699 1267 quibus

127 1292 302 1346 dicitur
342 1291 394 1344 in
435 1283 540 1343 alio
589 1289 823 1359 psalmo:
855 1285 922 1341 Et
963 1289 1372 1360 ingrediebantur
1400 1303 1452 1344 ut
1478 1291 1698 1346 uiderent

127 1383 281 1455 (Psal.
308 1400 393 1446 XL,
424 1383 500 1455 7).
533 1381 971 1455 [ingrediebantur
992 1393 1048 1438 ut
1071 1383 1331 1451 viderent,
1361 1395 1414 1440 et
1443 1402 1598 1440 nemo
1621 1387 1699 1440 di-

127 1475 219 1533 cit:
249 1475 361 1530 Nou
398 1475 602 1529 intres‘
634 1485 689 1529 ut
735 1475 932 1530 videas.
985 1475 1148 1530 Intrat
1197 1477 1393 1531 ctenim
1447 1487 1695 1548 tauquatn

126 1579 249 1635 tuus,
277 1583 379 1622 non
408 1579 628 1623 cavetur
651 1577 704 1622 ut
732 1567 956 1623 alienus.
979 1567 1065 1622 Isti
1097 1584 1224 1638 ergo
1247 1570 1482 1635 incolent,
1512 1580 1558 1623 et
1584 1569 1698 1625 abs-

126 1661 339 1715 condent.
368 1659 505 1728 Quia
533 1659 610 1712 sic
632 1658 830 1712 intrant
859 1659 908 1713 in
941 1658 1155 1713 domum
1187 1677 1452 1729 magnam,
1486 1679 1589 1716 non
1624 1662 1694 1716 ibi

124 1752 532 1824 perseveraturi;
571 1750 688 1807 ideo
716 1751 956 1807 inculcat.
1005 1751 1158 1807 Tales
1200 1754 1339 1808 enim
1387 1766 1695 1824 peceatores

123 1862 289 1902 servos
317 1847 507 1902 volens
547 1846 769 1920 intelligi
804 1847 1076 1910 Dominus,
1109 1846 1400 1901 secundum
1435 1847 1579 1902 illum
1611 1850 1694 1903 in-

125 1941 371 1995 tellectura
418 1940 809 2009 evangelicum,
842 1956 946 2010 quo
977 1940 1138 1994 omnis
1179 1941 1262 2010 qui
1288 1942 1408 2010 facit
1435 1953 1697 2013 peccatum

79 2083 86 2089 .
123 2051 271 2087 scrrus
301 2044 370 2088 est
397 2033 615 2104 peccati,
666 2032 738 2087 ait
774 2050 788 2087 :
821 2031 1009 2088 Servus
1053 2050 1152 2086 non
1192 2044 1354 2087 manet
1385 2036 1436 2088 in
1465 2035 1614 2089 domo
1646 2035 1697 2090 in

124 2137 364 2192 (sternam,
385 2128 529 2196 ﬁlius
557 2138 722 2181 autem
750 2136 914 2180 manet
931 2127 980 2180 in
999 2137 1237 2180 wlernum
1256 2127 1436 2200 (Joau.
1467 2145 1576 2195 vttt,
1605 2129 1693 2196 δι,

123 2220 219 2293 55).
245 2219 338 2288 Qui
364 2222 532 2276 intrat
554 2229 609 2274 ut
633 2221 789 2283 illius,
815 2235 920 2274 non
947 2220 1162 2286 incolet,
1188 2220 1304 2290 quia
1336 2223 1698 2292 perseverabit

125 2327 269 2383 usque
289 2313 336 2366 in
359 2311 521 2366 linem
549 2310 759 2383 (Matth.
786 2327 843 2377 Χ,
866 2307 956 2375 22,
979 2324 1184 2378 etxxtv,
1209 2310 1295 2384 I5)
1323 2331 1335 2365 :
1359 2313 1448 2381 qui
1467 2311 1623 2368 intrat
1643 2323 1698 2369 ut

123 2405 600 2471 servus,sulnlolus,
620 2405 967 2476 peccator,ad
995 2405 1202 2459 oculqu
1231 2405 1539 2472 attendens;
1561 2424 1698 2478 quae-

123 2512 229 2552 rens
248 2496 366 2567 quid
394 2513 451 2551 ra
463 2497 590 2567 piat,
619 2513 862 2567 qua-rens
880 2497 1002 2566 quid
1023 2509 1234 2552 accuset
1250 2498 1472 2570 autquid
1495 2500 1699 2568 vitupe-

122 2601 208 2657 ret,
227 2592 451 2650 ineolere
471 2593 654 2656 intrat,
681 2608 784 2646 non
813 2591 1108 2647 inhabitare
1129 2605 1176 2648 et
1205 2610 1563 2662 perseverare.
1589 2595 1697 2651 Nec

122 2686 234 2744 istos
261 2696 430 2742 tamen
460 2687 764 2749 timeamus,
793 2683 1018 2740 fratres:
1047 2683 1109 2738 In
1135 2684 1242 2740 Deo
1265 2688 1478 2757 speravi,
1509 2706 1607 2742 non
1631 2691 1695 2742 ti-

121 2782 240 2833 mebo
255 2780 550 2851 quid/‘aciat
563 2777 958 2834 mihiearo.Etsi
980 2778 1229 2839 incolunt,
1248 2781 1342 2833 etsi
1366 2780 1580 2845 intrant,
1598 2781 1697 2836 etsi

120 2872 315 2943 tingunt,
336 2874 432 2928 etsi
456 2870 812 2932 abscondunt,
832 2885 956 2926 caro
973 2879 1122 2925 sunt:
1145 2880 1198 2923 tu
1213 2872 1261 2922 in
1281 2871 1502 2925 Domino
1519 2887 1693 2941 spera,

123 2969 234 3023 nihil
261 2969 346 3022 tibi
379 2966 549 3022 faciet
577 2981 723 3022 caro.
760 2963 864 3020 Sed
895 2964 1052 3019 infert
1092 2965 1507 3028 tribulationem,
1541 2965 1700 3022 infert

118 3061 585 3117 conculcationem.
618 3057 836 3112 Accedit
864 3058 1040 3112 vinum
1064 3101 1078 3124 ,
1125 3058 1244 3128 quia
1276 3075 1372 3111 uva
1417 3061 1693 3130 premitur.

117 3152 384 3212 Tribulatio
406 3162 506 3207 tua
530 3150 854 3207 infructuosa
883 3167 985 3206 non
1015 3151 1146 3205 erit:
1169 3153 1303 3206 alter
1321 3153 1461 3207 videt
1486 3163 1553 3210 te.
1577 3155 1695 3208 imi-

116 3253 320 3311 taturte;
347 3246 481 3318 quia
505 3255 552 3298 et
574 3253 625 3299 ιιι
649 3253 702 3297 ut
727 3243 958 3298 disceres
983 3244 1140 3298 talem
1166 3244 1321 3311 ferre,
1358 3254 1516 3314 caput
1550 3255 1695 3301 tuum

114 3341 492 3409 contemplatus
512 3352 592 3403 es,
618 3337 824 3391 botrum
850 3336 994 3390 illutn
1016 3335 1265 3406 primum,
1280 3335 1342 3390 ad
1363 3353 1515 3406 quem
1537 3337 1699 3394 intra-

112 3432 173 3486 vit
195 3432 344 3486 homo
361 3428 928 3500 utvideretjucoluit,
965 3437 1018 3482 et
1049 3427 1326 3483 abscondit
1358 3430 1579 3485 traditor
1601 3431 1695 3485 .Iu-

111 3522 210 3576 das.
238 3525 434 3580 Omnes
469 3537 596 3592 ergo
625 3520 746 3576 ficto
775 3520 952 3574 animo
982 3517 1263 3586 intrantes,
1311 3520 1604 3576 incolentes
1645 3530 1699 3577 et

110 3614 494 3670 abscondentes
520 3612 625 3668 noli
655 3611 862 3665 timere.
914 3608 1071 3664 Pater
1123 3611 1356 3680 ipsorum
1389 3611 1550 3666 .Iutlas
1575 3626 1697 3666 cum

114 3704 320 3762 Domino
350 3715 441 3764 tuo
477 3704 602 3770 fuit,
631 3713 686 3757 et
712 3703 799 3758 ille
838 3701 1053 3772 quidem
1101 3713 1321 3756 noverat
1346 3718 1465 3756 cum
1489 3720 1502 3756 :
1525 3718 1699 3771 quan-

115 3813 253 3867 quam
266 3798 429 3856 Judas
443 3795 675 3852 traditor
692 3794 1019 3850 incolebatct
1032 3793 1384 3848 abscondebat
1397 3802 1591 3856 ,tatncn
1606 3810 1700 3852 eor

116 3890 268 3960 ipsius
293 3892 524 3946 Domino
549 3903 725 3942 rerum
750 3887 990 3968 patebat;
1017 3887 1194 3941 sciens
1216 3886 1303 3940 ille
1324 3887 1482 3955 elegit
1511 3903 1694 3954 unum,

112 3983 242 4048 unde
266 3984 357 4038 tibi
387 3983 643 4039 solatium
677 3979 874 4034 faceret
896 3979 1165 4033 nescituro
1196 3994 1328 4048 quos
1356 3979 1578 4034 devites.
1603 3980 1698 4035 Ρο-

114 4077 401 4134 tetatenim
445 4075 540 4130 ille
583 4088 687 4126 non
719 4073 914 4142 eligere
943 4069 1294 4140 .Iudam,tptia
1339 4081 1559 4126 noverat
1597 4071 1695 4126 .Iu-

110 4167 248 4235 dam;
288 4169 362 4225 ait
405 4168 608 4237 quippe
649 4164 955 4233 discipulis:
983 4161 1169 4218 Nonne
1197 4180 1286 4234 ego
1315 4179 1398 4216 vos
1432 4163 1696 4218 duodecim

111 4260 242 4331 elegi,
273 4271 317 4315 et
349 4277 485 4322 unus
516 4273 578 4311 ea:
603 4255 738 4310 vobis
757 4256 986 4309 diabolus
1014 4265 1086 4309 est
1115 4253 1290 4327 (Joan.
1322 4271 1389 4320 vt,
1415 4257 1538 4328 7|)?
1558 4256 1696 4326 Ergo

109 4360 157 4407 et
179 4353 420 4408 diabolus
448 4353 652 4406 electus
678 4350 795 4404 est?
823 4351 927 4402 Aut
966 4348 1010 4402 si
1040 4347 1243 4403 electus
1283 4365 1384 4403 non
1431 4359 1532 4409 est.
1563 4365 1695 4419 quo-

108 4444 257 4499 modo
272 4443 559 4500 duodecim
584 4443 758 4510 elegit.
786 4450 961 4494 etnon
986 4439 1157 4508 potius
1180 4439 1457 4494 undecim?
1486 4441 1695 4496 Electus

77 4547 156 4592 .et
183 4538 269 4594 ille
294 4548 398 4603 est,
433 4535 531 4592 sed
561 4534 626 4588 ad
653 4533 816 4588 aliud.
846 4533 1018 4588 Electi
1048 4533 1288 4588 undecim
1318 4533 1381 4587 ad
1409 4549 1540 4602 opus
1570 4551 1694 4603 pro-

108 4628 348 4697 bationis,
378 4631 586 4686 electus
617 4642 753 4681 unus
783 4624 848 4678 ad
875 4639 1010 4693 Opus
1039 4625 1364 4679 tentationis.
1395 4625 1546 4680 Unde
1572 4642 1695 4696 pos-

91 4724 166 4792 ,sit
192 4725 280 4780 tibi
311 4721 620 4792 exemplum
651 4719 780 4775 dare
821 4719 1089 4772 nescituro
1116 4733 1248 4788 quos
1274 4719 1474 4774 devites
1502 4722 1689 4785 malos,

90 4791 230 4882 'qnos
256 4831 448 4878 caveas
481 4791 641 4870 falsos
664 4822 713 4867 et
758 4810 928 4875 fictos,
960 4809 1252 4864 incolentes
1278 4819 1331 4863 et
1355 4811 1691 4868 absconden-

113 4915 206 4972 tes,
235 4903 336 4966 nisi
365 4918 426 4962 ut
458 4887 597 4962 dicat
629 4905 754 4960 tibi:
784 4905 920 4958 Ecce
949 4917 1046 4968 ego
1087 4917 1294 4957 mecum
1326 4901 1486 4957 habui
1528 4920 1691 4960 unum

111 4997 373 5066 ipsorum?
402 5000 677 5071 prmeessit
702 4997 1024 5068 exemplum,
1060 4996 1301 5060 toleravi,
1331 4998 1564 5067 perferre
1595 5013 1690 5054 vo-

113 5087 178 5143 lui
201 5092 338 5162 qnod
362 5092 619 5158 sciebmn,
642 5100 697 5144 ut
719 5089 808 5143 tibi
829 5089 1082 5144 nescienti
1105 5089 1396 5158 pra-berem
1417 5089 1684 5148 solatium.

113 5181 254 5248 Quod
285 5185 422 5242 mihi
447 5185 591 5247 fecit,
617 5199 715 5239 noe
739 5183 894 5238 faciet
927 5191 979 5236 et
1007 5181 1132 5236 tibi:
1166 5190 1221 5237 ut
1251 5183 1471 5237 multum
1501 5186 1686 5254 possit,

113 5283 167 5328 ut
189 5277 412 5332 multum
433 5278 634 5340 saeviat,
665 5284 1005 5329 accusaturus
1031 5281 1130 5337 est,
1180 5274 1308 5329 falsa
1348 5276 1568 5330 crimina
1605 5275 1689 5330 di-

117 5376 287 5424 cturus
312 5379 418 5426 est.
463 5369 527 5428 Ut
557 5367 879 5441 praevaleant
909 5366 1165 5421 l'alsitates
1184 5368 1224 5431 ³,
1259 5367 1514 5436 numquid
1556 5368 1606 5421 in
1638 5377 1688 5423 te

119 5463 490 5530 prmvalebuut,
516 5475 572 5524 et
595 5465 650 5518 is
672 5477 757 5515 me
784 5476 884 5515 non
910 5460 1336 5530 przevalwcrunt?
1359 5459 1412 5516 In
1441 5476 1524 5516 me
1544 5471 1688 5516 certe

122 5556 518 5623 praevaluerunt,
550 5555 641 5616 sed
664 5554 855 5611 cmlum
878 5553 1010 5608 mihi
1035 5569 1137 5608 non
1169 5553 1520 5608 abstulerunt.
1551 5554 1690 5609 Caro

123 5642 277 5715 ipsius
297 5649 403 5719 iam
430 5651 660 5722 sepulta,
709 5647 870 5702 falsos
891 5655 1054 5703 testes
1096 5647 1350 5718 pertulit:
1382 5661 1564 5718 parum
1592 5644 1689 5702 luit

178 5801 194 5869 ξ
226 5803 404 5869 Aliquot
423 5811 556 5869 Mss»
581 5807 747 5869 ituras-

174 5861 196 5896 ‘
225 5861 434 5931 Pleiique
458 5861 590 5936 uss,
610 5867 724 5933 falsi
745 5873 896 5919 testes.

1254 305 1646 395 ENARItATlO
1686 337 1748 394 IN
1789 327 2113 398 Psacnuu‘
2153 341 2261 396 Lv.

1711 5968 1761 5979 ἀφ’.

3292 358 3395 415 654

1811 467 1902 508 eos
1931 453 2135 524 perpeti
2162 451 2212 508 in
2239 447 2459 525 judicio,
2495 465 2778 530 perpessus
2802 469 2884 518 est
2915 449 2965 519 in
2997 468 3262 535 sepulcro.
3301 474 3394 528 Ac-

1806 557 2061 614 ceperunt
2109 545 2385 618 pecuniam
2429 557 2486 603 ut
2529 554 2898 621 mentirentur,
2932 557 3178 614 dixerunt
3215 581 3228 616 :
3266 563 3393 619 Cum

1807 635 2160 705 dormiremus‘,
2193 652 2428 694 venerunt
2457 639 2694 712 discipuli
2721 645 2847 715 ejus,
2878 659 2922 700 et
2953 651 3260 707 abstulerunt
3281 674 3390 710 eunt

1808 727 2022 801 (illatth.
2056 747 2236 799 smn,
2268 725 2378 805 I3).
2407 725 2564 791 Tales
2588 746 2766 794 autem
2792 743 2916 794 caeci
2949 754 3098 798 erant
3120 743 3309 812 Judari,
3337 763 3392 804 ut

1805 821 2085 879 crederent
2109 825 2250 879 dicto
2277 827 2493 894 omnino
2524 830 2850 885 incredibili:
2876 835 3215 892 crediderunt
3246 843 3392 896 testi-

1809 915 1909 970 bus
1931 915 2346 974 dormientibus!
2381 923 2480 975 Aut
2507 922 2693 977 falsum
2724 932 2839 980 erat
2869 928 3006 997 quod
3035 930 3387 998 dormierunt,

1806 1019 1856 1064 et
1876 1006 2216 1066 tuemlacilnts
2236 1013 2454 1068 credere
2477 1032 2580 1069 non
2604 1015 2933 1075 debuerunt:
2956 1030 3045 1074 aut
3064 1039 3246 1080 verum
3275 1038 3391 1083 erat

1804 1104 1944 1173 quod
1974 1105 2325 1168 dormierunt,
2349 1114 2401 1163 et
2426 1105 2567 1179 quod
2598 1109 2790 1166 factum
2820 1122 2902 1168 est
2940 1119 3261 1175 nescierunt.
3289 1121 3388 1176 ln-

1805 1193 1984 1258 colcnt,
2033 1205 2080 1250 et
2116 1196 2437 1252 abscondent.
2481 1189 2735 1266 incolant,
2771 1211 2839 1276 et
2881 1205 3388 1282 abscondantzquid

1803 1284 2031 1342 facturi?
2062 1287 2127 1342 In
2169 1286 2281 1343 Deo
2323 1291 2538 1361 speravi,
2585 1309 2685 1347 non
2713 1295 2890 1349 timebo
2915 1297 3048 1365 quid“
3077 1301 3234 1372 faciat
3265 1296 3392 1360 mihi

1803 1396 1941 1434 σίιιό.

1874 1471 1958 1527 10.
2001 1471 2027 1524 Ι
2037 1473 2112 1542 psi
2133 1474 2421 1528 calcaneum
2441 1481 2601 1529 meum
2621 1471 2962 1534 observabant.
2987 1483 3192 1539 Etenim
3213 1486 3289 1541 sic
3310 1488 3392 1542 in-

1802 1564 2414 1632 colentetahscondeut,
2447 1576 2504 1623 ttt
2529 1570 2812 1628 observent
2860 1576 2945 1629 ubi
2994 1577 3153 1633 homo
3178 1580 3388 1637 labitur.

1803 1656 1997 1710 Intenti
2021 1668 2144 1712 sunt
2175 1657 2238 1712 ad
2268 1661 2598 1725 caleancum,
2621 1665 2832 1735 quando
2859 1667 2949 1721 fiat
2980 1669 3177 1739 lapsus,
3210 1681 3264 1728 ut
3295 1689 3391 1744 pe-

1801 1747 1922 1802 dem
1953 1753 2168 1805 teneant
2196 1749 2260 1804 ad
2294 1753 2521 1815 ruinam,
2548 1765 2635 1808 aut
2667 1757 2855 1826 pedem
2883 1775 3186 1829 supponant
3212 1765 3278 1819 ad
3306 1767 3392 1820 of-

1801 1839 2120 1908 fensionem,
2153 1851 2296 1898 certe
2324 1852 2378 1897 ut
2407 1845 2676 1898 inveniant
2705 1849 2845 1916 quod
2885 1863 3156 1907 accusent.
3185 1855 3251 1909 Et
3272 1858 3392 1927 quis

1802 1932 1876 1989 ita
1902 1934 2134 1988 ambulet
2163 1944 2218 1988 ut
2248 1952 2505 2006 nusquam
2540 1937 2787 1993 labatur?
2814 1940 2970 1998 Certe
3016 1946 3155 2014 quod
3196 1949 3301 2002 cito
3334 1950 3393 2004 fit

1802 2023 1884 2079 vel
1910 2025 1959 2078 in
1989 2026 2184 2097 lingua.
2214 2026 2426 2082 Etenim
2457 2030 2712 2100 scriptum
2742 2044 2820 2087 est
2845 2052 2855 2086 :
2887 2033 2946 2088 Si
2975 2038 3085 2104 quis
3126 2038 3178 2091 in
3213 2039 3391 2110 lingua

1801 2134 1900 2171 non
1923 2113 2151 2184 o/fendit,
2186 2120 2266 2173 hic
2309 2120 2555 2190 perfectus
2584 2134 2656 2176 est
2698 2125 2776 2178 vir
2808 2125 3008 2194 (Jacobi
3047 2145 3121 2192 tu,
3150 2129 3230 2197 2).
3262 2133 3392 2200 Quis

1804 2212 2015 2267 tandem
2043 2229 2102 2268 se
2131 2214 2319 2268 audeat
2345 2215 2521 2270 dicere
2549 2225 2639 2270 aut
2670 2227 2854 2286 putare
2891 2220 3219 2289 perfectum?
3249 2225 3392 2297 Ergo

1801 2319 2023 2386 necesse
2049 2315 2130 2360 est
2163 2315 2218 2359 ut
2244 2303 2436 2377 aliquis
2463 2308 2669 2364 labatur
2694 2311 2744 2364 in
2774 2311 2972 2381 lingua.
2999 2312 3074 2368 Illi
3103 2319 3391 2388 autemqui

1803 2393 2036 2450 ineolent.
2059 2406 2110 2450 et
2134 2396 2481 2464 abscondent,
2503 2413 2833 2472 aucupantur
2849 2405 3005 2460 verba
3025 2406 3224 2473 omnia,
3245 2426 3391 2478 quac-

1801 2495 1981 2541 rentes
2011 2488 2202 2542 alicnbi
2240 2491 2455 2558 laqueos
2485 2500 2537 2545 ct
2569 2492 2796 2548 nodosas
2841 2493 3017 2551 facere
3069 2498 3386 2567 calumnias,

1801 2577 1992 2647 quibus
2030 2580 2176 2646 prius
2207 2579 2300 2649 ipsi
2353 2580 2693 2648 implicantur
2737 2600 2894 2653 quam
2937 2603 3071 2655 quos
3116 2589 3392 2660 implicare

1801 2670 2155 2732 contendunt;
2191 2681 2248 2725 ut
2281 2672 2424 2740 prius
2449 2673 2546 2741 ipsi
2575 2675 2852 2743 capiantur
2878 2686 2929 2731 et
2958 2688 3197 2746 pereant,
3223 2698 3384 2750 quam

1801 2761 1933 2814 alios
1957 2763 2166 2830 capiant
2196 2772 2255 2816 ut
2286 2763 2526 2832 perdant.
2556 2764 2760 2820 Etenim
2791 2769 3014 2822 recurrit
3045 2769 3203 2825 homo
3227 2772 3277 2825 in
3295 2787 3390 2826 eor

1801 2869 1975 2922 stuttn,
2000 2866 2050 2908 et
2076 2854 2196 2909 inde
2229 2857 2544 2909 recurritad
2571 2853 2756 2921 Deum,
2804 2867 2856 2912 et
2897 2861 3042 2914 novit
3081 2861 3291 2917 dicere:
3319 2861 3385 2918 In

1801 2943 1911 2998 Deo
1954 2945 2173 3000 laudabo
2217 2963 2469 3002 sermones
2510 2966 2664 3002 meos.
2707 2949 2969 3020 Quidquid
3009 2951 3212 3008 bonum
3253 2953 3384 3021 dixi,

1803 3036 2054 3107 quidquid
2089 3055 2276 3094 verum
2305 3039 2434 3103 dixi.
2466 3038 2554 3095 Dei
2583 3037 2690 3095 dixi
2711 3043 2746 3108 ί,
2774 3055 2825 3096 ct
2848 3043 2914 3097 de
2943 3043 3050 3098 Deo
3078 3044 3183 3099 dixi
3209 3063 3219 3098 :
3245 3048 3389 3116 quid-

1802 3129 1926 3199 quid
1960 3131 2092 3185 forte
2120 3130 2260 3185 aliud
2302 3131 2408 3186 dixi
2441 3132 2582 3202 quod
2625 3133 2805 3188 dicere
2855 3149 2958 3188 non
3006 3135 3184 3201 debui,
3230 3137 3391 3196 homo

1802 3223 1930 3286 dixi,
1963 3222 2055 3279 sed
2096 3225 2194 3279 sub
2226 3224 2333 3280 Deo
2377 3225 2509 3279 dixi.
2541 3225 2641 3293 Qui
2673 3227 2953 3282 confirmat
3003 3227 3386 3297 ambulantem,

1802 3317 2034 3371 minatur
2055 3320 2270 3386 erranti,
2303 3319 2524 3391 ignoscit
2551 3323 2884 3391 agnoscenti,
2907 3332 3116 3378 revocat
3134 3324 3389 3396 linguam,

1802 3420 2017 3464 revocat
2043 3410 2267 3480 lapsum.
2292 3411 2474 3466 Justus
2496 3413 2637 3466 enim
2661 3414 2856 3481 septies
2876 3413 3028 3468 cadet
3053 3421 3106 3470 et
3126 3428 3388 3488 resurget,

1805 3502 1950 3572 impii
2004 3519 2130 3558 vero
2181 3505 2588 3560 intirmabuutur
2627 3504 2678 3560 in
2707 3507 2861 3562 malis
2893 3505 3073 3577 (Prov.
3106 3525 3246 3576 xxrv,
3281 3511 3390 3584 16).

1802 3589 1918 3652 Non
1951 3614 2078 3669 ergo
2107 3599 2286 3652 timeat
2316 3598 2678 3670 unusquisque
2723 3609 2964 3655 nostrum
2995 3602 3216 3659 callidos
3245 3605 3392 3661 iuse-

1805 3699 2056 3754 etatores,
2089 3706 2321 3759 aucupes
2350 3691 2654 3754 verborum,
2684 3692 3112 3750 dinumeralorcs
3135 3712 3268 3765 pene
3285 3700 3394 3770 syl-

1803 3780 2064 3844 labarum,
2097 3791 2149 3835 et
2183 3781 2614 3852 prmvaricatores
2653 3794 3061 3854 prteceptorum.
3091 3785 3227 3853 Quid
3258 3789 3310 3843 in
3341 3800 3394 3847 te

1803 3884 2010 3943 arguat,
2037 3873 2292 3938 attendit;
2324 3883 2378 3927 ut
2404 3873 2588 3928 credat
2613 3890 2708 3943 per
2739 3883 2790 3929 te
2818 3874 3053 3943 Christo,
3084 3893 3187 3931 non
3211 3887 3393 3935 atten-

1802 3967 1898 4024 dit.
1932 3966 2160 4022 Attende
2186 3967 2234 4018 in
2264 3981 2538 4021 sermones
2581 3967 2696 4036 ejus
2735 3984 2890 4040 quem
2917 3969 3290 4041 reprehendis,
3325 3987 3393 4029 ne

1804 4060 1939 4114 forte
1971 4069 2021 4114 te
2049 4057 2243 4127 aliquid
2269 4058 2554 4112 salubriter
2574 4059 2781 4113 doceat.
2809 4059 2876 4114 Ει
2905 4060 3031 4130 quid
3060 4079 3164 4126 tne,
3189 4063 3383 4133 inquit,

1804 4152 2092 4207 salubriter
2124 4152 2317 4219 poterit
2341 4149 2554 4215 docere,
2585 4151 2674 4220 qui
2702 4149 2780 4205 sic
2805 4151 2984 4223 lapsus
3015 4162 3096 4208 est
3128 4155 3177 4208 in
3203 4149 3392 4212 verbo?

1805 4246 1915 4300 Iloc
1934 4247 2104 4316 ip~um
2130 4253 2180 4299 te
2204 4243 2340 4297 forte
2366 4242 2648 4297 salubriter
2668 4243 2847 4312 docet,
2873 4261 2940 4300 nc
2965 4246 3038 4302 sis
3060 4262 3257 4318 auceps
3277 4265 3392 4305 ver-

1801 4340 2010 4400 borum.
2043 4338 2138 4394 sed
2185 4338 2440 4393 collector
2486 4347 2896 4410 praceptorum.
2939 4337 3053 4412 Ipsi
3094 4341 3391 4399 calcaneum

1801 4449 1966 4486 meum
1996 4429 2343 4485 observabant.

1851 4503 1958 4580 Ἠ.
1990 4523 2131 4578 Sicut
2154 4522 2387 4577 sustinuit
2417 4522 2585 4575 auium
2606 4538 2736 4576 mea.
2769 4521 2880 4579 Hoc
2906 4523 3025 4580 dico
3051 4525 3192 4596 quod
3224 4527 3389 4585 susti-

1801 4617 1914 4672 nui.
1935 4615 2273 4685 Loquebatnr
2296 4624 2547 4685 expertus
2576 4631 2589 4666 :
2628 4613 2773 4670 Sicut
2799 4617 3033 4671 sustinuit
3058 4619 3227 4673 anima
3253 4639 3383 4675 mea.

1800 4707 2032 4762 Incolent
2071 4715 2114 4761 et
2158 4706 2480 4760 abscondent.
2509 4701 2709 4761 Omnes
2738 4712 2998 4763 sustineat
3025 4711 3199 4766 anima
3229 4728 3344 4770 mea
3369 4731 3385 4780 ;

1799 4801 1930 4856 foris
1958 4801 2210 4856 latrantes
2232 4801 2274 4865 ³,
2299 4800 2439 4853 intus
2466 4799 2794 4854 occultantes
2833 4803 3112 4858 sustineat.
3136 4799 3387 4864 Foriusc-

1799 4912 1891 4951 cus
1920 4893 2198 4957 veniens’,
2231 4893 2380 4964 quasi
2429 4891 2618 4947 ﬂuvius
2665 4894 2810 4948 venit
2853 4898 3069 4952 tentatio
3103 4916 3115 4952 :
3151 4897 3201 4952 in
3235 4909 3384 4970 petra

1801 4999 1853 5045 te
1881 4986 2429 5056 inveniat,impingat,
2450 5001 2554 5038 non
2582 4985 2790 5056 dejiciat
2815 5005 2827 5053 ;
2862 4985 3073 5044 fundata
3093 4999 3173 5045 est
3194 4991 3384 5052 domus

1799 5096 1956 5151 supra
2000 5089 2203 5150 petram
2238 5076 2452 5150 (Matth.
2484 5093 2574 5141 vn,
2606 5076 2720 5148 25).
2764 5078 2910 5134 Intus
2948 5092 3046 5146 est,
3101 5082 3292 5137 incolet
3330 5091 3385 5139 et

1798 5173 2085 5230 abscondet
2108 5187 2126 5225 :
2150 5179 2207 5226 ut
2228 5171 2377 5240 palea
2405 5169 2497 5225 tibi
2517 5171 2796 5240 viciuclur,
2818 5173 2980 5228 intret
2999 5175 3179 5228 tritura
3200 5173 3380 5244 bOum,

1798 5267 1959 5321 intret
1987 5263 2178 5320 tribula
2220 5262 2603 5330 tentationum;
2640 5270 2694 5318 tu
2739 5265 3002 5336 purgatis,
3028 5265 3115 5319 illa
3156 5269 3379 5325 commi-

1796 5358 1994 5430 nititur.

1868 5453 1956 5508 l2.
1984 5449 2146 5524 [νει-δ.
2179 5449 2211 5504 8
2237 5446 2278 5521 .]
2308 5447 2452 5503 Sicut
2476 5447 2715 5502 sustinuit
2737 5464 2869 5516 mea,
2897 5465 2988 5520 pro
3015 5447 3172 5503 nihilo
3211 5449 3380 5504 salvos

1861 5613 1874 5644 ι
1913 5609 2044 5666 Edd.,
2071 5616 2166 5656 Deo
2184 5605 2308 5655 dixi.
2335 5611 2538 5666 Atimssq
2566 5599 2820 5666 Deidixi:
2844 5615 2938 5666 qua
2961 5601 3189 5666 loquendi
3229 5604 3380 5666 ratim

1796 5689 1862 5726 ne
1883 5663 2099 5737 supran
2123 5675 2283 5737 anrr.
2309 5665 2428 5737 PsaI:
2449 5665 2528 5726 49,
2554 5679 2603 5714 ιι.
2623 5665 2701 5728 23,
2722 5663 2906 5715 habent
2928 5663 3144 5715 nonnulli
3167 5673 3296 5730 In,
3331 5663 3383 5718 Si

1795 5740 1918 5789 bona
1937 5729 2134 5790 auditis,
2165 5731 2250 5779 Dei
2272 5729 2466 5779 auditis.

1858 5801 1879 5831 ³
1912 5807 2010 5856 Am,
2041 5802 2091 5845 et
2110 5788 2297 5859 aliquot
2314 5799 2436 5859 9133.,
2462 5788 2684 5859 latrones.
2725 5850 2734 5859 _

1862 5863 1882 5893 ³
1912 5849 2009 5908 εἰς’
2031 5865 2132 5907 Mss.
2162 5849 2216 5906 Αἱ
2238 5852 2371 5914 add,
2395 5849 2622 5904 sustineat
2642 5850 2905 5913 forinsecus
2950 5849 3204 5906 nam.
