3942 6414
531 306 636 366 655

533 425 813 494 faciams.
847 412 1038 473 Docuit
1062 419 1117 470 et
1143 423 1242 483 pro
1285 402 1414 479 ipsis
1437 419 1611 462 orare.
1654 403 1858 476 Nempe
1891 406 2112 460 incoleut

525 527 574 572 et
600 517 924 575 abscondent,
943 519 1136 576 nempe
1161 501 1353 567 dolosi,
1376 514 1570 569 nempe
1587 498 1928 554 simulatores
1950 506 2112 568 atque

488 609 867 706 \insidiatores
926 607 1050 656 sunt
1086 616 1100 653 :
1135 606 1190 652 ιιι
1233 609 1327 650 ora
1373 608 1472 664 pro
1513 592 1611 658 eis,
1649 600 1702 648 et
1755 592 1864 647 noli
1909 589 2108 658 dicere,

534 701 569 706 --
737 696 785 706 .-
844 701 892 706 μ-
933 692 945 706 ι
1059 690 1073 706 .
1360 685 1496 706 mu-
1521 692 1850 706 --__--._-_._-
1882 693 1954 706 ,,.
2003 692 2107 706 .-η

523 688 787 769 Numquid
805 703 860 750 et
879 692 1036 747 talem
1059 686 1328 744 hominem
1360 685 1498 741 Deus
1516 692 1852 764 correcturus
1879 693 1980 748 est,
2003 692 2111 737 tam

529 791 744 850 malum,
773 795 879 839 tam
918 776 1266 853 perversum?
1291 775 1410 833 Noli
1456 775 1747 846 desperare
1777 792 1790 827 :
1820 789 1978 844 quem
2025 789 2112 829 ro-

494 870 614 952 (ges
642 876 878 939 attende,
908 888 1015 928 non
1045 886 1146 944 pro
1174 884 1281 940 quo
1305 882 1482 939 roges.
1505 865 1920 936 Magnitudinem
1937 865 2110 920 morbi

496 953 688 1040 J'vidcs,
733 965 1024 1041 potentiam
1063 961 1255 1018 medici
1300 975 1404 1015 non
1435 957 1620 1013 vides?
1654 956 1886 1012 Incolenl
1923 965 1968 1011 et
1994 955 2110 1010 abs-

498 1046 734 1121 condent
757 1078 776 1117 :
800 1061 928 1116 sicut
955 1054 1189 1112 sustinuit
1226 1053 1399 1106 anima
1433 1066 1564 1105 mea.
1605 1048 1820 1105 Sustine
1845 1087 1860 1113 ,
1890 1062 2021 1103 ora:
2054 1056 2110 1102 et

515 1156 645 1228 quid
677 1155 776 1210 ﬁt?
804 1151 910 1206 Pro
936 1148 1096 1202 nihilo
1123 1146 1286 1200 salvos
1312 1143 1469 1216 facies
1499 1159 1601 1197 eos.
1645 1141 1735 1194 Sic
1774 1141 1892 1195 illos
1931 1141 2108 1194 salvos

515 1248 682 1306 facies
705 1287 722 1314 ,
754 1253 810 1299 ut
839 1242 972 1298 nihil
997 1239 1091 1295 tibi
1121 1238 1230 1305 sit,
1258 1235 1310 1290 id
1339 1243 1422 1291 est
1443 1275 1458 1302 ,
1501 1242 1561 1289 ut
1602 1232 1778 1288 nullus
1817 1232 1970 1287 labor
2014 1231 2106 1286 tibi

515 1342 610 1397 sit.
643 1333 958 1393 llominibus
983 1327 1253 1400 desperati
1278 1333 1441 1393 sunt,
1469 1323 1565 1380 sed
1603 1333 1661 1378 tu
1698 1323 1863 1379 verbo
1903 1336 2059 1377 curas
2089 1340 2104 1378 :

518 1449 627 1490 non
662 1426 929 1486 laborabis
967 1423 1020 1479 in
1068 1419 1343 1484 curando,
1384 1415 1626 1489 quamvis
1665 1429 1762 1470 nos
1799 1422 2106 1484 stupeamns

518 1520 872 1594 inspiciendo.
905 1517 1000 1572 Est
1021 1514 1158 1571 alius
1183 1526 1371 1568 sensus
1397 1511 1450 1565 in
1475 1508 1576 1564 hoc
1601 1522 1761 1564 versu
1785 1548 1800 1573 ,
1833 1505 1940 1560 Pro
1967 1506 2104 1560 nihi-

518 1618 569 1672 lo
593 1615 759 1671 salvos
788 1612 941 1682 {acies
969 1624 1053 1663 eos
1076 1621 1095 1661 :
1121 1604 1282 1660 nullis
1309 1617 1493 1659 eorum
1525 1600 1732 1656 meritis
1757 1597 2106 1669 praecedenti-

517 1711 620 1766 bus
646 1708 821 1764 salvos
844 1703 1005 1759 iacies
1029 1715 1146 1757 eos.
1192 1698 1292 1764 Qui
1329 1697 1472 1768 prius
1510 1695 1586 1767 fui
1631 1694 1988 1764 blasphemus,
2022 1691 2104 1746 in-

516 1803 669 1874 quit,
697 1809 743 1854 et
769 1804 1055 1870 persecutor
1081 1801 1125 1846 et
1149 1790 1426 1862 iujuriosus
1448 1787 1466 1857 (
1489 1787 1507 1841 l
1531 1784 1662 1839 Tim.
1691 1800 1710 1839 ι
1734 1825 1749 1850 ,
1784 1785 1852 1840 15
1877 1784 1916 1854 ).
1945 1784 2104 1839 Acci-

516 1895 693 1964 piebat
719 1891 923 1946 litteras
947 1902 976 1940 a
1001 1882 1368 1940 sacerdotibus
1384 1923 1399 1946 ,
1424 1888 1482 1934 ut
1502 1878 1822 1948 ubicumque
1844 1877 2107 1932 inveniret

513 1985 850 2043 Christianos
873 2021 888 2046 ,
912 1978 1151 2048 alligaret
1170 1982 1226 2030 et
1243 1972 1532 2028 adduceret
1556 1969 1709 2042 (Act.
1738 1984 1794 2024 ix
1816 2009 1830 2033 ,
1859 1965 1956 2040 2).
1991 1966 2105 2024 Uti-

512 2095 618 2150 quc
647 2085 704 2131 ut
744 2074 984 2143 alligaret
1029 2077 1083 2124 et
1123 2065 1451 2129 adduceret,
1497 2061 1670 2131 primo
1716 2058 2017 2124 incolebat,
2046 2065 2106 2114 et

511 2165 892 2227 abscondebat.
923 2161 1075 2216 Nulla
1106 2172 1234 2228 ergo
1256 2155 1412 2225 hujus
1432 2155 1570 2209 bona
1600 2152 1788 2207 merita
1813 2165 2106 2223 princesse-

431 2245 435 2248 ’
510 2270 632 2317 rant
657 2301 672 2325 ,
702 2257 809 2311 imo
841 2253 962 2308 talia
993 2256 1377 2321 praecesserant
1405 2244 1474 2300 de
1502 2242 1695 2314 quibus
1719 2242 2099 2306 damnaretur;

510 2353 644 2409 nihil
675 2348 799 2406 boni
827 2343 1003 2400 attulit
1023 2383 1037 2408 ,
1068 2349 1124 2395 et
1151 2339 1328 2394 salvus
1357 2336 1526 2392 factus
1545 2343 1648 2390 est.
1683 2332 1788 2388 Pro
1816 2333 1974 2387 nihilo
1999 2332 2104 2387 sal-

510 2461 599 2500 vos
623 2442 778 2513 {acies
803 2452 906 2491 eos.
951 2433 1067 2488 Non
1113 2429 1180 2485 ad
1229 2438 1282 2483 te
1326 2427 1548 2482 aﬂerent
1595 2424 1810 2493 hircos,
1859 2423 2054 2479 arietes
2080 2465 2098 2492 ,

511 2546 694 2592 tauros
717 2573 734 2598 ,
763 2545 865 2584 non
893 2526 1032 2581 dona
1053 2533 1105 2578 et
1131 2528 1369 2577 aromata
1396 2522 1414 2551 ³
1437 2517 1659 2574 allerent
1685 2518 1736 2572 in
1765 2517 1963 2586 templo
1987 2525 2098 2581 tuo,

511 2644 620 2686 non
650 2622 847 2694 aliquid
875 2619 943 2675 de
969 2613 1293 2673 conscientia
1337 2612 1474 2667 bona
1513 2608 1781 2664 libaminis
1821 2606 2102 2678 superfun-

509 2723 681 2785 dunt;
713 2726 877 2771 totum
911 2713 963 2767 in
996 2710 1101 2766 illis
1126 2720 1376 2778 asperum
1401 2745 1418 2771 ,
1454 2711 1624 2759 totum
1657 2709 1853 2756 tetrum
1879 2742 1894 2767 ,
1927 2707 2099 2755 totum

509 2809 922 2870 detestandum:
954 2812 1156 2859 etcum
1198 2797 1273 2853 illi
1316 2794 1384 2852 ad
1423 2803 1474 2851 te
1516 2794 1649 2849 nihil
1694 2792 1920 2848 afferant
1960 2791 2100 2848 unde

508 2906 780 2962 salventur
799 2942 814 2966 ,
851 2897 958 2968 Pro
988 2894 1146 2950 nihilo
1170 2889 1336 2947 salvos
1362 2888 1517 2961 [acies
1547 2904 1632 2943 eos
1656 2929 1671 2955 ,
1715 2886 1767 2942 id
1802 2893 1886 2942 est
1930 2885 2100 2957 gratis

507 2999 629 3055 data
657 2993 824 3067 gratia
857 2999 966 3046 tua.
1001 2985 1141 3055 Quid
1172 2983 1259 3038 ille
1288 2983 1425 3038 latro
1452 2979 1705 3035 attulerat
1740 2977 1808 3034 ad
1833 2992 2047 3034 crucem
2073 2977 2099 3033 τ

506 3094 584 3151 De
615 3089 808 3146 fance’
855 3086 908 3140 in
951 3080 1246 3151 judicium,
1295 3075 1364 3132 de
1409 3073 1612 3145 judicio
1648 3073 1702 3127 in
1749 3072 1989 3142 lignum,
2030 3070 2100 3126 de

507 3188 651 3258 ligno
677 3183 730 3236 in
762 3175 1064 3249 paradisum
1095 3170 1266 3244 (Luc.
1297 3183 1423 3223 xxm
1447 3209 1461 3232 ,
1496 3166 1567 3222 45
1595 3165 1635 3236 ).
1663 3163 1902 3220 Credidit
1923 3201 1939 3225 ,
1969 3175 2097 3232 pro-

507 3255 628 3351 pter
656 3271 800 3345 quod
829 3271 1039 3324 locutus
1064 3263 1190 3336 est(
1219 3261 1367 3318 Psal.
1398 3274 1521 3327 cxv,
1547 3258 1615 3314 10
1641 3256 1682 3327 ).
1710 3256 1814 3312 Sed
1842 3266 1896 3311 et
1924 3255 2094 3351 ipsam

482 3346 667 3426 .iidem
690 3364 808 3436 quis
835 3359 1089 3426 donavit,
1123 3355 1225 3411 nisi
1255 3353 1342 3426 qui
1365 3352 1521 3424 juxta
1553 3348 1851 3421 pependit?
1880 3347 1986 3402 Pro
2013 3346 2095 3400 ni-

508 3460 613 3516 hilo
642 3457 808 3512 salvos
837 3451 990 3524 facies
1019 3464 1126 3502 eos.

578 3551 665 3606 15.
709 3546 774 3601 In
810 3545 887 3598 ira
917 3540 1131 3614 populos
1167 3536 1402 3591 deduces.
1447 3531 1701 3588 Irasceris
1743 3540 1797 3586 et
1833 3528 2052 3585 deducis
2075 3570 2092 3595 ,

504 3644 660 3702 saevis
687 3650 741 3696 et
769 3639 943 3694 salvas
967 3675 981 3698 ,
1012 3643 1181 3689 terres
1205 3638 1262 3686 et
1294 3641 1475 3683 vocas.
1515 3625 1651 3694 Quid
1697 3633 1780 3679 est
1816 3621 1958 3679 enim
1983 3663 1998 3690 ,
2025 3621 2095 3676 In

504 3741 581 3794 ira
606 3733 821 3806 populos
841 3725 1101 3784 deduces?
1124 3721 1320 3793 linples
1345 3715 1775 3774 tribulationibus
1796 3714 1972 3770 omnia
1997 3757 2011 3781 ,
2039 3723 2096 3770 ut

505 3832 558 3886 in
589 3820 1014 3884 tribulationibus
1044 3814 1204 3887 positi
1235 3812 1476 3868 homines
1508 3816 1784 3864 recurrant
1811 3807 1878 3862 ad
1905 3815 1956 3862 te
1982 3848 1996 3873 ,
2027 3822 2094 3862 ne

503 3919 713 3977 deliciis
753 3923 809 3972 et
850 3910 1139 3969 securitate
1181 3916 1429 3976 perversa
1464 3900 1803 3956 seducantur.
1836 3899 1880 3952 A
1922 3906 1974 3953 te
2014 3896 2094 3952 ira

503 4013 712 4072 videtur
736 4049 753 4076 ,
785 4006 878 4062 sed
901 4011 1144 4075 paterna.
1170 3995 1420 4053 irascitur
1442 4001 1589 4064 pater
1612 3990 1719 4045 tilio
1739 3987 2093 4059 contemptori

505 4111 889 4179 praeceptorum
943 4107 1206 4150 suorum:
1263 4088 1430 4143 iratus
1477 4085 1526 4140 ei
1579 4098 1704 4140 eum
1752 4080 2088 4152 colaphizat,

503 4170 700 4259 caedit,
727 4201 912 4246 aurem
937 4184 1086 4240 vellit
1110 4224 1124 4248 ,
1158 4195 1316 4236 manu
1345 4175 1544 4241 trahit,
1565 4174 1632 4230 ad
1663 4172 1898 4228 scholam
1925 4170 2088 4226 ducit.

503 4289 573 4346 In
595 4289 674 4342 ira
697 4282 910 4354 populos
950 4276 1187 4332 deducas.
1230 4273 1399 4340 Quam
1452 4266 1603 4322 multi
1651 4264 1876 4335 ingressi
1924 4271 2088 4354 sunt,

503 4394 664 4454 quam
698 4352 849 4429 inulti
876 4369 1230 4439 impleverunt
1258 4362 1474 4417 domum
1503 4356 1753 4420 Domini,
1787 4353 1838 4408 in
1872 4353 1947 4408 ira
1978 4352 2093 4423 ejus

504 4444 723 4530 deducti
750 4509 765 4532 ,
792 4465 843 4520 id
867 4471 950 4519 est
968 4452 1397 4515 tribulationibus
1417 4448 1586 4505 territi
1612 4489 1625 4513 ,
1655 4457 1709 4504 et
1735 4446 1836 4501 [ide
1858 4444 2088 4514 impleti!

505 4564 590 4623 Ad
633 4563 736 4617 hoc
777 4557 920 4614 enim
965 4551 1199 4620 exagitat
1250 4542 1554 4608 tribulatio,
1592 4549 1651 4594 ut
1688 4539 1956 4595 exinaniat
2000 4553 2094 4593 vas

503 4656 648 4732 quod
689 4653 904 4724 plenum
943 4654 1027 4700 est
1065 4638 1300 4712 nequitia
1325 4677 1341 4703 ,
1379 4643 1438 4692 ut
1475 4633 1758 4705 impleatur
1797 4630 1986 4702 gratia.
2026 4627 2094 4684 In

501 4753 583 4806 ira
610 4743 827 4820 populos
846 4739 1080 4793 deduces.

709 4833 732 4908 [
751 4846 879 4886 vers,
908 4823 1006 4899 9.]
1046 4824 1183 4879 Deus
1205 4863 1220 4888 ,
1243 4821 1398 4876 vilicm
1420 4832 1582 4872 meam
1608 4812 1861 4870 enuntiavi
1890 4813 1998 4868 tibi.
2025 4810 2095 4870 Ut

501 4932 682 4989 vivam
708 4906 852 4980 enim
880 4930 934 4975 tu
961 4915 1131 4973 iecisti
1155 4956 1172 4983 ,
1193 4921 1247 4968 et
1273 4911 1338 4966 ad
1363 4911 1464 4965 hoc
1489 4906 1707 4964 enuntio
1729 4907 1890 4961 vitam
1919 4921 2093 4960 meam

502 5024 620 5082 tibi.
657 5019 806 5076 Itane
825 5027 954 5070 vero
979 5010 1121 5065 Deus
1156 5003 1432 5076 ignorabat
1475 4998 1618 5072 quod
1657 4998 1914 5054 dederat?
1956 4997 2094 5066 Quid

504 5125 628 5181 est,
655 5108 800 5185 quod
849 5104 927 5162 illi
962 5097 1251 5158 enuntias?
1297 5095 1504 5151 Docere
1548 5092 1629 5147 vis
1667 5089 1880 5146 Deum?
1921 5089 2089 5144 Absit.

504 5209 653 5280 Ergo
675 5180 808 5275 quid
853 5199 965 5263 ait,
1016 5187 1448 5249 Enuntiavitibi?
1484 5187 1565 5242 An
1612 5183 1780 5249 forte,
1820 5181 1954 5249 Quia
1993 5180 2095 5280 tibi

504 5272 732 5376 prodest
755 5291 897 5366 quod
922 5284 1192 5347 enuntiavi
1214 5282 1375 5337 vitam
1398 5279 1614 5334 meam?
1641 5277 1707 5331 Et
1730 5275 1855 5346 quid
1880 5272 2096 5345 prodest

505 5371 621 5454 Deo
639 5395 664 5449 ?
680 5388 866 5448 Locris
887 5384 979 5442 Dei
1001 5380 1237 5454 prodest.
1261 5373 1543 5432 Enuntiavi
1568 5372 1682 5426 Deo
1700 5371 1860 5424 vitam
1887 5383 2058 5424 meam
2075 5408 2091 5435 ,

504 5491 631 5567 quia
655 5487 834 5543 vivere
860 5495 946 5537 me
969 5476 1096 5534 iecit
1126 5474 1286 5529 Deus.
1313 5468 1594 5537 Quomodo
1611 5459 1910 5519 enuntiavit
1928 5460 2094 5516 vitam

567 5653 590 5685 ⁸
871 5649 998 5710 Μξξη
1023 5637 1367 5710 Ψπῗῖῃβῖαίξζλ
1390 5690 1556 5710 _-_:-...
1573 5686 1649 5710 ,ιιι

567 5681 592 5746 ί
625 5681 850 5761 ἓξ)ἶῶἷῆ
1024 5681 1261 5761 Barine;
1277 5690 1370 5761 sed
1390 5690 1559 5761 verius
1572 5686 1671 5761 alii,
1698 5693 1764 5736 De
1788 5685 1925 5761 fauce
1940 5694 1976 5761 _:_

493 5752 1070 5827 πσείιὶἆᾶ-ιῖιῖἱῖθιτοοὶἶξῖθ
1094 5752 1545 5827 éxetseletﬁiﬁﬁ
1579 5757 1754 5827 ῘΞῩῨΨβ·
1783 5752 2095 5827 mam-“acu

541 5813 918 5900 ξ”ιῖἶῖἷίλὶὶὲο
937 5822 1016 5889 qui
1038 5818 1251 5887 procedit
1273 5816 1338 5868 ad
1361 5817 1551 5870 faucem
1570 5813 1787 5863 occidere
1812 5813 2062 5864 ltﬂ't‘irt.“tlt.

1735 291 1794 347 s.
1832 285 2199 349 AUGUSTINI
2240 287 2539 351 EPlSCOPl
3653 300 3730 362 ea

2224 420 2374 461 suam
2398 406 2594 464 Paulus
2613 409 2888 478 apostolus
2910 447 2928 472 .
2949 406 3136 464 dicens
3153 447 3170 473 ,
3192 407 3292 476 Qui
3313 409 3451 478 prius
3469 413 3538 483 fui
3554 414 3736 486 blasphe-

2221 514 2333 552 mus
2357 507 2402 551 et
2433 510 2717 566 persecutor
2741 512 2786 556 et
2812 500 3131 574 injuncsus!
3157 502 3408 558 Enuntiet
3427 506 3571 559 vitam
3587 522 3734 568 suam:

2222 587 2331 645 Sed
2368 592 2766 648 misericordiam
2800 605 3095 651 consecutus
3121 613 3241 668 sum
3268 596 3332 669 (ι
3383 595 3515 652 Tim.
3554 615 3602 666 ι,
3641 603 3737 674 l5).

2219 681 2533 740 Enuntiavit
2556 686 2718 742 vitam
2761 702 2911 742 suam
2936 729 2952 752 ,
2993 704 3098 743 non
3139 689 3277 755 sibi,
3310 689 3666 762 sedilh:quia
3685 696 3742 752 sic

2217 775 2518 832 enuntiavit
2543 786 2598 832 ut
2628 778 2703 834 illi
2733 778 3078 846 crederetur;
3109 796 3216 835 non
3253 779 3322 835 ad
3353 781 3492 836 lucra
3529 797 3611 836 sua
3631 825 3645 848 ,
3673 787 3742 842 sed

2217 867 2283 923 ad
2308 869 2454 923 lucra
2485 869 2645 925 illius.
2673 869 2812 940 Quid
2839 871 2981 926 enim
3006 871 3083 926 ait
3109 873 3222 943 ipse
3247 871 3486 926 Paulus?
3507 871 3615 927 Ideo
3631 873 3745 931 Clui-

2217 972 2324 1016 stus
2349 973 2578 1019 mortuus
2603 975 2678 1019 est
2700 975 2749 1020 et
2772 965 3044 1020 resurrexit
3067 1007 3080 1027 ,
3112 975 3168 1020 ut
3195 967 3278 1036 qui
3305 967 3420 1020 vivit
3436 968 3543 1039 jam
3568 985 3654 1022 non
3678 973 3746 1024 sibi

2215 1054 2377 1119 vivat,
2406 1055 2495 1109 sed
2515 1055 2562 1109 ei
2581 1056 2664 1126 qui
2680 1072 2772 1126 pro
2793 1057 3022 1110 omnibus
3043 1067 3268 1112 mortuus
3288 1065 3361 1111 est
3387 1056 3451 1126 (ll
3470 1055 3578 1112 Cor.
3598 1075 3641 1124 v,
3667 1061 3744 1130 l5).

2216 1143 2274 1201 Si
2304 1161 2432 1216 ergo
2459 1146 2590 1201 vivis
2611 1188 2625 1212 ,
2655 1157 2709 1202 et
2739 1162 2844 1202 non
2871 1162 2900 1201 a
2929 1155 2982 1203 te
3010 1147 3145 1203 vivis
3170 1189 3187 1215 ,
3233 1150 3358 1217 quia
3391 1157 3448 1202 ut
3479 1149 3662 1205 viveres
3682 1151 3747 1208 ille

2217 1237 2496 1307 prmstitit,
2527 1239 2745 1293 enuntia
2790 1239 2952 1295 vitam
2998 1248 3140 1294 tuam
3167 1279 3182 1305 ,
3229 1253 3335 1294 non
3381 1239 3513 1307 tibi,
3549 1242 3632 1296 sed
3665 1241 3746 1309 illi;

2215 1342 2319 1382 non
2351 1337 2437 1382 tua
2463 1342 2710 1399 quaerens
2733 1370 2748 1396 ,
2776 1344 2882 1384 non
2929 1329 3022 1384 tibi
3065 1328 3250 1385 vivens
3278 1371 3292 1395 ,
3340 1329 3436 1385 sed
3470 1330 3517 1385 ei
3552 1331 3630 1401 qui
3672 1348 3744 1400 pro

2213 1418 2463 1474 omnibus
2492 1427 2732 1475 mortuus
2755 1429 2860 1476 est.
2893 1420 3100 1475 Etenim
3128 1419 3195 1476 de
3216 1420 3530 1491 quibusdam
3555 1421 3749 1490 reprobis

2211 1512 2338 1582 quid
2363 1513 2436 1567 ait
2464 1512 2602 1568 idem
2653 1513 2985 1583 Apostolus?
3027 1511 3217 1568 Omnes
3255 1513 3391 1567 enim
3422 1529 3512 1567 sua
3548 1523 3749 1584 quierunt,

2213 1621 2312 1660 non
2333 1620 2446 1674 qua:
2465 1603 2590 1660 Jesu
2611 1604 2798 1661 Christi
2833 1605 2853 1678 (
2881 1605 3114 1678 Philipp.
3145 1622 3180 1660 ιι
3201 1647 3216 1670 ,
3247 1605 3312 1661 ‘21
3345 1606 3387 1676 ).
3415 1605 3470 1661 Si
3517 1614 3750 1676 propterea

2213 1699 2462 1753 cnuntias
2493 1698 2652 1754 vitam
2685 1708 2827 1754 tuam
2859 1701 3034 1755 ιιιῑίὺί
3063 1699 3262 1768 prosit,
3294 1709 3352 1754 et
3393 1698 3511 1754 aliis
3535 1715 3628 1753 non
3657 1715 3751 1769 pro-

2214 1789 2281 1844 sit
2307 1829 2323 1856 ,
2355 1789 2448 1844 tibi
2476 1789 2621 1844 illam
2637 1791 2881 1846 ennntias
2900 1832 2916 1858 ,
2939 1806 3045 1846 non
3071 1791 3181 1845 Deo
3207 1807 3222 1842 :
3249 1789 3293 1845 si
3321 1798 3502 1844 autem
3528 1789 3601 1844 sic
3620 1804 3752 1844 enun-

2213 1879 2313 1935 tias
2337 1881 2499 1935 vitam
2533 1891 2674 1936 tuam
2704 1924 2719 1949 ,
2753 1891 2810 1938 ut
2834 1883 2968 1938 alios
2993 1883 3154 1937 etiam
3200 1882 3400 1938 invites
3433 1880 3502 1936 ad
3538 1882 3754 1953 accipien-

2209 1972 2333 2029 dam
2371 1973 2535 2027 vitam
2581 1988 2738 2044 quam
2778 1982 2832 2028 et
2887 1983 2941 2028 tu
2991 1972 3288 2044 accepisti,
3344 1973 3589 2030 enuntias
3631 1975 3754 2027 vitam

2212 2078 2354 2120 tuam
2387 2066 2460 2121 illi
2491 2081 2520 2120 a
2552 2081 2658 2137 quo
2684 2066 2934 2136 accepisti
2964 2107 2980 2133 ,
3008 2075 3063 2121 et
3088 2065 3313 2121 habebis
3350 2065 3641 2121 mercedem
3667 2079 3754 2120 ain-

2210 2160 2436 2231 pliorcm
2463 2201 2477 2226 ,
2505 2161 2627 2229 quia
2659 2167 2716 2215 et
2739 2175 2805 2214 ex
2831 2171 2896 2213 eo
2940 2157 3082 2229 quod
3117 2157 3378 2228 accepisti
3420 2172 3524 2212 non
3567 2157 3755 2227 ingratus

2207 2253 2479 2309 exstitisti.
2526 2252 2664 2307 Deus
2686 2253 2874 2320 ,vitam
2912 2267 3077 2306 meam
3116 2251 3377 2306 enuntiavi
3415 2250 3522 2305 tibi.
3573 2248 3755 2304 Posuisti

2209 2345 2461 2416 lacrymas
2482 2359 2619 2398 meas
2647 2344 2700 2396 in
2729 2351 3000 2412 conspectu
3037 2351 3146 2396 tuo.
3178 2341 3460 2397 Exaudisti
3489 2355 3571 2396 me
3607 2339 3755 2410 depre-

2207 2447 2416 2491 cantem
2447 2443 2516 2490 te.
2551 2434 2696 2489 Sicut
2721 2433 2838 2488 etin
2864 2433 3250 2505 repromissione
3272 2442 3383 2485 tua.
3406 2430 3539 2498 Quia
3570 2430 3639 2485 sic
3667 2444 3755 2501 pm-

2208 2527 2430 2582 miseras
2458 2568 2474 2593 ,
2503 2526 2603 2581 hoc
2627 2526 2802 2597 egisti.
2838 2525 3025 2580 Dixisti
3055 2533 3107 2579 te
3130 2522 3514 2580 exanditurum
3541 2523 3753 2577 ﬂentem:

2207 2619 2445 2684 credidi,
2477 2618 2638 2685 ﬂevi,
2672 2617 2956 2674 exauditus
2979 2631 3139 2681 sum;
3173 2614 3356 2670 inveni
3404 2625 3457 2670 te
3499 2613 3756 2668 misericor-

2206 2710 2329 2767 dem
2360 2713 2412 2765 in
2447 2708 2871 2782 repromittendo
2893 2751 2910 2777 ,
2936 2722 3181 2764 veracem
3218 2707 3275 2762 in
3308 2705 3604 2762 reddendo.
3647 2703 3757 2761 Sicut

2203 2814 2250 2859 et
2271 2803 2324 2858 in
2344 2803 2734 2874 repromissione
2763 2810 2872 2855 tua.

2277 2897 2366 2955 15.
2406 2893 2582 2971 [vers.
2614 2891 2740 2967 10.]
2763 2892 3128 2948 Convertuntur
3150 2889 3346 2944 inimici
3375 2889 3474 2944 mei
3504 2897 3755 2943 retrorsum.

2204 2991 2318 3047 Hoc
2348 2988 2476 3061 ipsis
2501 2984 2743 3057 prodest,
2771 2999 2878 3040 non
2909 2984 3045 3039 male
3070 2981 3177 3037 illis
3203 2989 3359 3052 optat
3389 2998 3406 3036 :
3438 2979 3628 3036 etenim
3655 2991 3756 3048 prte-

2203 3082 2394 3137 cedere
2423 3080 2609 3133 volunt
2635 3118 2650 3144 ,
2679 3075 2798 3131 ideo
2821 3074 3016 3145 corrigi
3046 3073 3252 3129 nolunt.
3293 3070 3490 3126 Mones
3527 3067 3755 3125 inimicum

2203 3183 2352 3228 tuum
2389 3180 2442 3226 nt
2477 3169 2610 3224 bene
2639 3169 2820 3235 vivat,
2848 3176 2905 3235 nt
2931 3181 2991 3222 se
3014 3166 3282 3236 corrigat:
3333 3164 3430 3218 ille
3471 3157 3754 3224 contemnit,

2205 3266 2297 3321 ille
2322 3265 2527 3335 respuit
2553 3263 2770 3318 verbum
2799 3271 2947 3316 tuum
2977 3277 2991 3314 :
3016 3259 3155 3314 Ecce
3175 3258 3262 3330 qui
3295 3273 3390 3313 me
3415 3265 3596 3312 monet
3617 3296 3633 3322 ,
3655 3268 3754 3309 ecce

2201 3372 2232 3412 a
2254 3373 2359 3428 quo
2384 3354 2665 3410 auditurus
2689 3367 2805 3407 sum
2835 3361 3099 3421 przeccpta
3126 3349 3321 3419 quibus
3344 3349 3526 3403 vivam
3549 3348 3564 3403 l
3592 3347 3756 3402 Prisce

2201 3447 2330 3503 dere
2357 3455 2410 3500 te
2435 3444 2546 3499 vult
2569 3486 2584 3511 ,
2613 3453 2667 3499 et
2691 3441 3044 3514 prirccdendo
3071 3456 3178 3496 non
3209 3441 3526 3512 corrigitur.
3571 3437 3673 3494 Non
3693 3447 3752 3490 at-

2203 3538 2378 3594 tendit
2402 3536 2526 3606 quia
2552 3535 2717 3590 verba
2747 3544 2836 3588 tua
2860 3547 2965 3587 non
2988 3540 3113 3588 sunt
3139 3541 3260 3596 tua;
3291 3546 3404 3586 non
3426 3530 3639 3585 attendit
3659 3527 3754 3598 quia

2200 3631 2362 3684 vitam
2396 3638 2542 3682 tuam
2574 3627 2684 3682 Deo
2707 3625 2952 3680 enuntias
2976 3665 2993 3692 ,
3015 3639 3121 3678 non
3138 3623 3254 3678 tibi.
3274 3622 3636 3678 Prmeedendo
3656 3633 3755 3688 ergo

2202 3738 2308 3777 non
2334 3720 2620 3790 corrigitur
2647 3736 2660 3773 :
2689 3721 2887 3772 bonum
2913 3725 2999 3771 est
3029 3714 3106 3771 illi
3136 3723 3193 3770 ut
3221 3723 3572 3770 convertatur
3594 3723 3754 3766 retror-

2201 3831 2318 3872 sum
2344 3857 2357 3881 ,
2391 3822 2440 3869 et
2463 3829 2620 3883 quem
2646 3810 2950 3881 praecedere
2974 3808 3187 3864 volebat
3226 3818 3508 3879 sequatur.
3539 3807 3755 3862 Dominus

2199 3907 2266 3962 de
2291 3905 2540 3976 passione
2567 3917 2661 3956 sua
2686 3902 2856 3956 futura
2885 3898 3164 3968 discipulis
3194 3898 3519 3968 loquebatur
3540 3938 3556 3963 ,
3582 3894 3748 3951 exhor-

2199 4000 2305 4056 ruit
2332 4000 2518 4054 Petrus
2544 4039 2558 4062 ,
2584 4005 2639 4050 et
2666 3996 2778 4061 ait,
2822 3992 3001 4060 Absit,
3047 3991 3258 4046 Domine
3284 4033 3299 4057 ,
3344 4007 3449 4045 non
3491 3990 3572 4059 ﬁet
3610 3985 3750 4043 istud:

2197 4092 2287 4162 qui
2316 4089 2472 4160 paulo
2494 4095 2617 4142 ante
2643 4087 2849 4142 dixerat
2873 4124 2888 4150 ,
2916 4081 2998 4137 Tu
3023 4099 3076 4136 es
3097 4081 3325 4136 Christus
3354 4078 3527 4134 Filius
3549 4079 3632 4132 Dei
3649 4075 3726 4130 viri
3736 4115 3750 4141 ,

2197 4182 2475 4238 confessus
2505 4180 2671 4235 Deum
2697 4219 2711 4245 ,
2742 4176 2916 4231 timuit
2953 4189 3074 4229 eum
3118 4172 3256 4227 mori
3295 4171 3451 4241 quasi
3499 4169 3747 4225 hominem.

2199 4274 2456 4329 Dominus
2483 4279 2662 4326 autem
2693 4268 2782 4338 qui
2813 4267 2891 4321 sic
2916 4275 3139 4321 venerat
3169 4273 3228 4318 ut
3257 4272 3565 4332 pateretur,
3611 4272 3749 4328 neque

2197 4369 2340 4424 enim
2366 4366 2520 4422 aliter
2541 4363 2676 4418 salvi
2704 4375 2824 4416 esse
2866 4372 3146 4430 possemus
3171 4399 3185 4423 ,
3232 4356 3330 4411 nisi
3379 4355 3495 4425 ejus
3533 4350 3748 4423 sanguine

2199 4462 2590 4518 redimeremur
2609 4498 2622 4522 ,
2653 4455 2810 4526 paulo
2826 4462 2951 4508 ante
2974 4449 3367 4506 confessionem
3395 4447 3536 4504 Petri
3565 4447 3579 4478 ί
3604 4443 3748 4498 lauda-

2200 4563 2350 4612 verat
2374 4595 2391 4622 ,
2420 4563 2474 4610 et
2497 4551 2705 4607 dixerat
2730 4565 2743 4603 :
2777 4547 2909 4615 Quia
2931 4561 3027 4599 non
3051 4545 3139 4598 tibi
3157 4558 3277 4596 caro
3300 4551 3348 4596 et
3369 4539 3572 4612 sanguis
3589 4534 3745 4590 revela-

2199 4648 2264 4702 vit
2287 4647 2400 4713 hoc,
2424 4643 2511 4700 sed
2533 4642 2688 4698 Pater
2708 4655 2846 4694 meus
2866 4637 2950 4708 qui
2976 4636 3027 4690 in
3051 4634 3188 4689 caelis
3207 4641 3299 4688 est.
3340 4631 3613 4702 Propterea
3635 4637 3679 4680 tu
3706 4640 3746 4677 es

2197 4740 2386 4797 Petrus
2409 4779 2423 4805 ,
2479 4746 2525 4792 et
2567 4750 2720 4804 super
2759 4733 2907 4786 istam
2957 4740 3148 4800 petram
3195 4725 3462 4795 a’diﬁrabo
3505 4719 3742 4778 Ecclesium

2199 4847 2363 4888 meam
2385 4871 2403 4898 ,
2429 4838 2475 4883 et
2496 4835 2655 4898 portae
2675 4825 2959 4895 inferorum
3004 4836 3104 4874 non
3129 4821 3322 4873 vincent
3343 4833 3456 4872 cum
3478 4832 3498 4880 ;
3517 4825 3562 4871 et
3581 4813 3656 4868 tibi
3672 4809 3742 4863 da-

2201 4925 2262 4981 bo
2286 4924 2448 4979 claves
2471 4917 2612 4990 regni
2635 4916 2896 4972 oculorum.
2927 4911 3116 4966 Videte
3140 4906 3580 4980 quemadmodum
3603 4914 3742 4974 prose-

2201 5028 2355 5077 cutus
2380 5026 2460 5072 est
2484 5012 2876 5070 confessionem
2921 5021 3138 5071 veram,
3178 5005 3350 5073 piam,
3394 5001 3594 5071 plenam
3634 4991 3739 5049 lide-

2201 5114 2297 5169 ciie
2317 5154 2333 5179 ,
2355 5109 2477 5181 quia
2501 5106 2670 5172 dixit,
2697 5101 2776 5158 Tu
2827 5119 2878 5156 es
2909 5099 3136 5156 Christus
3165 5095 3331 5150 Filius
3369 5094 3468 5150 Dei
3499 5091 3604 5147 vivi.
3626 5087 3736 5142 Con-

2203 5205 2348 5259 tinuo
2370 5209 2545 5256 autem
2564 5197 2651 5252 ubi
2673 5195 2838 5264 coepit
2863 5191 3004 5262 loqui
3037 5189 3290 5244 Dominus
3310 5186 3377 5242 de
3397 5183 3626 5257 passione
3644 5191 3733 5236 sua.

2201 5297 2373 5354 timuit
2401 5295 2488 5348 ille
2518 5306 2584 5347 ne
2615 5290 2809 5360 periret
2837 5283 3131 5348 moriendo,
3163 5297 3284 5336 cum
3316 5279 3414 5350 ipsi
3443 5291 3536 5332 nos
3571 5271 3734 5345 perire-

2201 5404 2321 5446 mus
2349 5386 2448 5443 nisi
2477 5385 2562 5441 ille
2605 5391 2940 5444 moreretur;
2990 5386 3045 5434 et
3082 5377 3174 5443 ait,
3211 5374 3375 5439 Absit,
3411 5370 3624 5428 Domine,
3657 5373 3733 5416 non

2202 5484 2286 5552 ﬁet
2329 5480 2481 5538 istud.
2535 5477 2602 5532 Et
2643 5473 2900 5530 Dominus
2945 5471 3040 5536 illi,
3085 5469 3169 5524 cui
3207 5466 3366 5538 paulo
3402 5473 3521 5520 ante
3546 5460 3728 5516 dixerat.

2201 5550 2391 5630 Beatus
2424 5590 2496 5638 es,
2533 5580 2579 5625 et
2616 5584 2769 5638 super
2797 5568 2928 5621 hanc
2967 5574 3160 5636 petram
3201 5561 3458 5630 redi/italia
3498 5550 3730 5610 Ecclesiae:

2202 5685 2386 5730 meum,
2421 5664 2565 5731 Redi,
2599 5660 2790 5732 inquit,
2816 5667 2948 5713 retro
2968 5666 3192 5725 satanas,
3223 5653 3514 5710 scandalum
3535 5639 3642 5702 mihi
3659 5649 3729 5695 es:

2272 5808 2284 5835 ¹
2323 5803 2396 5852 sic
2417 5807 2524 5850 uss.
2539 5803 2598 5848 At
2618 5793 2752 5852 Edd.,
2781 5799 2985 5845 Petrum.
