  <div class='ocr_page' id='page_1' title='image "/cluster/home/n/w/nwhite01/storage/ocr_20150623/36/uva.x000827105/343.png"; bbox 0 0 3942 6468; ppageno 0'>
   <div class='ocr_carea' id='block_1_1' title="bbox 477 493 2066 578">
    <p class='ocr_par' dir='ltr' id='par_1_1' title="bbox 477 493 2066 578">
     <span class='ocr_line' id='line_1_1' title="bbox 477 493 2066 578; baseline -0.015 -4"><span class='ocrx_word' id='word_1_1' title='bbox 477 536 592 576; x_wconf 77' lang='lat' dir='ltr'><strong>mus</strong></span> <span class='ocrx_word' id='word_1_2' title='bbox 615 532 726 574; x_wconf 82' lang='lat' dir='ltr'><strong>eum</strong></span> <span class='ocrx_word' id='word_1_3' title='bbox 755 515 934 578; x_wconf 73' lang='lat' dir='ltr'><strong>vivere,</strong></span> <span class='ocrx_word' id='word_1_4' title='bbox 964 508 1158 566; x_wconf 72' lang='lat' dir='ltr'><strong>uenient</strong></span> <span class='ocrx_word' id='word_1_5' title='bbox 1178 504 1428 571; x_wconf 70' lang='lat' dir='ltr'><strong>Romani,</strong></span> <span class='ocrx_word' id='word_1_6' title='bbox 1456 508 1504 558; x_wconf 82' lang='lat' dir='ltr'><strong>et</strong></span> <span class='ocrx_word' id='word_1_7' title='bbox 1532 504 1761 573; x_wconf 74' lang='lat' dir='ltr'><strong>auferent</strong></span> <span class='ocrx_word' id='word_1_8' title='bbox 1789 513 1822 551; x_wconf 73' lang='grc' dir='ltr'><strong>ι</strong></span> <span class='ocrx_word' id='word_1_9' title='bbox 1849 493 1991 550; x_wconf 78' lang='lat' dir='ltr'><strong>nobis</strong></span> <span class='ocrx_word' id='word_1_10' title='bbox 2016 503 2066 550; x_wconf 76' lang='lat' dir='ltr'><strong>et</strong></span> 
     </span>
    </p>
   </div>
   <div class='ocr_carea' id='block_1_2' title="bbox 479 592 2066 682">
    <p class='ocr_par' dir='ltr' id='par_1_2' title="bbox 479 592 2066 682">
     <span class='ocr_line' id='line_1_2' title="bbox 479 592 2066 682; baseline -0.016 -11"><span class='ocrx_word' id='word_1_11' title='bbox 479 616 647 670; x_wconf 81' lang='lat' dir='ltr'><strong>locum</strong></span> <span class='ocrx_word' id='word_1_12' title='bbox 693 621 737 665; x_wconf 85' lang='lat' dir='ltr'><strong>et</strong></span> <span class='ocrx_word' id='word_1_13' title='bbox 777 617 969 682; x_wconf 79' lang='lat' dir='ltr'><strong>gentem</strong></span> <span class='ocrx_word' id='word_1_14' title='bbox 997 603 1290 677; x_wconf 56' lang='grc' dir='ltr'><strong>(θυίων,</strong></span> <span class='ocrx_word' id='word_1_15' title='bbox 1314 597 1445 673; x_wconf 74' lang='grc'><strong>48).</strong></span> <span class='ocrx_word' id='word_1_16' title='bbox 1478 597 1556 652; x_wconf 79' lang='lat' dir='ltr'><strong>lbi</strong></span> <span class='ocrx_word' id='word_1_17' title='bbox 1589 597 1858 650; x_wconf 82' lang='lat' dir='ltr'><strong>timuerunt</strong></span> <span class='ocrx_word' id='word_1_18' title='bbox 1888 592 2066 646; x_wconf 71' lang='lat' dir='ltr'><strong>timore</strong></span> 
     </span>
    </p>
   </div>
   <div class='ocr_carea' id='block_1_3' title="bbox 479 689 2061 765">
    <p class='ocr_par' dir='ltr' id='par_1_3' title="bbox 479 689 2061 765">
     <span class='ocr_line' id='line_1_3' title="bbox 479 689 2061 765; baseline -0.016 -3"><span class='ocrx_word' id='word_1_19' title='bbox 479 708 563 763; x_wconf 86' lang='lat' dir='ltr'><strong>ubi</strong></span> <span class='ocrx_word' id='word_1_20' title='bbox 585 722 684 760; x_wconf 82' lang='lat' dir='ltr'><strong>non</strong></span> <span class='ocrx_word' id='word_1_21' title='bbox 704 712 811 758; x_wconf 80' lang='lat' dir='ltr'><strong>erat</strong></span> <span class='ocrx_word' id='word_1_22' title='bbox 839 704 1007 755; x_wconf 86' lang='lat' dir='ltr'><strong>timor.</strong></span> <span class='ocrx_word' id='word_1_23' title='bbox 1033 697 1162 752; x_wconf 77' lang='lat' dir='ltr'><strong>Ecce</strong></span> <span class='ocrx_word' id='word_1_24' title='bbox 1180 695 1322 761; x_wconf 79' lang='lat' dir='ltr'><strong>sciui,</strong></span> <span class='ocrx_word' id='word_1_25' title='bbox 1343 693 1579 765; x_wconf 79' lang='lat' dir='ltr'><strong>quoniam</strong></span> <span class='ocrx_word' id='word_1_26' title='bbox 1604 689 1740 743; x_wconf 83' lang='lat' dir='ltr'><strong>Deus</strong></span> <span class='ocrx_word' id='word_1_27' title='bbox 1762 703 1900 741; x_wconf 77' lang='lat' dir='ltr'><strong>meus</strong></span> <span class='ocrx_word' id='word_1_28' title='bbox 1919 702 1971 739; x_wconf 86' lang='lat' dir='ltr'><strong>es</strong></span> <span class='ocrx_word' id='word_1_29' title='bbox 1987 694 2061 738; x_wconf 77' lang='lat' dir='ltr'><strong>tu.</strong></span> 
     </span>
    </p>
   </div>
   <div class='ocr_carea' id='block_1_4' title="bbox 480 780 2066 870">
    <p class='ocr_par' dir='ltr' id='par_1_4' title="bbox 480 780 2066 870">
     <span class='ocr_line' id='line_1_4' title="bbox 480 780 2066 870; baseline -0.015 -16"><span class='ocrx_word' id='word_1_30' title='bbox 480 799 683 870; x_wconf 68' lang='lat' dir='ltr'><strong>Magnae</strong></span> <span class='ocrx_word' id='word_1_31' title='bbox 709 794 908 850; x_wconf 83' lang='lat' dir='ltr'><strong>divitiae</strong></span> <span class='ocrx_word' id='word_1_32' title='bbox 933 789 1132 855; x_wconf 77' lang='lat' dir='ltr'><strong>cordis,</strong></span> <span class='ocrx_word' id='word_1_33' title='bbox 1160 802 1409 859; x_wconf 74' lang='lat' dir='ltr'><strong>maguum</strong></span> <span class='ocrx_word' id='word_1_34' title='bbox 1443 786 1618 840; x_wconf 82' lang='lat' dir='ltr'><strong>lumen</strong></span> <span class='ocrx_word' id='word_1_35' title='bbox 1657 781 1798 836; x_wconf 90' lang='lat' dir='ltr'><strong>oculi</strong></span> <span class='ocrx_word' id='word_1_36' title='bbox 1843 780 2066 834; x_wconf 54' lang='lat' dir='ltr'><strong>interioa</strong></span> 
     </span>
    </p>
   </div>
   <div class='ocr_carea' id='block_1_5' title="bbox 481 871 2068 958">
    <p class='ocr_par' dir='ltr' id='par_1_5' title="bbox 481 871 2068 958">
     <span class='ocr_line' id='line_1_5' title="bbox 481 871 2068 958; baseline -0.011 -12"><span class='ocrx_word' id='word_1_37' title='bbox 481 891 575 956; x_wconf 83' lang='lat' dir='ltr'><strong>ris,</strong></span> <span class='ocrx_word' id='word_1_38' title='bbox 624 900 814 958; x_wconf 75' lang='lat' dir='ltr'><strong>magna</strong></span> <span class='ocrx_word' id='word_1_39' title='bbox 868 883 1060 940; x_wconf 81' lang='lat' dir='ltr'><strong>ﬁducia</strong></span> <span class='ocrx_word' id='word_1_40' title='bbox 1115 878 1450 938; x_wconf 71' lang='lat' dir='ltr'><strong>securitatis!</strong></span> <span class='ocrx_word' id='word_1_41' title='bbox 1482 875 1614 930; x_wconf 81' lang='lat' dir='ltr'><strong>Ecce</strong></span> <span class='ocrx_word' id='word_1_42' title='bbox 1659 874 1779 928; x_wconf 85' lang='lat' dir='ltr'><strong>sciui</strong></span> <span class='ocrx_word' id='word_1_43' title='bbox 1827 871 2068 944; x_wconf 73' lang='lat' dir='ltr'><strong>quoniam</strong></span> 
     </span>
    </p>
   </div>
   <div class='ocr_carea' id='block_1_6' title="bbox 479 983 964 1038">
    <p class='ocr_par' dir='ltr' id='par_1_6' title="bbox 479 983 964 1038">
     <span class='ocr_line' id='line_1_6' title="bbox 479 983 964 1038; baseline -0.016 1"><span class='ocrx_word' id='word_1_44' title='bbox 479 983 619 1038; x_wconf 84' lang='lat' dir='ltr'><strong>Deus</strong></span> <span class='ocrx_word' id='word_1_45' title='bbox 647 997 786 1036; x_wconf 85' lang='lat' dir='ltr'><strong>meus</strong></span> <span class='ocrx_word' id='word_1_46' title='bbox 811 996 863 1035; x_wconf 85' lang='lat' dir='ltr'><strong>es</strong></span> <span class='ocrx_word' id='word_1_47' title='bbox 895 988 964 1032; x_wconf 87' lang='lat' dir='ltr'><strong>tu.</strong></span> 
     </span>
    </p>
   </div>
   <div class='ocr_carea' id='block_1_7' title="bbox 551 1057 2104 1150">
    <p class='ocr_par' dir='ltr' id='par_1_7' title="bbox 551 1057 2104 1150">
     <span class='ocr_line' id='line_1_7' title="bbox 551 1057 2104 1150; baseline -0.014 -17"><span class='ocrx_word' id='word_1_48' title='bbox 551 1079 642 1135; x_wconf 79' lang='lat'><strong>18.</strong></span> <span class='ocrx_word' id='word_1_49' title='bbox 681 1076 836 1150; x_wconf 75' lang='grc' dir='ltr'><strong>[ι’ση.</strong></span> <span class='ocrx_word' id='word_1_50' title='bbox 864 1068 974 1144; x_wconf 80' lang='grc' dir='ltr'><strong>Η.]</strong></span> <span class='ocrx_word' id='word_1_51' title='bbox 1002 1071 1066 1126; x_wconf 86' lang='lat' dir='ltr'><strong>In</strong></span> <span class='ocrx_word' id='word_1_52' title='bbox 1097 1069 1205 1125; x_wconf 80' lang='lat' dir='ltr'><strong>Deo</strong></span> <span class='ocrx_word' id='word_1_53' title='bbox 1239 1066 1459 1124; x_wconf 81' lang='lat' dir='ltr'><strong>laudabo</strong></span> <span class='ocrx_word' id='word_1_54' title='bbox 1497 1063 1719 1128; x_wconf 69' lang='lat' dir='ltr'><strong>uerbum,</strong></span> <span class='ocrx_word' id='word_1_55' title='bbox 1757 1063 1810 1115; x_wconf 88' lang='lat' dir='ltr'><strong>in</strong></span> <span class='ocrx_word' id='word_1_56' title='bbox 1851 1057 2066 1114; x_wconf 80' lang='lat' dir='ltr'><strong>Domino</strong></span> <span class='ocrx_word' id='word_1_57' title='bbox 2101 1089 2104 1092; x_wconf 55' lang='grc' dir='ltr'>ν</span> 
     </span>
    </p>
   </div>
   <div class='ocr_carea' id='block_1_8' title="bbox 481 1151 2068 1230">
    <p class='ocr_par' dir='ltr' id='par_1_8' title="bbox 481 1151 2068 1230">
     <span class='ocr_line' id='line_1_8' title="bbox 481 1151 2068 1230; baseline -0.014 -2"><span class='ocrx_word' id='word_1_58' title='bbox 481 1169 698 1228; x_wconf 78' lang='lat' dir='ltr'><strong>laudabo</strong></span> <span class='ocrx_word' id='word_1_59' title='bbox 736 1182 1014 1223; x_wconf 75' lang='lat' dir='ltr'><strong>sermonm</strong></span> <span class='ocrx_word' id='word_1_60' title='bbox 1037 1181 1056 1219; x_wconf 91' lang='lat'><strong><em>:</em></strong></span> <span class='ocrx_word' id='word_1_61' title='bbox 1081 1165 1135 1218; x_wconf 91' lang='lat' dir='ltr'><strong>in</strong></span> <span class='ocrx_word' id='word_1_62' title='bbox 1163 1162 1271 1217; x_wconf 85' lang='lat' dir='ltr'><strong>Deo</strong></span> <span class='ocrx_word' id='word_1_63' title='bbox 1299 1163 1498 1230; x_wconf 76' lang='lat' dir='ltr'><strong>speravi</strong></span> <span class='ocrx_word' id='word_1_64' title='bbox 1527 1159 1568 1225; x_wconf 80' lang='grc'><strong>⁸,</strong></span> <span class='ocrx_word' id='word_1_65' title='bbox 1597 1173 1696 1211; x_wconf 85' lang='lat' dir='ltr'><strong>non</strong></span> <span class='ocrx_word' id='word_1_66' title='bbox 1731 1153 1912 1208; x_wconf 83' lang='lat' dir='ltr'><strong>timebo</strong></span> <span class='ocrx_word' id='word_1_67' title='bbox 1947 1151 2068 1223; x_wconf 64' lang='lat' dir='ltr'><strong>quid</strong></span> 
     </span>
    </p>
   </div>
   <div class='ocr_carea' id='block_1_9' title="bbox 480 1249 2068 1339">
    <p class='ocr_par' dir='ltr' id='par_1_9' title="bbox 480 1249 2068 1339">
     <span class='ocr_line' id='line_1_9' title="bbox 480 1249 2068 1339; baseline -0.011 -19"><span class='ocrx_word' id='word_1_68' title='bbox 480 1266 640 1339; x_wconf 75' lang='lat' dir='ltr'><strong>faciat</strong></span> <span class='ocrx_word' id='word_1_69' title='bbox 669 1261 794 1316; x_wconf 86' lang='lat' dir='ltr'><strong>mihi</strong></span> <span class='ocrx_word' id='word_1_70' title='bbox 817 1262 988 1315; x_wconf 78' lang='lat' dir='ltr'><strong>homo.</strong></span> <span class='ocrx_word' id='word_1_71' title='bbox 1016 1256 1134 1313; x_wconf 73' lang='lat' dir='ltr'><strong>lam</strong></span> <span class='ocrx_word' id='word_1_72' title='bbox 1159 1257 1274 1327; x_wconf 87' lang='lat' dir='ltr'><strong>ipse</strong></span> <span class='ocrx_word' id='word_1_73' title='bbox 1297 1263 1378 1309; x_wconf 86' lang='lat' dir='ltr'><strong>est</strong></span> <span class='ocrx_word' id='word_1_74' title='bbox 1397 1267 1588 1308; x_wconf 82' lang='lat' dir='ltr'><strong>sensus</strong></span> <span class='ocrx_word' id='word_1_75' title='bbox 1611 1249 1702 1321; x_wconf 76' lang='lat' dir='ltr'><strong>qui</strong></span> <span class='ocrx_word' id='word_1_76' title='bbox 1723 1249 1966 1320; x_wconf 81' lang='lat' dir='ltr'><strong>superius</strong></span> <span class='ocrx_word' id='word_1_77' title='bbox 1985 1256 2068 1303; x_wconf 88' lang='lat' dir='ltr'><strong>est</strong></span> 
     </span>
    </p>
   </div>
   <div class='ocr_carea' id='block_1_10' title="bbox 479 1355 760 1428">
    <p class='ocr_par' dir='ltr' id='par_1_10' title="bbox 479 1355 760 1428">
     <span class='ocr_line' id='line_1_10' title="bbox 479 1355 760 1428; baseline -0.025 -14"><span class='ocrx_word' id='word_1_78' title='bbox 479 1355 760 1428; x_wconf 83' lang='lat' dir='ltr'><strong>repetitus.</strong></span> 
     </span>
    </p>
   </div>
   <div class='ocr_carea' id='block_1_11' title="bbox 555 1432 2069 1517">
    <p class='ocr_par' dir='ltr' id='par_1_11' title="bbox 555 1432 2069 1517">
     <span class='ocr_line' id='line_1_11' title="bbox 555 1432 2069 1517; baseline -0.013 -15"><span class='ocrx_word' id='word_1_79' title='bbox 555 1445 646 1502; x_wconf 78' lang='grc'><strong>19.</strong></span> <span class='ocrx_word' id='word_1_80' title='bbox 685 1442 838 1517; x_wconf 70' lang='grc' dir='ltr'><strong>[νοτε.</strong></span> <span class='ocrx_word' id='word_1_81' title='bbox 867 1438 980 1514; x_wconf 69' lang='lat'><strong>12.]</strong></span> <span class='ocrx_word' id='word_1_82' title='bbox 1010 1439 1074 1494; x_wconf 86' lang='lat' dir='ltr'><strong>In</strong></span> <span class='ocrx_word' id='word_1_83' title='bbox 1100 1454 1177 1493; x_wconf 78' lang='lat' dir='ltr'><strong>ms</strong></span> <span class='ocrx_word' id='word_1_84' title='bbox 1203 1446 1338 1504; x_wconf 88' lang='lat' dir='ltr'><strong>sunt,</strong></span> <span class='ocrx_word' id='word_1_85' title='bbox 1365 1435 1520 1498; x_wconf 76' lang='lat' dir='ltr'><strong>Deus,</strong></span> <span class='ocrx_word' id='word_1_86' title='bbox 1548 1442 1662 1487; x_wconf 78' lang='lat' dir='ltr'><strong>vota</strong></span> <span class='ocrx_word' id='word_1_87' title='bbox 1688 1441 1794 1496; x_wconf 85' lang='lat' dir='ltr'><strong>tua,</strong></span> <span class='ocrx_word' id='word_1_88' title='bbox 1826 1445 1938 1501; x_wconf 60' lang='lat' dir='ltr'><strong>qua!</strong></span> <span class='ocrx_word' id='word_1_89' title='bbox 1955 1432 2069 1484; x_wconf 81' lang='lat' dir='ltr'><strong>red-</strong></span> 
     </span>
    </p>
   </div>
   <div class='ocr_carea' id='block_1_12' title="bbox 477 1527 2071 1612">
    <p class='ocr_par' dir='ltr' id='par_1_12' title="bbox 477 1527 2071 1612">
     <span class='ocr_line' id='line_1_12' title="bbox 477 1527 2071 1612; baseline -0.011 -15"><span class='ocrx_word' id='word_1_90' title='bbox 477 1543 602 1612; x_wconf 79' lang='lat' dir='ltr'><strong>dam</strong></span> <span class='ocrx_word' id='word_1_91' title='bbox 636 1537 803 1594; x_wconf 78' lang='lat' dir='ltr'><strong>laudis</strong></span> <span class='ocrx_word' id='word_1_92' title='bbox 828 1536 935 1590; x_wconf 89' lang='lat' dir='ltr'><strong>tibi.</strong></span> <span class='ocrx_word' id='word_1_93' title='bbox 961 1535 1179 1594; x_wconf 83' lang='lat' dir='ltr'><strong>Vovete,</strong></span> <span class='ocrx_word' id='word_1_94' title='bbox 1204 1541 1256 1587; x_wconf 89' lang='lat' dir='ltr'><strong>et</strong></span> <span class='ocrx_word' id='word_1_95' title='bbox 1284 1530 1487 1587; x_wconf 81' lang='lat' dir='ltr'><strong>reddite</strong></span> <span class='ocrx_word' id='word_1_96' title='bbox 1511 1528 1731 1581; x_wconf 88' lang='lat' dir='ltr'><strong>Domino</strong></span> <span class='ocrx_word' id='word_1_97' title='bbox 1761 1527 1871 1581; x_wconf 82' lang='lat' dir='ltr'><strong>Deo</strong></span> <span class='ocrx_word' id='word_1_98' title='bbox 1893 1536 2071 1580; x_wconf 82' lang='lat' dir='ltr'><strong>vestro</strong></span> 
     </span>
    </p>
   </div>
   <div class='ocr_carea' id='block_1_13' title="bbox 489 1617 2068 1705">
    <p class='ocr_par' dir='ltr' id='par_1_13' title="bbox 489 1617 2068 1705">
     <span class='ocr_line' id='line_1_13' title="bbox 489 1617 2068 1705; baseline -0.011 -17"><span class='ocrx_word' id='word_1_99' title='bbox 489 1632 662 1705; x_wconf 81' lang='lat' dir='ltr'><strong>(Psal.</strong></span> <span class='ocrx_word' id='word_1_100' title='bbox 700 1646 856 1696; x_wconf 76' lang='lat' dir='ltr'><strong>Lxxv,</strong></span> <span class='ocrx_word' id='word_1_101' title='bbox 889 1627 997 1700; x_wconf 70' lang='grc' dir='ltr'><strong>η).</strong></span> <span class='ocrx_word' id='word_1_102' title='bbox 1041 1625 1175 1693; x_wconf 86' lang='lat' dir='ltr'><strong>Quid</strong></span> <span class='ocrx_word' id='word_1_103' title='bbox 1216 1623 1469 1687; x_wconf 73' lang='lat' dir='ltr'><strong>voveatis,</strong></span> <span class='ocrx_word' id='word_1_104' title='bbox 1515 1618 1640 1690; x_wconf 90' lang='lat' dir='ltr'><strong>quid</strong></span> <span class='ocrx_word' id='word_1_105' title='bbox 1685 1617 1956 1672; x_wconf 80' lang='lat' dir='ltr'><strong>reddatis?</strong></span> <span class='ocrx_word' id='word_1_106' title='bbox 1988 1619 2068 1670; x_wconf 80' lang='lat' dir='ltr'><strong>An</strong></span> 
     </span>
    </p>
   </div>
   <div class='ocr_carea' id='block_1_14' title="bbox 483 1708 2072 1790">
    <p class='ocr_par' dir='ltr' id='par_1_14' title="bbox 483 1708 2072 1790">
     <span class='ocr_line' id='line_1_14' title="bbox 483 1708 2072 1790; baseline -0.012 -8"><span class='ocrx_word' id='word_1_107' title='bbox 483 1727 622 1782; x_wconf 82' lang='lat' dir='ltr'><strong>forte</strong></span> <span class='ocrx_word' id='word_1_108' title='bbox 647 1722 891 1778; x_wconf 80' lang='lat' dir='ltr'><strong>animalia</strong></span> <span class='ocrx_word' id='word_1_109' title='bbox 919 1721 1005 1776; x_wconf 83' lang='lat' dir='ltr'><strong>illa</strong></span> <span class='ocrx_word' id='word_1_110' title='bbox 1029 1733 1148 1790; x_wconf 60' lang='lat' dir='ltr'><strong>quae</strong></span> <span class='ocrx_word' id='word_1_111' title='bbox 1163 1716 1520 1773; x_wconf 69' lang='lat' dir='ltr'><strong>olli-rebantur</strong></span> <span class='ocrx_word' id='word_1_112' title='bbox 1534 1711 1598 1766; x_wconf 88' lang='lat' dir='ltr'><strong>ad</strong></span> <span class='ocrx_word' id='word_1_113' title='bbox 1617 1727 1736 1765; x_wconf 80' lang='lat' dir='ltr'><strong>aras</strong></span> <span class='ocrx_word' id='word_1_114' title='bbox 1761 1708 2072 1778; x_wconf 79' lang='lat' dir='ltr'><strong>aliquando?</strong></span> 
     </span>
    </p>
   </div>
   <div class='ocr_carea' id='block_1_15' title="bbox 482 1802 2072 1878">
    <p class='ocr_par' dir='ltr' id='par_1_15' title="bbox 482 1802 2072 1878">
     <span class='ocr_line' id='line_1_15' title="bbox 482 1802 2072 1878; baseline -0.013 -1"><span class='ocrx_word' id='word_1_115' title='bbox 482 1818 625 1877; x_wconf 80' lang='lat' dir='ltr'><strong>Nihil</strong></span> <span class='ocrx_word' id='word_1_116' title='bbox 657 1817 758 1871; x_wconf 88' lang='lat' dir='ltr'><strong>tale</strong></span> <span class='ocrx_word' id='word_1_117' title='bbox 776 1813 970 1869; x_wconf 78' lang='lat' dir='ltr'><strong>otl&#39;eras</strong></span> <span class='ocrx_word' id='word_1_118' title='bbox 995 1830 1007 1866; x_wconf 91' lang='lat'><strong>:</strong></span> <span class='ocrx_word' id='word_1_119' title='bbox 1034 1812 1084 1867; x_wconf 91' lang='lat' dir='ltr'><strong>in</strong></span> <span class='ocrx_word' id='word_1_120' title='bbox 1117 1819 1168 1865; x_wconf 87' lang='lat' dir='ltr'><strong>te</strong></span> <span class='ocrx_word' id='word_1_121' title='bbox 1191 1818 1271 1865; x_wconf 88' lang='lat' dir='ltr'><strong>est</strong></span> <span class='ocrx_word' id='word_1_122' title='bbox 1294 1805 1433 1878; x_wconf 88' lang='lat' dir='ltr'><strong>quod</strong></span> <span class='ocrx_word' id='word_1_123' title='bbox 1456 1819 1654 1860; x_wconf 81' lang='lat' dir='ltr'><strong>voveas</strong></span> <span class='ocrx_word' id='word_1_124' title='bbox 1683 1811 1737 1858; x_wconf 90' lang='lat' dir='ltr'><strong>et</strong></span> <span class='ocrx_word' id='word_1_125' title='bbox 1761 1802 1971 1857; x_wconf 81' lang='lat' dir='ltr'><strong>reddas.</strong></span> <span class='ocrx_word' id='word_1_126' title='bbox 1999 1802 2072 1856; x_wconf 89' lang='lat' dir='ltr'><strong>De</strong></span> 
     </span>
    </p>
   </div>
   <div class='ocr_carea' id='block_1_16' title="bbox 487 1894 2072 1978">
    <p class='ocr_par' dir='ltr' id='par_1_16' title="bbox 487 1894 2072 1978">
     <span class='ocr_line' id='line_1_16' title="bbox 487 1894 2072 1978; baseline -0.011 -10"><span class='ocrx_word' id='word_1_127' title='bbox 487 1911 664 1969; x_wconf 81' lang='lat' dir='ltr'><strong>cordis</strong></span> <span class='ocrx_word' id='word_1_128' title='bbox 691 1923 811 1965; x_wconf 76' lang='lat' dir='ltr'><strong>area</strong></span> <span class='ocrx_word' id='word_1_129' title='bbox 843 1905 1020 1978; x_wconf 78' lang='lat' dir='ltr'><strong>profer</strong></span> <span class='ocrx_word' id='word_1_130' title='bbox 1049 1904 1216 1960; x_wconf 83' lang='lat' dir='ltr'><strong>laudis</strong></span> <span class='ocrx_word' id='word_1_131' title='bbox 1255 1905 1551 1965; x_wconf 86' lang='lat' dir='ltr'><strong>incensum,</strong></span> <span class='ocrx_word' id='word_1_132' title='bbox 1581 1897 1648 1951; x_wconf 78' lang='lat' dir='ltr'><strong>de</strong></span> <span class='ocrx_word' id='word_1_133' title='bbox 1673 1896 1888 1950; x_wconf 82' lang='lat' dir='ltr'><strong>cellario</strong></span> <span class='ocrx_word' id='word_1_134' title='bbox 1917 1894 2072 1950; x_wconf 66' lang='lat' dir='ltr'><strong>bonae</strong></span> 
     </span>
    </p>
   </div>
   <div class='ocr_carea' id='block_1_17' title="bbox 481 1986 2068 2070">
    <p class='ocr_par' dir='ltr' id='par_1_17' title="bbox 481 1986 2068 2070">
     <span class='ocr_line' id='line_1_17' title="bbox 481 1986 2068 2070; baseline -0.014 -8"><span class='ocrx_word' id='word_1_135' title='bbox 481 2002 826 2062; x_wconf 64' lang='lat' dir='ltr'><strong>conscientiae</strong></span> <span class='ocrx_word' id='word_1_136' title='bbox 847 2000 1024 2070; x_wconf 88' lang='lat' dir='ltr'><strong>profer</strong></span> <span class='ocrx_word' id='word_1_137' title='bbox 1043 1994 1362 2053; x_wconf 83' lang='lat' dir='ltr'><strong>sacriﬁcium</strong></span> <span class='ocrx_word' id='word_1_138' title='bbox 1387 1991 1528 2046; x_wconf 86' lang='lat' dir='ltr'><strong>ﬁdei.</strong></span> <span class='ocrx_word' id='word_1_139' title='bbox 1552 1986 1814 2058; x_wconf 82' lang='lat' dir='ltr'><strong>Quidquid</strong></span> <span class='ocrx_word' id='word_1_140' title='bbox 1844 1986 2068 2056; x_wconf 84' lang='lat' dir='ltr'><strong>profers,</strong></span> 
     </span>
    </p>
   </div>
   <div class='ocr_carea' id='block_1_18' title="bbox 484 2079 2072 2155">
    <p class='ocr_par' dir='ltr' id='par_1_18' title="bbox 484 2079 2072 2155">
     <span class='ocr_line' id='line_1_18' title="bbox 484 2079 2072 2155; baseline -0.013 0"><span class='ocrx_word' id='word_1_141' title='bbox 484 2096 717 2155; x_wconf 84' lang='lat' dir='ltr'><strong>accende</strong></span> <span class='ocrx_word' id='word_1_142' title='bbox 744 2095 1020 2150; x_wconf 83' lang='lat' dir='ltr'><strong>charitate.</strong></span> <span class='ocrx_word' id='word_1_143' title='bbox 1042 2090 1100 2145; x_wconf 87' lang='lat' dir='ltr'><strong>ln</strong></span> <span class='ocrx_word' id='word_1_144' title='bbox 1133 2099 1185 2144; x_wconf 88' lang='lat' dir='ltr'><strong>te</strong></span> <span class='ocrx_word' id='word_1_145' title='bbox 1212 2088 1318 2142; x_wconf 90' lang='lat' dir='ltr'><strong>sint</strong></span> <span class='ocrx_word' id='word_1_146' title='bbox 1342 2095 1461 2139; x_wconf 87' lang='lat' dir='ltr'><strong>vota</strong></span> <span class='ocrx_word' id='word_1_147' title='bbox 1484 2125 1499 2146; x_wconf 92' lang='lat'><strong>,</strong></span> <span class='ocrx_word' id='word_1_148' title='bbox 1533 2098 1652 2153; x_wconf 76' lang='lat' dir='ltr'><strong>quae</strong></span> <span class='ocrx_word' id='word_1_149' title='bbox 1679 2080 1870 2136; x_wconf 83' lang='lat' dir='ltr'><strong>reddas</strong></span> <span class='ocrx_word' id='word_1_150' title='bbox 1901 2079 2072 2134; x_wconf 83' lang='lat' dir='ltr'><strong>laudis</strong></span> 
     </span>
    </p>
   </div>
   <div class='ocr_carea' id='block_1_19' title="bbox 483 2171 2071 2257">
    <p class='ocr_par' dir='ltr' id='par_1_19' title="bbox 483 2171 2071 2257">
     <span class='ocr_line' id='line_1_19' title="bbox 483 2171 2071 2257; baseline -0.013 -12"><span class='ocrx_word' id='word_1_151' title='bbox 483 2191 618 2245; x_wconf 85' lang='lat' dir='ltr'><strong>Deo.</strong></span> <span class='ocrx_word' id='word_1_152' title='bbox 642 2187 803 2257; x_wconf 88' lang='lat' dir='ltr'><strong>Cujus</strong></span> <span class='ocrx_word' id='word_1_153' title='bbox 827 2179 1190 2249; x_wconf 82' lang='lat' dir='ltr'><strong>laudis?Quid</strong></span> <span class='ocrx_word' id='word_1_154' title='bbox 1215 2178 1357 2232; x_wconf 86' lang='lat' dir='ltr'><strong>enim</strong></span> <span class='ocrx_word' id='word_1_155' title='bbox 1391 2175 1483 2229; x_wconf 89' lang='lat' dir='ltr'><strong>tibi</strong></span> <span class='ocrx_word' id='word_1_156' title='bbox 1513 2171 1789 2243; x_wconf 74' lang='lat' dir='ltr'><strong>pnestitit?</strong></span> <span class='ocrx_word' id='word_1_157' title='bbox 1818 2171 2071 2238; x_wconf 78' lang='lat' dir='ltr'><strong>Quoniam</strong></span> 
     </span>
    </p>
   </div>
   <div class='ocr_carea' id='block_1_20' title="bbox 483 2263 2069 2336">
    <p class='ocr_par' dir='ltr' id='par_1_20' title="bbox 483 2263 2069 2336">
     <span class='ocr_line' id='line_1_20' title="bbox 483 2263 2069 2336; baseline -0.013 -1"><span class='ocrx_word' id='word_1_158' title='bbox 483 2280 657 2335; x_wconf 79' lang='lat' dir='ltr'><strong>eruisti</strong></span> <span class='ocrx_word' id='word_1_159' title='bbox 681 2279 901 2332; x_wconf 78' lang='lat' dir='ltr'><strong>animant</strong></span> <span class='ocrx_word' id='word_1_160' title='bbox 929 2289 1091 2328; x_wconf 77' lang='lat' dir='ltr'><strong>meum</strong></span> <span class='ocrx_word' id='word_1_161' title='bbox 1119 2271 1181 2326; x_wconf 80' lang='lat' dir='ltr'><strong>de</strong></span> <span class='ocrx_word' id='word_1_162' title='bbox 1206 2266 1517 2336; x_wconf 83' lang='lat' dir='ltr'><strong>morts.lpsa</strong></span> <span class='ocrx_word' id='word_1_163' title='bbox 1547 2271 1628 2318; x_wconf 84' lang='lat' dir='ltr'><strong>est</strong></span> <span class='ocrx_word' id='word_1_164' title='bbox 1657 2263 1746 2316; x_wconf 80' lang='lat' dir='ltr'><strong>illa</strong></span> <span class='ocrx_word' id='word_1_165' title='bbox 1777 2263 1882 2315; x_wconf 90' lang='lat' dir='ltr'><strong>vita</strong></span> <span class='ocrx_word' id='word_1_166' title='bbox 1913 2276 2069 2328; x_wconf 79' lang='lat' dir='ltr'><strong>quam</strong></span> 
     </span>
    </p>
   </div>
   <div class='ocr_carea' id='block_1_21' title="bbox 482 2351 2072 2428">
    <p class='ocr_par' dir='ltr' id='par_1_21' title="bbox 482 2351 2072 2428">
     <span class='ocr_line' id='line_1_21' title="bbox 482 2351 2072 2428; baseline -0.013 0"><span class='ocrx_word' id='word_1_167' title='bbox 482 2371 727 2428; x_wconf 74' lang='lat' dir='ltr'><strong>enuntiat</strong></span> <span class='ocrx_word' id='word_1_168' title='bbox 766 2368 838 2422; x_wconf 86' lang='lat' dir='ltr'><strong>illi</strong></span> <span class='ocrx_word' id='word_1_169' title='bbox 865 2385 878 2420; x_wconf 91' lang='lat'><strong>:</strong></span> <span class='ocrx_word' id='word_1_170' title='bbox 905 2366 1059 2427; x_wconf 75' lang='lat' dir='ltr'><strong>Dens,</strong></span> <span class='ocrx_word' id='word_1_171' title='bbox 1103 2363 1255 2416; x_wconf 67' lang='lat' dir='ltr'><strong>vitam</strong></span> <span class='ocrx_word' id='word_1_172' title='bbox 1298 2375 1460 2412; x_wconf 70' lang='lat' dir='ltr'><strong>nterim</strong></span> <span class='ocrx_word' id='word_1_173' title='bbox 1499 2355 1756 2410; x_wconf 71' lang='lat' dir='ltr'><strong>enuntiari</strong></span> <span class='ocrx_word' id='word_1_174' title='bbox 1802 2353 1909 2408; x_wconf 82' lang='lat' dir='ltr'><strong>tibi.</strong></span> <span class='ocrx_word' id='word_1_175' title='bbox 1932 2351 2072 2420; x_wconf 81' lang='lat' dir='ltr'><strong>Quid</strong></span> 
     </span>
    </p>
   </div>
   <div class='ocr_carea' id='block_1_22' title="bbox 485 2450 2068 2519">
    <p class='ocr_par' dir='ltr' id='par_1_22' title="bbox 485 2450 2068 2519">
     <span class='ocr_line' id='line_1_22' title="bbox 485 2450 2068 2519; baseline -0.012 -1"><span class='ocrx_word' id='word_1_176' title='bbox 485 2463 627 2519; x_wconf 86' lang='lat' dir='ltr'><strong>enim</strong></span> <span class='ocrx_word' id='word_1_177' title='bbox 673 2457 854 2515; x_wconf 87' lang='lat' dir='ltr'><strong>eram?</strong></span> <span class='ocrx_word' id='word_1_178' title='bbox 879 2457 1136 2511; x_wconf 82' lang='lat' dir='ltr'><strong>Mortuus.</strong></span> <span class='ocrx_word' id='word_1_179' title='bbox 1167 2453 1269 2507; x_wconf 82' lang='lat' dir='ltr'><strong>Per</strong></span> <span class='ocrx_word' id='word_1_180' title='bbox 1311 2450 1568 2518; x_wconf 82' lang='lat' dir='ltr'><strong>meipsum</strong></span> <span class='ocrx_word' id='word_1_181' title='bbox 1608 2461 1755 2500; x_wconf 83' lang='lat' dir='ltr'><strong>oram</strong></span> <span class='ocrx_word' id='word_1_182' title='bbox 1786 2453 2068 2500; x_wconf 72' lang='lat' dir='ltr'><strong>momnis:</strong></span> 
     </span>
    </p>
   </div>
   <div class='ocr_carea' id='block_1_23' title="bbox 481 2538 2073 2628">
    <p class='ocr_par' dir='ltr' id='par_1_23' title="bbox 481 2538 2073 2628">
     <span class='ocr_line' id='line_1_23' title="bbox 481 2538 2073 2628; baseline -0.013 -16"><span class='ocrx_word' id='word_1_183' title='bbox 481 2572 579 2628; x_wconf 90' lang='lat' dir='ltr'><strong>per</strong></span> <span class='ocrx_word' id='word_1_184' title='bbox 610 2565 668 2611; x_wconf 83' lang='lat' dir='ltr'><strong>te</strong></span> <span class='ocrx_word' id='word_1_185' title='bbox 691 2553 815 2624; x_wconf 89' lang='lat' dir='ltr'><strong>quid</strong></span> <span class='ocrx_word' id='word_1_186' title='bbox 856 2549 1012 2606; x_wconf 84' lang='lat' dir='ltr'><strong>sum?</strong></span> <span class='ocrx_word' id='word_1_187' title='bbox 1036 2546 1220 2604; x_wconf 76' lang='lat' dir='ltr'><strong>Vivus.</strong></span> <span class='ocrx_word' id='word_1_188' title='bbox 1248 2543 1372 2599; x_wconf 72' lang='lat' dir='ltr'><strong>Ideo</strong></span> <span class='ocrx_word' id='word_1_189' title='bbox 1401 2544 1454 2596; x_wconf 84' lang='lat' dir='ltr'><strong>in</strong></span> <span class='ocrx_word' id='word_1_190' title='bbox 1491 2557 1570 2596; x_wconf 74' lang='lat' dir='ltr'><strong>me</strong></span> <span class='ocrx_word' id='word_1_191' title='bbox 1595 2548 1734 2604; x_wconf 85' lang='lat' dir='ltr'><strong>sunt,</strong></span> <span class='ocrx_word' id='word_1_192' title='bbox 1770 2538 1927 2599; x_wconf 72' lang='lat' dir='ltr'><strong>Deus.</strong></span> <span class='ocrx_word' id='word_1_193' title='bbox 1959 2548 2073 2593; x_wconf 80' lang='lat' dir='ltr'><strong>vota</strong></span> 
     </span>
    </p>
   </div>
   <div class='ocr_carea' id='block_1_24' title="bbox 485 2632 2068 2715">
    <p class='ocr_par' dir='ltr' id='par_1_24' title="bbox 485 2632 2068 2715">
     <span class='ocr_line' id='line_1_24' title="bbox 485 2632 2068 2715; baseline -0.012 -12"><span class='ocrx_word' id='word_1_194' title='bbox 485 2659 595 2714; x_wconf 83' lang='lat' dir='ltr'><strong>tua,</strong></span> <span class='ocrx_word' id='word_1_195' title='bbox 641 2661 756 2715; x_wconf 68' lang='lat' dir='ltr'><strong>qua</strong></span> <span class='ocrx_word' id='word_1_196' title='bbox 800 2642 1010 2698; x_wconf 80' lang='lat' dir='ltr'><strong>reddam</strong></span> <span class='ocrx_word' id='word_1_197' title='bbox 1054 2640 1222 2695; x_wconf 85' lang='lat' dir='ltr'><strong>laudis</strong></span> <span class='ocrx_word' id='word_1_198' title='bbox 1261 2636 1369 2690; x_wconf 87' lang='lat' dir='ltr'><strong>tibi.</strong></span> <span class='ocrx_word' id='word_1_199' title='bbox 1400 2635 1476 2690; x_wconf 80' lang='lat' dir='ltr'><strong>En</strong></span> <span class='ocrx_word' id='word_1_200' title='bbox 1505 2649 1628 2688; x_wconf 79' lang='lat' dir='ltr'><strong>amo</strong></span> <span class='ocrx_word' id='word_1_201' title='bbox 1656 2632 1818 2688; x_wconf 87' lang='lat' dir='ltr'><strong>Detnn</strong></span> <span class='ocrx_word' id='word_1_202' title='bbox 1856 2647 2068 2697; x_wconf 83' lang='lat' dir='ltr'><strong>meum;</strong></span> 
     </span>
    </p>
   </div>
   <div class='ocr_carea' id='block_1_25' title="bbox 483 2724 2074 2804">
    <p class='ocr_par' dir='ltr' id='par_1_25' title="bbox 483 2724 2074 2804">
     <span class='ocr_line' id='line_1_25' title="bbox 483 2724 2074 2804; baseline -0.013 -6"><span class='ocrx_word' id='word_1_203' title='bbox 483 2754 643 2798; x_wconf 89' lang='lat' dir='ltr'><strong>nemo</strong></span> <span class='ocrx_word' id='word_1_204' title='bbox 671 2738 810 2794; x_wconf 88' lang='lat' dir='ltr'><strong>hunc</strong></span> <span class='ocrx_word' id='word_1_205' title='bbox 837 2735 966 2791; x_wconf 89' lang='lat' dir='ltr'><strong>mihi</strong></span> <span class='ocrx_word' id='word_1_206' title='bbox 987 2732 1144 2804; x_wconf 84' lang='lat' dir='ltr'><strong>eripit</strong></span> <span class='ocrx_word' id='word_1_207' title='bbox 1169 2749 1184 2786; x_wconf 89' lang='lat'><strong>:</strong></span> <span class='ocrx_word' id='word_1_208' title='bbox 1210 2729 1352 2801; x_wconf 89' lang='lat' dir='ltr'><strong>quod</strong></span> <span class='ocrx_word' id='word_1_209' title='bbox 1384 2727 1456 2782; x_wconf 91' lang='lat' dir='ltr'><strong>illi</strong></span> <span class='ocrx_word' id='word_1_210' title='bbox 1481 2727 1604 2782; x_wconf 86' lang='lat' dir='ltr'><strong>dem</strong></span> <span class='ocrx_word' id='word_1_211' title='bbox 1633 2739 1787 2780; x_wconf 86' lang='lat' dir='ltr'><strong>nemo</strong></span> <span class='ocrx_word' id='word_1_212' title='bbox 1817 2724 1944 2778; x_wconf 90' lang='lat' dir='ltr'><strong>mihi</strong></span> <span class='ocrx_word' id='word_1_213' title='bbox 1967 2724 2074 2778; x_wconf 89' lang='lat' dir='ltr'><strong>eri-</strong></span> 
     </span>
    </p>
   </div>
   <div class='ocr_carea' id='block_1_26' title="bbox 482 2816 2071 2906">
    <p class='ocr_par' dir='ltr' id='par_1_26' title="bbox 482 2816 2071 2906">
     <span class='ocr_line' id='line_1_26' title="bbox 482 2816 2071 2906; baseline -0.013 -17"><span class='ocrx_word' id='word_1_214' title='bbox 482 2836 590 2906; x_wconf 87' lang='lat' dir='ltr'><strong>pit,</strong></span> <span class='ocrx_word' id='word_1_215' title='bbox 621 2832 740 2902; x_wconf 84' lang='lat' dir='ltr'><strong>quia</strong></span> <span class='ocrx_word' id='word_1_216' title='bbox 774 2831 825 2884; x_wconf 88' lang='lat' dir='ltr'><strong>in</strong></span> <span class='ocrx_word' id='word_1_217' title='bbox 857 2827 1020 2883; x_wconf 85' lang='lat' dir='ltr'><strong>corde</strong></span> <span class='ocrx_word' id='word_1_218' title='bbox 1049 2825 1309 2879; x_wconf 89' lang='lat' dir='ltr'><strong>inclusum</strong></span> <span class='ocrx_word' id='word_1_219' title='bbox 1340 2831 1442 2876; x_wconf 87' lang='lat' dir='ltr'><strong>est.</strong></span> <span class='ocrx_word' id='word_1_220' title='bbox 1470 2819 1656 2874; x_wconf 81' lang='lat' dir='ltr'><strong>Merito</strong></span> <span class='ocrx_word' id='word_1_221' title='bbox 1683 2816 1876 2871; x_wconf 85' lang='lat' dir='ltr'><strong>dicitur</strong></span> <span class='ocrx_word' id='word_1_222' title='bbox 1901 2818 1951 2870; x_wconf 91' lang='lat' dir='ltr'><strong>in</strong></span> <span class='ocrx_word' id='word_1_223' title='bbox 1984 2816 2071 2870; x_wconf 86' lang='lat' dir='ltr'><strong>illa</strong></span> 
     </span>
    </p>
   </div>
   <div class='ocr_carea' id='block_1_27' title="bbox 484 2909 2073 2997">
    <p class='ocr_par' dir='ltr' id='par_1_27' title="bbox 484 2909 2073 2997">
     <span class='ocr_line' id='line_1_27' title="bbox 484 2909 2073 2997; baseline -0.013 -14"><span class='ocrx_word' id='word_1_224' title='bbox 484 2927 762 2997; x_wconf 83' lang='lat' dir='ltr'><strong>superiore</strong></span> <span class='ocrx_word' id='word_1_225' title='bbox 814 2920 1024 2985; x_wconf 84' lang='lat' dir='ltr'><strong>fiducia,</strong></span> <span class='ocrx_word' id='word_1_226' title='bbox 1079 2915 1216 2982; x_wconf 81' lang='lat' dir='ltr'><strong>Quid</strong></span> <span class='ocrx_word' id='word_1_227' title='bbox 1272 2915 1426 2986; x_wconf 79' lang='lat' dir='ltr'><strong>faciat</strong></span> <span class='ocrx_word' id='word_1_228' title='bbox 1479 2911 1600 2964; x_wconf 81' lang='lat' dir='ltr'><strong>uti/ti</strong></span> <span class='ocrx_word' id='word_1_229' title='bbox 1650 2909 1834 2964; x_wconf 75' lang='lat' dir='ltr'><strong>homo?</strong></span> <span class='ocrx_word' id='word_1_230' title='bbox 1879 2909 2073 2963; x_wconf 74' lang='lat' dir='ltr'><strong>vaiat</strong></span> 
     </span>
    </p>
   </div>
   <div class='ocr_carea' id='block_1_28' title="bbox 481 2998 2070 3087">
    <p class='ocr_par' dir='ltr' id='par_1_28' title="bbox 481 2998 2070 3087">
     <span class='ocr_line' id='line_1_28' title="bbox 481 2998 2070 3087; baseline -0.014 -13"><span class='ocrx_word' id='word_1_231' title='bbox 481 3019 667 3082; x_wconf 86' lang='lat' dir='ltr'><strong>homo,</strong></span> <span class='ocrx_word' id='word_1_232' title='bbox 711 3014 1050 3087; x_wconf 83' lang='lat' dir='ltr'><strong>permittatur</strong></span> <span class='ocrx_word' id='word_1_233' title='bbox 1086 3007 1296 3070; x_wconf 84' lang='lat' dir='ltr'><strong>saevire,</strong></span> <span class='ocrx_word' id='word_1_234' title='bbox 1325 3003 1661 3075; x_wconf 80' lang='lat' dir='ltr'><strong>permittatur</strong></span> <span class='ocrx_word' id='word_1_235' title='bbox 1689 3001 1901 3054; x_wconf 74' lang='lat' dir='ltr'><strong>efficere</strong></span> <span class='ocrx_word' id='word_1_236' title='bbox 1929 2998 2070 3069; x_wconf 86' lang='lat' dir='ltr'><strong>quod</strong></span> 
     </span>
    </p>
   </div>
   <div class='ocr_carea' id='block_1_29' title="bbox 485 3096 2071 3176">
    <p class='ocr_par' dir='ltr' id='par_1_29' title="bbox 485 3096 2071 3176">
     <span class='ocr_line' id='line_1_29' title="bbox 485 3096 2071 3176; baseline -0.013 -8"><span class='ocrx_word' id='word_1_237' title='bbox 485 3119 744 3169; x_wconf 89' lang='lat' dir='ltr'><strong>conatur:</strong></span> <span class='ocrx_word' id='word_1_238' title='bbox 773 3105 899 3176; x_wconf 90' lang='lat' dir='ltr'><strong>quid</strong></span> <span class='ocrx_word' id='word_1_239' title='bbox 945 3112 1028 3159; x_wconf 83' lang='lat' dir='ltr'><strong>est</strong></span> <span class='ocrx_word' id='word_1_240' title='bbox 1067 3096 1377 3155; x_wconf 76' lang='lat' dir='ltr'><strong>ablaturus?</strong></span> <span class='ocrx_word' id='word_1_241' title='bbox 1403 3098 1624 3160; x_wconf 85' lang='lat' dir='ltr'><strong>Aurum,</strong></span> <span class='ocrx_word' id='word_1_242' title='bbox 1651 3102 1949 3163; x_wconf 73' lang='lat' dir='ltr'><strong>argenturm,</strong></span> <span class='ocrx_word' id='word_1_243' title='bbox 1983 3107 2071 3160; x_wconf 68' lang='lat' dir='ltr'><strong>pe—</strong></span> 
     </span>
    </p>
   </div>
   <div class='ocr_carea' id='block_1_30' title="bbox 485 3187 2068 3270">
    <p class='ocr_par' dir='ltr' id='par_1_30' title="bbox 485 3187 2068 3270">
     <span class='ocr_line' id='line_1_30' title="bbox 485 3187 2068 3270; baseline -0.013 -7"><span class='ocrx_word' id='word_1_244' title='bbox 485 3221 632 3270; x_wconf 84' lang='lat' dir='ltr'><strong>cora,</strong></span> <span class='ocrx_word' id='word_1_245' title='bbox 655 3215 856 3260; x_wconf 72' lang='lat' dir='ltr'><strong>servos.</strong></span> <span class='ocrx_word' id='word_1_246' title='bbox 881 3197 1124 3262; x_wconf 81' lang='lat' dir='ltr'><strong>ancillas,</strong></span> <span class='ocrx_word' id='word_1_247' title='bbox 1147 3193 1358 3258; x_wconf 71' lang='lat' dir='ltr'><strong>nitidos,</strong></span> <span class='ocrx_word' id='word_1_248' title='bbox 1381 3190 1605 3254; x_wconf 87' lang='lat' dir='ltr'><strong>domos;</strong></span> <span class='ocrx_word' id='word_1_249' title='bbox 1630 3187 1833 3243; x_wconf 79' lang='lat' dir='ltr'><strong>auferat</strong></span> <span class='ocrx_word' id='word_1_250' title='bbox 1857 3188 2068 3242; x_wconf 84' lang='lat' dir='ltr'><strong>omnia:</strong></span> 
     </span>
    </p>
   </div>
   <div class='ocr_carea' id='block_1_31' title="bbox 484 3278 2071 3367">
    <p class='ocr_par' dir='ltr' id='par_1_31' title="bbox 484 3278 2071 3367">
     <span class='ocr_line' id='line_1_31' title="bbox 484 3278 2071 3367; baseline -0.014 -12"><span class='ocrx_word' id='word_1_251' title='bbox 484 3295 741 3367; x_wconf 89' lang='lat' dir='ltr'><strong>numquid</strong></span> <span class='ocrx_word' id='word_1_252' title='bbox 772 3291 946 3347; x_wconf 82' lang='lat' dir='ltr'><strong>aufert</strong></span> <span class='ocrx_word' id='word_1_253' title='bbox 973 3296 1093 3344; x_wconf 79' lang='lat' dir='ltr'><strong>vota</strong></span> <span class='ocrx_word' id='word_1_254' title='bbox 1125 3300 1242 3357; x_wconf 66' lang='lat' dir='ltr'><strong>qua</strong></span> <span class='ocrx_word' id='word_1_255' title='bbox 1283 3285 1336 3338; x_wconf 90' lang='lat' dir='ltr'><strong>in</strong></span> <span class='ocrx_word' id='word_1_256' title='bbox 1379 3297 1464 3338; x_wconf 87' lang='lat' dir='ltr'><strong>me</strong></span> <span class='ocrx_word' id='word_1_257' title='bbox 1503 3290 1655 3345; x_wconf 90' lang='lat' dir='ltr'><strong>sunt,</strong></span> <span class='ocrx_word' id='word_1_258' title='bbox 1693 3296 1809 3348; x_wconf 67' lang='lat' dir='ltr'><strong>(una</strong></span> <span class='ocrx_word' id='word_1_259' title='bbox 1855 3278 2071 3332; x_wconf 79' lang='lat' dir='ltr'><strong>reddam</strong></span> 
     </span>
    </p>
   </div>
   <div class='ocr_carea' id='block_1_32' title="bbox 484 3380 2072 3449">
    <p class='ocr_par' dir='ltr' id='par_1_32' title="bbox 484 3380 2072 3449">
     <span class='ocr_line' id='line_1_32' title="bbox 484 3380 2072 3449; baseline -0.016 0"><span class='ocrx_word' id='word_1_260' title='bbox 484 3391 658 3449; x_wconf 86' lang='lat' dir='ltr'><strong>laudis</strong></span> <span class='ocrx_word' id='word_1_261' title='bbox 688 3387 835 3444; x_wconf 80' lang='lat' dir='ltr'><strong>Deo?</strong></span> <span class='ocrx_word' id='word_1_262' title='bbox 862 3383 1158 3440; x_wconf 79' lang='lat' dir='ltr'><strong>Permissus</strong></span> <span class='ocrx_word' id='word_1_263' title='bbox 1200 3387 1282 3434; x_wconf 81' lang='lat' dir='ltr'><strong>est</strong></span> <span class='ocrx_word' id='word_1_264' title='bbox 1325 3385 1529 3432; x_wconf 87' lang='lat' dir='ltr'><strong>tentare</strong></span> <span class='ocrx_word' id='word_1_265' title='bbox 1570 3381 1801 3429; x_wconf 86' lang='lat' dir='ltr'><strong>tentator</strong></span> <span class='ocrx_word' id='word_1_266' title='bbox 1829 3380 2072 3425; x_wconf 86' lang='lat' dir='ltr'><strong>sanetum</strong></span> 
     </span>
    </p>
   </div>
   <div class='ocr_carea' id='block_1_33' title="bbox 481 3463 2072 3548">
    <p class='ocr_par' dir='ltr' id='par_1_33' title="bbox 481 3463 2072 3548">
     <span class='ocr_line' id='line_1_33' title="bbox 481 3463 2072 3548; baseline -0.016 -5"><span class='ocrx_word' id='word_1_267' title='bbox 481 3489 656 3543; x_wconf 73' lang='lat' dir='ltr'><strong>virum</strong></span> <span class='ocrx_word' id='word_1_268' title='bbox 678 3485 778 3540; x_wconf 87' lang='lat' dir='ltr'><strong>Job</strong></span> <span class='ocrx_word' id='word_1_269' title='bbox 801 3499 814 3536; x_wconf 88' lang='lat'><strong>:</strong></span> <span class='ocrx_word' id='word_1_270' title='bbox 840 3493 945 3535; x_wconf 89' lang='lat' dir='ltr'><strong>uno</strong></span> <span class='ocrx_word' id='word_1_271' title='bbox 964 3483 1158 3548; x_wconf 88' lang='lat' dir='ltr'><strong>puncto</strong></span> <span class='ocrx_word' id='word_1_272' title='bbox 1182 3472 1436 3542; x_wconf 86' lang='lat' dir='ltr'><strong>temporis</strong></span> <span class='ocrx_word' id='word_1_273' title='bbox 1455 3468 1673 3524; x_wconf 85' lang='lat' dir='ltr'><strong>abstulit</strong></span> <span class='ocrx_word' id='word_1_274' title='bbox 1695 3466 1892 3526; x_wconf 85' lang='lat' dir='ltr'><strong>omnia,</strong></span> <span class='ocrx_word' id='word_1_275' title='bbox 1915 3463 2072 3534; x_wconf 88' lang='lat' dir='ltr'><strong>quid-</strong></span> 
     </span>
    </p>
   </div>
   <div class='ocr_carea' id='block_1_34' title="bbox 487 3561 2072 3654">
    <p class='ocr_par' dir='ltr' id='par_1_34' title="bbox 487 3561 2072 3654">
     <span class='ocr_line' id='line_1_34' title="bbox 487 3561 2072 3654; baseline -0.014 -18"><span class='ocrx_word' id='word_1_276' title='bbox 487 3581 612 3654; x_wconf 86' lang='lat' dir='ltr'><strong>quid</strong></span> <span class='ocrx_word' id='word_1_277' title='bbox 646 3578 956 3633; x_wconf 82' lang='lat' dir='ltr'><strong>facultatum</strong></span> <span class='ocrx_word' id='word_1_278' title='bbox 989 3571 1245 3626; x_wconf 80' lang='lat' dir='ltr'><strong>habuerat</strong></span> <span class='ocrx_word' id='word_1_279' title='bbox 1272 3565 1502 3629; x_wconf 85' lang='lat' dir='ltr'><strong>ademit,</strong></span> <span class='ocrx_word' id='word_1_280' title='bbox 1542 3562 1760 3618; x_wconf 87' lang='lat' dir='ltr'><strong>abstulit</strong></span> <span class='ocrx_word' id='word_1_281' title='bbox 1787 3561 2072 3616; x_wconf 59' lang='lat' dir='ltr'><strong>haeredita-</strong></span> 
     </span>
    </p>
   </div>
   <div class='ocr_carea' id='block_1_35' title="bbox 494 3651 2072 3740">
    <p class='ocr_par' dir='ltr' id='par_1_35' title="bbox 494 3651 2072 3740">
     <span class='ocr_line' id='line_1_35' title="bbox 494 3651 2072 3740; baseline -0.016 -8"><span class='ocrx_word' id='word_1_282' title='bbox 494 3651 617 3740; x_wconf 75' lang='lat' dir='ltr'><strong>tem,</strong></span> <span class='ocrx_word' id='word_1_283' title='bbox 668 3667 932 3727; x_wconf 82' lang='lat' dir='ltr'><strong>interfecit</strong></span> <span class='ocrx_word' id='word_1_284' title='bbox 977 3662 1258 3726; x_wconf 73' lang='lat' dir='ltr'><strong>ltmrcdcs;</strong></span> <span class='ocrx_word' id='word_1_285' title='bbox 1293 3674 1468 3728; x_wconf 88' lang='lat' dir='ltr'><strong>neque</strong></span> <span class='ocrx_word' id='word_1_286' title='bbox 1516 3657 1616 3710; x_wconf 90' lang='lat' dir='ltr'><strong>hoc</strong></span> <span class='ocrx_word' id='word_1_287' title='bbox 1661 3654 1934 3725; x_wconf 83' lang='lat' dir='ltr'><strong>paulatim,</strong></span> <span class='ocrx_word' id='word_1_288' title='bbox 1977 3651 2072 3707; x_wconf 88' lang='lat' dir='ltr'><strong>sed</strong></span> 
     </span>
    </p>
   </div>
   <div class='ocr_carea' id='block_1_36' title="bbox 487 3744 2073 3825">
    <p class='ocr_par' dir='ltr' id='par_1_36' title="bbox 487 3744 2073 3825">
     <span class='ocr_line' id='line_1_36' title="bbox 487 3744 2073 3825; baseline -0.016 -3"><span class='ocrx_word' id='word_1_289' title='bbox 487 3764 816 3825; x_wconf 83' lang='lat' dir='ltr'><strong>catervatim,</strong></span> <span class='ocrx_word' id='word_1_290' title='bbox 861 3769 972 3813; x_wconf 87' lang='lat' dir='ltr'><strong>uno</strong></span> <span class='ocrx_word' id='word_1_291' title='bbox 1015 3757 1145 3818; x_wconf 80' lang='lat' dir='ltr'><strong>ictu,</strong></span> <span class='ocrx_word' id='word_1_292' title='bbox 1178 3766 1282 3807; x_wconf 89' lang='lat' dir='ltr'><strong>uno</strong></span> <span class='ocrx_word' id='word_1_293' title='bbox 1326 3751 1548 3819; x_wconf 89' lang='lat' dir='ltr'><strong>impetu,</strong></span> <span class='ocrx_word' id='word_1_294' title='bbox 1578 3755 1636 3802; x_wconf 88' lang='lat' dir='ltr'><strong>ut</strong></span> <span class='ocrx_word' id='word_1_295' title='bbox 1673 3746 1850 3808; x_wconf 86' lang='lat' dir='ltr'><strong>omnia</strong></span> <span class='ocrx_word' id='word_1_296' title='bbox 1895 3744 2073 3799; x_wconf 86' lang='lat' dir='ltr'><strong>subito</strong></span> 
     </span>
    </p>
   </div>
   <div class='ocr_carea' id='block_1_37' title="bbox 487 3836 2070 3915">
    <p class='ocr_par' dir='ltr' id='par_1_37' title="bbox 487 3836 2070 3915">
     <span class='ocr_line' id='line_1_37' title="bbox 487 3836 2070 3915; baseline -0.016 0"><span class='ocrx_word' id='word_1_297' title='bbox 487 3858 878 3915; x_wconf 78' lang='lat' dir='ltr'><strong>nuntiarentur.</strong></span> <span class='ocrx_word' id='word_1_298' title='bbox 911 3848 1116 3904; x_wconf 76' lang='lat' dir='ltr'><strong>Ablatis</strong></span> <span class='ocrx_word' id='word_1_299' title='bbox 1160 3843 1408 3900; x_wconf 88' lang='lat' dir='ltr'><strong>omnibus</strong></span> <span class='ocrx_word' id='word_1_300' title='bbox 1453 3840 1599 3895; x_wconf 88' lang='lat' dir='ltr'><strong>solus</strong></span> <span class='ocrx_word' id='word_1_301' title='bbox 1646 3837 1900 3892; x_wconf 86' lang='lat' dir='ltr'><strong>remansit</strong></span> <span class='ocrx_word' id='word_1_302' title='bbox 1932 3836 2070 3903; x_wconf 86' lang='lat' dir='ltr'><strong>Job;</strong></span> 
     </span>
    </p>
   </div>
   <div class='ocr_carea' id='block_1_38' title="bbox 488 3929 2073 4008">
    <p class='ocr_par' dir='ltr' id='par_1_38' title="bbox 488 3929 2073 4008">
     <span class='ocr_line' id='line_1_38' title="bbox 488 3929 2073 4008; baseline -0.016 0"><span class='ocrx_word' id='word_1_303' title='bbox 488 3952 581 4008; x_wconf 86' lang='lat' dir='ltr'><strong>sed</strong></span> <span class='ocrx_word' id='word_1_304' title='bbox 607 3950 660 4004; x_wconf 88' lang='lat' dir='ltr'><strong>in</strong></span> <span class='ocrx_word' id='word_1_305' title='bbox 691 3948 781 4002; x_wconf 87' lang='lat' dir='ltr'><strong>illo</strong></span> <span class='ocrx_word' id='word_1_306' title='bbox 811 3951 969 4002; x_wconf 87' lang='lat' dir='ltr'><strong>erant</strong></span> <span class='ocrx_word' id='word_1_307' title='bbox 989 3948 1110 3996; x_wconf 87' lang='lat' dir='ltr'><strong>vota</strong></span> <span class='ocrx_word' id='word_1_308' title='bbox 1137 3937 1304 3992; x_wconf 87' lang='lat' dir='ltr'><strong>laudis</strong></span> <span class='ocrx_word' id='word_1_309' title='bbox 1333 3951 1450 4006; x_wconf 80' lang='lat' dir='ltr'><strong>quae</strong></span> <span class='ocrx_word' id='word_1_310' title='bbox 1481 3931 1729 3988; x_wconf 82' lang='lat' dir='ltr'><strong>redderet</strong></span> <span class='ocrx_word' id='word_1_311' title='bbox 1751 3930 1882 3993; x_wconf 86' lang='lat' dir='ltr'><strong>Deo,</strong></span> <span class='ocrx_word' id='word_1_312' title='bbox 1908 3929 1958 3982; x_wconf 89' lang='lat' dir='ltr'><strong>in</strong></span> <span class='ocrx_word' id='word_1_313' title='bbox 1983 3929 2073 3983; x_wconf 90' lang='lat' dir='ltr'><strong>illo</strong></span> 
     </span>
    </p>
   </div>
   <div class='ocr_carea' id='block_1_39' title="bbox 484 4023 2074 4119">
    <p class='ocr_par' dir='ltr' id='par_1_39' title="bbox 484 4023 2074 4119">
     <span class='ocr_line' id='line_1_39' title="bbox 484 4023 2074 4119; baseline -0.013 -20"><span class='ocrx_word' id='word_1_314' title='bbox 484 4045 645 4119; x_wconf 82' lang='lat' dir='ltr'><strong>plane</strong></span> <span class='ocrx_word' id='word_1_315' title='bbox 672 4049 822 4098; x_wconf 89' lang='lat' dir='ltr'><strong>erant</strong></span> <span class='ocrx_word' id='word_1_316' title='bbox 849 4057 861 4092; x_wconf 86' lang='lat'><strong>:</strong></span> <span class='ocrx_word' id='word_1_317' title='bbox 890 4051 1069 4092; x_wconf 83' lang='lat' dir='ltr'><strong>arcam</strong></span> <span class='ocrx_word' id='word_1_318' title='bbox 1111 4031 1276 4088; x_wconf 80' lang='lat' dir='ltr'><strong>sancti</strong></span> <span class='ocrx_word' id='word_1_319' title='bbox 1318 4027 1547 4100; x_wconf 88' lang='lat' dir='ltr'><strong>pectoris</strong></span> <span class='ocrx_word' id='word_1_320' title='bbox 1591 4024 1672 4080; x_wconf 87' lang='lat' dir='ltr'><strong>sui</strong></span> <span class='ocrx_word' id='word_1_321' title='bbox 1712 4023 1794 4079; x_wconf 86' lang='lat' dir='ltr'><strong>fur</strong></span> <span class='ocrx_word' id='word_1_322' title='bbox 1832 4023 2074 4079; x_wconf 82' lang='lat' dir='ltr'><strong>diabolus</strong></span> 
     </span>
    </p>
   </div>
   <div class='ocr_carea' id='block_1_40' title="bbox 487 4115 2073 4200">
    <p class='ocr_par' dir='ltr' id='par_1_40' title="bbox 487 4115 2073 4200">
     <span class='ocr_line' id='line_1_40' title="bbox 487 4115 2073 4200; baseline -0.018 -5"><span class='ocrx_word' id='word_1_323' title='bbox 487 4115 596 4195; x_wconf 75' lang='lat' dir='ltr'><strong>non</strong></span> <span class='ocrx_word' id='word_1_324' title='bbox 625 4139 908 4196; x_wconf 74' lang='lat' dir='ltr'><strong>invaserat,</strong></span> <span class='ocrx_word' id='word_1_325' title='bbox 939 4132 1124 4200; x_wconf 88' lang='lat' dir='ltr'><strong>plenus</strong></span> <span class='ocrx_word' id='word_1_326' title='bbox 1144 4133 1260 4180; x_wconf 89' lang='lat' dir='ltr'><strong>erat</strong></span> <span class='ocrx_word' id='word_1_327' title='bbox 1277 4122 1415 4177; x_wconf 90' lang='lat' dir='ltr'><strong>unde</strong></span> <span class='ocrx_word' id='word_1_328' title='bbox 1438 4119 1782 4175; x_wconf 86' lang='lat' dir='ltr'><strong>sacriﬁcaret.</strong></span> <span class='ocrx_word' id='word_1_329' title='bbox 1803 4115 1936 4170; x_wconf 79' lang='lat' dir='ltr'><strong>Audi</strong></span> <span class='ocrx_word' id='word_1_330' title='bbox 1955 4131 2073 4185; x_wconf 66' lang='lat' dir='ltr'><strong>quae</strong></span> 
     </span>
    </p>
   </div>
   <div class='ocr_carea' id='block_1_41' title="bbox 485 4207 2074 4294">
    <p class='ocr_par' dir='ltr' id='par_1_41' title="bbox 485 4207 2074 4294">
     <span class='ocr_line' id='line_1_41' title="bbox 485 4207 2074 4294; baseline -0.016 -7"><span class='ocrx_word' id='word_1_331' title='bbox 485 4231 734 4294; x_wconf 80' lang='lat' dir='ltr'><strong>habebat,</strong></span> <span class='ocrx_word' id='word_1_332' title='bbox 764 4224 884 4280; x_wconf 84' lang='lat' dir='ltr'><strong>audi</strong></span> <span class='ocrx_word' id='word_1_333' title='bbox 914 4237 1034 4292; x_wconf 77' lang='lat' dir='ltr'><strong>qum</strong></span> <span class='ocrx_word' id='word_1_334' title='bbox 1069 4216 1322 4288; x_wconf 87' lang='lat' dir='ltr'><strong>protulit:</strong></span> <span class='ocrx_word' id='word_1_335' title='bbox 1351 4213 1597 4267; x_wconf 83' lang='lat' dir='ltr'><strong>Dominus</strong></span> <span class='ocrx_word' id='word_1_336' title='bbox 1623 4209 1789 4272; x_wconf 81' lang='lat' dir='ltr'><strong>dedit,</strong></span> <span class='ocrx_word' id='word_1_337' title='bbox 1827 4207 2074 4262; x_wconf 88' lang='lat' dir='ltr'><strong>Dominus</strong></span> 
     </span>
    </p>
   </div>
   <div class='ocr_carea' id='block_1_42' title="bbox 487 4303 2073 4384">
    <p class='ocr_par' dir='ltr' id='par_1_42' title="bbox 487 4303 2073 4384">
     <span class='ocr_line' id='line_1_42' title="bbox 487 4303 2073 4384; baseline -0.015 -6"><span class='ocrx_word' id='word_1_338' title='bbox 487 4322 727 4384; x_wconf 81' lang='lat' dir='ltr'><strong>abstulit;</strong></span> <span class='ocrx_word' id='word_1_339' title='bbox 753 4320 879 4371; x_wconf 87' lang='lat' dir='ltr'><strong>sicut</strong></span> <span class='ocrx_word' id='word_1_340' title='bbox 908 4312 1126 4368; x_wconf 90' lang='lat' dir='ltr'><strong>Domino</strong></span> <span class='ocrx_word' id='word_1_341' title='bbox 1155 4307 1366 4381; x_wconf 71' lang='lat' dir='ltr'><strong>placuit,</strong></span> <span class='ocrx_word' id='word_1_342' title='bbox 1394 4309 1466 4360; x_wconf 90' lang='lat' dir='ltr'><strong>ita</strong></span> <span class='ocrx_word' id='word_1_343' title='bbox 1507 4307 1695 4375; x_wconf 80' lang='lat' dir='ltr'><strong>factum</strong></span> <span class='ocrx_word' id='word_1_344' title='bbox 1733 4313 1803 4359; x_wconf 79' lang='lat' dir='ltr'><strong>est</strong></span> <span class='ocrx_word' id='word_1_345' title='bbox 1835 4318 1852 4355; x_wconf 93' lang='lat'><strong><em>:</em></strong></span> <span class='ocrx_word' id='word_1_346' title='bbox 1882 4303 1943 4358; x_wconf 82' lang='lat' dir='ltr'><strong>sit</strong></span> <span class='ocrx_word' id='word_1_347' title='bbox 1979 4318 2073 4356; x_wconf 88' lang='lat' dir='ltr'><strong>uo-</strong></span> 
     </span>
    </p>
   </div>
   <div class='ocr_carea' id='block_1_43' title="bbox 486 4393 2073 4471">
    <p class='ocr_par' dir='ltr' id='par_1_43' title="bbox 486 4393 2073 4471">
     <span class='ocr_line' id='line_1_43' title="bbox 486 4393 2073 4471; baseline -0.022 -3"><span class='ocrx_word' id='word_1_348' title='bbox 486 4429 603 4469; x_wconf 82' lang='lat' dir='ltr'><strong>men</strong></span> <span class='ocrx_word' id='word_1_349' title='bbox 637 4409 838 4464; x_wconf 84' lang='lat' dir='ltr'><strong>Domini</strong></span> <span class='ocrx_word' id='word_1_350' title='bbox 867 4404 1178 4459; x_wconf 74' lang='lat' dir='ltr'><strong>benedictum</strong></span> <span class='ocrx_word' id='word_1_351' title='bbox 1207 4398 1226 4471; x_wconf 95' lang='lat'>(</span> <span class='ocrx_word' id='word_1_352' title='bbox 1252 4397 1350 4452; x_wconf 85' lang='lat' dir='ltr'><strong>Job</strong></span> <span class='ocrx_word' id='word_1_353' title='bbox 1375 4412 1412 4460; x_wconf 87' lang='grc' dir='ltr'>ι,</span> <span class='ocrx_word' id='word_1_354' title='bbox 1448 4395 1654 4465; x_wconf 59' lang='grc' dir='ltr'><strong>ιε-Ἆι).</strong></span> <span class='ocrx_word' id='word_1_355' title='bbox 1681 4393 1725 4449; x_wconf 86' lang='grc' dir='ltr'>Ο</span> <span class='ocrx_word' id='word_1_356' title='bbox 1755 4393 1951 4452; x_wconf 65' lang='lat' dir='ltr'><strong>divitiae</strong></span> <span class='ocrx_word' id='word_1_357' title='bbox 1991 4393 2073 4446; x_wconf 76' lang='lat' dir='ltr'><strong>in-</strong></span> 
     </span>
    </p>
   </div>
   <div class='ocr_carea' id='block_1_44' title="bbox 490 4483 2076 4572">
    <p class='ocr_par' dir='ltr' id='par_1_44' title="bbox 490 4483 2076 4572">
     <span class='ocr_line' id='line_1_44' title="bbox 490 4483 2076 4572; baseline -0.021 -9"><span class='ocrx_word' id='word_1_358' title='bbox 490 4508 734 4569; x_wconf 72' lang='lat' dir='ltr'><strong>leviores,</strong></span> <span class='ocrx_word' id='word_1_359' title='bbox 763 4514 867 4572; x_wconf 84' lang='lat' dir='ltr'><strong>quo</strong></span> <span class='ocrx_word' id='word_1_360' title='bbox 885 4500 967 4553; x_wconf 85' lang='lat' dir='ltr'><strong>fur</strong></span> <span class='ocrx_word' id='word_1_361' title='bbox 994 4511 1097 4549; x_wconf 90' lang='lat' dir='ltr'><strong>non</strong></span> <span class='ocrx_word' id='word_1_362' title='bbox 1128 4491 1364 4572; x_wconf 71' lang='lat' dir='ltr'><strong>accedit!</strong></span> <span class='ocrx_word' id='word_1_363' title='bbox 1388 4488 1500 4558; x_wconf 83' lang='lat' dir='ltr'><strong>Ipse</strong></span> <span class='ocrx_word' id='word_1_364' title='bbox 1525 4486 1740 4544; x_wconf 84' lang='lat' dir='ltr'><strong>dederat</strong></span> <span class='ocrx_word' id='word_1_365' title='bbox 1770 4485 1910 4546; x_wconf 62' lang='lat' dir='ltr'><strong>Dens</strong></span> <span class='ocrx_word' id='word_1_366' title='bbox 1938 4483 2076 4547; x_wconf 65' lang='lat' dir='ltr'><strong>unde</strong></span> 
     </span>
    </p>
   </div>
   <div class='ocr_carea' id='block_1_45' title="bbox 487 4569 2075 4668">
    <p class='ocr_par' dir='ltr' id='par_1_45' title="bbox 487 4569 2075 4668">
     <span class='ocr_line' id='line_1_45' title="bbox 487 4569 2075 4668; baseline -0.016 -13"><span class='ocrx_word' id='word_1_367' title='bbox 487 4569 810 4668; x_wconf 69' lang='lat' dir='ltr'><strong>accipiebat;</strong></span> <span class='ocrx_word' id='word_1_368' title='bbox 867 4593 981 4660; x_wconf 89' lang='lat' dir='ltr'><strong>ipse</strong></span> <span class='ocrx_word' id='word_1_369' title='bbox 1008 4569 1306 4647; x_wconf 76' lang='lat' dir='ltr'><strong>ditaverat,</strong></span> <span class='ocrx_word' id='word_1_370' title='bbox 1339 4581 1481 4636; x_wconf 89' lang='lat' dir='ltr'><strong>unde</strong></span> <span class='ocrx_word' id='word_1_371' title='bbox 1525 4579 1599 4634; x_wconf 90' lang='lat' dir='ltr'><strong>illi</strong></span> <span class='ocrx_word' id='word_1_372' title='bbox 1644 4576 1900 4641; x_wconf 72' lang='lat' dir='ltr'><strong>offerebat</strong></span> <span class='ocrx_word' id='word_1_373' title='bbox 1935 4574 2075 4645; x_wconf 87' lang='lat' dir='ltr'><strong>quod</strong></span> 
     </span>
    </p>
   </div>
   <div class='ocr_carea' id='block_1_46' title="bbox 489 4667 2074 4746">
    <p class='ocr_par' dir='ltr' id='par_1_46' title="bbox 489 4667 2074 4746">
     <span class='ocr_line' id='line_1_46' title="bbox 489 4667 2074 4746; baseline -0.018 0"><span class='ocrx_word' id='word_1_374' title='bbox 489 4690 724 4746; x_wconf 83' lang='lat' dir='ltr'><strong>amabat.</strong></span> <span class='ocrx_word' id='word_1_375' title='bbox 766 4683 1000 4740; x_wconf 85' lang='lat' dir='ltr'><strong>Laudem</strong></span> <span class='ocrx_word' id='word_1_376' title='bbox 1049 4695 1079 4731; x_wconf 89' lang='lat' dir='ltr'><strong>a</strong></span> <span class='ocrx_word' id='word_1_377' title='bbox 1130 4687 1185 4731; x_wconf 84' lang='lat' dir='ltr'><strong>te</strong></span> <span class='ocrx_word' id='word_1_378' title='bbox 1236 4673 1429 4745; x_wconf 63' lang='lat' dir='ltr'><strong>quatrit</strong></span> <span class='ocrx_word' id='word_1_379' title='bbox 1475 4671 1634 4736; x_wconf 85' lang='lat' dir='ltr'><strong>Deus,</strong></span> <span class='ocrx_word' id='word_1_380' title='bbox 1685 4667 2074 4731; x_wconf 70' lang='lat' dir='ltr'><strong>confessionem</strong></span> 
     </span>
    </p>
   </div>
   <div class='ocr_carea' id='block_1_47' title="bbox 489 4758 2076 4850">
    <p class='ocr_par' dir='ltr' id='par_1_47' title="bbox 489 4758 2076 4850">
     <span class='ocr_line' id='line_1_47' title="bbox 489 4758 2076 4850; baseline -0.018 -11"><span class='ocrx_word' id='word_1_381' title='bbox 489 4798 637 4839; x_wconf 85' lang='lat' dir='ltr'><strong>tuam</strong></span> <span class='ocrx_word' id='word_1_382' title='bbox 659 4778 847 4850; x_wconf 72' lang='lat' dir='ltr'><strong>qumrit</strong></span> <span class='ocrx_word' id='word_1_383' title='bbox 871 4776 1028 4830; x_wconf 87' lang='lat' dir='ltr'><strong>Dens.</strong></span> <span class='ocrx_word' id='word_1_384' title='bbox 1048 4768 1152 4826; x_wconf 85' lang='lat' dir='ltr'><strong>Sed</strong></span> <span class='ocrx_word' id='word_1_385' title='bbox 1175 4767 1241 4822; x_wconf 90' lang='lat' dir='ltr'><strong>de</strong></span> <span class='ocrx_word' id='word_1_386' title='bbox 1266 4780 1392 4837; x_wconf 67' lang='lat' dir='ltr'><strong>agro</strong></span> <span class='ocrx_word' id='word_1_387' title='bbox 1412 4772 1504 4819; x_wconf 88' lang='lat' dir='ltr'><strong>tuo</strong></span> <span class='ocrx_word' id='word_1_388' title='bbox 1523 4759 1719 4831; x_wconf 84' lang='lat' dir='ltr'><strong>aliquid</strong></span> <span class='ocrx_word' id='word_1_389' title='bbox 1742 4759 1961 4827; x_wconf 85' lang='lat' dir='ltr'><strong>daturus</strong></span> <span class='ocrx_word' id='word_1_390' title='bbox 1982 4758 2076 4826; x_wconf 74' lang='lat' dir='ltr'><strong>es?</strong></span> 
     </span>
    </p>
   </div>
   <div class='ocr_carea' id='block_1_48' title="bbox 489 4851 2076 4948">
    <p class='ocr_par' dir='ltr' id='par_1_48' title="bbox 489 4851 2076 4948">
     <span class='ocr_line' id='line_1_48' title="bbox 489 4851 2076 4948; baseline -0.016 -16"><span class='ocrx_word' id='word_1_391' title='bbox 489 4879 610 4948; x_wconf 85' lang='lat' dir='ltr'><strong>Ipse</strong></span> <span class='ocrx_word' id='word_1_392' title='bbox 661 4873 792 4944; x_wconf 87' lang='lat' dir='ltr'><strong>pluit</strong></span> <span class='ocrx_word' id='word_1_393' title='bbox 837 4878 895 4925; x_wconf 90' lang='lat' dir='ltr'><strong>ut</strong></span> <span class='ocrx_word' id='word_1_394' title='bbox 943 4866 1186 4921; x_wconf 85' lang='lat' dir='ltr'><strong>haberes.</strong></span> <span class='ocrx_word' id='word_1_395' title='bbox 1215 4861 1290 4924; x_wconf 86' lang='lat' dir='ltr'><strong>De</strong></span> <span class='ocrx_word' id='word_1_396' title='bbox 1329 4873 1451 4914; x_wconf 89' lang='lat' dir='ltr'><strong>arca</strong></span> <span class='ocrx_word' id='word_1_397' title='bbox 1496 4855 1713 4911; x_wconf 83' lang='lat' dir='ltr'><strong>daturus</strong></span> <span class='ocrx_word' id='word_1_398' title='bbox 1755 4867 1814 4908; x_wconf 88' lang='lat' dir='ltr'><strong>es</strong></span> <span class='ocrx_word' id='word_1_399' title='bbox 1841 4851 2076 4924; x_wconf 81' lang='lat' dir='ltr'><strong>aliquid?</strong></span> 
     </span>
    </p>
   </div>
   <div class='ocr_carea' id='block_1_49' title="bbox 489 4949 2075 5042">
    <p class='ocr_par' dir='ltr' id='par_1_49' title="bbox 489 4949 2075 5042">
     <span class='ocr_line' id='line_1_49' title="bbox 489 4949 2075 5042; baseline -0.015 -14"><span class='ocrx_word' id='word_1_400' title='bbox 489 4973 608 5042; x_wconf 77' lang='lat' dir='ltr'><strong>Ipse</strong></span> <span class='ocrx_word' id='word_1_401' title='bbox 639 4965 863 5024; x_wconf 81' lang='lat' dir='ltr'><strong>instituit</strong></span> <span class='ocrx_word' id='word_1_402' title='bbox 897 4961 1037 5033; x_wconf 90' lang='lat' dir='ltr'><strong>quod</strong></span> <span class='ocrx_word' id='word_1_403' title='bbox 1072 4959 1293 5014; x_wconf 78' lang='lat' dir='ltr'><strong>daturm</strong></span> <span class='ocrx_word' id='word_1_404' title='bbox 1318 4969 1395 5011; x_wconf 87' lang='lat' dir='ltr'><strong>es.</strong></span> <span class='ocrx_word' id='word_1_405' title='bbox 1422 4951 1557 5022; x_wconf 86' lang='lat' dir='ltr'><strong>Quid</strong></span> <span class='ocrx_word' id='word_1_406' title='bbox 1597 4950 1816 5006; x_wconf 85' lang='lat' dir='ltr'><strong>daturus</strong></span> <span class='ocrx_word' id='word_1_407' title='bbox 1851 4964 1908 5004; x_wconf 85' lang='lat' dir='ltr'><strong>es</strong></span> <span class='ocrx_word' id='word_1_408' title='bbox 1935 4949 2075 5018; x_wconf 82' lang='lat' dir='ltr'><strong>quod</strong></span> 
     </span>
    </p>
   </div>
   <div class='ocr_carea' id='block_1_50' title="bbox 487 5042 2090 5123">
    <p class='ocr_par' dir='ltr' id='par_1_50' title="bbox 487 5042 2090 5123">
     <span class='ocr_line' id='line_1_50' title="bbox 487 5042 2090 5123; baseline -0.02 -3"><span class='ocrx_word' id='word_1_409' title='bbox 487 5065 554 5120; x_wconf 86' lang='lat' dir='ltr'><strong>ab</strong></span> <span class='ocrx_word' id='word_1_410' title='bbox 583 5061 680 5118; x_wconf 89' lang='lat' dir='ltr'><strong>illo</strong></span> <span class='ocrx_word' id='word_1_411' title='bbox 705 5074 809 5114; x_wconf 86' lang='lat' dir='ltr'><strong>non</strong></span> <span class='ocrx_word' id='word_1_412' title='bbox 841 5052 1100 5123; x_wconf 74' lang='lat' dir='ltr'><strong>accepisti</strong></span> <span class='ocrx_word' id='word_1_413' title='bbox 1115 5055 1137 5102; x_wconf 69' lang='grc' dir='ltr'><strong>’ἐ</strong></span> <span class='ocrx_word' id='word_1_414' title='bbox 1159 5049 1295 5118; x_wconf 84' lang='lat' dir='ltr'><strong>Quid</strong></span> <span class='ocrx_word' id='word_1_415' title='bbox 1321 5047 1462 5103; x_wconf 87' lang='lat' dir='ltr'><strong>enim</strong></span> <span class='ocrx_word' id='word_1_416' title='bbox 1495 5043 1659 5100; x_wconf 88' lang='lat' dir='ltr'><strong>habes</strong></span> <span class='ocrx_word' id='word_1_417' title='bbox 1684 5042 1822 5114; x_wconf 85' lang='lat' dir='ltr'><strong>quod</strong></span> <span class='ocrx_word' id='word_1_418' title='bbox 1855 5058 1960 5104; x_wconf 78' lang='lat' dir='ltr'><strong>non</strong></span> <span class='ocrx_word' id='word_1_419' title='bbox 1988 5057 2090 5111; x_wconf 45' lang='lat' dir='ltr'><strong>ac,</strong></span> 
     </span>
    </p>
   </div>
   <div class='ocr_carea' id='block_1_51' title="bbox 487 5133 2079 5228">
    <p class='ocr_par' dir='ltr' id='par_1_51' title="bbox 487 5133 2079 5228">
     <span class='ocr_line' id='line_1_51' title="bbox 487 5133 2079 5228; baseline -0.017 -15"><span class='ocrx_word' id='word_1_420' title='bbox 487 5155 677 5228; x_wconf 83' lang='lat' dir='ltr'><strong>cepisti</strong></span> <span class='ocrx_word' id='word_1_421' title='bbox 717 5153 737 5222; x_wconf 89' lang='lat'>(</span> <span class='ocrx_word' id='word_1_422' title='bbox 763 5151 780 5206; x_wconf 98' lang='grc'><strong>1</strong></span> <span class='ocrx_word' id='word_1_423' title='bbox 807 5147 929 5205; x_wconf 85' lang='lat' dir='ltr'><strong>Cor.</strong></span> <span class='ocrx_word' id='word_1_424' title='bbox 953 5161 1025 5212; x_wconf 82' lang='lat' dir='ltr'><strong>iv,</strong></span> <span class='ocrx_word' id='word_1_425' title='bbox 1056 5142 1166 5213; x_wconf 84' lang='lat'><strong>7)?</strong></span> <span class='ocrx_word' id='word_1_426' title='bbox 1193 5142 1269 5196; x_wconf 86' lang='lat' dir='ltr'><strong>De</strong></span> <span class='ocrx_word' id='word_1_427' title='bbox 1296 5139 1456 5196; x_wconf 89' lang='lat' dir='ltr'><strong>corde</strong></span> <span class='ocrx_word' id='word_1_428' title='bbox 1484 5135 1670 5193; x_wconf 81' lang='lat' dir='ltr'><strong>dabis?</strong></span> <span class='ocrx_word' id='word_1_429' title='bbox 1699 5136 1815 5206; x_wconf 84' lang='lat' dir='ltr'><strong>Ipse</strong></span> <span class='ocrx_word' id='word_1_430' title='bbox 1842 5134 1989 5198; x_wconf 81' lang='lat' dir='ltr'><strong>dedit</strong></span> <span class='ocrx_word' id='word_1_431' title='bbox 2018 5133 2079 5200; x_wconf 87' lang='lat' dir='ltr'><strong>ﬁ-</strong></span> 
     </span>
    </p>
   </div>
   <div class='ocr_carea' id='block_1_52' title="bbox 487 5228 2080 5316">
    <p class='ocr_par' dir='ltr' id='par_1_52' title="bbox 487 5228 2080 5316">
     <span class='ocr_line' id='line_1_52' title="bbox 487 5228 2080 5316; baseline -0.021 -11"><span class='ocrx_word' id='word_1_432' title='bbox 487 5251 636 5316; x_wconf 88' lang='lat' dir='ltr'><strong>dem,</strong></span> <span class='ocrx_word' id='word_1_433' title='bbox 668 5259 818 5316; x_wconf 88' lang='lat' dir='ltr'><strong>spem</strong></span> <span class='ocrx_word' id='word_1_434' title='bbox 849 5251 903 5297; x_wconf 90' lang='lat' dir='ltr'><strong>et</strong></span> <span class='ocrx_word' id='word_1_435' title='bbox 925 5237 1275 5295; x_wconf 88' lang='lat' dir='ltr'><strong>cbaritatem:</strong></span> <span class='ocrx_word' id='word_1_436' title='bbox 1307 5233 1408 5287; x_wconf 91' lang='lat' dir='ltr'><strong>hoc</strong></span> <span class='ocrx_word' id='word_1_437' title='bbox 1438 5230 1761 5301; x_wconf 75' lang='lat' dir='ltr'><strong>prolaturus,</strong></span> <span class='ocrx_word' id='word_1_438' title='bbox 1787 5228 1889 5283; x_wconf 86' lang='lat' dir='ltr'><strong>hoc</strong></span> <span class='ocrx_word' id='word_1_439' title='bbox 1914 5229 2080 5286; x_wconf 87' lang='lat' dir='ltr'><strong>sacri.</strong></span> 
     </span>
    </p>
   </div>
   <div class='ocr_carea' id='block_1_53' title="bbox 490 5319 2077 5401">
    <p class='ocr_par' dir='ltr' id='par_1_53' title="bbox 490 5319 2077 5401">
     <span class='ocr_line' id='line_1_53' title="bbox 490 5319 2077 5401; baseline -0.014 -4"><span class='ocrx_word' id='word_1_440' title='bbox 490 5343 747 5397; x_wconf 87' lang='lat' dir='ltr'><strong>ﬁcaturus</strong></span> <span class='ocrx_word' id='word_1_441' title='bbox 773 5351 849 5391; x_wconf 89' lang='lat' dir='ltr'><strong>es.</strong></span> <span class='ocrx_word' id='word_1_442' title='bbox 878 5332 982 5390; x_wconf 84' lang='lat' dir='ltr'><strong>Sed</strong></span> <span class='ocrx_word' id='word_1_443' title='bbox 1009 5331 1166 5401; x_wconf 86' lang='lat' dir='ltr'><strong>plane</strong></span> <span class='ocrx_word' id='word_1_444' title='bbox 1197 5324 1376 5381; x_wconf 52' lang='lat' dir='ltr'><strong>on‘mia</strong></span> <span class='ocrx_word' id='word_1_445' title='bbox 1417 5323 1504 5379; x_wconf 83' lang='lat' dir='ltr'><strong>illa</strong></span> <span class='ocrx_word' id='word_1_446' title='bbox 1539 5331 1733 5378; x_wconf 63' lang='lat' dir='ltr'><strong>caetera</strong></span> <span class='ocrx_word' id='word_1_447' title='bbox 1772 5328 1946 5390; x_wconf 87' lang='lat' dir='ltr'><strong>potest</strong></span> <span class='ocrx_word' id='word_1_448' title='bbox 1985 5319 2077 5376; x_wconf 83' lang='lat' dir='ltr'><strong>tibi</strong></span> 
     </span>
    </p>
   </div>
   <div class='ocr_carea' id='block_1_54' title="bbox 493 5412 2079 5490">
    <p class='ocr_par' dir='ltr' id='par_1_54' title="bbox 493 5412 2079 5490">
     <span class='ocr_line' id='line_1_54' title="bbox 493 5412 2079 5490; baseline -0.016 0"><span class='ocrx_word' id='word_1_449' title='bbox 493 5433 704 5490; x_wconf 88' lang='lat' dir='ltr'><strong>auferre</strong></span> <span class='ocrx_word' id='word_1_450' title='bbox 752 5429 1000 5484; x_wconf 65' lang='lat' dir='ltr'><strong>inimicm;</strong></span> <span class='ocrx_word' id='word_1_451' title='bbox 1046 5421 1231 5486; x_wconf 80' lang='lat' dir='ltr'><strong>invito,</strong></span> <span class='ocrx_word' id='word_1_452' title='bbox 1265 5417 1368 5473; x_wconf 84' lang='lat' dir='ltr'><strong>hoc</strong></span> <span class='ocrx_word' id='word_1_453' title='bbox 1401 5413 1610 5470; x_wconf 85' lang='lat' dir='ltr'><strong>auferre</strong></span> <span class='ocrx_word' id='word_1_454' title='bbox 1638 5429 1742 5468; x_wconf 79' lang='lat' dir='ltr'><strong>non</strong></span> <span class='ocrx_word' id='word_1_455' title='bbox 1773 5420 1945 5482; x_wconf 77' lang='lat' dir='ltr'><strong>potest</strong></span> <span class='ocrx_word' id='word_1_456' title='bbox 1977 5412 2079 5476; x_wconf 80' lang='lat' dir='ltr'><strong>nisi</strong></span> 
     </span>
    </p>
   </div>
   <div class='ocr_carea' id='block_1_55' title="bbox 495 5506 2080 5589">
    <p class='ocr_par' dir='ltr' id='par_1_55' title="bbox 495 5506 2080 5589">
     <span class='ocr_line' id='line_1_55' title="bbox 495 5506 2080 5589; baseline -0.011 -8"><span class='ocrx_word' id='word_1_457' title='bbox 495 5523 713 5581; x_wconf 85' lang='lat' dir='ltr'><strong>volenti.</strong></span> <span class='ocrx_word' id='word_1_458' title='bbox 767 5521 860 5577; x_wconf 87' lang='lat' dir='ltr'><strong>Illa</strong></span> <span class='ocrx_word' id='word_1_459' title='bbox 914 5517 1101 5589; x_wconf 90' lang='lat' dir='ltr'><strong>perdet</strong></span> <span class='ocrx_word' id='word_1_460' title='bbox 1148 5522 1201 5569; x_wconf 90' lang='lat' dir='ltr'><strong>et</strong></span> <span class='ocrx_word' id='word_1_461' title='bbox 1257 5512 1496 5576; x_wconf 72' lang='lat' dir='ltr'><strong>invitus;</strong></span> <span class='ocrx_word' id='word_1_462' title='bbox 1545 5515 1600 5562; x_wconf 87' lang='lat' dir='ltr'><strong>et</strong></span> <span class='ocrx_word' id='word_1_463' title='bbox 1650 5506 1836 5561; x_wconf 86' lang='lat' dir='ltr'><strong>volens</strong></span> <span class='ocrx_word' id='word_1_464' title='bbox 1879 5506 2080 5568; x_wconf 85' lang='lat' dir='ltr'><strong>habere</strong></span> 
     </span>
    </p>
   </div>
   <div class='ocr_carea' id='block_1_56' title="bbox 495 5598 2080 5686">
    <p class='ocr_par' dir='ltr' id='par_1_56' title="bbox 495 5598 2080 5686">
     <span class='ocr_line' id='line_1_56' title="bbox 495 5598 2080 5686; baseline -0.014 -12"><span class='ocrx_word' id='word_1_465' title='bbox 495 5631 720 5682; x_wconf 91' lang='lat' dir='ltr'><strong>aurum,</strong></span> <span class='ocrx_word' id='word_1_466' title='bbox 751 5612 940 5686; x_wconf 88' lang='lat' dir='ltr'><strong>perdet</strong></span> <span class='ocrx_word' id='word_1_467' title='bbox 991 5623 1213 5672; x_wconf 88' lang='lat' dir='ltr'><strong>aurum,</strong></span> <span class='ocrx_word' id='word_1_468' title='bbox 1259 5616 1312 5661; x_wconf 88' lang='lat' dir='ltr'><strong>et</strong></span> <span class='ocrx_word' id='word_1_469' title='bbox 1353 5603 1539 5658; x_wconf 88' lang='lat' dir='ltr'><strong>volens</strong></span> <span class='ocrx_word' id='word_1_470' title='bbox 1584 5598 1783 5654; x_wconf 89' lang='lat' dir='ltr'><strong>habere</strong></span> <span class='ocrx_word' id='word_1_471' title='bbox 1825 5599 2080 5670; x_wconf 88' lang='lat' dir='ltr'><strong>domum,</strong></span> 
     </span>
    </p>
   </div>
   <div class='ocr_carea' id='block_1_57' title="bbox 496 5695 2082 5786">
    <p class='ocr_par' dir='ltr' id='par_1_57' title="bbox 496 5695 2082 5786">
     <span class='ocr_line' id='line_1_57' title="bbox 496 5695 2082 5786; baseline -0.011 -17"><span class='ocrx_word' id='word_1_472' title='bbox 496 5711 688 5786; x_wconf 86' lang='lat' dir='ltr'><strong>perdet</strong></span> <span class='ocrx_word' id='word_1_473' title='bbox 732 5708 950 5765; x_wconf 87' lang='lat' dir='ltr'><strong>domum</strong></span> <span class='ocrx_word' id='word_1_474' title='bbox 979 5723 994 5760; x_wconf 91' lang='lat'><strong>:</strong></span> <span class='ocrx_word' id='word_1_475' title='bbox 1027 5703 1184 5759; x_wconf 90' lang='lat' dir='ltr'><strong>ﬁdem</strong></span> <span class='ocrx_word' id='word_1_476' title='bbox 1225 5715 1384 5758; x_wconf 87' lang='lat' dir='ltr'><strong>nemo</strong></span> <span class='ocrx_word' id='word_1_477' title='bbox 1425 5696 1613 5770; x_wconf 85' lang='lat' dir='ltr'><strong>perdet</strong></span> <span class='ocrx_word' id='word_1_478' title='bbox 1647 5695 1749 5752; x_wconf 92' lang='lat' dir='ltr'><strong>nisi</strong></span> <span class='ocrx_word' id='word_1_479' title='bbox 1793 5695 1882 5767; x_wconf 88' lang='lat' dir='ltr'><strong>qui</strong></span> <span class='ocrx_word' id='word_1_480' title='bbox 1929 5711 2082 5768; x_wconf 83' lang='lat' dir='ltr'><strong>spre-</strong></span> 
     </span>
    </p>
   </div>
   <div class='ocr_carea' id='block_1_58' title="bbox 493 5803 658 5863">
    <p class='ocr_par' dir='ltr' id='par_1_58' title="bbox 493 5803 658 5863">
     <span class='ocr_line' id='line_1_58' title="bbox 493 5803 658 5863; baseline -0.042 0"><span class='ocrx_word' id='word_1_481' title='bbox 493 5803 658 5863; x_wconf 63' lang='lat' dir='ltr'><strong>xerit.</strong></span> 
     </span>
    </p>
   </div>
   <div class='ocr_carea' id='block_1_59' title="bbox 472 5895 1826 6013">
    <p class='ocr_par' dir='ltr' id='par_1_59' title="bbox 472 5895 1826 6013">
     <span class='ocr_line' id='line_1_59' title="bbox 472 5895 1826 6013; baseline -0.013 -23"><span class='ocrx_word' id='word_1_482' title='bbox 472 5991 488 6013; x_wconf 39' lang='grc' dir='ltr'><strong>ι</strong></span> <span class='ocrx_word' id='word_1_483' title='bbox 577 5938 600 5974; x_wconf 78' lang='grc' dir='ltr'><strong>ι</strong></span> <span class='ocrx_word' id='word_1_484' title='bbox 626 5930 1195 6008; x_wconf 51' lang='grc' dir='ltr'><strong>Διισιιοιιιεεηερεταζλο.</strong></span> <span class='ocrx_word' id='word_1_485' title='bbox 1598 5895 1614 5908; x_wconf 29' lang='grc' dir='ltr'>ι</span> <span class='ocrx_word' id='word_1_486' title='bbox 1667 5931 1704 5964; x_wconf 69' lang='grc' dir='ltr'><strong>ι</strong></span> 
     </span>
    </p>
   </div>
   <div class='ocr_carea' id='block_1_60' title="bbox 1689 369 3746 466">
    <p class='ocr_par' dir='ltr' id='par_1_60' title="bbox 1689 369 3746 466">
     <span class='ocr_line' id='line_1_60' title="bbox 1689 369 3746 466; baseline -0.003 -34"><span class='ocrx_word' id='word_1_487' title='bbox 1689 375 1750 433; x_wconf 86' lang='lat' dir='ltr'><strong>S.</strong></span> <span class='ocrx_word' id='word_1_488' title='bbox 1788 369 2156 432; x_wconf 81' lang='lat' dir='ltr'><strong>AUGUSTINI</strong></span> <span class='ocrx_word' id='word_1_489' title='bbox 2184 371 2486 431; x_wconf 59' lang='lat' dir='ltr'><strong>EPISWI</strong></span> <span class='ocrx_word' id='word_1_490' title='bbox 3658 407 3746 466; x_wconf 62' lang='grc' dir='ltr'><strong>ϐω</strong></span> 
     </span>
    </p>
   </div>
   <div class='ocr_carea' id='block_1_61' title="bbox 2247 494 3748 591">
    <p class='ocr_par' dir='ltr' id='par_1_61' title="bbox 2247 494 3748 591">
     <span class='ocr_line' id='line_1_61' title="bbox 2247 494 3748 591; baseline 0.023 -43"><span class='ocrx_word' id='word_1_491' title='bbox 2247 494 2338 549; x_wconf 71' lang='lat'><strong>20.</strong></span> <span class='ocrx_word' id='word_1_492' title='bbox 2382 495 2530 568; x_wconf 57' lang='lat' dir='ltr'><strong>[vers</strong></span> <span class='ocrx_word' id='word_1_493' title='bbox 2557 496 2669 572; x_wconf 70' lang='lat'><strong>15.]</strong></span> <span class='ocrx_word' id='word_1_494' title='bbox 2699 497 2764 556; x_wconf 74' lang='lat' dir='ltr'><strong>In</strong></span> <span class='ocrx_word' id='word_1_495' title='bbox 2794 519 2873 558; x_wconf 80' lang='lat' dir='ltr'><strong>me</strong></span> <span class='ocrx_word' id='word_1_496' title='bbox 2894 515 3031 576; x_wconf 88' lang='lat' dir='ltr'><strong>sunt,</strong></span> <span class='ocrx_word' id='word_1_497' title='bbox 3055 503 3212 580; x_wconf 79' lang='lat' dir='ltr'><strong>Deus,</strong></span> <span class='ocrx_word' id='word_1_498' title='bbox 3242 521 3374 568; x_wconf 80' lang='lat' dir='ltr'><strong>uota</strong></span> <span class='ocrx_word' id='word_1_499' title='bbox 3404 524 3513 584; x_wconf 84' lang='lat' dir='ltr'><strong>tua,</strong></span> <span class='ocrx_word' id='word_1_500' title='bbox 3533 536 3637 591; x_wconf 74' lang='lat' dir='ltr'><strong>quis</strong></span> <span class='ocrx_word' id='word_1_501' title='bbox 3655 530 3748 584; x_wconf 81' lang='lat' dir='ltr'><strong>red-</strong></span> 
     </span>
    </p>
   </div>
   <div class='ocr_carea' id='block_1_62' title="bbox 2177 589 3733 678">
    <p class='ocr_par' dir='ltr' id='par_1_62' title="bbox 2177 589 3733 678">
     <span class='ocr_line' id='line_1_62' title="bbox 2177 589 3733 678; baseline 0.022 -37"><span class='ocrx_word' id='word_1_502' title='bbox 2177 589 2294 643; x_wconf 73' lang='lat' dir='ltr'><strong>dam</strong></span> <span class='ocrx_word' id='word_1_503' title='bbox 2324 590 2492 645; x_wconf 80' lang='lat' dir='ltr'><strong>laudis</strong></span> <span class='ocrx_word' id='word_1_504' title='bbox 2525 593 2656 648; x_wconf 86' lang='lat' dir='ltr'><strong>tibi:</strong></span> <span class='ocrx_word' id='word_1_505' title='bbox 2676 598 2794 664; x_wconf 79' lang='lat' dir='ltr'><strong>quia</strong></span> <span class='ocrx_word' id='word_1_506' title='bbox 2829 601 3004 655; x_wconf 75' lang='lat' dir='ltr'><strong>eruisti</strong></span> <span class='ocrx_word' id='word_1_507' title='bbox 3035 607 3260 662; x_wconf 81' lang='lat' dir='ltr'><strong>animam</strong></span> <span class='ocrx_word' id='word_1_508' title='bbox 3307 627 3482 666; x_wconf 81' lang='lat' dir='ltr'><strong>nteant</strong></span> <span class='ocrx_word' id='word_1_509' title='bbox 3515 589 3575 670; x_wconf 75' lang='lat' dir='ltr'><strong>de</strong></span> <span class='ocrx_word' id='word_1_510' title='bbox 3601 634 3733 678; x_wconf 70' lang='lat' dir='ltr'><strong>morte</strong></span> 
     </span>
    </p>
   </div>
   <div class='ocr_carea' id='block_1_63' title="bbox 2176 669 3752 780">
    <p class='ocr_par' dir='ltr' id='par_1_63' title="bbox 2176 669 3752 780">
     <span class='ocr_line' id='line_1_63' title="bbox 2176 669 3752 780; baseline 0.023 -47"><span class='ocrx_word' id='word_1_511' title='bbox 2176 684 2348 780; x_wconf 78' lang='lat' dir='ltr'><strong>oculos</strong></span> <span class='ocrx_word' id='word_1_512' title='bbox 2391 699 2525 739; x_wconf 78' lang='lat' dir='ltr'><strong>meos</strong></span> <span class='ocrx_word' id='word_1_513' title='bbox 2571 703 2604 739; x_wconf 92' lang='lat' dir='ltr'><strong>a</strong></span> <span class='ocrx_word' id='word_1_514' title='bbox 2646 687 2904 761; x_wconf 81' lang='lat' dir='ltr'><strong>lacrymis,</strong></span> <span class='ocrx_word' id='word_1_515' title='bbox 2937 704 2979 746; x_wconf 82' lang='lat' dir='ltr'><strong>et</strong></span> <span class='ocrx_word' id='word_1_516' title='bbox 3006 697 3177 762; x_wconf 72' lang='lat' dir='ltr'><strong>pedes</strong></span> <span class='ocrx_word' id='word_1_517' title='bbox 3198 717 3348 755; x_wconf 80' lang='lat' dir='ltr'><strong>meos</strong></span> <span class='ocrx_word' id='word_1_518' title='bbox 3398 706 3466 758; x_wconf 80' lang='lat' dir='ltr'><strong>de</strong></span> <span class='ocrx_word' id='word_1_519' title='bbox 3510 669 3752 780; x_wconf 34' lang='lat' dir='ltr'><strong>lapsu-ivit;</strong></span> 
     </span>
    </p>
   </div>
   <div class='ocr_carea' id='block_1_64' title="bbox 2176 757 3753 866">
    <p class='ocr_par' dir='ltr' id='par_1_64' title="bbox 2176 757 3753 866">
     <span class='ocr_line' id='line_1_64' title="bbox 2176 757 3753 866; baseline 0.023 -39"><span class='ocrx_word' id='word_1_520' title='bbox 2176 777 2401 848; x_wconf 78' lang='lat' dir='ltr'><strong>placeam</strong></span> <span class='ocrx_word' id='word_1_521' title='bbox 2445 795 2616 834; x_wconf 81' lang='lat' dir='ltr'><strong>coram</strong></span> <span class='ocrx_word' id='word_1_522' title='bbox 2657 780 2767 837; x_wconf 87' lang='lat' dir='ltr'><strong>Deo</strong></span> <span class='ocrx_word' id='word_1_523' title='bbox 2815 787 2866 839; x_wconf 88' lang='lat' dir='ltr'><strong>in</strong></span> <span class='ocrx_word' id='word_1_524' title='bbox 2900 785 3087 844; x_wconf 83' lang='lat' dir='ltr'><strong>lumine</strong></span> <span class='ocrx_word' id='word_1_525' title='bbox 3129 793 3435 852; x_wconf 74' lang='lat' dir='ltr'><strong>virentium.</strong></span> <span class='ocrx_word' id='word_1_526' title='bbox 3469 757 3753 866; x_wconf 60' lang='lat' dir='ltr'><strong>Merritoiidi;</strong></span> 
     </span>
    </p>
   </div>
   <div class='ocr_carea' id='block_1_65' title="bbox 2175 870 3754 964">
    <p class='ocr_par' dir='ltr' id='par_1_65' title="bbox 2175 870 3754 964">
     <span class='ocr_line' id='line_1_65' title="bbox 2175 870 3754 964; baseline 0.02 -42"><span class='ocrx_word' id='word_1_527' title='bbox 2175 870 2349 940; x_wconf 84' lang='lat' dir='ltr'><strong>placet</strong></span> <span class='ocrx_word' id='word_1_528' title='bbox 2393 871 2514 926; x_wconf 83' lang='lat' dir='ltr'><strong>ﬁliis</strong></span> <span class='ocrx_word' id='word_1_529' title='bbox 2561 875 2747 930; x_wconf 88' lang='lat' dir='ltr'><strong>alienis</strong></span> <span class='ocrx_word' id='word_1_530' title='bbox 2800 876 2955 949; x_wconf 83' lang='lat' dir='ltr'><strong>longe</strong></span> <span class='ocrx_word' id='word_1_531' title='bbox 3003 881 3156 938; x_wconf 81' lang='lat' dir='ltr'><strong>factis</strong></span> <span class='ocrx_word' id='word_1_532' title='bbox 3191 903 3219 939; x_wconf 89' lang='lat' dir='ltr'><strong>a</strong></span> <span class='ocrx_word' id='word_1_533' title='bbox 3260 892 3502 958; x_wconf 87' lang='lat' dir='ltr'><strong>sanctis,</strong></span> <span class='ocrx_word' id='word_1_534' title='bbox 3531 897 3644 964; x_wconf 84' lang='lat' dir='ltr'><strong>quia</strong></span> <span class='ocrx_word' id='word_1_535' title='bbox 3671 917 3754 959; x_wconf 84' lang='lat' dir='ltr'><strong>nou</strong></span> 
     </span>
    </p>
   </div>
   <div class='ocr_carea' id='block_1_66' title="bbox 2178 964 3758 1056">
    <p class='ocr_par' dir='ltr' id='par_1_66' title="bbox 2178 964 3758 1056">
     <span class='ocr_line' id='line_1_66' title="bbox 2178 964 3758 1056; baseline 0.018 -38"><span class='ocrx_word' id='word_1_536' title='bbox 2178 964 2375 1020; x_wconf 83' lang='lat' dir='ltr'><strong>habent</strong></span> <span class='ocrx_word' id='word_1_537' title='bbox 2426 967 2605 1023; x_wconf 84' lang='lat' dir='ltr'><strong>lumen</strong></span> <span class='ocrx_word' id='word_1_538' title='bbox 2659 971 2970 1039; x_wconf 80' lang='lat' dir='ltr'><strong>viventium,</strong></span> <span class='ocrx_word' id='word_1_539' title='bbox 3019 977 3158 1034; x_wconf 89' lang='lat' dir='ltr'><strong>unde</strong></span> <span class='ocrx_word' id='word_1_540' title='bbox 3203 981 3443 1038; x_wconf 83' lang='lat' dir='ltr'><strong>videant</strong></span> <span class='ocrx_word' id='word_1_541' title='bbox 3492 990 3629 1056; x_wconf 89' lang='lat' dir='ltr'><strong>quod</strong></span> <span class='ocrx_word' id='word_1_542' title='bbox 3671 993 3758 1049; x_wconf 86' lang='lat' dir='ltr'><strong>Deo</strong></span> 
     </span>
    </p>
   </div>
   <div class='ocr_carea' id='block_1_67' title="bbox 2175 1057 3770 1140">
    <p class='ocr_par' dir='ltr' id='par_1_67' title="bbox 2175 1057 3770 1140">
     <span class='ocr_line' id='line_1_67' title="bbox 2175 1057 3770 1140; baseline 0.018 -28"><span class='ocrx_word' id='word_1_543' title='bbox 2175 1061 2366 1131; x_wconf 89' lang='lat' dir='ltr'><strong>placet.</strong></span> <span class='ocrx_word' id='word_1_544' title='bbox 2409 1061 2615 1118; x_wconf 87' lang='lat' dir='ltr'><strong>Lumen</strong></span> <span class='ocrx_word' id='word_1_545' title='bbox 2662 1066 2952 1123; x_wconf 80' lang='lat' dir='ltr'><strong>viventium</strong></span> <span class='ocrx_word' id='word_1_546' title='bbox 2995 1079 3078 1125; x_wconf 90' lang='lat' dir='ltr'><strong>est</strong></span> <span class='ocrx_word' id='word_1_547' title='bbox 3130 1072 3317 1128; x_wconf 90' lang='lat' dir='ltr'><strong>lumen</strong></span> <span class='ocrx_word' id='word_1_548' title='bbox 3380 1057 3770 1140; x_wconf 17' lang='lat' dir='ltr'><strong>immortalium;</strong></span> 
     </span>
    </p>
   </div>
   <div class='ocr_carea' id='block_1_68' title="bbox 2176 1133 3757 1242">
    <p class='ocr_par' dir='ltr' id='par_1_68' title="bbox 2176 1133 3757 1242">
     <span class='ocr_line' id='line_1_68' title="bbox 2176 1133 3757 1242; baseline 0.016 -33"><span class='ocrx_word' id='word_1_549' title='bbox 2176 1154 2358 1210; x_wconf 85' lang='lat' dir='ltr'><strong>lumen</strong></span> <span class='ocrx_word' id='word_1_550' title='bbox 2388 1167 2718 1213; x_wconf 85' lang='lat' dir='ltr'><strong>sanctorum.</strong></span> <span class='ocrx_word' id='word_1_551' title='bbox 2749 1160 2848 1228; x_wconf 90' lang='lat' dir='ltr'><strong>Qui</strong></span> <span class='ocrx_word' id='word_1_552' title='bbox 2879 1179 2980 1217; x_wconf 90' lang='lat' dir='ltr'><strong>non</strong></span> <span class='ocrx_word' id='word_1_553' title='bbox 3011 1175 3094 1219; x_wconf 84' lang='lat' dir='ltr'><strong>est</strong></span> <span class='ocrx_word' id='word_1_554' title='bbox 3137 1166 3187 1220; x_wconf 86' lang='lat' dir='ltr'><strong>in</strong></span> <span class='ocrx_word' id='word_1_555' title='bbox 3222 1169 3500 1238; x_wconf 79' lang='lat' dir='ltr'><strong>tenebris,</strong></span> <span class='ocrx_word' id='word_1_556' title='bbox 3535 1133 3757 1242; x_wconf 78' lang='lat' dir='ltr'><strong>placet</strong></span> 
     </span>
    </p>
   </div>
   <div class='ocr_carea' id='block_1_69' title="bbox 2177 1246 3757 1336">
    <p class='ocr_par' dir='ltr' id='par_1_69' title="bbox 2177 1246 3757 1336">
     <span class='ocr_line' id='line_1_69' title="bbox 2177 1246 3757 1336; baseline 0.016 -37"><span class='ocrx_word' id='word_1_557' title='bbox 2177 1246 2375 1303; x_wconf 83' lang='lat' dir='ltr'><strong>lumine</strong></span> <span class='ocrx_word' id='word_1_558' title='bbox 2401 1250 2711 1306; x_wconf 81' lang='lat' dir='ltr'><strong>viventium.</strong></span> <span class='ocrx_word' id='word_1_559' title='bbox 2737 1253 3044 1309; x_wconf 85' lang='lat' dir='ltr'><strong>Attenditur</strong></span> <span class='ocrx_word' id='word_1_560' title='bbox 3071 1256 3230 1311; x_wconf 89' lang='lat' dir='ltr'><strong>homo</strong></span> <span class='ocrx_word' id='word_1_561' title='bbox 3262 1270 3323 1315; x_wconf 90' lang='lat' dir='ltr'><strong>et</strong></span> <span class='ocrx_word' id='word_1_562' title='bbox 3366 1277 3434 1316; x_wconf 82' lang='lat' dir='ltr'><strong>ea</strong></span> <span class='ocrx_word' id='word_1_563' title='bbox 3477 1279 3596 1334; x_wconf 72' lang='lat' dir='ltr'><strong>qua:</strong></span> <span class='ocrx_word' id='word_1_564' title='bbox 3623 1267 3757 1336; x_wconf 86' lang='lat' dir='ltr'><strong>ipsius</strong></span> 
     </span>
    </p>
   </div>
   <div class='ocr_carea' id='block_1_70' title="bbox 2176 1345 3758 1431">
    <p class='ocr_par' dir='ltr' id='par_1_70' title="bbox 2176 1345 3758 1431">
     <span class='ocr_line' id='line_1_70' title="bbox 2176 1345 3758 1431; baseline 0.008 -38"><span class='ocrx_word' id='word_1_565' title='bbox 2176 1350 2320 1403; x_wconf 83' lang='lat' dir='ltr'><strong>sunt,</strong></span> <span class='ocrx_word' id='word_1_566' title='bbox 2351 1356 2508 1431; x_wconf 88' lang='lat' dir='ltr'><strong>nemo</strong></span> <span class='ocrx_word' id='word_1_567' title='bbox 2535 1345 2634 1396; x_wconf 88' lang='lat' dir='ltr'><strong>scit</strong></span> <span class='ocrx_word' id='word_1_568' title='bbox 2663 1346 2834 1414; x_wconf 90' lang='lat' dir='ltr'><strong>qualis</strong></span> <span class='ocrx_word' id='word_1_569' title='bbox 2864 1358 2943 1400; x_wconf 90' lang='lat' dir='ltr'><strong>est</strong></span> <span class='ocrx_word' id='word_1_570' title='bbox 2969 1365 2984 1402; x_wconf 87' lang='lat'><strong>:</strong></span> <span class='ocrx_word' id='word_1_571' title='bbox 3011 1347 3148 1403; x_wconf 90' lang='lat' dir='ltr'><strong>Deus</strong></span> <span class='ocrx_word' id='word_1_572' title='bbox 3171 1351 3321 1406; x_wconf 81' lang='lat' dir='ltr'><strong>videt</strong></span> <span class='ocrx_word' id='word_1_573' title='bbox 3345 1356 3526 1423; x_wconf 84' lang='lat' dir='ltr'><strong>qualis</strong></span> <span class='ocrx_word' id='word_1_574' title='bbox 3555 1368 3649 1418; x_wconf 86' lang='lat' dir='ltr'><strong>est.</strong></span> <span class='ocrx_word' id='word_1_575' title='bbox 3672 1363 3758 1416; x_wconf 77' lang='lat' dir='ltr'><strong>Ali.</strong></span> 
     </span>
    </p>
   </div>
   <div class='ocr_carea' id='block_1_71' title="bbox 2177 1428 3757 1509">
    <p class='ocr_par' dir='ltr' id='par_1_71' title="bbox 2177 1428 3757 1509">
     <span class='ocr_line' id='line_1_71' title="bbox 2177 1428 3757 1509; baseline 0.015 -27"><span class='ocrx_word' id='word_1_576' title='bbox 2177 1432 2388 1501; x_wconf 87' lang='lat' dir='ltr'><strong>quando</strong></span> <span class='ocrx_word' id='word_1_577' title='bbox 2418 1428 2672 1504; x_wconf 44' lang='lat' dir='ltr'><strong>et&#39;ipsum</strong></span> <span class='ocrx_word' id='word_1_578' title='bbox 2701 1436 2968 1492; x_wconf 73' lang='lat' dir='ltr'><strong>diabolum</strong></span> <span class='ocrx_word' id='word_1_579' title='bbox 2999 1439 3123 1494; x_wconf 87' lang='lat' dir='ltr'><strong>latet</strong></span> <span class='ocrx_word' id='word_1_580' title='bbox 3149 1458 3163 1507; x_wconf 91' lang='lat'><strong>;</strong></span> <span class='ocrx_word' id='word_1_581' title='bbox 3197 1443 3305 1497; x_wconf 83' lang='lat' dir='ltr'><strong>nisi</strong></span> <span class='ocrx_word' id='word_1_582' title='bbox 3340 1454 3540 1509; x_wconf 86' lang='lat' dir='ltr'><strong>tentet,</strong></span> <span class='ocrx_word' id='word_1_583' title='bbox 3571 1428 3667 1504; x_wconf 87' lang='lat' dir='ltr'><strong>non</strong></span> <span class='ocrx_word' id='word_1_584' title='bbox 3694 1451 3757 1506; x_wconf 85' lang='lat' dir='ltr'><strong>in-</strong></span> 
     </span>
    </p>
   </div>
   <div class='ocr_carea' id='block_1_72' title="bbox 2177 1525 3763 1602">
    <p class='ocr_par' dir='ltr' id='par_1_72' title="bbox 2177 1525 3763 1602">
     <span class='ocr_line' id='line_1_72' title="bbox 2177 1525 3763 1602; baseline 0.016 -27"><span class='ocrx_word' id='word_1_585' title='bbox 2177 1525 2322 1579; x_wconf 72' lang='lat' dir='ltr'><strong>venit</strong></span> <span class='ocrx_word' id='word_1_586' title='bbox 2353 1525 2489 1580; x_wconf 85' lang='lat' dir='ltr'><strong>sicut</strong></span> <span class='ocrx_word' id='word_1_587' title='bbox 2529 1528 2597 1582; x_wconf 92' lang='lat' dir='ltr'><strong>de</strong></span> <span class='ocrx_word' id='word_1_588' title='bbox 2642 1529 2742 1583; x_wconf 88' lang='lat' dir='ltr'><strong>isto</strong></span> <span class='ocrx_word' id='word_1_589' title='bbox 2782 1530 2896 1585; x_wconf 89' lang='lat' dir='ltr'><strong>viro</strong></span> <span class='ocrx_word' id='word_1_590' title='bbox 2932 1549 3090 1602; x_wconf 90' lang='lat' dir='ltr'><strong>quem</strong></span> <span class='ocrx_word' id='word_1_591' title='bbox 3129 1537 3293 1590; x_wconf 83' lang='lat' dir='ltr'><strong>modo</strong></span> <span class='ocrx_word' id='word_1_592' title='bbox 3336 1547 3763 1601; x_wconf 77' lang='lat' dir='ltr'><strong>commemoravi.‘</strong></span> 
     </span>
    </p>
   </div>
   <div class='ocr_carea' id='block_1_73' title="bbox 2178 1619 3753 1703">
    <p class='ocr_par' dir='ltr' id='par_1_73' title="bbox 2178 1619 3753 1703">
     <span class='ocr_line' id='line_1_73' title="bbox 2178 1619 3753 1703; baseline 0.012 -28"><span class='ocrx_word' id='word_1_593' title='bbox 2178 1619 2408 1676; x_wconf 84' lang='lat' dir='ltr'><strong>Noverat</strong></span> <span class='ocrx_word' id='word_1_594' title='bbox 2451 1638 2568 1676; x_wconf 88' lang='lat' dir='ltr'><strong>cum</strong></span> <span class='ocrx_word' id='word_1_595' title='bbox 2614 1623 2776 1688; x_wconf 86' lang='lat' dir='ltr'><strong>Deus,</strong></span> <span class='ocrx_word' id='word_1_596' title='bbox 2809 1633 2877 1682; x_wconf 74' lang='lat' dir='ltr'><strong>et‘</strong></span> <span class='ocrx_word' id='word_1_597' title='bbox 2907 1627 2953 1682; x_wconf 88' lang='lat' dir='ltr'><strong>ei</strong></span> <span class='ocrx_word' id='word_1_598' title='bbox 3003 1630 3378 1686; x_wconf 75' lang='lat' dir='ltr'><strong>testimonium</strong></span> <span class='ocrx_word' id='word_1_599' title='bbox 3431 1635 3753 1703; x_wconf 72' lang='lat' dir='ltr'><strong>perhibebat:</strong></span> 
     </span>
    </p>
   </div>
   <div class='ocr_carea' id='block_1_74' title="bbox 2178 1709 3753 1798">
    <p class='ocr_par' dir='ltr' id='par_1_74' title="bbox 2178 1709 3753 1798">
     <span class='ocr_line' id='line_1_74' title="bbox 2178 1709 3753 1798; baseline 0.011 -30"><span class='ocrx_word' id='word_1_600' title='bbox 2178 1711 2420 1768; x_wconf 86' lang='lat' dir='ltr'><strong>diabolus</strong></span> <span class='ocrx_word' id='word_1_601' title='bbox 2448 1729 2566 1769; x_wconf 88' lang='lat' dir='ltr'><strong>eum</strong></span> <span class='ocrx_word' id='word_1_602' title='bbox 2595 1729 2698 1768; x_wconf 87' lang='lat' dir='ltr'><strong>non</strong></span> <span class='ocrx_word' id='word_1_603' title='bbox 2733 1728 2970 1786; x_wconf 78' lang='lat' dir='ltr'><strong>noverat,</strong></span> <span class='ocrx_word' id='word_1_604' title='bbox 3001 1729 3054 1774; x_wconf 79' lang='lat' dir='ltr'><strong>et</strong></span> <span class='ocrx_word' id='word_1_605' title='bbox 3085 1720 3204 1777; x_wconf 89' lang='lat' dir='ltr'><strong>ideo</strong></span> <span class='ocrx_word' id='word_1_606' title='bbox 3228 1709 3492 1790; x_wconf 83' lang='lat' dir='ltr'><strong>dixerat,</strong></span> <span class='ocrx_word' id='word_1_607' title='bbox 3523 1725 3753 1798; x_wconf 79' lang='lat' dir='ltr'><strong>Numquid</strong></span> 
     </span>
    </p>
   </div>
   <div class='ocr_carea' id='block_1_75' title="bbox 2176 1805 3754 1890">
    <p class='ocr_par' dir='ltr' id='par_1_75' title="bbox 2176 1805 3754 1890">
     <span class='ocr_line' id='line_1_75' title="bbox 2176 1805 3754 1890; baseline 0.012 -31"><span class='ocrx_word' id='word_1_608' title='bbox 2176 1805 2276 1860; x_wconf 79' lang='lat' dir='ltr'><strong>Job</strong></span> <span class='ocrx_word' id='word_1_609' title='bbox 2304 1808 2460 1878; x_wconf 86' lang='lat' dir='ltr'><strong>gratis</strong></span> <span class='ocrx_word' id='word_1_610' title='bbox 2489 1809 2605 1861; x_wconf 81' lang='lat' dir='ltr'><strong>colit</strong></span> <span class='ocrx_word' id='word_1_611' title='bbox 2632 1807 2796 1863; x_wconf 85' lang='lat' dir='ltr'><strong>Deum</strong></span> <span class='ocrx_word' id='word_1_612' title='bbox 2825 1810 2946 1880; x_wconf 84' lang='lat' dir='ltr'><strong>(Job</strong></span> <span class='ocrx_word' id='word_1_613' title='bbox 2994 1828 3031 1878; x_wconf 86' lang='grc' dir='ltr'>ι,</span> <span class='ocrx_word' id='word_1_614' title='bbox 3055 1814 3149 1885; x_wconf 84' lang='lat'><strong>9)?</strong></span> <span class='ocrx_word' id='word_1_615' title='bbox 3179 1815 3375 1872; x_wconf 79' lang='lat' dir='ltr'><strong>Videte</strong></span> <span class='ocrx_word' id='word_1_616' title='bbox 3403 1834 3515 1888; x_wconf 91' lang='lat' dir='ltr'><strong>quo</strong></span> <span class='ocrx_word' id='word_1_617' title='bbox 3537 1833 3754 1890; x_wconf 76' lang='lat' dir='ltr'><strong>provocat</strong></span> 
     </span>
    </p>
   </div>
   <div class='ocr_carea' id='block_1_76' title="bbox 2179 1901 3748 1979">
    <p class='ocr_par' dir='ltr' id='par_1_76' title="bbox 2179 1901 3748 1979">
     <span class='ocr_line' id='line_1_76' title="bbox 2179 1901 3748 1979; baseline 0.01 -24"><span class='ocrx_word' id='word_1_618' title='bbox 2179 1902 2424 1955; x_wconf 83' lang='lat' dir='ltr'><strong>inimicus</strong></span> <span class='ocrx_word' id='word_1_619' title='bbox 2452 1901 2549 1956; x_wconf 87' lang='lat' dir='ltr'><strong>:ibi</strong></span> <span class='ocrx_word' id='word_1_620' title='bbox 2571 1904 2935 1972; x_wconf 76' lang='lat' dir='ltr'><strong>perfectioest.</strong></span> <span class='ocrx_word' id='word_1_621' title='bbox 2963 1906 3272 1978; x_wconf 75' lang='lat' dir='ltr'><strong>Videleqnid</strong></span> <span class='ocrx_word' id='word_1_622' title='bbox 3294 1911 3491 1979; x_wconf 81' lang='lat' dir='ltr'><strong>objicit</strong></span> <span class='ocrx_word' id='word_1_623' title='bbox 3517 1914 3748 1971; x_wconf 83' lang='lat' dir='ltr'><strong>inimicus.</strong></span> 
     </span>
    </p>
   </div>
   <div class='ocr_carea' id='block_1_77' title="bbox 2180 1992 3751 2066">
    <p class='ocr_par' dir='ltr' id='par_1_77' title="bbox 2180 1992 3751 2066">
     <span class='ocr_line' id='line_1_77' title="bbox 2180 1992 3751 2066; baseline 0.011 -19"><span class='ocrx_word' id='word_1_624' title='bbox 2180 1992 2402 2048; x_wconf 72' lang='lat' dir='ltr'><strong>Videbat</strong></span> <span class='ocrx_word' id='word_1_625' title='bbox 2433 1993 2702 2050; x_wconf 85' lang='lat' dir='ltr'><strong>hominem</strong></span> <span class='ocrx_word' id='word_1_626' title='bbox 2736 1998 2843 2052; x_wconf 84' lang='lat' dir='ltr'><strong>Deo</strong></span> <span class='ocrx_word' id='word_1_627' title='bbox 2870 2002 3211 2064; x_wconf 77' lang='lat' dir='ltr'><strong>servientem,</strong></span> <span class='ocrx_word' id='word_1_628' title='bbox 3245 2002 3301 2058; x_wconf 89' lang='lat' dir='ltr'><strong>in</strong></span> <span class='ocrx_word' id='word_1_629' title='bbox 3343 2006 3594 2061; x_wconf 83' lang='lat' dir='ltr'><strong>omnibus</strong></span> <span class='ocrx_word' id='word_1_630' title='bbox 3627 2010 3751 2066; x_wconf 87' lang='lat' dir='ltr'><strong>obse-</strong></span> 
     </span>
    </p>
   </div>
   <div class='ocr_carea' id='block_1_78' title="bbox 2177 2088 3748 2166">
    <p class='ocr_par' dir='ltr' id='par_1_78' title="bbox 2177 2088 3748 2166">
     <span class='ocr_line' id='line_1_78' title="bbox 2177 2088 3748 2166; baseline 0.015 -32"><span class='ocrx_word' id='word_1_631' title='bbox 2177 2096 2450 2155; x_wconf 88' lang='lat' dir='ltr'><strong>quentem,</strong></span> <span class='ocrx_word' id='word_1_632' title='bbox 2484 2088 2659 2142; x_wconf 78' lang='lat' dir='ltr'><strong>oninia</strong></span> <span class='ocrx_word' id='word_1_633' title='bbox 2690 2089 2826 2144; x_wconf 85' lang='lat' dir='ltr'><strong>bene</strong></span> <span class='ocrx_word' id='word_1_634' title='bbox 2863 2101 3171 2160; x_wconf 84' lang='lat' dir='ltr'><strong>operantem</strong></span> <span class='ocrx_word' id='word_1_635' title='bbox 3199 2112 3213 2158; x_wconf 88' lang='lat'>;</span> <span class='ocrx_word' id='word_1_636' title='bbox 3244 2107 3298 2149; x_wconf 90' lang='lat' dir='ltr'><strong>et</strong></span> <span class='ocrx_word' id='word_1_637' title='bbox 3329 2099 3458 2166; x_wconf 87' lang='lat' dir='ltr'><strong>quia</strong></span> <span class='ocrx_word' id='word_1_638' title='bbox 3492 2100 3633 2156; x_wconf 73' lang='lat' dir='ltr'><strong>dires</strong></span> <span class='ocrx_word' id='word_1_639' title='bbox 3659 2113 3748 2158; x_wconf 70' lang='lat' dir='ltr'><strong>erat</strong></span> 
     </span>
    </p>
   </div>
   <div class='ocr_carea' id='block_1_79' title="bbox 2179 2173 3742 2258">
    <p class='ocr_par' dir='ltr' id='par_1_79' title="bbox 2179 2173 3742 2258">
     <span class='ocr_line' id='line_1_79' title="bbox 2179 2173 3742 2258; baseline 0.01 -28"><span class='ocrx_word' id='word_1_640' title='bbox 2179 2186 2234 2230; x_wconf 87' lang='lat' dir='ltr'><strong>et</strong></span> <span class='ocrx_word' id='word_1_641' title='bbox 2256 2173 2559 2231; x_wconf 81' lang='lat' dir='ltr'><strong>felicissima</strong></span> <span class='ocrx_word' id='word_1_642' title='bbox 2582 2179 2792 2244; x_wconf 68' lang='lat' dir='ltr'><strong>domus,</strong></span> <span class='ocrx_word' id='word_1_643' title='bbox 2820 2181 2919 2235; x_wconf 90' lang='lat' dir='ltr'><strong>hoc</strong></span> <span class='ocrx_word' id='word_1_644' title='bbox 2941 2183 3122 2251; x_wconf 80' lang='lat' dir='ltr'><strong>objicit</strong></span> <span class='ocrx_word' id='word_1_645' title='bbox 3142 2187 3263 2254; x_wconf 87' lang='lat' dir='ltr'><strong>quia</strong></span> <span class='ocrx_word' id='word_1_646' title='bbox 3297 2188 3424 2241; x_wconf 87' lang='lat' dir='ltr'><strong>ideo</strong></span> <span class='ocrx_word' id='word_1_647' title='bbox 3447 2190 3742 2258; x_wconf 84' lang='lat' dir='ltr'><strong>colitDeum,</strong></span> 
     </span>
    </p>
   </div>
   <div class='ocr_carea' id='block_1_80' title="bbox 2178 2268 3745 2354">
    <p class='ocr_par' dir='ltr' id='par_1_80' title="bbox 2178 2268 3745 2354">
     <span class='ocr_line' id='line_1_80' title="bbox 2178 2268 3745 2354; baseline 0.013 -37"><span class='ocrx_word' id='word_1_648' title='bbox 2178 2268 2426 2336; x_wconf 85' lang='lat' dir='ltr'><strong>quoniam</strong></span> <span class='ocrx_word' id='word_1_649' title='bbox 2471 2270 2616 2324; x_wconf 87' lang='lat' dir='ltr'><strong>dedit</strong></span> <span class='ocrx_word' id='word_1_650' title='bbox 2655 2271 2726 2324; x_wconf 87' lang='lat' dir='ltr'><strong>illi</strong></span> <span class='ocrx_word' id='word_1_651' title='bbox 2773 2271 2884 2326; x_wconf 63' lang='lat' dir='ltr'><strong>hcce</strong></span> <span class='ocrx_word' id='word_1_652' title='bbox 2923 2277 3138 2329; x_wconf 90' lang='lat' dir='ltr'><strong>omnia:</strong></span> <span class='ocrx_word' id='word_1_653' title='bbox 3168 2277 3445 2349; x_wconf 83' lang='lat' dir='ltr'><strong>Numquid</strong></span> <span class='ocrx_word' id='word_1_654' title='bbox 3485 2281 3582 2336; x_wconf 83' lang='lat' dir='ltr'><strong>Job</strong></span> <span class='ocrx_word' id='word_1_655' title='bbox 3620 2287 3745 2354; x_wconf 72' lang='lat' dir='ltr'><strong>gratis</strong></span> 
     </span>
    </p>
   </div>
   <div class='ocr_carea' id='block_1_81' title="bbox 2178 2361 3741 2440">
    <p class='ocr_par' dir='ltr' id='par_1_81' title="bbox 2178 2361 3741 2440">
     <span class='ocr_line' id='line_1_81' title="bbox 2178 2361 3741 2440; baseline 0.01 -23"><span class='ocrx_word' id='word_1_656' title='bbox 2178 2361 2299 2417; x_wconf 84' lang='lat' dir='ltr'><strong>colit</strong></span> <span class='ocrx_word' id='word_1_657' title='bbox 2319 2363 2520 2419; x_wconf 80' lang='lat' dir='ltr'><strong>Deum?</strong></span> <span class='ocrx_word' id='word_1_658' title='bbox 2547 2364 2656 2419; x_wconf 86' lang='lat' dir='ltr'><strong>Hoc</strong></span> <span class='ocrx_word' id='word_1_659' title='bbox 2682 2366 2823 2420; x_wconf 87' lang='lat' dir='ltr'><strong>enim</strong></span> <span class='ocrx_word' id='word_1_660' title='bbox 2852 2377 2966 2422; x_wconf 86' lang='lat' dir='ltr'><strong>erat</strong></span> <span class='ocrx_word' id='word_1_661' title='bbox 2993 2385 3171 2424; x_wconf 86' lang='lat' dir='ltr'><strong>verum</strong></span> <span class='ocrx_word' id='word_1_662' title='bbox 3214 2372 3427 2440; x_wconf 87' lang='lat' dir='ltr'><strong>lumen,</strong></span> <span class='ocrx_word' id='word_1_663' title='bbox 3467 2375 3565 2430; x_wconf 87' lang='lat' dir='ltr'><strong>hoc</strong></span> <span class='ocrx_word' id='word_1_664' title='bbox 3601 2378 3741 2433; x_wconf 83' lang='lat' dir='ltr'><strong>ltnnen</strong></span> 
     </span>
    </p>
   </div>
   <div class='ocr_carea' id='block_1_82' title="bbox 2178 2457 3740 2528">
    <p class='ocr_par' dir='ltr' id='par_1_82' title="bbox 2178 2457 3740 2528">
     <span class='ocr_line' id='line_1_82' title="bbox 2178 2457 3740 2528; baseline 0.011 -19"><span class='ocrx_word' id='word_1_665' title='bbox 2178 2457 2488 2522; x_wconf 83' lang='lat' dir='ltr'><strong>viventium,</strong></span> <span class='ocrx_word' id='word_1_666' title='bbox 2533 2467 2588 2511; x_wconf 90' lang='lat' dir='ltr'><strong>ut</strong></span> <span class='ocrx_word' id='word_1_667' title='bbox 2633 2459 2797 2528; x_wconf 79' lang='lat' dir='ltr'><strong>gratis</strong></span> <span class='ocrx_word' id='word_1_668' title='bbox 2844 2461 3042 2515; x_wconf 88' lang='lat' dir='ltr'><strong>coleret</strong></span> <span class='ocrx_word' id='word_1_669' title='bbox 3083 2461 3273 2518; x_wconf 89' lang='lat' dir='ltr'><strong>Deum.</strong></span> <span class='ocrx_word' id='word_1_670' title='bbox 3304 2466 3451 2522; x_wconf 86' lang='lat' dir='ltr'><strong>Deus</strong></span> <span class='ocrx_word' id='word_1_671' title='bbox 3479 2469 3673 2524; x_wconf 82' lang='lat' dir='ltr'><strong>videbat</strong></span> <span class='ocrx_word' id='word_1_672' title='bbox 3702 2472 3740 2526; x_wconf 89' lang='lat' dir='ltr'><strong>in</strong></span> 
     </span>
    </p>
   </div>
   <div class='ocr_carea' id='block_1_83' title="bbox 2176 2548 3742 2634">
    <p class='ocr_par' dir='ltr' id='par_1_83' title="bbox 2176 2548 3742 2634">
     <span class='ocr_line' id='line_1_83' title="bbox 2176 2548 3742 2634; baseline 0.008 -30"><span class='ocrx_word' id='word_1_673' title='bbox 2176 2548 2340 2604; x_wconf 87' lang='lat' dir='ltr'><strong>corde</strong></span> <span class='ocrx_word' id='word_1_674' title='bbox 2391 2551 2528 2603; x_wconf 60' lang='lat' dir='ltr'><strong>servi</strong></span> <span class='ocrx_word' id='word_1_675' title='bbox 2579 2549 2661 2604; x_wconf 87' lang='lat' dir='ltr'><strong>sui</strong></span> <span class='ocrx_word' id='word_1_676' title='bbox 2716 2550 2917 2604; x_wconf 87' lang='lat' dir='ltr'><strong>cultum</strong></span> <span class='ocrx_word' id='word_1_677' title='bbox 2975 2567 3126 2607; x_wconf 89' lang='lat' dir='ltr'><strong>suum</strong></span> <span class='ocrx_word' id='word_1_678' title='bbox 3176 2559 3498 2634; x_wconf 77' lang='lat' dir='ltr'><strong>gratuitum.</strong></span> <span class='ocrx_word' id='word_1_679' title='bbox 3535 2559 3742 2617; x_wconf 74' lang='lat' dir='ltr'><strong>Placebat</strong></span> 
     </span>
    </p>
   </div>
   <div class='ocr_carea' id='block_1_84' title="bbox 2177 2640 3739 2713">
    <p class='ocr_par' dir='ltr' id='par_1_84' title="bbox 2177 2640 3739 2713">
     <span class='ocr_line' id='line_1_84' title="bbox 2177 2640 3739 2713; baseline 0.006 -17"><span class='ocrx_word' id='word_1_680' title='bbox 2177 2642 2318 2696; x_wconf 86' lang='lat' dir='ltr'><strong>enim</strong></span> <span class='ocrx_word' id='word_1_681' title='bbox 2347 2640 2472 2694; x_wconf 89' lang='lat' dir='ltr'><strong>illud</strong></span> <span class='ocrx_word' id='word_1_682' title='bbox 2502 2657 2595 2695; x_wconf 71' lang='lat' dir='ltr'><strong>cur</strong></span> <span class='ocrx_word' id='word_1_683' title='bbox 2620 2641 2671 2694; x_wconf 92' lang='lat' dir='ltr'><strong>in</strong></span> <span class='ocrx_word' id='word_1_684' title='bbox 2694 2653 2982 2712; x_wconf 59' lang='lat' dir='ltr'><strong>conspectu</strong></span> <span class='ocrx_word' id='word_1_685' title='bbox 3016 2645 3244 2713; x_wconf 86' lang='lat' dir='ltr'><strong>Domini,</strong></span> <span class='ocrx_word' id='word_1_686' title='bbox 3271 2650 3325 2702; x_wconf 90' lang='lat' dir='ltr'><strong>in</strong></span> <span class='ocrx_word' id='word_1_687' title='bbox 3363 2649 3562 2704; x_wconf 88' lang='lat' dir='ltr'><strong>lumine</strong></span> <span class='ocrx_word' id='word_1_688' title='bbox 3589 2655 3739 2706; x_wconf 84' lang='lat' dir='ltr'><strong>viven-</strong></span> 
     </span>
    </p>
   </div>
   <div class='ocr_carea' id='block_1_85' title="bbox 2177 2732 3739 2804">
    <p class='ocr_par' dir='ltr' id='par_1_85' title="bbox 2177 2732 3739 2804">
     <span class='ocr_line' id='line_1_85' title="bbox 2177 2732 3739 2804; baseline 0.005 -15"><span class='ocrx_word' id='word_1_689' title='bbox 2177 2735 2307 2789; x_wconf 88' lang='lat' dir='ltr'><strong>tium</strong></span> <span class='ocrx_word' id='word_1_690' title='bbox 2333 2752 2345 2788; x_wconf 94' lang='lat'>:</span> <span class='ocrx_word' id='word_1_691' title='bbox 2372 2732 2638 2787; x_wconf 87' lang='lat' dir='ltr'><strong>diabolum</strong></span> <span class='ocrx_word' id='word_1_692' title='bbox 2673 2733 2887 2799; x_wconf 86' lang='lat' dir='ltr'><strong>latebat,</strong></span> <span class='ocrx_word' id='word_1_693' title='bbox 2912 2735 3031 2804; x_wconf 87' lang='lat' dir='ltr'><strong>quia</strong></span> <span class='ocrx_word' id='word_1_694' title='bbox 3065 2737 3113 2790; x_wconf 91' lang='lat' dir='ltr'><strong>in</strong></span> <span class='ocrx_word' id='word_1_695' title='bbox 3149 2739 3394 2794; x_wconf 84' lang='lat' dir='ltr'><strong>tenebris</strong></span> <span class='ocrx_word' id='word_1_696' title='bbox 3422 2749 3555 2804; x_wconf 84' lang='lat' dir='ltr'><strong>erat.</strong></span> <span class='ocrx_word' id='word_1_697' title='bbox 3585 2743 3739 2796; x_wconf 81' lang='lat' dir='ltr'><strong>Admi-</strong></span> 
     </span>
    </p>
   </div>
   <div class='ocr_carea' id='block_1_86' title="bbox 2177 2803 3736 2915">
    <p class='ocr_par' dir='ltr' id='par_1_86' title="bbox 2177 2803 3736 2915">
     <span class='ocr_line' id='line_1_86' title="bbox 2177 2803 3736 2915; baseline 0.006 -34"><span class='ocrx_word' id='word_1_698' title='bbox 2177 2829 2245 2882; x_wconf 90' lang='lat' dir='ltr'><strong>sit</strong></span> <span class='ocrx_word' id='word_1_699' title='bbox 2269 2827 2405 2881; x_wconf 73' lang='lat' dir='ltr'><strong>Dens</strong></span> <span class='ocrx_word' id='word_1_700' title='bbox 2435 2836 2774 2915; x_wconf 84' lang='lat' dir='ltr'><strong>tentatorem.</strong></span> <span class='ocrx_word' id='word_1_701' title='bbox 2799 2843 2904 2881; x_wconf 91' lang='lat' dir='ltr'><strong>non</strong></span> <span class='ocrx_word' id='word_1_702' title='bbox 2933 2838 2990 2882; x_wconf 89' lang='lat' dir='ltr'><strong>ut</strong></span> <span class='ocrx_word' id='word_1_703' title='bbox 3020 2829 3131 2899; x_wconf 89' lang='lat' dir='ltr'><strong>ipse</strong></span> <span class='ocrx_word' id='word_1_704' title='bbox 3160 2844 3344 2886; x_wconf 79' lang='lat' dir='ltr'><strong>nosset</strong></span> <span class='ocrx_word' id='word_1_705' title='bbox 3367 2803 3511 2904; x_wconf 84' lang='lat' dir='ltr'><strong>quod</strong></span> <span class='ocrx_word' id='word_1_706' title='bbox 3533 2844 3736 2902; x_wconf 76' lang='lat' dir='ltr'><strong>noverat,</strong></span> 
     </span>
    </p>
   </div>
   <div class='ocr_carea' id='block_1_87' title="bbox 2177 2919 3738 2995">
    <p class='ocr_par' dir='ltr' id='par_1_87' title="bbox 2177 2919 3738 2995">
     <span class='ocr_line' id='line_1_87' title="bbox 2177 2919 3738 2995; baseline 0.004 -22"><span class='ocrx_word' id='word_1_707' title='bbox 2177 2920 2269 2974; x_wconf 91' lang='lat' dir='ltr'><strong>sed</strong></span> <span class='ocrx_word' id='word_1_708' title='bbox 2289 2929 2345 2973; x_wconf 92' lang='lat' dir='ltr'><strong>ut</strong></span> <span class='ocrx_word' id='word_1_709' title='bbox 2370 2919 2519 2973; x_wconf 90' lang='lat' dir='ltr'><strong>nobis</strong></span> <span class='ocrx_word' id='word_1_710' title='bbox 2534 2919 2854 2974; x_wconf 89' lang='lat' dir='ltr'><strong>noscendum</strong></span> <span class='ocrx_word' id='word_1_711' title='bbox 2878 2929 2929 2974; x_wconf 90' lang='lat' dir='ltr'><strong>et</strong></span> <span class='ocrx_word' id='word_1_712' title='bbox 2956 2921 3268 2977; x_wconf 84' lang='lat' dir='ltr'><strong>imitandum</strong></span> <span class='ocrx_word' id='word_1_713' title='bbox 3296 2926 3584 2995; x_wconf 62' lang='lat' dir='ltr'><strong>praeberet.</strong></span> <span class='ocrx_word' id='word_1_714' title='bbox 3604 2926 3738 2981; x_wconf 77' lang='lat' dir='ltr'><strong>Num-</strong></span> 
     </span>
    </p>
   </div>
   <div class='ocr_carea' id='block_1_88' title="bbox 2179 3013 3733 3087">
    <p class='ocr_par' dir='ltr' id='par_1_88' title="bbox 2179 3013 3733 3087">
     <span class='ocr_line' id='line_1_88' title="bbox 2179 3013 3733 3087; baseline 0.007 -21"><span class='ocrx_word' id='word_1_715' title='bbox 2179 3013 2306 3082; x_wconf 88' lang='lat' dir='ltr'><strong>quid</strong></span> <span class='ocrx_word' id='word_1_716' title='bbox 2358 3014 2500 3067; x_wconf 90' lang='lat' dir='ltr'><strong>enim</strong></span> <span class='ocrx_word' id='word_1_717' title='bbox 2549 3015 2590 3065; x_wconf 89' lang='lat' dir='ltr'><strong>si</strong></span> <span class='ocrx_word' id='word_1_718' title='bbox 2640 3021 2871 3067; x_wconf 80' lang='lat' dir='ltr'><strong>tentatur</strong></span> <span class='ocrx_word' id='word_1_719' title='bbox 2909 3029 3012 3068; x_wconf 91' lang='lat' dir='ltr'><strong>non</strong></span> <span class='ocrx_word' id='word_1_720' title='bbox 3052 3017 3733 3087; x_wconf 86' lang='lat' dir='ltr'><strong>admitteretur,videremus</strong></span> 
     </span>
    </p>
   </div>
   <div class='ocr_carea' id='block_1_89' title="bbox 2177 3105 3735 3176">
    <p class='ocr_par' dir='ltr' id='par_1_89' title="bbox 2177 3105 3735 3176">
     <span class='ocr_line' id='line_1_89' title="bbox 2177 3105 3735 3176; baseline 0.005 -14"><span class='ocrx_word' id='word_1_721' title='bbox 2177 3121 2275 3162; x_wconf 89' lang='lat' dir='ltr'><strong>nos</strong></span> <span class='ocrx_word' id='word_1_722' title='bbox 2306 3108 2401 3176; x_wconf 89' lang='lat' dir='ltr'><strong>ipsi</strong></span> <span class='ocrx_word' id='word_1_723' title='bbox 2435 3107 2486 3160; x_wconf 91' lang='lat' dir='ltr'><strong>in</strong></span> <span class='ocrx_word' id='word_1_724' title='bbox 2513 3105 2614 3160; x_wconf 82' lang='lat' dir='ltr'><strong>Job</strong></span> <span class='ocrx_word' id='word_1_725' title='bbox 2647 3106 2786 3176; x_wconf 88' lang='lat' dir='ltr'><strong>quod</strong></span> <span class='ocrx_word' id='word_1_726' title='bbox 2817 3107 3132 3166; x_wconf 88' lang='lat' dir='ltr'><strong>deberemus</strong></span> <span class='ocrx_word' id='word_1_727' title='bbox 3157 3124 3209 3166; x_wconf 89' lang='lat' dir='ltr'><strong>et</strong></span> <span class='ocrx_word' id='word_1_728' title='bbox 3241 3115 3507 3172; x_wconf 77' lang='lat' dir='ltr'><strong>vellemus</strong></span> <span class='ocrx_word' id='word_1_729' title='bbox 3545 3116 3735 3171; x_wconf 80' lang='lat' dir='ltr'><strong>imitari?</strong></span> 
     </span>
    </p>
   </div>
   <div class='ocr_carea' id='block_1_90' title="bbox 2177 3188 3732 3271">
    <p class='ocr_par' dir='ltr' id='par_1_90' title="bbox 2177 3188 3732 3271">
     <span class='ocr_line' id='line_1_90' title="bbox 2177 3188 3732 3271; baseline 0.006 -18"><span class='ocrx_word' id='word_1_730' title='bbox 2177 3199 2458 3254; x_wconf 83' lang='lat' dir='ltr'><strong>Admissus</strong></span> <span class='ocrx_word' id='word_1_731' title='bbox 2500 3210 2581 3253; x_wconf 80' lang='lat' dir='ltr'><strong>est</strong></span> <span class='ocrx_word' id='word_1_732' title='bbox 2624 3207 2873 3263; x_wconf 85' lang='lat' dir='ltr'><strong>tentator,</strong></span> <span class='ocrx_word' id='word_1_733' title='bbox 2904 3201 3118 3256; x_wconf 83' lang='lat' dir='ltr'><strong>abStulit</strong></span> <span class='ocrx_word' id='word_1_734' title='bbox 3147 3188 3352 3271; x_wconf 84' lang='lat' dir='ltr'><strong>omnia,</strong></span> <span class='ocrx_word' id='word_1_735' title='bbox 3397 3209 3636 3262; x_wconf 68' lang='lat' dir='ltr'><strong>remansit</strong></span> <span class='ocrx_word' id='word_1_736' title='bbox 3669 3207 3732 3263; x_wconf 81' lang='lat' dir='ltr'><strong>ille</strong></span> 
     </span>
    </p>
   </div>
   <div class='ocr_carea' id='block_1_91' title="bbox 2177 3288 3733 3367">
    <p class='ocr_par' dir='ltr' id='par_1_91' title="bbox 2177 3288 3733 3367">
     <span class='ocr_line' id='line_1_91' title="bbox 2177 3288 3733 3367; baseline 0.005 -23"><span class='ocrx_word' id='word_1_737' title='bbox 2177 3290 2322 3345; x_wconf 87' lang='lat' dir='ltr'><strong>solus</strong></span> <span class='ocrx_word' id='word_1_738' title='bbox 2349 3305 2376 3342; x_wconf 93' lang='lat' dir='ltr'><strong>a</strong></span> <span class='ocrx_word' id='word_1_739' title='bbox 2409 3288 2762 3350; x_wconf 85' lang='lat' dir='ltr'><strong>facultatibus,</strong></span> <span class='ocrx_word' id='word_1_740' title='bbox 2788 3290 2931 3344; x_wconf 90' lang='lat' dir='ltr'><strong>solus</strong></span> <span class='ocrx_word' id='word_1_741' title='bbox 2961 3307 2987 3343; x_wconf 87' lang='lat' dir='ltr'><strong>a</strong></span> <span class='ocrx_word' id='word_1_742' title='bbox 3018 3291 3234 3358; x_wconf 86' lang='lat' dir='ltr'><strong>familia,</strong></span> <span class='ocrx_word' id='word_1_743' title='bbox 3255 3298 3410 3350; x_wconf 87' lang='lat' dir='ltr'><strong>solus</strong></span> <span class='ocrx_word' id='word_1_744' title='bbox 3433 3312 3461 3351; x_wconf 91' lang='lat' dir='ltr'><strong>a</strong></span> <span class='ocrx_word' id='word_1_745' title='bbox 3492 3298 3624 3364; x_wconf 73' lang='lat' dir='ltr'><strong>ﬁliis,</strong></span> <span class='ocrx_word' id='word_1_746' title='bbox 3645 3298 3733 3367; x_wconf 84' lang='lat' dir='ltr'><strong>ple-</strong></span> 
     </span>
    </p>
   </div>
   <div class='ocr_carea' id='block_1_92' title="bbox 2177 3381 3729 3461">
    <p class='ocr_par' dir='ltr' id='par_1_92' title="bbox 2177 3381 3729 3461">
     <span class='ocr_line' id='line_1_92' title="bbox 2177 3381 3729 3461; baseline 0.003 -23"><span class='ocrx_word' id='word_1_747' title='bbox 2177 3398 2278 3438; x_wconf 91' lang='lat' dir='ltr'><strong>nus</strong></span> <span class='ocrx_word' id='word_1_748' title='bbox 2311 3382 2439 3436; x_wconf 85' lang='lat' dir='ltr'><strong>Deo.</strong></span> <span class='ocrx_word' id='word_1_749' title='bbox 2466 3381 2609 3437; x_wconf 72' lang='lat' dir='ltr'><strong>Uxor</strong></span> <span class='ocrx_word' id='word_1_750' title='bbox 2638 3397 2765 3438; x_wconf 75' lang='lat' dir='ltr'><strong>sane</strong></span> <span class='ocrx_word' id='word_1_751' title='bbox 2793 3383 2972 3439; x_wconf 87' lang='lat' dir='ltr'><strong>relicta</strong></span> <span class='ocrx_word' id='word_1_752' title='bbox 3004 3395 3135 3441; x_wconf 90' lang='lat' dir='ltr'><strong>erat.</strong></span> <span class='ocrx_word' id='word_1_753' title='bbox 3186 3385 3581 3446; x_wconf 77' lang='lat' dir='ltr'><strong>Misericordem</strong></span> <span class='ocrx_word' id='word_1_754' title='bbox 3608 3399 3729 3461; x_wconf 82' lang='lat' dir='ltr'><strong>puta-</strong></span> 
     </span>
    </p>
   </div>
   <div class='ocr_carea' id='block_1_93' title="bbox 2179 3475 3730 3553">
    <p class='ocr_par' dir='ltr' id='par_1_93' title="bbox 2179 3475 3730 3553">
     <span class='ocr_line' id='line_1_93' title="bbox 2179 3475 3730 3553; baseline 0.004 -22"><span class='ocrx_word' id='word_1_755' title='bbox 2179 3477 2245 3531; x_wconf 90' lang='lat' dir='ltr'><strong>tis</strong></span> <span class='ocrx_word' id='word_1_756' title='bbox 2290 3475 2578 3539; x_wconf 89' lang='lat' dir='ltr'><strong>diabolum,</strong></span> <span class='ocrx_word' id='word_1_757' title='bbox 2625 3476 2714 3547; x_wconf 90' lang='lat' dir='ltr'><strong>qui</strong></span> <span class='ocrx_word' id='word_1_758' title='bbox 2760 3477 2808 3530; x_wconf 90' lang='lat' dir='ltr'><strong>ei</strong></span> <span class='ocrx_word' id='word_1_759' title='bbox 2859 3477 3067 3548; x_wconf 87' lang='lat' dir='ltr'><strong>reliquit</strong></span> <span class='ocrx_word' id='word_1_760' title='bbox 3115 3483 3381 3536; x_wconf 81' lang='lat' dir='ltr'><strong>uxorem?</strong></span> <span class='ocrx_word' id='word_1_761' title='bbox 3408 3482 3624 3538; x_wconf 76' lang='lat' dir='ltr'><strong>Noverat</strong></span> <span class='ocrx_word' id='word_1_762' title='bbox 3660 3497 3730 3553; x_wconf 82' lang='lat' dir='ltr'><strong>per</strong></span> 
     </span>
    </p>
   </div>
   <div class='ocr_carea' id='block_1_94' title="bbox 2177 3568 3724 3646">
    <p class='ocr_par' dir='ltr' id='par_1_94' title="bbox 2177 3568 3724 3646">
     <span class='ocr_line' id='line_1_94' title="bbox 2177 3568 3724 3646; baseline 0.005 -24"><span class='ocrx_word' id='word_1_763' title='bbox 2177 3584 2336 3641; x_wconf 88' lang='lat' dir='ltr'><strong>quam</strong></span> <span class='ocrx_word' id='word_1_764' title='bbox 2376 3568 2660 3638; x_wconf 87' lang='lat' dir='ltr'><strong>deceperat</strong></span> <span class='ocrx_word' id='word_1_765' title='bbox 2687 3568 2874 3624; x_wconf 81' lang='lat' dir='ltr'><strong>Adam.</strong></span> <span class='ocrx_word' id='word_1_766' title='bbox 2905 3572 3063 3638; x_wconf 81' lang='lat' dir='ltr'><strong>Suam</strong></span> <span class='ocrx_word' id='word_1_767' title='bbox 3105 3575 3400 3643; x_wconf 87' lang='lat' dir='ltr'><strong>reliquerat</strong></span> <span class='ocrx_word' id='word_1_768' title='bbox 3435 3576 3724 3646; x_wconf 85' lang='lat' dir='ltr'><strong>adjutricem,</strong></span> 
     </span>
    </p>
   </div>
   <div class='ocr_carea' id='block_1_95' title="bbox 2177 3659 3724 3736">
    <p class='ocr_par' dir='ltr' id='par_1_95' title="bbox 2177 3659 3724 3736">
     <span class='ocr_line' id='line_1_95' title="bbox 2177 3659 3724 3736; baseline 0.002 -19"><span class='ocrx_word' id='word_1_769' title='bbox 2177 3675 2285 3717; x_wconf 89' lang='lat' dir='ltr'><strong>non</strong></span> <span class='ocrx_word' id='word_1_770' title='bbox 2331 3659 2504 3713; x_wconf 85' lang='lat' dir='ltr'><strong>mariti</strong></span> <span class='ocrx_word' id='word_1_771' title='bbox 2557 3659 2987 3716; x_wconf 86' lang='lat' dir='ltr'><strong>consolatriccm.</strong></span> <span class='ocrx_word' id='word_1_772' title='bbox 3019 3660 3108 3717; x_wconf 92' lang='lat' dir='ltr'><strong>llle</strong></span> <span class='ocrx_word' id='word_1_773' title='bbox 3154 3677 3280 3733; x_wconf 80' lang='lat' dir='ltr'><strong>ergo</strong></span> <span class='ocrx_word' id='word_1_774' title='bbox 3332 3667 3516 3736; x_wconf 86' lang='lat' dir='ltr'><strong>plenus</strong></span> <span class='ocrx_word' id='word_1_775' title='bbox 3550 3667 3724 3734; x_wconf 86' lang='lat' dir='ltr'><strong>Deo,iu</strong></span> 
     </span>
    </p>
   </div>
   <div class='ocr_carea' id='block_1_96' title="bbox 2177 3753 3722 3826">
    <p class='ocr_par' dir='ltr' id='par_1_96' title="bbox 2177 3753 3722 3826">
     <span class='ocr_line' id='line_1_96' title="bbox 2177 3753 3722 3826; baseline 0.003 -17"><span class='ocrx_word' id='word_1_776' title='bbox 2177 3769 2285 3826; x_wconf 91' lang='lat' dir='ltr'><strong>quo</strong></span> <span class='ocrx_word' id='word_1_777' title='bbox 2328 3763 2449 3808; x_wconf 87' lang='lat' dir='ltr'><strong>vota</strong></span> <span class='ocrx_word' id='word_1_778' title='bbox 2491 3763 2642 3808; x_wconf 89' lang='lat' dir='ltr'><strong>erant</strong></span> <span class='ocrx_word' id='word_1_779' title='bbox 2692 3769 2812 3824; x_wconf 71' lang='lat' dir='ltr'><strong>quae</strong></span> <span class='ocrx_word' id='word_1_780' title='bbox 2860 3753 3108 3810; x_wconf 87' lang='lat' dir='ltr'><strong>redderet</strong></span> <span class='ocrx_word' id='word_1_781' title='bbox 3155 3757 3350 3824; x_wconf 90' lang='lat' dir='ltr'><strong>laudis,</strong></span> <span class='ocrx_word' id='word_1_782' title='bbox 3383 3768 3437 3814; x_wconf 92' lang='lat' dir='ltr'><strong>ut</strong></span> <span class='ocrx_word' id='word_1_783' title='bbox 3463 3761 3722 3826; x_wconf 83' lang='lat' dir='ltr'><strong>ostenderet</strong></span> 
     </span>
    </p>
   </div>
   <div class='ocr_carea' id='block_1_97' title="bbox 2179 3844 3719 3919">
    <p class='ocr_par' dir='ltr' id='par_1_97' title="bbox 2179 3844 3719 3919">
     <span class='ocr_line' id='line_1_97' title="bbox 2179 3844 3719 3919; baseline 0.003 -19"><span class='ocrx_word' id='word_1_784' title='bbox 2179 3847 2296 3917; x_wconf 87' lang='lat' dir='ltr'><strong>quia</strong></span> <span class='ocrx_word' id='word_1_785' title='bbox 2321 3846 2481 3915; x_wconf 78' lang='lat' dir='ltr'><strong>gratis</strong></span> <span class='ocrx_word' id='word_1_786' title='bbox 2505 3847 2667 3900; x_wconf 84' lang='lat' dir='ltr'><strong>Deum</strong></span> <span class='ocrx_word' id='word_1_787' title='bbox 2696 3844 2923 3910; x_wconf 59' lang='lat' dir='ltr'><strong>colebat,</strong></span> <span class='ocrx_word' id='word_1_788' title='bbox 2947 3857 3051 3900; x_wconf 89' lang='lat' dir='ltr'><strong>non</strong></span> <span class='ocrx_word' id='word_1_789' title='bbox 3084 3846 3202 3902; x_wconf 88' lang='lat' dir='ltr'><strong>ideo</strong></span> <span class='ocrx_word' id='word_1_790' title='bbox 3226 3848 3352 3919; x_wconf 85' lang='lat' dir='ltr'><strong>quia</strong></span> <span class='ocrx_word' id='word_1_791' title='bbox 3377 3861 3513 3906; x_wconf 90' lang='lat' dir='ltr'><strong>tanta</strong></span> <span class='ocrx_word' id='word_1_792' title='bbox 3539 3865 3719 3919; x_wconf 81' lang='lat' dir='ltr'><strong>accepe-</strong></span> 
     </span>
    </p>
   </div>
   <div class='ocr_carea' id='block_1_98' title="bbox 2178 3939 3717 4014">
    <p class='ocr_par' dir='ltr' id='par_1_98' title="bbox 2178 3939 3717 4014">
     <span class='ocr_line' id='line_1_98' title="bbox 2178 3939 3717 4014; baseline 0 -16"><span class='ocrx_word' id='word_1_793' title='bbox 2178 3951 2292 4005; x_wconf 85' lang='lat' dir='ltr'><strong>rat;</strong></span> <span class='ocrx_word' id='word_1_794' title='bbox 2320 3949 2372 3996; x_wconf 87' lang='lat' dir='ltr'><strong>et</strong></span> <span class='ocrx_word' id='word_1_795' title='bbox 2394 3939 2606 3995; x_wconf 88' lang='lat' dir='ltr'><strong>amissis</strong></span> <span class='ocrx_word' id='word_1_796' title='bbox 2635 3940 2879 3994; x_wconf 88' lang='lat' dir='ltr'><strong>omnibus</strong></span> <span class='ocrx_word' id='word_1_797' title='bbox 2913 3939 3028 3994; x_wconf 87' lang='lat' dir='ltr'><strong>talis</strong></span> <span class='ocrx_word' id='word_1_798' title='bbox 3052 3951 3154 4009; x_wconf 88' lang='lat' dir='ltr'><strong>est,</strong></span> <span class='ocrx_word' id='word_1_799' title='bbox 3176 3943 3296 4013; x_wconf 88' lang='lat' dir='ltr'><strong>quia</strong></span> <span class='ocrx_word' id='word_1_800' title='bbox 3320 3944 3470 3999; x_wconf 90' lang='lat' dir='ltr'><strong>illum</strong></span> <span class='ocrx_word' id='word_1_801' title='bbox 3493 3945 3574 4014; x_wconf 90' lang='lat' dir='ltr'><strong>qui</strong></span> <span class='ocrx_word' id='word_1_802' title='bbox 3591 3943 3717 3998; x_wconf 82' lang='lat' dir='ltr'><strong>dede-</strong></span> 
     </span>
    </p>
   </div>
   <div class='ocr_carea' id='block_1_99' title="bbox 2179 4032 3715 4109">
    <p class='ocr_par' dir='ltr' id='par_1_99' title="bbox 2179 4032 3715 4109">
     <span class='ocr_line' id='line_1_99' title="bbox 2179 4032 3715 4109; baseline -0.001 -19"><span class='ocrx_word' id='word_1_803' title='bbox 2179 4044 2261 4091; x_wconf 86' lang='lat' dir='ltr'><strong>rat</strong></span> <span class='ocrx_word' id='word_1_804' title='bbox 2287 4035 2460 4088; x_wconf 84' lang='lat' dir='ltr'><strong>omnia</strong></span> <span class='ocrx_word' id='word_1_805' title='bbox 2486 4050 2588 4087; x_wconf 88' lang='lat' dir='ltr'><strong>nnn</strong></span> <span class='ocrx_word' id='word_1_806' title='bbox 2616 4033 2790 4086; x_wconf 78' lang='lat' dir='ltr'><strong>amisit</strong></span> <span class='ocrx_word' id='word_1_807' title='bbox 2810 4050 2820 4082; x_wconf 91' lang='lat'><strong>:</strong></span> <span class='ocrx_word' id='word_1_808' title='bbox 2843 4032 3089 4098; x_wconf 79' lang='lat' dir='ltr'><strong>Dominus</strong></span> <span class='ocrx_word' id='word_1_809' title='bbox 3113 4035 3270 4103; x_wconf 74' lang='lat' dir='ltr'><strong>dedit,</strong></span> <span class='ocrx_word' id='word_1_810' title='bbox 3300 4037 3490 4109; x_wconf 87' lang='lat' dir='ltr'><strong>inquit,</strong></span> <span class='ocrx_word' id='word_1_811' title='bbox 3515 4037 3715 4091; x_wconf 74' lang='lat' dir='ltr'><strong>Dominus</strong></span> 
     </span>
    </p>
   </div>
   <div class='ocr_carea' id='block_1_100' title="bbox 2179 4125 3711 4198">
    <p class='ocr_par' dir='ltr' id='par_1_100' title="bbox 2179 4125 3711 4198">
     <span class='ocr_line' id='line_1_100' title="bbox 2179 4125 3711 4198; baseline -0.001 -14"><span class='ocrx_word' id='word_1_812' title='bbox 2179 4129 2382 4184; x_wconf 84' lang='lat' dir='ltr'><strong>abstulit</strong></span> <span class='ocrx_word' id='word_1_813' title='bbox 2406 4145 2420 4190; x_wconf 91' lang='lat'><em>;</em></span> <span class='ocrx_word' id='word_1_814' title='bbox 2442 4125 2801 4182; x_wconf 89' lang='lat' dir='ltr'><strong>sicutDomino</strong></span> <span class='ocrx_word' id='word_1_815' title='bbox 2823 4127 3029 4197; x_wconf 85' lang='lat' dir='ltr'><strong>placuit,</strong></span> <span class='ocrx_word' id='word_1_816' title='bbox 3056 4128 3126 4180; x_wconf 89' lang='lat' dir='ltr'><strong>ita</strong></span> <span class='ocrx_word' id='word_1_817' title='bbox 3151 4133 3341 4198; x_wconf 79' lang='lat' dir='ltr'><strong>factum</strong></span> <span class='ocrx_word' id='word_1_818' title='bbox 3369 4140 3440 4187; x_wconf 84' lang='lat' dir='ltr'><strong>est</strong></span> <span class='ocrx_word' id='word_1_819' title='bbox 3461 4148 3478 4185; x_wconf 86' lang='lat'><strong>.&#39;</strong></span> <span class='ocrx_word' id='word_1_820' title='bbox 3496 4133 3556 4186; x_wconf 86' lang='lat' dir='ltr'><strong>sit</strong></span> <span class='ocrx_word' id='word_1_821' title='bbox 3573 4145 3711 4184; x_wconf 82' lang='lat' dir='ltr'><strong>nomen</strong></span> 
     </span>
    </p>
   </div>
   <div class='ocr_carea' id='block_1_101' title="bbox 2177 4218 3711 4290">
    <p class='ocr_par' dir='ltr' id='par_1_101' title="bbox 2177 4218 3711 4290">
     <span class='ocr_line' id='line_1_101' title="bbox 2177 4218 3711 4290; baseline -0.001 -14"><span class='ocrx_word' id='word_1_822' title='bbox 2177 4220 2388 4276; x_wconf 82' lang='lat' dir='ltr'><strong>Domini</strong></span> <span class='ocrx_word' id='word_1_823' title='bbox 2415 4219 2745 4274; x_wconf 81' lang='lat' dir='ltr'><strong>benedictum.</strong></span> <span class='ocrx_word' id='word_1_824' title='bbox 2779 4218 3003 4273; x_wconf 79' lang='lat' dir='ltr'><strong>Vulnere</strong></span> <span class='ocrx_word' id='word_1_825' title='bbox 3032 4220 3189 4274; x_wconf 88' lang='lat' dir='ltr'><strong>etiam</strong></span> <span class='ocrx_word' id='word_1_826' title='bbox 3224 4238 3500 4290; x_wconf 89' lang='lat' dir='ltr'><strong>percussus</strong></span> <span class='ocrx_word' id='word_1_827' title='bbox 3527 4240 3551 4275; x_wconf 87' lang='lat' dir='ltr'><strong>a</strong></span> <span class='ocrx_word' id='word_1_828' title='bbox 3579 4221 3711 4290; x_wconf 85' lang='lat' dir='ltr'><strong>capite</strong></span> 
     </span>
    </p>
   </div>
   <div class='ocr_carea' id='block_1_102' title="bbox 2180 4311 3706 4386">
    <p class='ocr_par' dir='ltr' id='par_1_102' title="bbox 2180 4311 3706 4386">
     <span class='ocr_line' id='line_1_102' title="bbox 2180 4311 3706 4386; baseline -0.001 -19"><span class='ocrx_word' id='word_1_829' title='bbox 2180 4330 2348 4384; x_wconf 88' lang='lat' dir='ltr'><strong>usque</strong></span> <span class='ocrx_word' id='word_1_830' title='bbox 2375 4312 2438 4366; x_wconf 81' lang='lat' dir='ltr'><strong>ad</strong></span> <span class='ocrx_word' id='word_1_831' title='bbox 2470 4311 2649 4381; x_wconf 79' lang='lat' dir='ltr'><strong>pedes,</strong></span> <span class='ocrx_word' id='word_1_832' title='bbox 2675 4311 2876 4379; x_wconf 85' lang='lat' dir='ltr'><strong>integer</strong></span> <span class='ocrx_word' id='word_1_833' title='bbox 2902 4319 3076 4365; x_wconf 87' lang='lat' dir='ltr'><strong>tamen</strong></span> <span class='ocrx_word' id='word_1_834' title='bbox 3103 4312 3263 4380; x_wconf 75' lang='lat' dir='ltr'><strong>intus,</strong></span> <span class='ocrx_word' id='word_1_835' title='bbox 3294 4315 3556 4386; x_wconf 83' lang='lat' dir='ltr'><strong>respondit</strong></span> <span class='ocrx_word' id='word_1_836' title='bbox 3581 4325 3706 4368; x_wconf 82' lang='lat' dir='ltr'><strong>terua-</strong></span> 
     </span>
    </p>
   </div>
   <div class='ocr_carea' id='block_1_103' title="bbox 2184 4401 3704 4473">
    <p class='ocr_par' dir='ltr' id='par_1_103' title="bbox 2184 4401 3704 4473">
     <span class='ocr_line' id='line_1_103' title="bbox 2184 4401 3704 4473; baseline -0.005 -14"><span class='ocrx_word' id='word_1_837' title='bbox 2184 4405 2320 4473; x_wconf 88' lang='lat' dir='ltr'><strong>trici,</strong></span> <span class='ocrx_word' id='word_1_838' title='bbox 2366 4403 2430 4458; x_wconf 86' lang='lat' dir='ltr'><strong>de</strong></span> <span class='ocrx_word' id='word_1_839' title='bbox 2481 4402 2680 4457; x_wconf 89' lang='lat' dir='ltr'><strong>lumine</strong></span> <span class='ocrx_word' id='word_1_840' title='bbox 2723 4401 3032 4468; x_wconf 82' lang='lat' dir='ltr'><strong>viventium,</strong></span> <span class='ocrx_word' id='word_1_841' title='bbox 3077 4402 3143 4458; x_wconf 89' lang='lat' dir='ltr'><strong>de</strong></span> <span class='ocrx_word' id='word_1_842' title='bbox 3188 4403 3391 4462; x_wconf 89' lang='lat' dir='ltr'><strong>lumine</strong></span> <span class='ocrx_word' id='word_1_843' title='bbox 3428 4405 3586 4463; x_wconf 86' lang='lat' dir='ltr'><strong>cordis</strong></span> <span class='ocrx_word' id='word_1_844' title='bbox 3610 4403 3704 4458; x_wconf 57' lang='lat' dir='ltr'><strong>suis</strong></span> 
     </span>
    </p>
   </div>
   <div class='ocr_carea' id='block_1_104' title="bbox 2181 4493 3699 4569">
    <p class='ocr_par' dir='ltr' id='par_1_104' title="bbox 2181 4493 3699 4569">
     <span class='ocr_line' id='line_1_104' title="bbox 2181 4493 3699 4569; baseline -0.003 -17"><span class='ocrx_word' id='word_1_845' title='bbox 2181 4497 2373 4552; x_wconf 85' lang='lat' dir='ltr'><strong>Locuta</strong></span> <span class='ocrx_word' id='word_1_846' title='bbox 2404 4513 2453 4550; x_wconf 79' lang='lat' dir='ltr'><strong>es</strong></span> <span class='ocrx_word' id='word_1_847' title='bbox 2480 4504 2716 4566; x_wconf 82' lang='lat' dir='ltr'><strong>tanquam</strong></span> <span class='ocrx_word' id='word_1_848' title='bbox 2747 4511 2847 4549; x_wconf 87' lang='lat' dir='ltr'><strong>una</strong></span> <span class='ocrx_word' id='word_1_849' title='bbox 2877 4512 2938 4550; x_wconf 66' lang='lat' dir='ltr'><strong>ex</strong></span> <span class='ocrx_word' id='word_1_850' title='bbox 2964 4496 3310 4566; x_wconf 83' lang='lat' dir='ltr'><strong>insipientibus</strong></span> <span class='ocrx_word' id='word_1_851' title='bbox 3341 4499 3604 4555; x_wconf 80' lang='lat' dir='ltr'><strong>mulieribus</strong></span> <span class='ocrx_word' id='word_1_852' title='bbox 3620 4493 3699 4569; x_wconf 82' lang='lat' dir='ltr'><strong>(Id.</strong></span> 
     </span>
    </p>
   </div>
   <div class='ocr_carea' id='block_1_105' title="bbox 2180 4585 3701 4659">
    <p class='ocr_par' dir='ltr' id='par_1_105' title="bbox 2180 4585 3701 4659">
     <span class='ocr_line' id='line_1_105' title="bbox 2180 4585 3701 4659; baseline -0.005 -14"><span class='ocrx_word' id='word_1_853' title='bbox 2180 4605 2240 4657; x_wconf 88' lang='grc' dir='ltr'>ιι,</span> <span class='ocrx_word' id='word_1_854' title='bbox 2272 4588 2384 4659; x_wconf 81' lang='grc'><strong>10),</strong></span> <span class='ocrx_word' id='word_1_855' title='bbox 2415 4587 2465 4642; x_wconf 90' lang='lat' dir='ltr'><strong>id</strong></span> <span class='ocrx_word' id='word_1_856' title='bbox 2494 4599 2595 4653; x_wconf 74' lang='lat' dir='ltr'><strong>eet,</strong></span> <span class='ocrx_word' id='word_1_857' title='bbox 2629 4595 2877 4658; x_wconf 86' lang='lat' dir='ltr'><strong>tanquam</strong></span> <span class='ocrx_word' id='word_1_858' title='bbox 2908 4602 2970 4642; x_wconf 89' lang='lat' dir='ltr'><strong>ea</strong></span> <span class='ocrx_word' id='word_1_859' title='bbox 3001 4603 3119 4658; x_wconf 66' lang='lat' dir='ltr'><strong>qum</strong></span> <span class='ocrx_word' id='word_1_860' title='bbox 3150 4604 3254 4644; x_wconf 89' lang='lat' dir='ltr'><strong>non</strong></span> <span class='ocrx_word' id='word_1_861' title='bbox 3287 4589 3443 4648; x_wconf 86' lang='lat' dir='ltr'><strong>habet</strong></span> <span class='ocrx_word' id='word_1_862' title='bbox 3470 4591 3621 4645; x_wconf 85' lang='lat' dir='ltr'><strong>lumen</strong></span> <span class='ocrx_word' id='word_1_863' title='bbox 3645 4585 3701 4638; x_wconf 77' lang='lat' dir='ltr'><strong>ri-</strong></span> 
     </span>
    </p>
   </div>
   <div class='ocr_carea' id='block_1_106' title="bbox 2180 4679 3697 4754">
    <p class='ocr_par' dir='ltr' id='par_1_106' title="bbox 2180 4679 3697 4754">
     <span class='ocr_line' id='line_1_106' title="bbox 2180 4679 3697 4754; baseline -0.006 -16"><span class='ocrx_word' id='word_1_864' title='bbox 2180 4681 2439 4738; x_wconf 69' lang='lat' dir='ltr'><strong>ventium.</strong></span> <span class='ocrx_word' id='word_1_865' title='bbox 2479 4679 2681 4734; x_wconf 87' lang='lat' dir='ltr'><strong>Lumen</strong></span> <span class='ocrx_word' id='word_1_866' title='bbox 2713 4679 2853 4735; x_wconf 87' lang='lat' dir='ltr'><strong>enim</strong></span> <span class='ocrx_word' id='word_1_867' title='bbox 2886 4681 3173 4734; x_wconf 82' lang='lat' dir='ltr'><strong>viventium</strong></span> <span class='ocrx_word' id='word_1_868' title='bbox 3217 4683 3488 4754; x_wconf 84' lang='lat' dir='ltr'><strong>sapientia,</strong></span> <span class='ocrx_word' id='word_1_869' title='bbox 3517 4692 3561 4736; x_wconf 86' lang='lat' dir='ltr'><strong>et</strong></span> <span class='ocrx_word' id='word_1_870' title='bbox 3587 4689 3697 4734; x_wconf 84' lang='lat' dir='ltr'><strong>tene-</strong></span> 
     </span>
    </p>
   </div>
   <div class='ocr_carea' id='block_1_107' title="bbox 2181 4770 3697 4848">
    <p class='ocr_par' dir='ltr' id='par_1_107' title="bbox 2181 4770 3697 4848">
     <span class='ocr_line' id='line_1_107' title="bbox 2181 4770 3697 4848; baseline -0.006 -19"><span class='ocrx_word' id='word_1_871' title='bbox 2181 4774 2291 4829; x_wconf 69' lang='lat' dir='ltr'><strong>brae</strong></span> <span class='ocrx_word' id='word_1_872' title='bbox 2323 4772 2682 4841; x_wconf 87' lang='lat' dir='ltr'><strong>insipientium</strong></span> <span class='ocrx_word' id='word_1_873' title='bbox 2716 4770 2936 4826; x_wconf 88' lang='lat' dir='ltr'><strong>stultitia</strong></span> <span class='ocrx_word' id='word_1_874' title='bbox 2968 4780 3067 4827; x_wconf 88' lang='lat' dir='ltr'><strong>cst.</strong></span> <span class='ocrx_word' id='word_1_875' title='bbox 3098 4771 3289 4848; x_wconf 79' lang='lat' dir='ltr'><strong>Lacuta</strong></span> <span class='ocrx_word' id='word_1_876' title='bbox 3315 4792 3367 4830; x_wconf 78' lang='lat' dir='ltr'><strong>es</strong></span> <span class='ocrx_word' id='word_1_877' title='bbox 3396 4785 3601 4844; x_wconf 85' lang='lat' dir='ltr'><strong>tanquam</strong></span> <span class='ocrx_word' id='word_1_878' title='bbox 3625 4782 3697 4822; x_wconf 80' lang='lat' dir='ltr'><strong>una</strong></span> 
     </span>
    </p>
   </div>
   <div class='ocr_carea' id='block_1_108' title="bbox 2182 4861 3693 4936">
    <p class='ocr_par' dir='ltr' id='par_1_108' title="bbox 2182 4861 3693 4936">
     <span class='ocr_line' id='line_1_108' title="bbox 2182 4861 3693 4936; baseline -0.005 -14"><span class='ocrx_word' id='word_1_879' title='bbox 2182 4882 2246 4922; x_wconf 73' lang='lat' dir='ltr'><strong>ex</strong></span> <span class='ocrx_word' id='word_1_880' title='bbox 2273 4864 2622 4936; x_wconf 84' lang='lat' dir='ltr'><strong>insipientibus</strong></span> <span class='ocrx_word' id='word_1_881' title='bbox 2662 4864 2957 4919; x_wconf 85' lang='lat' dir='ltr'><strong>mulieribus</strong></span> <span class='ocrx_word' id='word_1_882' title='bbox 2986 4879 3240 4921; x_wconf 88' lang='lat' dir='ltr'><strong>:carnem</strong></span> <span class='ocrx_word' id='word_1_883' title='bbox 3270 4882 3438 4922; x_wconf 82' lang='lat' dir='ltr'><strong>meam</strong></span> <span class='ocrx_word' id='word_1_884' title='bbox 3464 4865 3610 4928; x_wconf 83' lang='lat' dir='ltr'><strong>vides,</strong></span> <span class='ocrx_word' id='word_1_885' title='bbox 3633 4861 3693 4914; x_wconf 82' lang='lat' dir='ltr'><strong>la-</strong></span> 
     </span>
    </p>
   </div>
   <div class='ocr_carea' id='block_1_109' title="bbox 2181 4949 3694 5015">
    <p class='ocr_par' dir='ltr' id='par_1_109' title="bbox 2181 4949 3694 5015">
     <span class='ocr_line' id='line_1_109' title="bbox 2181 4949 3694 5015; baseline -0.009 1"><span class='ocrx_word' id='word_1_886' title='bbox 2181 4973 2304 5015; x_wconf 88' lang='lat' dir='ltr'><strong>men</strong></span> <span class='ocrx_word' id='word_1_887' title='bbox 2340 4957 2516 5013; x_wconf 88' lang='lat' dir='ltr'><strong>cordis</strong></span> <span class='ocrx_word' id='word_1_888' title='bbox 2545 4957 2647 5011; x_wconf 88' lang='lat' dir='ltr'><strong>mei</strong></span> <span class='ocrx_word' id='word_1_889' title='bbox 2683 4972 2786 5011; x_wconf 91' lang='lat' dir='ltr'><strong>non</strong></span> <span class='ocrx_word' id='word_1_890' title='bbox 2815 4956 2981 5011; x_wconf 87' lang='lat' dir='ltr'><strong>vides.</strong></span> <span class='ocrx_word' id='word_1_891' title='bbox 3006 4949 3222 5012; x_wconf 73' lang='lat' dir='ltr'><strong>Poterat</strong></span> <span class='ocrx_word' id='word_1_892' title='bbox 3251 4960 3390 5014; x_wconf 77' lang='lat' dir='ltr'><strong>enim</strong></span> <span class='ocrx_word' id='word_1_893' title='bbox 3419 4958 3496 5013; x_wconf 85' lang='lat' dir='ltr'><strong>illa</strong></span> <span class='ocrx_word' id='word_1_894' title='bbox 3523 4966 3620 5009; x_wconf 88' lang='lat' dir='ltr'><strong>tunc</strong></span> <span class='ocrx_word' id='word_1_895' title='bbox 3641 4949 3694 5002; x_wconf 80' lang='lat' dir='ltr'><strong>ri-</strong></span> 
     </span>
    </p>
   </div>
   <div class='ocr_carea' id='block_1_110' title="bbox 2183 5047 3688 5124">
    <p class='ocr_par' dir='ltr' id='par_1_110' title="bbox 2183 5047 3688 5124">
     <span class='ocr_line' id='line_1_110' title="bbox 2183 5047 3688 5124; baseline -0.011 -14"><span class='ocrx_word' id='word_1_896' title='bbox 2183 5069 2303 5110; x_wconf 89' lang='lat' dir='ltr'><strong>rum</strong></span> <span class='ocrx_word' id='word_1_897' title='bbox 2348 5053 2573 5124; x_wconf 79' lang='lat' dir='ltr'><strong>amplius</strong></span> <span class='ocrx_word' id='word_1_898' title='bbox 2617 5065 2817 5113; x_wconf 86' lang='lat' dir='ltr'><strong>amare,</strong></span> <span class='ocrx_word' id='word_1_899' title='bbox 2863 5051 2908 5106; x_wconf 92' lang='lat' dir='ltr'><strong>si</strong></span> <span class='ocrx_word' id='word_1_900' title='bbox 2961 5049 3402 5120; x_wconf 84' lang='lat' dir='ltr'><strong>pulchritudinem</strong></span> <span class='ocrx_word' id='word_1_901' title='bbox 3451 5047 3688 5105; x_wconf 84' lang='lat' dir='ltr'><strong>interiorem</strong></span> 
     </span>
    </p>
   </div>
   <div class='ocr_carea' id='block_1_111' title="bbox 2183 5141 3685 5212">
    <p class='ocr_par' dir='ltr' id='par_1_111' title="bbox 2183 5141 3685 5212">
     <span class='ocr_line' id='line_1_111' title="bbox 2183 5141 3685 5212; baseline -0.007 -10"><span class='ocrx_word' id='word_1_902' title='bbox 2183 5155 2396 5208; x_wconf 25' lang='lat' dir='ltr'><strong>nosset,</strong></span> <span class='ocrx_word' id='word_1_903' title='bbox 2448 5153 2501 5198; x_wconf 86' lang='lat' dir='ltr'><strong>et</strong></span> <span class='ocrx_word' id='word_1_904' title='bbox 2553 5141 2835 5211; x_wconf 85' lang='lat' dir='ltr'><strong>inspiceret</strong></span> <span class='ocrx_word' id='word_1_905' title='bbox 2865 5141 2881 5173; x_wconf 76' lang='grc'>⁸</span> <span class='ocrx_word' id='word_1_906' title='bbox 2907 5141 2994 5196; x_wconf 88' lang='lat' dir='ltr'><strong>ubi</strong></span> <span class='ocrx_word' id='word_1_907' title='bbox 3038 5141 3129 5196; x_wconf 89' lang='lat' dir='ltr'><strong>ille</strong></span> <span class='ocrx_word' id='word_1_908' title='bbox 3171 5143 3391 5212; x_wconf 88' lang='lat' dir='ltr'><strong>pulcher</strong></span> <span class='ocrx_word' id='word_1_909' title='bbox 3425 5150 3522 5197; x_wconf 88' lang='lat' dir='ltr'><strong>erat</strong></span> <span class='ocrx_word' id='word_1_910' title='bbox 3555 5144 3685 5192; x_wconf 72' lang='lat' dir='ltr'><strong>curam</strong></span> 
     </span>
    </p>
   </div>
   <div class='ocr_carea' id='block_1_112' title="bbox 2184 5228 3686 5308">
    <p class='ocr_par' dir='ltr' id='par_1_112' title="bbox 2184 5228 3686 5308">
     <span class='ocr_line' id='line_1_112' title="bbox 2184 5228 3686 5308; baseline -0.015 -9"><span class='ocrx_word' id='word_1_911' title='bbox 2184 5243 2352 5299; x_wconf 84' lang='lat' dir='ltr'><strong>oculis</strong></span> <span class='ocrx_word' id='word_1_912' title='bbox 2377 5239 2465 5294; x_wconf 88' lang='lat' dir='ltr'><strong>Dei</strong></span> <span class='ocrx_word' id='word_1_913' title='bbox 2493 5237 2648 5308; x_wconf 86' lang='lat' dir='ltr'><strong>:quia</strong></span> <span class='ocrx_word' id='word_1_914' title='bbox 2679 5237 2730 5290; x_wconf 91' lang='lat' dir='ltr'><strong>in</strong></span> <span class='ocrx_word' id='word_1_915' title='bbox 2761 5236 2852 5289; x_wconf 91' lang='lat' dir='ltr'><strong>illo</strong></span> <span class='ocrx_word' id='word_1_916' title='bbox 2881 5245 3032 5290; x_wconf 87' lang='lat' dir='ltr'><strong>erant</strong></span> <span class='ocrx_word' id='word_1_917' title='bbox 3061 5245 3201 5302; x_wconf 87' lang='lat' dir='ltr'><strong>vota,</strong></span> <span class='ocrx_word' id='word_1_918' title='bbox 3231 5254 3351 5308; x_wconf 73' lang='lat' dir='ltr'><strong>qua:</strong></span> <span class='ocrx_word' id='word_1_919' title='bbox 3379 5235 3585 5293; x_wconf 84' lang='lat' dir='ltr'><strong>redderet</strong></span> <span class='ocrx_word' id='word_1_920' title='bbox 3607 5228 3686 5281; x_wconf 84' lang='lat' dir='ltr'><strong>lau-</strong></span> 
     </span>
    </p>
   </div>
   <div class='ocr_carea' id='block_1_113' title="bbox 2184 5323 3681 5401">
    <p class='ocr_par' dir='ltr' id='par_1_113' title="bbox 2184 5323 3681 5401">
     <span class='ocr_line' id='line_1_113' title="bbox 2184 5323 3681 5401; baseline -0.014 -8"><span class='ocrx_word' id='word_1_921' title='bbox 2184 5338 2265 5393; x_wconf 89' lang='lat' dir='ltr'><strong>dis</strong></span> <span class='ocrx_word' id='word_1_922' title='bbox 2296 5337 2422 5391; x_wconf 84' lang='lat' dir='ltr'><strong>Deo.</strong></span> <span class='ocrx_word' id='word_1_923' title='bbox 2453 5330 2730 5401; x_wconf 88' lang='lat' dir='ltr'><strong>Quomodo</strong></span> <span class='ocrx_word' id='word_1_924' title='bbox 2773 5328 2900 5384; x_wconf 88' lang='lat' dir='ltr'><strong>illud</strong></span> <span class='ocrx_word' id='word_1_925' title='bbox 2933 5328 3306 5398; x_wconf 86' lang='lat' dir='ltr'><strong>patrimonium</strong></span> <span class='ocrx_word' id='word_1_926' title='bbox 3350 5347 3443 5386; x_wconf 88' lang='lat' dir='ltr'><strong>non</strong></span> <span class='ocrx_word' id='word_1_927' title='bbox 3486 5323 3681 5380; x_wconf 73' lang='lat' dir='ltr'><strong>invaserat</strong></span> 
     </span>
    </p>
   </div>
   <div class='ocr_carea' id='block_1_114' title="bbox 2186 5415 3680 5496">
    <p class='ocr_par' dir='ltr' id='par_1_114' title="bbox 2186 5415 3680 5496">
     <span class='ocr_line' id='line_1_114' title="bbox 2186 5415 3680 5496; baseline -0.015 -9"><span class='ocrx_word' id='word_1_928' title='bbox 2186 5427 2466 5488; x_wconf 74' lang='lat' dir='ltr'><strong>inimicus!</strong></span> <span class='ocrx_word' id='word_1_929' title='bbox 2499 5426 2667 5495; x_wconf 87' lang='lat' dir='ltr'><strong>Quam</strong></span> <span class='ocrx_word' id='word_1_930' title='bbox 2719 5425 2978 5491; x_wconf 80' lang='lat' dir='ltr'><strong>integrum</strong></span> <span class='ocrx_word' id='word_1_931' title='bbox 3019 5432 3134 5477; x_wconf 85' lang='lat' dir='ltr'><strong>erat</strong></span> <span class='ocrx_word' id='word_1_932' title='bbox 3175 5427 3314 5494; x_wconf 87' lang='lat' dir='ltr'><strong>quod</strong></span> <span class='ocrx_word' id='word_1_933' title='bbox 3359 5417 3620 5496; x_wconf 74' lang='lat' dir='ltr'><strong>possidebat,</strong></span> <span class='ocrx_word' id='word_1_934' title='bbox 3644 5415 3680 5463; x_wconf 64' lang='grc' dir='ltr'><strong>ιιι</strong></span> 
     </span>
    </p>
   </div>
   <div class='ocr_carea' id='block_1_115' title="bbox 2187 5515 3674 5598">
    <p class='ocr_par' dir='ltr' id='par_1_115' title="bbox 2187 5515 3674 5598">
     <span class='ocr_line' id='line_1_115' title="bbox 2187 5515 3674 5598; baseline -0.018 -18"><span class='ocrx_word' id='word_1_935' title='bbox 2187 5534 2404 5598; x_wconf 79' lang='lat' dir='ltr'><strong>propter</strong></span> <span class='ocrx_word' id='word_1_936' title='bbox 2430 5520 2568 5594; x_wconf 91' lang='lat' dir='ltr'><strong>quod</strong></span> <span class='ocrx_word' id='word_1_937' title='bbox 2598 5519 2823 5588; x_wconf 88' lang='lat' dir='ltr'><strong>amplius</strong></span> <span class='ocrx_word' id='word_1_938' title='bbox 2849 5516 3221 5587; x_wconf 72' lang='lat' dir='ltr'><strong>possidendum</strong></span> <span class='ocrx_word' id='word_1_939' title='bbox 3253 5519 3481 5588; x_wconf 71' lang='lat' dir='ltr'><strong>sperabat</strong></span> <span class='ocrx_word' id='word_1_940' title='bbox 3515 5515 3674 5565; x_wconf 85' lang='lat' dir='ltr'><strong>iturusa</strong></span> 
     </span>
    </p>
   </div>
   <div class='ocr_carea' id='block_1_116' title="bbox 2187 5592 3674 5681">
    <p class='ocr_par' dir='ltr' id='par_1_116' title="bbox 2187 5592 3674 5681">
     <span class='ocr_line' id='line_1_116' title="bbox 2187 5592 3674 5681; baseline -0.014 -4"><span class='ocrx_word' id='word_1_941' title='bbox 2187 5592 2469 5677; x_wconf 82' lang='lat' dir='ltr'><strong>virtutibus</strong></span> <span class='ocrx_word' id='word_1_942' title='bbox 2517 5615 2568 5669; x_wconf 92' lang='lat' dir='ltr'><strong>in</strong></span> <span class='ocrx_word' id='word_1_943' title='bbox 2614 5612 2895 5667; x_wconf 85' lang='lat' dir='ltr'><strong>virtutem!</strong></span> <span class='ocrx_word' id='word_1_944' title='bbox 2927 5611 3086 5681; x_wconf 84' lang='lat' dir='ltr'><strong>Ergo,</strong></span> <span class='ocrx_word' id='word_1_945' title='bbox 3117 5609 3328 5679; x_wconf 84' lang='lat' dir='ltr'><strong>fratres,</strong></span> <span class='ocrx_word' id='word_1_946' title='bbox 3369 5611 3427 5666; x_wconf 87' lang='lat' dir='ltr'><strong>ad</strong></span> <span class='ocrx_word' id='word_1_947' title='bbox 3460 5607 3540 5662; x_wconf 86' lang='lat' dir='ltr'><strong>hoc</strong></span> <span class='ocrx_word' id='word_1_948' title='bbox 3568 5592 3674 5672; x_wconf 68' lang='lat' dir='ltr'><strong>nobis</strong></span> 
     </span>
    </p>
   </div>
   <div class='ocr_carea' id='block_1_117' title="bbox 3859 1932 3888 2205">
    <p class='ocr_par' dir='ltr' id='par_1_117' title="bbox 3867 1932 3884 2205">
     <span class='ocr_line' id='line_1_117' title="bbox 3867 1932 3884 2205; baseline 0 0"><span class='ocrx_word' id='word_1_949' title='bbox 3867 1932 3884 2205; x_wconf 76' lang='lat' dir='ltr'><strong>l</strong></span> 
     </span>
    </p>
   </div>
   <div class='ocr_carea' id='block_1_118' title="bbox 3859 2205 3888 2300">
    <p class='ocr_par' dir='ltr' id='par_1_118' title="bbox 3863 2205 3884 2300">
     <span class='ocr_line' id='line_1_118' title="bbox 3863 2205 3884 2300; baseline 0 0"><span class='ocrx_word' id='word_1_950' title='bbox 3863 2205 3884 2300; x_wconf 92' lang='lat' dir='ltr'><strong>l</strong></span> 
     </span>
    </p>
   </div>
   <div class='ocr_carea' id='block_1_119' title="bbox 3813 5348 3868 5725">
    <p class='ocr_par' dir='ltr' id='par_1_119' title="bbox 3821 5348 3860 5725">
     <span class='ocr_line' id='line_1_119' title="bbox 3821 5348 3860 5725; baseline 0 0"><span class='ocrx_word' id='word_1_951' title='bbox 3821 5348 3860 5725; x_wconf 87' lang='lat' dir='ltr'><strong>l</strong></span> 
     </span>
    </p>
   </div>
   <div class='ocr_carea' id='block_1_120' title="bbox 3585 5725 3888 6363">
    <p class='ocr_par' dir='ltr' id='par_1_120' title="bbox 3585 5725 3852 6332">
     <span class='ocr_line' id='line_1_120' title="bbox 3585 5759 3671 5830; baseline -0.035 -17"><span class='ocrx_word' id='word_1_952' title='bbox 3585 5759 3671 5830; x_wconf 54' lang='grc' dir='ltr'>,ιιι-</span> 
     </span>
     <span class='ocr_line' id='line_1_121' title="bbox 3585 5725 3852 6332; baseline -0.015 -435"><span class='ocrx_word' id='word_1_953' title='bbox 3585 5832 3666 5896; x_wconf 68' lang='lat'><strong>“8&quot;</strong></span> <span class='ocrx_word' id='word_1_954' title='bbox 3817 5725 3852 6332; x_wconf 86' lang='grc' dir='ltr'><strong>Ι</strong></span> 
     </span>
    </p>
   </div>
   <div class='ocr_carea' id='block_1_121' title="bbox 2251 5759 3671 5850">
    <p class='ocr_par' dir='ltr' id='par_1_121' title="bbox 2251 5759 3671 5850">
     <span class='ocr_line' id='line_1_122' title="bbox 2251 5759 3671 5850; baseline 0.004 -13"><span class='ocrx_word' id='word_1_955' title='bbox 2251 5792 2272 5824; x_wconf 78' lang='grc' dir='ltr'>ί</span> <span class='ocrx_word' id='word_1_956' title='bbox 2307 5795 2404 5847; x_wconf 84' lang='lat' dir='ltr'><strong>Er.,</strong></span> <span class='ocrx_word' id='word_1_957' title='bbox 2425 5785 2628 5850; x_wconf 71' lang='lat' dir='ltr'><strong>sufferre</strong></span> <span class='ocrx_word' id='word_1_958' title='bbox 2649 5790 2695 5835; x_wconf 87' lang='lat' dir='ltr'><strong>et</strong></span> <span class='ocrx_word' id='word_1_959' title='bbox 2713 5782 2969 5850; x_wconf 70' lang='lat' dir='ltr'><strong>inspicere.</strong></span> <span class='ocrx_word' id='word_1_960' title='bbox 3001 5787 3132 5844; x_wconf 56' lang='lat' dir='ltr'><strong>Low,</strong></span> <span class='ocrx_word' id='word_1_961' title='bbox 3154 5780 3292 5850; x_wconf 52' lang='lat' dir='ltr'><strong>sum?!</strong></span> <span class='ocrx_word' id='word_1_962' title='bbox 3304 5788 3372 5833; x_wconf 79' lang='lat' dir='ltr'><strong>rel</strong></span> <span class='ocrx_word' id='word_1_963' title='bbox 3393 5759 3671 5850; x_wconf 52' lang='lat' dir='ltr'><strong>iﬁSPleff“;,‘-l_f</strong></span> 
     </span>
    </p>
   </div>
   <div class='ocr_carea' id='block_1_122' title="bbox 2189 5823 3666 5964">
    <p class='ocr_par' dir='ltr' id='par_1_122' title="bbox 2189 5823 3666 5964">
     <span class='ocr_line' id='line_1_123' title="bbox 2189 5823 3666 5926; baseline -0.016 -21"><span class='ocrx_word' id='word_1_964' title='bbox 2189 5823 2631 5926; x_wconf 59' lang='grc' dir='ltr'><strong>ςυρῖιῖιὲέῗξῖἔόἐὲἇι</strong></span> <span class='ocrx_word' id='word_1_965' title='bbox 2649 5823 2706 5901; x_wconf 59' lang='grc' dir='ltr'>ἓι</span> <span class='ocrx_word' id='word_1_966' title='bbox 2716 5823 3293 5911; x_wconf 54' lang='grc' dir='ltr'><strong>ὖὶὲ¹ῥῖὶὲὶοὲἓῖιὶιζ⁷ἆέίῑιέ</strong></span> <span class='ocrx_word' id='word_1_967' title='bbox 3304 5823 3606 5906; x_wconf 45' lang='lat' dir='ltr'><strong>inflectat</strong></span> <span class='ocrx_word' id='word_1_968' title='bbox 3617 5823 3666 5896; x_wconf 64' lang='lat' dir='ltr'><strong>ip-</strong></span> 
     </span>
     <span class='ocr_line' id='line_1_124' title="bbox 2191 5927 2387 5964; baseline -0.026 1"><span class='ocrx_word' id='word_1_969' title='bbox 2191 5928 2318 5964; x_wconf 82' lang='lat' dir='ltr'><strong>smcc</strong></span> <span class='ocrx_word' id='word_1_970' title='bbox 2323 5927 2372 5964; x_wconf 88' lang='lat' dir='ltr'><strong>re</strong></span> <span class='ocrx_word' id='word_1_971' title='bbox 2377 5949 2387 5960; x_wconf 87' lang='lat'><strong>.</strong></span> 
     </span>
    </p>
   </div>
   <div class='ocr_carea' id='block_1_123' title="bbox 2191 5928 3088 5984">
    <p class='ocr_par' dir='ltr' id='par_1_123' title="bbox 2191 5928 3088 5984">
     <span class='ocr_line' id='line_1_125' title="bbox 2191 5928 3088 5984; baseline -0.02 -15"><span class='ocrx_word' id='word_1_972' title='bbox 2191 5928 2387 5984; x_wconf 79' lang='lat' dir='ltr'><strong>spicere.</strong></span> <span class='ocrx_word' id='word_1_973' title='bbox 3083 5958 3088 5962; x_wconf 47' lang='grc'><em>,</em></span> 
     </span>
    </p>
   </div>
  </div>
