3942 6444
556 339 661 399 665

554 478 823 535 occideret
848 480 1061 537 Sat'dcm
1089 482 1204 552 ipse
1228 481 1433 548 David;
1462 491 1515 538 et
1542 482 1704 553 elegit
1729 497 1948 553 parcere
1976 498 2135 554 quam

555 570 817 626 occidere.
849 571 940 627 Ille
966 582 1142 628 autem
1171 588 1271 628 nec
1303 572 1393 627 tali
1443 574 1700 630 beneﬁcio
1727 576 1897 630 victus
1939 584 2042 643 est,
2080 583 2137 630 ut

553 662 822 718 desineret
871 666 1136 734 persequi.
1190 666 1492 722 Invenimus
1544 683 1672 737 ergo
1719 669 1810 724 illo
1863 677 2133 737 tempore,

552 755 761 826 quando
787 756 908 811 Sail!
940 758 1098 811 David
1136 761 1572 829 persequebatur,
1617 776 1793 830 regem
1821 760 2052 816 futurum
2080 770 2136 817 et

547 846 979 914 prmd-stinatum
1025 865 1116 904 rex
1163 849 1272 920 jam
1326 852 1659 921 reprobatus,
1689 852 1825 920 quod
1871 853 2061 922 fugerit
2102 867 2133 908 ι

547 935 682 991 facie
708 936 829 991 Sat'd
863 938 912 991 in
940 940 1244 1008 speluncam
1273 941 1384 1011 ipse
1414 942 1597 997 David.
1622 943 1758 1011 Quid
1788 959 1914 1015 ergo
1945 945 2043 999 hoc
2063 944 2131 1000 ad

545 1027 813 1083 Christum
833 1031 856 1081 ’ἒ
886 1030 939 1086 Si
971 1033 1146 1086 omnia
1164 1050 1282 1104 qum
1312 1035 1757 1106 Iuncagebautur,
1776 1035 1956 1105 ﬁgurae
1975 1045 2130 1093 erant

542 1117 861 1189 futurorum,
887 1125 1184 1181 inveninms
1212 1127 1281 1181 ibi
1303 1127 1591 1191 Christum,
1618 1138 1673 1185 et
1696 1130 1861 1184 multo
1878 1131 2127 1187 maxime.

540 1209 673 1267 Nam
702 1214 849 1279 illud,
897 1214 976 1269 Ne
1022 1234 1314 1290 corrumpas
1343 1219 1394 1273 in
1426 1221 1559 1275 tituli
1592 1221 1991 1291 inscriptionem,
2019 1237 2125 1279 non

538 1306 693 1362 video
717 1307 985 1378 quomodo
1012 1311 1271 1380 pertineat
1318 1311 1384 1367 ad
1428 1312 1579 1367 illum
1628 1313 1812 1368 David.
1840 1313 1954 1369 Non
1981 1316 2125 1373 enim

537 1399 731 1471 aliquis
763 1402 944 1456 titulus
972 1403 1254 1472 inscriptus
1281 1414 1396 1459 erat
1424 1405 1522 1473 ipsi
1553 1406 1738 1471 David,
1762 1422 1919 1476 quem
1959 1409 2127 1465 voluit

536 1504 879 1562 corrumpere
906 1494 1049 1549 Saﬁl.
1086 1493 1333 1552 Videmus
1352 1504 1528 1552 autem
1559 1497 1611 1551 in
1637 1499 1885 1569 passione
1911 1499 2123 1557 Domini

540 1585 795 1656 scriptum
822 1585 984 1642 fuisse
1015 1588 1257 1656 titulum,
1286 1589 1398 1645 Rea:
1423 1589 1722 1646 Judworum
1752 1604 1848 1657 ;ut
1869 1594 1959 1648 ille
1994 1595 2123 1657 titu-

536 1676 620 1732 lus
663 1680 1007 1749 exprobraret
1036 1681 1265 1736 frontem
1305 1683 1539 1753 ipsorum
1561 1726 1577 1749 ,
1605 1685 1745 1754 quod
1792 1701 1822 1741 a
1871 1702 1998 1757 rege.
2023 1703 2123 1744 suo

534 1783 725 1824 manus
770 1785 875 1824 non
920 1770 1308 1828 abstinuerunt.
1356 1773 1410 1829 lu
1453 1775 1559 1830 illis
1583 1777 1724 1830 enim
1752 1776 1878 1832 Saﬁl
1905 1779 2119 1841 erat,iu

532 1858 748 1915 Christo
779 1861 939 1916 David
968 1871 1101 1918 erat.
1124 1862 1367 1920 Christus
1392 1867 1553 1927 enim,
1581 1869 1712 1922 sicut
1742 1868 1870 1923 dicit
1897 1880 2119 1940 aposto-

532 1950 693 2015 licum
722 1952 1091 2023 Evangelium,
1122 1964 1224 2022 est,
1252 1956 1390 2027 quod
1419 1957 1684 2026 novimus,
1711 1960 1852 2030 quod
1891 1962 2118 2019 conﬁte-

529 2058 671 2111 mur,
703 2046 968 2099 exscmine
989 2045 1155 2100 David
1183 2048 1459 2104 sectmdum
1479 2067 1682 2105 carnem
1713 2052 1891 2123 (Rom.
1924 2070 1964 2121 ι,
1995 2054 2049 2116 5.
2069 2066 2118 2109 et

530 2135 717 2191 Matth.
747 2152 785 2203 ι,
816 2137 871 2207 l)
905 2156 916 2191 :
949 2154 1067 2192 nam
1095 2139 1385 2196 secundum
1406 2141 1734 2199 divinitatem
1756 2161 1913 2213 supra
1931 2146 2113 2215 David,

527 2240 687 2296 supra
713 2242 899 2283 omnes
929 2228 1192 2292 homines,
1212 2245 1368 2300 supra
1400 2233 1591 2288 cmlum
1614 2243 1668 2288 et
1704 2245 1922 2302 terram,
1954 2253 2114 2309 supra

526 2318 782 2387 Angelos,
840 2334 997 2389 supra
1037 2322 1213 2376 omnia
1262 2324 1482 2378 visibilia
1535 2334 1592 2381 et
1637 2327 1950 2397 invisibilia;
1991 2334 2114 2402 quia

527 2411 706 2464 oumia
734 2426 828 2479 per
867 2411 1038 2480 ipsum
1070 2411 1207 2468 facta
1233 2422 1376 2481 sunt,
1404 2426 1455 2471 et
1502 2417 1619 2472 sine
1665 2419 1782 2487 ipso
1813 2421 2006 2477 factum
2031 2433 2115 2480 est

527 2498 660 2553 nihil
692 2498 871 2569 (Joan.
897 2517 933 2564 t,
964 2502 1022 2568 3)
1049 2519 1062 2554 :
1090 2500 1336 2572 dignatus
1366 2513 1542 2561 tamen
1572 2506 1734 2562 homo
1777 2509 1889 2565 ﬁeri
1927 2528 1991 2567 ex
2023 2530 2111 2570 se-

523 2588 672 2645 mine
694 2589 856 2645 David
886 2591 951 2645 ad
983 2607 1079 2646 nos
1105 2593 1284 2660 venit;
1314 2596 1433 2665 quia
1464 2595 1531 2652 de
1576 2598 1714 2654 tribu
1758 2601 1918 2657 David
1949 2614 2109 2662 natus

523 2692 628 2751 est,
653 2683 790 2739 unde
829 2684 979 2755 virgo
1003 2685 1165 2741 Maria
1190 2703 1307 2757 qua}
1335 2691 1537 2758 peperit
1564 2688 1834 2748 Christmu
1864 2695 1882 2763 (
1909 2695 2035 2752 Luc.
2068 2715 2106 2763 ι,

521 2773 615 2843 27,
639 2784 688 2835 et
731 2792 786 2846 tt,
835 2776 865 2834 4
890 2776 928 2849 ).
960 2776 1247 2847 luscriptus
1290 2780 1465 2851 itaque
1501 2782 1686 2837 titulus
1721 2785 1809 2840 ille
1849 2796 1964 2852 est,
2001 2789 2109 2845 Rex

518 2871 839 2927 Juda'orum.
891 2871 1057 2937 Satil,
1113 2879 1169 2926 ttt
1225 2871 1474 2938 diximus,
1533 2876 1760 2945 populus
1801 2877 2104 2937 Jtula-orum

518 2974 663 3030 erat;
698 2963 860 3018 David
889 2964 1131 3019 Christus
1160 2972 1274 3018 erat
1299 2981 1312 3018 :
1337 2963 1521 3020 titulus
1541 2966 1631 3031 ibi,
1656 2964 2099 3028 Rerludwornm.

518 3058 776 3129 indignati
808 3056 1139 3121 suntJudmi,
1165 3058 1284 3126 quia
1313 3058 1599 3131 inscriptus
1614 3069 1730 3116 erat
1758 3062 1964 3129 titulus,
1994 3065 2105 3120 Rex

515 3150 819 3205 Judteorum
845 3168 863 3203 :
894 3148 1078 3218 puduit
1124 3149 1241 3204 illos
1271 3149 1470 3206 habere
1499 3166 1675 3221 regem
1702 3168 1860 3223 quem
1889 3156 2102 3211 cruciﬁ-

513 3257 643 3312 gere
672 3248 975 3310 potuerunt.
1007 3239 1120 3296 Non
1144 3241 1285 3295 enim
1315 3241 1556 3297 viderunt
1581 3243 1702 3313 quia
1732 3246 1843 3313 ipsa
1870 3261 2022 3313 crux,
2048 3248 2101 3305 in

512 3346 619 3401 qua
649 3345 769 3386 eum
812 3331 1073 3397 ﬁxerunt,
1117 3329 1290 3385 futura
1324 3342 1437 3388 erat
1485 3332 1537 3386 in
1587 3332 1849 3390 frontibus
1890 3353 2097 3409 regum.

512 3422 646 3479 Cum
668 3438 794 3490 ergo
825 3420 1220 3491 indignarentur
1248 3438 1315 3478 ex
1351 3423 1443 3479 illo
1476 3424 1649 3487 titulo,
1686 3426 1927 3483 adierunt
1958 3430 2097 3486 Pila-

512 3525 625 3570 tum
649 3513 906 3584 judicem,
936 3513 1018 3568 cui
1048 3513 1352 3568 obtulerant
1398 3514 1748 3571 occidendum
1787 3516 2056 3576 Christum
2077 3564 2092 3589 ,

511 3614 569 3661 et
592 3604 839 3660 dixerunt
864 3604 929 3657 ad
960 3619 1079 3658 eum
1103 3621 1116 3658 :
1148 3602 1273 3657 Noli
1301 3605 1518 3660 scribere
1531 3606 1624 3673 sic,
1653 3605 2095 3681 Rexludtrorum;

508 3696 599 3752 sed
626 3694 783 3751 scribe
802 3695 920 3765 quia
948 3695 1056 3765 ipse
1078 3695 1206 3749 dixit
1235 3710 1289 3749 se
1327 3712 1491 3768 regem
1531 3713 1639 3751 esse
1671 3698 1989 3756 Juda'orum.
2027 3704 2096 3760 Et

509 3791 631 3862 quia
655 3790 763 3860 jam
795 3798 1065 3844 cantatum
1092 3797 1208 3844 erat
1239 3804 1333 3857 per
1360 3788 1613 3859 Spiritum
1638 3802 1902 3859 sanctum,
1934 3793 2000 3850 In
2029 3798 2094 3866 ﬁ-

504 3899 664 3947 nem;
705 3899 767 3937 ne
810 3900 1106 3953 corrumpas
1132 3884 1184 3935 in
1215 3882 1348 3936 tituli
1375 3883 1785 3951 inscriptionem,
1816 3889 2094 3955 respondit

506 3977 586 4033 eis
617 3976 833 4042 Pilatus,
871 3975 1019 4043 Quod
1038 3974 1219 4045 scripsi
1250 3974 1429 4045 scripsi
1455 3974 1475 4046 (
1501 3974 1658 4030 Joan.
1690 3993 1802 4043 ius,
1832 3979 1997 4035 19-22
2022 3982 2042 4053 )
2073 4000 2087 4037 :

502 4069 631 4140 quid
662 4068 790 4124 mihi
818 4067 1100 4139 suggeritis
1145 4065 1473 4123 falsitatem?
1513 4067 1624 4140 Ego
1667 4085 1773 4125 non
1802 4087 2088 4146 corrumpo

500 4162 800 4217 veritatem.

574 4253 632 4310 4.
673 4251 981 4307 Audivimns
1001 4266 1127 4322 ergo
1151 4250 1278 4321 quid
1309 4250 1409 4307 sibi
1436 4251 1582 4316 velit,
1614 4251 1697 4309 Ne
1717 4271 2016 4327 corrumpas
2033 4259 2086 4314 in

502 4344 638 4399 tituli
658 4342 1049 4413 inscriptionem.
1083 4341 1216 4410 Quid
1247 4358 1373 4414 ergo
1398 4352 1501 4408 est,
1527 4341 1654 4399 Cum
1679 4349 1873 4417 fugeret
1896 4366 1928 4402 a
1954 4349 2088 4420 facie

496 4437 636 4495 Smil
665 4438 713 4490 in
731 4433 1063 4503 speluncam?
1087 4434 1240 4502 Quod
1268 4435 1481 4506 quidem
1508 4445 1563 4491 et
1601 4436 1763 4493 David
1804 4440 1895 4497 ille
1920 4441 2040 4498 fecit
2065 4460 2081 4500 :

495 4527 594 4585 sed
624 4529 742 4597 quia
772 4527 823 4581 in
856 4528 945 4581 illo
973 4541 1077 4580 non
1121 4527 1420 4581 invenimus
1465 4527 1600 4582 tituli
1644 4529 2043 4600 inscriptionem
2063 4576 2079 4603 ,

498 4617 555 4674 in
603 4617 703 4671 hoc
732 4617 1061 4671 inveniamus
1095 4614 1268 4685 fugam
1320 4616 1372 4670 in
1419 4616 1746 4685 speluncam.
1800 4618 2085 4692 Figurabat

497 4714 641 4768 enim
663 4710 858 4782 aliquid
887 4712 973 4766 illa
1000 4710 1270 4781 spelunca,
1302 4726 1403 4782 qua
1430 4725 1491 4767 se
1518 4713 1646 4768 texit
1689 4713 1874 4770 David.
1905 4717 2082 4784 Quare

496 4813 679 4860 autem
706 4818 765 4857 se
794 4802 965 4856 texit?
993 4801 1059 4858 Ut
1083 4802 1457 4868 occultaretur,
1496 4812 1551 4860 et
1598 4819 1702 4859 non
1735 4806 2078 4867 inveniretur.

498 4896 639 4966 Quid
671 4902 751 4949 est
782 4896 988 4964 contegi
1020 4893 1314 4965 spelunca?
1341 4895 1560 4967 Contegi
1603 4907 1762 4953 terra.
1807 4898 1907 4966 Qui
1937 4901 2078 4957 enim

492 4987 628 5057 fugit
684 4986 735 5042 iu
789 4985 1118 5054 Speluncam,
1160 4996 1298 5040 terra
1349 4989 1666 5059 contegitur,
1703 5005 1770 5045 ne
1816 4989 2077 5050 videatur.

490 5082 747 5139 Portabat
770 5086 945 5134 autem
970 5088 1161 5132 terram
1187 5077 1360 5140 Jesus,
1390 5094 1604 5136 carnem
1627 5096 1783 5150 quam
1801 5094 2081 5154 acceperat

493 5174 564 5231 de
595 5184 731 5229 terra
755 5190 770 5238 ;
804 5182 858 5228 et
881 5172 932 5226 in
961 5187 1021 5225 ea
1048 5186 1107 5227 se
1133 5171 1449 5236 oecultabat,
1493 5187 1561 5227 ne
1585 5187 1612 5224 a
1639 5173 1840 5229 JUdJPiS
1868 5176 2076 5233 inveni-

490 5277 640 5326 retur
667 5267 825 5321 Deus.
854 5264 908 5321 Si
936 5267 1076 5320 enim
1098 5264 1490 5333 cognovissent,
1510 5281 1776 5336 nunquam
1795 5267 2076 5326 Dominum

489 5360 674 5431 gloria:
700 5358 1088 5411 cruciﬁxissent
1126 5353 1166 5428 (ι
1196 5353 1313 5410 Cor.
1338 5371 1396 5421 ll,
1427 5354 1504 5426 8).
1534 5356 1709 5424 Quare
1737 5373 1865 5428 ergo
1894 5359 2076 5415 Domi-

489 5467 617 5507 num
634 5450 817 5520 gloriae
849 5465 952 5503 non
980 5447 1332 5502 invenerunt?
1350 5447 1482 5516 Quia
1503 5450 1751 5520 spelunca
1772 5467 1830 5508 se
1852 5462 2073 5521 texerat,

490 5543 545 5598 id
562 5552 661 5603 est.
677 5541 851 5597 carnis
868 5538 1228 5595 inﬁrmitatem
1243 5541 1413 5595 oculis
1425 5541 1725 5611 objiciebat,
1746 5545 2076 5613 majestatem

492 5644 669 5690 autem
695 5632 984 5686 divinitatis
1014 5631 1066 5686 iu
1095 5633 1336 5703 corporis
1364 5635 1615 5704 tegmine,
1649 5644 1895 5705 tanquam
1921 5648 2075 5691 terra:
2118 5696 2123 5706 ,

490 5723 673 5779 abdito
698 5725 1025 5794 contegebat.
1059 5724 1135 5779 llli
1163 5739 1290 5796 ergo
1321 5742 1423 5780 non
1458 5740 1844 5798 cognoscentes
1874 5727 2071 5796 Deum,

491 5814 872 5873 eruciﬁxertuvt
900 5815 1189 5871 hominem.
1223 5817 1330 5875 Nec
1357 5818 1491 5876 mori
1539 5818 1713 5890 potuit
1742 5819 1843 5874 nisi
1881 5820 1934 5874 in
1977 5822 2075 5876 ho.

1754 350 1813 405 S.
1841 348 2207 406 AUGUS’l‘lNl
2248 350 2549 413 EPISCOPI

3690 382 3771 443 6N

2244 488 2411 601 mine,
2440 508 2539 550 nec
2585 500 2819 572 cruciﬁgi
2844 508 3015 576 potuit
3055 511 3158 569 nisi
3193 515 3245 573 in
3295 517 3551 591 homine;
3577 531 3771 601 quiane:

2243 586 2411 694 teneri
2441 600 2621 657 posset
2649 595 2748 649 nisi
2775 599 2827 652 in
2856 599 3088 660 homine.
3120 608 3385 680 Opposuit
3423 586 3772 694 male

2241 675 2382 731 ίίὺηε
2412 688 2628 750 ίοιτδιη,
2659 692 2889 746 servavit
2913 692 3050 751 bene
3075 675 3448 770 (intercutibus
3467 675 3773 793 vibrari-“itit

2238 779 2366 869 ergo
2389 773 2679 829 secundum
2709 794 2922 837 carnem
2965 785 3016 841 in
3063 792 3377 860 speluncam
3423 815 3454 854 a
3500 801 3625 860 facie

2236 855 2387 968 Quod
2414 860 2457 915 si
2483 873 2535 918 et
2561 865 2661 968 hoc
2688 869 2818 924 velis
2845 855 3111 947 accipere,
3145 883 3211 937 ita
3244 885 3536 947 Dominum
3562 855 3772 968 fugisse-ii;

2235 948 2543 1055 speluncam
2573 970 2602 1009 a
2629 956 2766 1015 faeie
2792 960 2943 1028 Saul,
2973 969 3092 1037 quia
3136 987 3327 1041 passus
3351 990 3469 1046 est;
3501 948 3774 1055 usqireade;

2232 1045 2602 1143 senecultavit
2626 1048 2853 1120 Judmis,
2887 1068 2945 1113 ut
2977 1070 3033 1115 et
3058 1078 3388 1126 moreretur.
3427 1045 3774 1142 Quantumlihei

2231 1141 2373 1186 enim
2403 1141 2650 1194 smvirent
2671 1143 2720 1198 in
2743 1161 2863 1201 eum
2884 1148 3077 1219 .lud:ei,
3104 1155 3275 1214 donec
3302 1177 3623 1233 mareretur,
3642 1176 3774 1234 adhuc

2230 1225 2489 1333 putabant
2518 1245 2639 1285 eum
2674 1250 2830 1303 posse
2857 1239 3095 1311 liberari,
3122 1258 3175 1302 et
3198 1254 3499 1311 ostendere
3521 1261 3684 1333 aliqua
3697 1270 3773 1324 mi-

2229 1315 2413 1371 raculo
2438 1322 2579 1388 quod
2607 1322 2648 1376 Ρ
2653 1325 2773 1382 ilius
2806 1328 2898 1385 Dei
2925 1344 3086 1391 esset.
3119 1338 3233 1397 Hoc
3261 1348 3581 1413 prmdiclum

2227 1404 2365 1510 libro
2380 1411 2444 1465 Sa
2452 1413 2663 1481 pientize
2688 1435 2701 1470 :
2734 1418 2899 1477 Morte
2923 1431 3213 1499 turpissima
3235 1404 3627 1503 condemnemus
3644 1404 3773 1518 ειιιιξ

2225 1501 2321 1554 erit
2360 1507 2491 1602 enim
2538 1522 2790 1580 respectus
2814 1516 2896 1572 illi
2928 1534 2993 1575 ea:
3028 1529 3345 1584 sermonibus
3391 1534 3556 1592 illius.
3599 1542 3655 1596 Si
3675 1501 3773 1602 uti;

2225 1607 2338 1648 vere
2353 1597 2502 1694 ﬁlius
2528 1600 2625 1656 Dei
2649 1615 2741 1672 est,
2766 1613 3003 1683 suscipiet
3032 1616 3195 1686 illum,
3225 1632 3272 1678 ει
3304 1625 3544 1683 liberabit
3582 1597 3775 1694 ειιιωέᾶέ

2224 1688 2456 1801 manilius
2478 1701 2863 1801 'contrariorunt
2904 1704 2925 1778 (
2951 1706 3080 1780 Sap.
3111 1730 3167 1776 tt,
3204 1716 3296 1782 20,
3327 1721 3397 1775 18
3424 1721 3469 1792 ).
3518 1725 3642 1794 Quia
3677 1688 3774 1801 ergo

2223 1785 2652 1856 eruciﬁgehatur,
2684 1801 2739 1848 et
2768 1811 2873 1850 non
2903 1798 3258 1876 liberabatur,
3282 1785 3639 1876 crediderwunt
3660 1785 3771 1881 ιιιιῆιῇ

2222 1890 2472 1981 nonesse
2504 1881 2693 1938 Filium
2731 1887 2840 1944 Dei.
2880 1890 3164 1965 Pl‘OplCl't‘a
3197 1902 3525 1965 insultantes
3564 1915 3773 1981 pendenti

2222 1966 2275 2075 i'n
2306 1967 2483 2075 ligno,
2518 1982 2573 2028 et.
2612 1989 2771 2048 caput
2815 1982 3099 2057 agitantes,
3146 1991 3405 2052 dicebant
3436 2000 3512 2055 illi
3542 1966 3643 2059 τιεί

2218 2057 2319 2116 Dei
2333 2079 2404 2130 es,
2433 2065 2682 2124 descende
2721 2072 2785 2127 de
2820 2091 2968 2132 cruce
3022 2080 3158 2136 Alios
3182 2087 3354 2141 salvos
3387 2092 3508 2161 fecit
3531 2136 3545 2157 ,
3593 2057 3771 2169 «ipsum

2220 2155 2416 2252 salvere
2438 2176 2538 2214 non
2561 2173 2722 2231 potest
2753 2166 2965 2237 (Matt/1.
3001 2188 3180 2238 xxvu,
3206 2180 3307 2248 40,
3344 2155 3461 2252 ii).
3497 2155 3596 2242 Ista
3628 2155 3771 2246 dic-en.

2220 2254 2321 2313 tes,
2344 2248 2480 2305 sicut
2509 2263 2591 2307 est
2617 2254 2668 2309 in
2688 2256 2804 2326 ipso
2834 2260 2968 2318 libro
2994 2262 3303 2337 Sapicttlim,
3336 2248 3451 2329 hac
3476 2283 3769 2351 cogitaverunt

2217 2350 2263 2393 et
2282 2357 2605 2411 erraverunt;
2634 2354 2899 2406 cxcwcavit
2913 2357 3047 2413 enim
3072 2359 3189 2415 illos
3214 2365 3417 2422 malitia
3452 2350 3623 2426 eorum
3647 2372 3766 2446 (Sep.

2214 2448 2273 2500 ιι,
2296 2432 2356 2488 2|
2372 2438 2411 2507 ).
2427 2437 2562 2505 Quid
2576 2441 2718 2496 enim
2751 2459 2998 2517 magnum
3029 2463 3146 2507 erat
3171 2452 3237 2510 de
3256 2470 3427 2516 cruce
3452 2432 3764 2534 descendere,

2213 2529 2298 2583 cui
2355 2529 2508 2585 facile
2534 2532 2629 2586 fuit
2676 2534 2746 2592 de
2786 2539 3033 2610 sepulcro
3077 2551 3411 2619 resurgere?
3457 2553 3563 2611 Sed
3600 2529 3763 2627 quarei

2215 2638 2382 2694 usque
2426 2625 2491 2679 ad
2529 2639 2751 2685 tuortem
2798 2633 2967 2690 voluit
3002 2650 3121 2693 esse
3164 2642 3418 2710 patiens?
3449 2644 3518 2705 Ut
3542 2625 3762 2721 fugerets

2212 2713 2347 2771 facie
2385 2717 2511 2774 Saitl
2540 2720 2590 2774 in
2622 2723 2954 2791 speluncam.
3002 2726 3216 2787 Etenim
3259 2736 3548 2805 spelunca,
3587 2713 3763 2798 inferior

2211 2822 2335 2878 pars
2364 2820 2519 2865 teri-:e
2551 2823 2724 2882 potest
2761 2818 2951 2889 accipi.
2995 2821 3059 2876 Et
3089 2834 3236 2881 certe
3267 2828 3420 2899 quod
3464 2832 3759 2892 manifestum

2208 2912 2310 2969 est,
2342 2915 2393 2960 et
2420 2915 2623 2962 certum
2660 2911 2928 2979 omnibus,
2976 2930 3174 2988 corpus
3212 2919 3331 2990 ejus
3376 2924 3430 2979 iu
3463 2940 3761 2988 monumento

2208 2997 2439 3064 positum
2466 3007 2567 3065 est,
2608 3002 2748 3070 quod
2779 3012 2895 3058 erat
2936 3007 3174 3065 excisum
3218 3012 3270 3066 in
3302 3024 3483 3084 petra.
3530 3017 3633 3075 lluc
3662 3037 3758 3091 ergo

2205 3098 2614 3146 monumentum
2643 3095 2895 3160 Spelunca
2924 3107 3040 3153 erat
3070 3118 3083 3154 :
3115 3102 3240 3158 illuc
3264 3104 3404 3177 fugit
3431 3124 3462 3162 a
3493 3109 3623 3167 facie
3639 3110 3755 3167 Satil.

2205 3179 2429 3237 Tamdiu
2460 3186 2602 3239 enim
2633 3190 2893 3256 persecuti
2911 3201 3035 3247 sunt
3062 3194 3205 3251 illum
3228 3196 3426 3268 Judaei,
3456 3204 3754 3274 quoadusque

2204 3286 2495 3345 poneretur
2521 3279 2574 3333 in
2604 3280 2880 3350 spelunca.
2911 3283 3063 3342 Unde
3088 3291 3388 3358 probamus
3415 3297 3555 3366 quod
3595 3297 3752 3353 tamdiu

2199 3368 2351 3425 illtun
2381 3372 2645 3439 persecuti
2675 3383 2816 3441 sunt,
2849 3391 3130 3450 quousque
3157 3381 3225 3439 ibi
3266 3390 3749 3454 pouerctur‘lﬁtiatn

2202 3471 2473 3517 mortumu
2507 3464 2557 3518 in
2591 3480 2748 3521 cruce
2787 3468 3106 3537 pendentem
3155 3474 3342 3534 lancea
3383 3482 3751 3540 vulneraventnt

2201 3550 2383 3622 (Joan.
2404 3570 2520 3621 χιχ,
2547 3555 2665 3625 54).
2695 3559 2763 3613 At
2793 3560 2879 3614 ubi
2909 3561 3178 3622 involutus
3202 3578 3396 3627 curato
3442 3573 3617 3630 funere
3638 3575 3748 3647 posi-

2200 3656 2284 3704 tus
2316 3658 2397 3705 est
2424 3649 2475 3705 in
2507 3651 2783 3721 spelunca,
2809 3653 2919 3723 jam
2958 3656 3092 3712 nihil
3136 3658 3441 3721 habuerunt
3477 3667 3610 3739 (ιιιθὰ
3632 3671 3745 3726 rami

2196 3738 2458 3795 facerent.
2494 3739 2803 3798 Resurrexit
2828 3759 2957 3816 ergo
2989 3746 3247 3807 Dominus
3285 3768 3353 3809 ex
3407 3738 3509 3813 illa,
3536 3759 3741 3830 spelunca

2196 3832 2419 3902 illaesus,
2448 3835 2805 3904 incorruptus,
2838 3854 2945 3910 quo
2975 3839 3183 3912 fugerat
3206 3861 3235 3899 a
3267 3845 3406 3906 facie
3425 3850 3580 3918 Sat’tl;
3603 3852 3742 3910 occul-

2197 3933 2390 3982 tansse
2420 3927 2616 3997 impiis,
2646 3944 2783 4000 quos
2810 3931 3181 4005 praiﬁgurabat
3220 3938 3373 4009 Sat'tl,
3416 3945 3738 4002 ostendensse

2193 4029 2371 4076 autem
2422 4021 2681 4078 membris
2726 4025 2858 4080 suis.
2910 4025 3046 4085 Nam
3097 4039 3429 4106 resurgentis
3466 4041 3677 4097 membra
3710 4054 3734 4094 ι

2191 4115 2451 4170 membris
2479 4116 2594 4187 ejus
2619 4118 2827 4188 palpata
2850 4132 2977 4176 sunt
3007 4140 3021 4177 :
3051 4125 3293 4184 membra
3320 4132 3465 4188 enim
3492 4134 3598 4204 ejus
3624 4134 3731 4201 Apo-

2190 4208 2314 4264 stoli
2360 4210 2650 4281 tetigerunt
2700 4223 3091 4283 resurgentem,
3135 4228 3191 4274 et
3217 4222 3558 4281 crediderunt
3593 4222 3727 4299 (Lsc.

2190 4303 2505 4375 xxiv,59);
2552 4315 2606 4359 et
2648 4320 2774 4362 ecce
2823 4306 2959 4363 nihil
3001 4310 3200 4379 profuit
3238 4320 3539 4386 persecutio
3568 4318 3722 4375 Satilis.

2186 4398 2482 4454 Audiamus
2523 4413 2653 4469 ergo
2695 4399 2805 4468 jam
2841 4400 3143 4470 Psalmum,
3178 4407 3301 4476 quia
3346 4408 3417 4466 de
3469 4411 3604 4467 titulo
3639 4408 3726 4479 ejus

2186 4490 2319 4545 satis
2365 4488 2526 4546 locuti
2553 4505 2759 4557 sumus,
2787 4501 3044 4562 quantum
3075 4493 3338 4555 Dominus
3371 4500 3565 4558 donare
3586 4500 3723 4571 digus-

2185 4590 2275 4639 tus
2300 4590 2404 4640 est.

2257 4675 2310 4732 5.
2340 4673 2491 4748 [vers.
2513 4673 2595 4749 2.]
2623 4675 2863 4733 Miserere
2886 4680 3002 4741 mei,
3035 4680 3192 4748 Deus,
3221 4687 3458 4745 miserere
3480 4689 3597 4754 mei,
3623 4700 3714 4752 olo-

2186 4767 2325 4822 niam
2347 4767 2400 4820 in
2428 4777 2476 4821 te
2493 4767 2704 4837 conﬁdit
2723 4768 2894 4822 anima
2918 4787 3048 4825 mea.
3077 4771 3321 4832 Christus
3345 4778 3398 4832 in
3425 4779 3641 4848 passione
3654 4774 3713 4830 di.

2184 4860 2278 4926 cit,
2314 4857 2554 4916 Miserere
2578 4861 2693 4923 mei,
2728 4859 2885 4916 Deus.
2915 4861 3028 4918 Deo
3052 4863 3191 4920 Deus
3215 4865 3364 4936 dicit,
3400 4866 3709 4926 Misereremei.

2185 4950 2289 5021 Qui
2318 4966 2437 5005 cum
2466 4951 2622 5006 Patre
2651 4953 2934 5008 miseretur
2960 4955 3066 5022 tui,
3099 4958 3151 5012 in
3183 4967 3234 5014 te
3267 4961 3489 5029 clamat,
3525 4960 3712 5016 Nisam

2185 5044 2303 5097 mei.
2334 5043 2544 5098 Etenim
2567 5045 2707 5115 quod
2735 5043 2802 5100 de
2833 5045 2924 5100 illo
2954 5047 3165 5115 clamat,
3202 5048 3447 5110 Miserere
3470 5054 3571 5118 mei,
3600 5061 3705 5107 llmm

2184 5147 2305 5190 est:
2334 5150 2363 5188 a
2397 5144 2447 5190 te
2476 5134 2579 5190 hoc
2618 5138 2860 5206 accepit,
2908 5148 3127 5209 promer
3170 5151 3222 5197 te
3250 5143 3563 5203 liberandum
3585 5154 3703 5199 carne

2166 5222 2398 5281 indutus
2423 5235 2525 5281 est.
2556 5227 2693 5283 Caro
2724 5226 2833 5295 ipsa
2863 5227 3092 5297 clamat,
3141 5231 3384 5291 Miserere
3422 5239 3542 5301 mei,
3569 5233 3698 5292 Dm.

2183 5318 2418 5372 miserere
2442 5317 2575 5371 mei:
2591 5315 2752 5372 homo
2779 5318 2911 5387 ipse,
2937 5321 3111 5376 anima
3133 5332 3188 5378 et
3208 5327 3229 5356 ¹
3249 5341 3393 5382 caro.
3412 5328 3579 5386 Totum
3595 5322 3697 5380 enim

2183 5407 2455 5464 hominem
2485 5409 2721 5481 suscepit
2750 5409 3005 5474 Verbum,
3029 5423 3082 5468 et
3110 5423 3252 5471 totus
3289 5417 3452 5476 homo
3483 5421 3623 5476 factus
3642 5421 3698 5467 est

2184 5501 2438 5557 Verbum.
2471 5501 2549 5556 Ne
2576 5501 2694 5556 ideo
2723 5509 2935 5571 putetur
2961 5519 3066 5558 nun
3093 5507 3163 5561 ibi
3186 5508 3349 5567 fuisse
3374 5505 3691 5574 auitnatu,quiﬂ

2182 5593 2505 5663 evangelista
2539 5593 2609 5647 ita
2635 5592 2763 5649 dicit
2790 5613 2803 5649 :
2840 5592 3052 5650 Verbum
3073 5613 3191 5653 caro
3215 5600 3412 5671 factum
3436 5616 3516 5666 est,
3540 5594 3686 5655 aliubi

2244 5706 2265 5779 ξ
2299 5705 2430 5779 ξφξ..
2455 5705 2637 5775 quare?
2653 5705 2780 5775 puta
2800 5718 2967 5779 usque,
2991 5716 3086 5760 etc.
3114 5711 3277 5773 Abest,
3304 5718 3436 5779 quia,
3458 5729 3481 5766 a
3498 5721 3582 5779 Mss.

2245 5769 2266 5798 ί
2299 5766 2433 5843 add...
2458 5765 2560 5830 ipse
2582 5766 2742 5843 animo
2763 5774 2832 5843 est
2864 5765 2909 5818 et
2943 5765 3076 5843 caro.
3115 5765 3686 5843 Exitutig'efeslﬁuxtsb

2184 5829 2388 5892 ejusque
2414 5827 2517 5879 loco
2540 5830 2761 5890 subaudi,
2782 5827 2976 5882 clamat.

3690 5610 3866 6342 ι
