3942 6414
96 357 271 438 θόδ
1262 353 1657 416 ENARRATIO
1693 350 1762 409 IN
1794 349 2124 418 PSALMUM
2162 362 2296 422 LVI.

107 481 284 551 ivvit
307 485 360 538 in
386 481 531 538 nobis
551 481 731 556 (Joan.
759 498 798 550 ι,
821 482 933 554 ιι).
958 482 1169 540 Etenim
1195 481 1392 539 dicitur
1415 497 1542 539 caro
1566 482 1748 549 homo,

113 585 204 643 SE;
223 585 299 630 ent
337 577 442 632 alio
491 577 609 630 loco
654 578 783 633 dicit
825 578 1122 648 Scriptura,
1150 577 1218 632 Et
1241 579 1424 633 videbit
1445 578 1608 634 omnis
1632 594 1753 632 caro

3341 397 3446 455 666

1863 480 2025 538 homo
2053 487 2188 558 ipse,
2217 491 2325 559 jam
2357 508 2484 551 caro
2513 495 2625 568 ipsa
2648 543 2663 566 ,
2690 501 2799 572 jam
2830 505 2992 563 Filius
3015 509 3128 574 Dei.
3153 517 3445 574 secundum

1861 585 2102 632 nostram
2133 584 2594 655 participationem
2626 597 2961 654 manifestum
2981 614 3083 669 est,
3115 606 3234 675 quia
3266 610 3444 664 salva-

123 664 382 731 ;glutare
418 664 514 720 Dei
538 665 688 740 (lsai.
730 683 818 734 xu,
850 668 922 730 5;
955 667 1082 722 Luc.
1109 684 1202 734 ιιι,
1233 669 1311 738 6).
1333 666 1597 740 Numquid
1627 684 1754 724 caro

137 782 182 822 εκ
221 756 276 813 ila
304 759 518 822 videbit,
556 770 610 815 et
640 761 815 814 anima
847 761 917 816 ibi
951 777 1056 816 non
1083 756 1227 816 erit?
1256 761 1449 817 lterum
1479 762 1603 816 dicit
1638 762 1752 829 ipse

156 854 416 909 Dominus
462 854 530 908 de
573 853 877 909 hominibus
905 872 921 911 :
953 855 1098 908 Sicut
1137 854 1321 910 dedisti
1363 856 1411 910 ei
1456 865 1751 927 potestatem

167 946 321 1002 omnis
359 946 529 1000 carnis
559 944 758 1020 (Jonn.
784 963 914 1012 xvu,
944 945 1038 1019 Ξ).
1068 947 1334 1018 Numquid
1362 949 1412 1002 in
1439 949 1606 1003 solam
1630 964 1751 1004 car-

163 1055 283 1094 nem
310 1049 587 1107 acceperat
621 1048 957 1107 potestatem,
980 1048 1034 1093 et
1064 1055 1168 1094 uou
1194 1041 1424 1095 maxime
1447 1040 1497 1094 in
1521 1040 1748 1107 animas,

159 1145 291 1194 quas
322 1131 569 1200 primitus
599 1131 893 1187 liberabat?
917 1133 1054 1204 Ergo
1082 1133 1150 1188 ibi
1175 1145 1289 1188 erat
1313 1133 1512 1197 anima,
1543 1133 1614 1186 ibi
1636 1141 1754 1188 erat

156 1240 282 1281 caro
303 1265 319 1289 ,
353 1223 424 1279 ibi
457 1234 599 1280 totus
624 1225 815 1291 homo;
847 1238 900 1282 et
926 1237 1068 1281 lotus
1110 1226 1273 1282 homo
1301 1241 1422 1282 cum
1453 1226 1631 1283 Verbo
1651 1268 1668 1293 ,
1697 1235 1753 1282 et

155 1314 387 1371 Verbum
412 1331 533 1370 cum
556 1317 792 1386 homine,
811 1330 865 1373 et
887 1318 1046 1373 homo
1067 1328 1121 1374 et
1144 1318 1375 1374 Verbum
1399 1334 1537 1374 unus
1561 1318 1746 1386 homo,

155 1420 211 1466 et
237 1408 476 1464 Verbum
506 1419 559 1464 et
591 1410 753 1466 homo
784 1426 921 1466 unus
954 1411 1116 1467 Deus.
1152 1411 1301 1466 Dicat
1329 1427 1478 1482 ergo,
1507 1410 1751 1465 Miserere

154 1503 271 1558 mei.
301 1500 459 1564 Deus,
490 1504 724 1559 miserere
753 1505 869 1559 mei.
891 1503 1008 1560 Non
1034 1520 1457 1575 expavescamus
1481 1519 1641 1561 voces
1659 1520 1751 1575 pe-

156 1593 317 1648 tentis
359 1593 784 1649 misericordiam
815 1605 871 1651 et
901 1596 1224 1651 exbibeutis.
1258 1595 1382 1652 Ideo
1409 1598 1551 1652 enim
1586 1598 1746 1666 petit,

155 1683 278 1753 quia
310 1683 526 1740 exhibet
556 1703 570 1740 :
601 1686 665 1740 ad
701 1686 800 1741 hoc
828 1689 970 1742 enim
1015 1688 1209 1753 homo,
1252 1689 1375 1760 quia
1407 1691 1744 1756 misericors;

154 1790 263 1850 non
291 1786 343 1829 ut
373 1779 698 1834 conditionis
729 1781 1048 1836 necessitate
1077 1793 1405 1844 nasceretur.
1437 1784 1531 1839 sed
1559 1790 1618 1838 ut
1652 1799 1749 1839 nos

155 1865 228 1921 de
268 1867 573 1925 conditione
626 1872 961 1928 necessitatis
1006 1873 1277 1930 liberaret.
1332 1875 1568 1930 Miserere
1617 1877 1746 1944 mei,

157 1957 318 2024 Deus,
351 1962 582 2016 miserere
606 1964 702 2018 mei
719 2005 735 2031 ,
773 1965 1013 2034 quoniam
1036 1967 1088 2020 in
1113 1976 1161 2020 te
1183 1967 1394 2034 conﬁdit
1414 1969 1586 2021 anima
1612 1985 1745 2022 mea.

157 2051 328 2106 Audis
352 2054 661 2124 magistrum
690 2066 931 2112 orantem
953 2098 966 2122 ,
990 2057 1136 2114 disce
1163 2073 1338 2115 orare.
1368 2059 1448 2114 Ad
1478 2061 1578 2116 hoc
1603 2060 1747 2116 enim

158 2145 370 2208 oravit,
403 2157 459 2202 nt
483 2147 702 2203 doceret
729 2164 923 2206 orare:
947 2151 1070 2221 quia
1102 2151 1168 2205 ad
1202 2152 1304 2208 hoc
1331 2167 1517 2221 passus
1541 2162 1659 2218 est,
1689 2162 1748 2209 ut

155 2237 377 2294 doceret
408 2242 512 2310 pati
537 2259 551 2306 ;
580 2243 648 2297 ad
679 2242 783 2300 hoe
823 2246 1158 2314 resurrexit,
1191 2254 1251 2301 ut
1281 2245 1501 2304 doceret
1526 2261 1748 2318 sperare

156 2334 630 2390 reSttrrectionem.

231 2422 286 2478 6.
316 2421 380 2477 Et
409 2425 458 2479 in
484 2425 662 2479 umbra
683 2427 880 2482 alarum
901 2437 1102 2483 tuarum
1125 2428 1338 2500 sperabo
1354 2471 1368 2495 ,
1393 2429 1551 2484 donec
1575 2439 1746 2484 trans-

154 2525 241 2570 eat
268 2516 518 2585 iniquitas.
547 2517 660 2574 Hoc
692 2519 845 2584 plane
875 2520 985 2590 jam
1015 2532 1158 2576 totus
1186 2521 1431 2576 Christus
1456 2521 1590 2576 dixit
1615 2537 1630 2576 :
1660 2522 1748 2577 hic

155 2615 246 2663 est
271 2617 321 2663 et
345 2615 443 2663 Vox
474 2619 679 2665 nostra.
715 2610 832 2666 Non
874 2613 1015 2667 enim
1057 2614 1164 2682 jam
1206 2613 1415 2667 transiit
1456 2613 1741 2683 iniquitas,

155 2697 332 2754 adhuc
360 2700 526 2755 fervet
554 2701 827 2772 iniquitas.
864 2704 929 2758 Et
961 2703 1012 2757 in
1047 2702 1148 2758 fine
1185 2703 1318 2758 dixit
1349 2703 1461 2772 ipse
1492 2703 1746 2758 Dominus

154 2791 530 2848 abundantiam
556 2794 785 2850 futuram
813 2795 1106 2866 iniquitatis
1129 2813 1144 2852 ε
1167 2794 1235 2849 Et
1255 2797 1492 2866 quoniam
1517 2796 1748 2850 abunda-

155 2882 229 2936 bit
265 2884 500 2956 iniquitas
519 2929 533 2950 ,
561 2888 844 2960 refrigescet
873 2888 1094 2942 charitas
1134 2889 1435 2954 multorum;
1464 2890 1548 2960 qui
1577 2899 1745 2944 autem

153 2979 534 3044 perseveraverit
579 2996 738 3051 usque
777 2982 830 3034 in
875 2980 1048 3050 ﬁnem,
1090 2981 1172 3035 Itic
1208 2981 1380 3036 salvus
1405 2983 1498 3035 erit
1530 2982 1742 3052 (Matth.

154 3081 303 3132 xxw.
347 3068 414 3124 η
435 3069 473 3137 ).
515 3071 645 3139 Quis
672 3081 850 3127 autem
879 3074 1236 3142 perseverabit
1268 3089 1437 3145 usque
1476 3076 1529 3130 in
1559 3076 1739 3142 finem,

152 3160 496 3232 quoadusque
524 3173 760 3220 transeat
791 3165 1082 3236 iniquitas?
1108 3166 1206 3233 Qui
1255 3167 1411 3223 fuerit
1454 3168 1505 3223 in
1545 3168 1742 3224 Christi

151 3265 400 3321 corpore,
428 3255 517 3325 qui
547 3255 706 3312 fuerit
729 3257 780 3311 in
807 3259 1062 3314 membris
1084 3259 1305 3323 Christi,
1336 3269 1388 3315 et
1409 3275 1437 3314 a
1459 3262 1634 3332 capite
1656 3260 1743 3316 di-

151 3343 346 3400 dicerit
389 3347 694 3417 patientiam
739 3350 1136 3420 perseverandi.
1161 3350 1384 3407 Transis
1415 3361 1490 3416 tu,
1525 3363 1579 3407 et
1616 3367 1744 3409 ecce

152 3438 481 3494 transierunt
521 3441 840 3497 tentationes
867 3451 1001 3508 tum;
1046 3453 1100 3498 et
1137 3443 1182 3497 is
1211 3443 1262 3497 in
1293 3443 1449 3498 aliam
1479 3443 1640 3498 vitam
1686 3445 1743 3500 in

150 3543 315 3598 quam
343 3529 511 3584 ierunt
539 3530 732 3597 sancti,
763 3531 806 3585 si
839 3542 1056 3588 sanctus
1084 3531 1268 3588 fueris.
1301 3533 1354 3588 In
1375 3534 1534 3589 aliam
1567 3535 1743 3589 ierunt

151 3627 416 3690 martyres
443 3637 458 3676 :
484 3620 528 3674 si
556 3633 760 3692 martyr
785 3620 970 3688 fueris,
1010 3624 1056 3679 is
1097 3630 1152 3678 et
1183 3632 1238 3678 tu
1279 3623 1331 3676 in
1370 3624 1526 3676 aliam
1557 3625 1738 3680 vitam.

150 3709 419 3782 Numquid
444 3713 565 3783 quia
589 3724 644 3768 tu
669 3715 903 3770 transisti
929 3715 1071 3780 hinc.
1102 3725 1376 3787 propterea
1398 3715 1510 3785 jam
1535 3717 1745 3772 transiit

153 3805 444 3876 iniquitas?
477 3805 781 3863 Nascuntur
807 3808 894 3863 alii
926 3808 1126 3880 iniqui,
1155 3809 1293 3863 sicut
1324 3810 1626 3866 moriuntur
1651 3811 1742 3867 alii

153 3897 341 3968 iniqui.
374 3899 654 3967 Quomodo
699 3916 827 3968 ergo
868 3903 955 3957 alii
997 3903 1161 3973 iniqui
1208 3905 1531 3972 moriuntur,
1559 3915 1613 3960 et
1651 3907 1741 3962 alii

156 4003 480 4057 nascuntur;
505 3993 583 4048 sic
607 3993 841 4062 aliijnsti
864 4002 1012 4061 eunt,
1037 4003 1090 4049 et
1110 3994 1198 4048 alii
1228 4006 1537 4051 nascuntur.
1566 3996 1743 4068 Usque

156 4083 210 4137 in
242 4085 398 4141 tinem
429 4085 611 4140 szeculi
645 4099 748 4140 nec
793 4084 1042 4156 iniquitas
1090 4085 1259 4142 deerit
1311 4102 1558 4158 premens
1582 4131 1597 4155 ,
1643 4104 1743 4145 nec

151 4174 350 4244 justitia
378 4176 607 4247 patiens.
634 4176 699 4230 Et
725 4177 777 4231 in
808 4177 985 4230 umbra
1011 4178 1211 4231 alarum
1246 4191 1449 4234 tuarum
1491 4180 1738 4249 sperabo,

155 4268 310 4323 donec
338 4279 560 4324 transeat
580 4270 817 4340 iniquitas
841 4286 858 4324 :
885 4269 935 4325 id
963 4279 1066 4337 est,
1100 4281 1152 4325 tu
1181 4281 1428 4342 proteges
1457 4288 1544 4327 me
1563 4313 1576 4338 ,
1604 4282 1658 4329 et
1683 4282 1743 4329 ut

155 4358 222 4413 ab
248 4369 376 4415 testu
400 4343 692 4431 iiiiqtiiiatis
718 4375 822 4416 non
848 4377 1108 4429 arescam,
1133 4371 1188 4417 tu
1214 4362 1576 4418 umbraculum
1601 4380 1740 4435 prte-

157 4448 304 4506 bebis
334 4452 484 4507 tuiln.

225 4542 277 4596 7.
304 4541 450 4616 [vers.
476 4541 554 4616 5.]
579 4542 819 4598 Clamabo
837 4542 906 4596 ad
929 4540 1095 4597 Deum
1115 4545 1434 4599 altissimum.
1464 4545 1518 4600 Si
1547 4545 1742 4601 altissi-

155 4647 271 4688 mus
299 4645 397 4697 est,
417 4635 685 4705 quomodo
707 4635 853 4690 audit
877 4645 928 4690 te
953 4635 1306 4691 clamantem?
1325 4637 1454 4692 Nata
1477 4647 1559 4693 est
1575 4655 1739 4709 expe-

157 4725 383 4782 rimento
409 4726 597 4781 fiducia
623 4745 634 4779 :
665 4725 863 4794 Deum,
897 4727 1098 4797 inquit,
1127 4727 1213 4798 qui
1233 4727 1475 4801 benefecit
1512 4731 1653 4784 mihi.
1681 4730 1740 4786 Si

157 4827 436 4886 antequam
473 4834 594 4873 eum
621 4833 917 4888 qn:rrerem
945 4819 1210 4874 benefecit
1234 4819 1360 4874 mihi
1382 4863 1395 4885 ,
1420 4821 1737 4877 clamantem

159 4921 242 4964 me
284 4927 384 4964 non
425 4909 704 4965 exaudiet?
744 4909 887 4964 Bene
929 4914 1070 4964 enim
1117 4911 1271 4966 nobis
1317 4912 1437 4967 fecit
1485 4915 1738 4970 Dominus

162 5000 295 5057 Deus
318 5003 576 5058 mittendo
599 5002 751 5058 nobis
772 5002 1102 5057 Salvatorem
1125 5015 1364 5058 nostrum
1386 5003 1566 5059 Jesum
1587 5005 1739 5060 Chri-

163 5103 292 5149 stum
311 5140 325 5160 ,
353 5109 408 5152 ut
447 5105 747 5151 moreretur
775 5106 989 5167 propter
1012 5095 1204 5151 delicta
1236 5107 1447 5161 nostra,
1475 5107 1529 5151 et
1553 5113 1738 5154 resuro

164 5196 300 5250 geret
331 5197 546 5258 propter
566 5187 998 5258 jnstiiicationem
1030 5195 1268 5242 nostram
1298 5188 1316 5257 (
1334 5189 1482 5244 Rom.
1518 5205 1589 5254 tv,
1617 5189 1734 5261 25).

164 5273 261 5331 Pro
285 5281 527 5350 qualibus
570 5280 702 5334 mori
743 5279 907 5333 voluit
941 5279 1133 5334 Filium
1175 5279 1366 5334 suum?
1391 5281 1495 5336 Pro
1541 5282 1736 5352 impiis.

171 5365 304 5438 lmpii
332 5381 504 5425 autem
537 5386 643 5426 non
672 5369 983 5440 quaerebant
1010 5371 1172 5425 Deum
1192 5413 1206 5436 ,
1236 5379 1289 5426 et
1321 5370 1529 5441 quaesiti
1556 5382 1680 5427 sunt
1707 5389 1738 5429 a

173 5457 283 5515 Deo.
314 5461 400 5518 Sic
441 5473 522 5518 est
564 5477 692 5532 ergo
735 5463 822 5516 ille
861 5461 1179 5524 altissimus,
1213 5471 1270 5516 ut
1300 5479 1403 5516 non
1443 5464 1514 5518 sit
1550 5465 1617 5519 ab
1647 5465 1739 5520 illo

175 5548 310 5626 longe
348 5556 561 5610 miseria
602 5563 777 5608 nostra
808 5563 857 5606 et
885 5555 1111 5623 gemitus
1151 5563 1365 5620 noster;
1406 5556 1528 5624 quia
1574 5572 1739 5626 prope

174 5655 242 5700 est
263 5649 515 5703 Dominus
542 5648 624 5702 bis
643 5649 729 5717 qui
753 5647 1084 5701 obtriverunt
1104 5662 1197 5703 cor
1212 5646 1386 5720 (Psal.
1413 5665 1603 5715 χχχιιι,
1623 5651 1733 5722 l9).

176 5734 394 5797 Clanmbo
419 5743 489 5794 ad
504 5740 660 5794 Deum
682 5740 1004 5806 altissimum,
1036 5738 1196 5794 Deum
1213 5742 1301 5810 qui
1326 5742 1566 5813 benefecit
1589 5745 1733 5800 mihi.

224 5833 276 5894 8.
309 5834 460 5910 [υετδ.
483 5835 539 5904 ὁ,
565 5832 643 5905 5.]
671 5832 811 5888 Misit
831 5833 896 5886 de
913 5831 1059 5902 caelo,
1081 5843 1127 5889 et
1145 5832 1340 5889 salttum
1361 5835 1478 5905 fecit
1498 5851 1592 5891 me.
1615 5836 1733 5897 Jam

1863 678 1949 723 tus
1967 679 2069 735 est.
2093 685 2144 729 et
2169 676 2311 733 misit
2335 679 2404 736 de
2421 684 2558 738 cteln
2583 685 2759 756 Pater,
2788 701 2841 747 et
2869 695 3091 752 salvavit
3118 714 3274 766 ellttl;
3307 704 3451 760 misit

1859 763 1929 822 de
1954 769 2093 822 cmlo
2121 779 2175 825 et
2198 776 2535 832 resuscitavit
2577 796 2699 837 eum
2725 773 2864 840 :sed
2910 799 2967 843 ut
3020 795 3273 850 noveritis
3327 799 3449 868 quia

1860 867 1915 912 et
1963 859 2075 928 ipse
2099 861 2357 921 Dominus
2399 883 2459 924 se
2497 875 2862 944 resnscitavit;
2890 889 3172 954 utrumque
3216 859 3446 958 posiiuttt

1859 961 1944 1006 est
1992 953 2048 1006 in
2097 952 2392 1028 Scriptura,
2418 965 2538 1033 quia
2589 975 2644 1020 et
2680 968 2836 1026 Pater
2881 972 3026 1028 illum
3079 952 3449 1050 resnlscitat'it,

1859 1053 1916 1100 et
1967 1047 2090 1116 quia
2153 1049 2267 1117 ipse
2319 1068 2382 1109 se
2433 1060 2790 1118 resuscitavit.
2846 1065 3040 1125 Audite
3099 1074 3220 1143 quia
3290 1047 3452 1134 Pater

1859 1135 2008 1193 illum
2059 1144 2753 1219 resuscitavit:Apostolus
2801 1155 2958 1221 dicit,
3004 1135 3196 1218 Factus
3237 1177 3337 1228 est,
3370 1169 3450 1224 in-

1859 1229 1993 1300 quit,
2039 1231 2276 1289 obediens
2316 1253 2474 1308 usque
2517 1241 2586 1295 ad
2627 1255 2856 1314 mortem,
2885 1260 3096 1308 mortem
3133 1265 3298 1310 autem
3327 1275 3447 1312 cru-

1858 1319 1930 1373 cis
1952 1336 1972 1374 :
1999 1335 2204 1394 propter
2229 1330 2364 1397 quod
2390 1341 2437 1384 et
2467 1330 2607 1388 Deus
2647 1352 2761 1390 eum
2802 1343 3062 1403 exaltavit.
3082 1357 3127 1398 et
3166 1348 3368 1403 donavit
3404 1354 3448 1407 ei

1857 1425 2039 1466 nomen
2066 1416 2202 1483 quod
2225 1429 2299 1472 est
2337 1436 2490 1490 super
2517 1440 2666 1479 omne
2702 1444 2882 1484 nomen
2912 1429 3166 1506 (Philipp.
3192 1453 3247 1502 ιι,
3273 1439 3325 1505 8,
3351 1439 3443 1511 9).

1858 1503 2100 1560 Audistis
2125 1507 2333 1565 Patrem
2359 1516 2764 1574 resuscitantem
2793 1531 2848 1576 et
2875 1503 3197 1582 exaltantem
3218 1503 3413 1587 Filium.
3431 1552 3445 1599 ;

1859 1593 2041 1650 audite
2069 1598 2190 1667 quia
2223 1610 2278 1655 et
2309 1602 2420 1671 ipse
2447 1620 2663 1662 carnem
2694 1626 2843 1667 suam
2877 1619 3217 1674 resuscitavit
3243 1639 3256 1676 :
3293 1623 3344 1676 in
3382 1625 3445 1678 ii-

1856 1699 1986 1755 gura
2019 1691 2198 1760 templi
2223 1691 2352 1748 dicit
2381 1694 2447 1750 ad
2475 1696 2710 1767 Iudaeos,
2742 1701 2936 1758 Solvite
2954 1709 3194 1779 templum
3234 1713 3359 1780 hoc,
3401 1726 3449 1770 et

1855 1777 1910 1831 in
1950 1779 2120 1835 triduo
2157 1784 2410 1841 suscitabo
2447 1789 2595 1843 illud.
2626 1792 2960 1865 Evangelista
2993 1777 3170 1854 autem
3201 1777 3450 1872 exposuit

1857 1869 2012 1926 nobis
2036 1873 2160 1942 quid
2187 1874 2388 1932 diceret
2415 1896 2427 1932 :
2465 1879 2576 1935 Hoc
2595 1893 2784 1951 autem,
2810 1886 3000 1956 inquit,
3025 1891 3219 1946 dicebat
3240 1869 3302 1949 de
3322 1907 3447 1950 tem-

1856 1959 1943 2030 plo
1968 1965 2198 2033 corporis
2221 1967 2300 2020 sui
2327 1967 2506 2038 (Joan.
2540 1988 2596 2039 ιι,
2623 1973 2710 2038 19,
2737 1974 2850 2048 2|).
2876 1978 3030 2034 Modo
3068 1998 3196 2053 ergo
3229 2001 3291 2040 ex
3322 2003 3445 2056 per-

1855 2064 1986 2107 sona
2017 2059 2305 2125 precantis,
2337 2074 2401 2114 ex
2433 2076 2662 2132 persona
2703 2066 2955 2138 hominis,
2985 2087 3048 2127 ex
3073 2089 3298 2144 persona
3323 2095 3444 2134 car-

1854 2144 1940 2199 nis
1966 2145 2114 2214 dicit,
2152 2147 2293 2204 Misit
2323 2151 2384 2206 de
2405 2154 2552 2222 caelo,
2581 2166 2626 2211 et
2650 2159 2845 2214 salvum
2876 2166 2996 2235 fecit
3021 2181 3121 2221 me.

1927 2237 1979 2293 9.
2014 2237 2165 2294 Dedit
2207 2242 2260 2297 in
2291 2246 2618 2314 opprobrium
2648 2252 2999 2310 conculcantes
3036 2275 3134 2313 me.
3159 2259 3258 2328 Qui
3296 2262 3446 2320 illum

1853 2330 2335 2400 conculcaverunt,
2367 2337 2456 2406 qui
2499 2352 2714 2396 mortuo
2751 2344 3139 2404 insultaverunt
3159 2394 3172 2417 ,
3203 2354 3292 2425 qui
3324 2365 3443 2411 tan-

1854 2437 2013 2490 quam
2044 2423 2314 2482 hominem
2343 2432 2724 2490 cruciiixerunt
2746 2477 2762 2504 ,
2792 2441 2913 2510 quia
2959 2442 3125 2500 Deum
3158 2423 3263 2503 non
3290 2449 3445 2506 intel-

1853 2513 2121 2581 lexerunt.
2151 2519 2299 2576 dedit
2327 2536 2422 2577 eos
2453 2525 2505 2578 in
2533 2529 2903 2596 opprobrium.
2933 2533 3125 2592 Videte
3153 2538 3197 2594 si
3229 2555 3334 2598 non
3363 2553 3445 2598 est

1853 2605 2049 2664 factum
2077 2629 2089 2665 :
2115 2627 2222 2667 non
2245 2615 2475 2671 futurum
2497 2619 2788 2690 credimus,
2813 2624 2906 2679 sed
2929 2629 3253 2700 completum
3280 2650 3448 2706 agno-

1853 2701 2072 2756 scimus.
2101 2702 2406 2762 Sazviernnt
2429 2709 2600 2766 Judwi
2643 2714 2696 2767 in
2726 2714 3032 2787 Christum,
3069 2726 3446 2798 superbiernnt

1852 2793 1906 2847 in
1934 2794 2245 2854 Christum:
2278 2800 2408 2855 ubi?
2441 2802 2496 2857 lu
2540 2806 2758 2864 civitate
2797 2793 3254 2875 Jerttsalent.'Ubi
3299 2825 3442 2880 enim

1852 2887 2172 2954 regnabant,
2204 2891 2271 2945 ibi
2303 2895 2596 2963 tumebanl,
2629 2899 2698 2954 ibi
2722 2904 2960 2961 cervices
2985 2921 3291 2968 erexerunt.
3315 2913 3445 2973 Post

1852 2979 2156 3049 passionem
2183 2983 2390 3040 Domini
2413 2987 2664 3044 cradicati
2690 2991 2811 3048 inde
2831 3006 2992 3061 sunt;
3015 3007 3067 3053 et
3097 3002 3443 3069 perdiderunt

1850 3086 2098 3142 regnum,
2121 3075 2172 3130 in
2194 3092 2300 3146 quo
2322 3094 2500 3149 regem
2522 3081 2792 3140 Christum
2817 3103 3109 3159 agnoscere
3132 3096 3439 3160 noluerunt.

1850 3163 2314 3232 Quemadmodum
2339 3173 2448 3227 dati
2480 3185 2604 3230 sunt
2631 3177 2682 3232 in
2705 3183 3074 3252 opprobrium,
3106 3186 3281 3246 videte
3311 3209 3324 3247 :
3354 3192 3441 3250 di-

1848 3259 2022 3327 spersi
2072 3270 2197 3316 sunt
2244 3278 2342 3334 per
2383 3280 2574 3324 omnes
2617 3279 2835 3340 gentes,
2879 3290 3141 3348 nusquam
3182 3278 3442 3342 habentes

1849 3350 2196 3408 stabilitatem
2221 3394 2236 3420 ,
2269 3371 2528 3428 nusquam
2560 3371 2763 3418 certam
2796 3366 3000 3424 sedem.
3025 3369 3312 3442 Propterea
3339 3393 3440 3435 au-

1848 3449 1956 3496 tem
1986 3443 2161 3500 adhuc
2186 3445 2353 3503 Judwi
2385 3460 2528 3517 sunt,
2558 3462 2617 3507 ut
2645 3453 2838 3511 Libros
2882 3470 3096 3517 nostros
3135 3477 3348 3533 portent
3372 3468 3441 3525 ad

1848 3534 2222 3592 confusionem
2251 3554 2424 3594 suam.
2456 3541 2680 3609 Quando
2708 3548 2849 3602 enim
2879 3551 3127 3607 volumus
3156 3557 3443 3615 ostendere

1847 3625 2227 3696 prepbetatum
2255 3628 2548 3697 Christum,
2577 3637 2899 3705 proferimus
2930 3643 3154 3714 Pagauis
3177 3647 3304 3703 istas
3327 3649 3440 3705 Lit-

1849 3726 2011 3773 teras.
2044 3720 2110 3774 Et
2134 3737 2200 3776 ne
2229 3721 2369 3779 forte
2395 3724 2574 3782 dicant
2599 3728 2716 3784 duri
2753 3731 2818 3786 ad
2851 3732 3007 3790 ﬁdem
3035 3740 3156 3808 quia
3189 3757 3284 3797 nos
3324 3744 3442 3800 illas

1848 3808 2135 3867 Christiani
2163 3819 2582 3886 composuimus,
2609 3831 2666 3875 ut
2689 3837 2808 3880 cum
2835 3824 3124 3898 Evangelio
3145 3833 3284 3901 quod
3313 3851 3438 3904 pra:-

1847 3903 2088 3959 dicamus
2117 3906 2431 3965 ﬁnxerimus
2457 3911 2752 3982 Prophetas
2774 3957 2790 3981 ,
2828 3932 2925 3985 per
2963 3935 3098 3990 quos
3129 3903 3442 3992 pr:edictum

1847 3994 2120 4052 videretur
2161 3998 2302 4068 quod
2352 4002 2730 4070 przedicamus;
2778 4006 2902 4064 hinc
2943 4025 3036 4065 eos
3073 4015 3441 4076 convincimus

1848 4088 1970 4157 quia
2002 4104 2190 4144 omnes
2219 4094 2348 4159 ipsa:
2371 4091 2586 4148 Littera:
2609 4097 2799 4164 quibus
2824 4098 3069 4155 Christus
3093 4105 3439 4174 prophetatus

1848 4188 1950 4245 est,
1978 4181 2117 4249 apud
2145 4180 2360 4236 Judzeos
2388 4194 2531 4247 sunt,
2560 4200 2749 4242 omnes
2790 4188 2932 4258 ipsas
2969 4191 3198 4250 Litteras
3241 4197 3441 4257 habent

1847 4269 2036 4326 Judaei.
2071 4271 2401 4329 Proferimus
2429 4275 2653 4332 Codices
2679 4279 2746 4335 ab
2773 4281 3022 4349 inimicis,
3052 4295 3109 4341 ιιι
3145 4289 3439 4347 confunda-

1846 4379 1967 4418 mus
2013 4365 2144 4420 alios
2194 4366 2458 4423 inimicos.
2505 4368 2562 4423 ln
2612 4372 2753 4442 quali
2803 4389 2932 4446 ergo
2980 4380 3270 4448 Opprohrio
3316 4395 3441 4442 sunt

1846 4454 2056 4510 Judaei?
2079 4459 2327 4513 Codicem
2357 4469 2533 4530 portat
2552 4461 2788 4530 Judaeus,
2815 4466 2955 4522 unde
2982 4470 3161 4524 credat
3182 4472 3440 4532 Chrisua-

1847 4561 1969 4602 nus.
1997 4547 2226 4604 Librarii
2259 4553 2424 4607 nostri
2455 4554 2576 4609 facti
2602 4565 2762 4624 sunt,
2792 4561 3062 4627 quomodo
3090 4565 3266 4622 solent
3296 4574 3438 4627 servi

1847 4649 1967 4709 post
1997 4641 2244 4697 dominos
2267 4645 2480 4702 codices
2512 4645 2674 4714 ferre,
2700 4659 2756 4704 ut
2785 4651 2858 4705 illi
2885 4657 3142 4723 portando
3167 4659 3438 4732 deficiant,

1847 4733 1922 4787 illi
1959 4733 2182 4804 legendo
2211 4738 2511 4806 proficiant.
2546 4739 2603 4795 lu
2646 4743 2750 4796 tale
2790 4747 3133 4813 opprobrium
3177 4751 3286 4808 dati
3318 4766 3440 4812 smit

1845 4821 2052 4889 Judaei;
2089 4836 2141 4879 et
2172 4827 2444 4896 impletum
2474 4839 2557 4884 est
2584 4832 2724 4900 quod
2769 4842 2918 4889 tanto
2957 4848 3082 4894 ante
3126 4846 3436 4910 pra-dictum

1845 4923 1927 4968 est
1950 4933 1966 4969 :
1989 4913 2134 4968 Dedit
2159 4917 2211 4970 in
2233 4920 2558 4989 opprobrium
2577 4925 2930 4982 conculcantes
2949 4947 3044 4985 me.
3071 4931 3235 5001 Quale
3258 4947 3436 4993 autem

1847 5008 2192 5079 opprobrium
2218 5019 2336 5078 est,
2365 5011 2555 5069 fratres
2575 5056 2588 5079 ,
2625 5026 2680 5070 ut
2708 5015 2851 5073 hunc
2882 5036 3095 5078 versum
3137 5027 3342 5098 legant,
3383 5043 3439 5085 et

1847 5098 1946 5168 ipsi
1973 5101 2099 5155 cmci
2129 5103 2408 5158 attendant
2434 5105 2500 5159 ad
2528 5108 2805 5177 speculum
2832 5115 3027 5170 suum?
3050 5115 3139 5172 Sic
3167 5121 3306 5174 enim
3341 5138 3437 5194 ap-

1849 5203 2034 5260 parent
2063 5191 2232 5249 Judzei
2258 5194 2325 5249 de
2345 5193 2617 5267 Scriptura
2643 5213 2824 5258 sancta
2852 5221 3010 5276 quam
3040 5220 3273 5280 portant,
3303 5191 3430 5283 qui).

1845 5285 2007 5341 modo
2018 5297 2237 5356 apparet
2253 5288 2414 5346 facies
2426 5293 2551 5348 cmci
2564 5293 2631 5350 de
2646 5299 2864 5366 speculo
2884 5318 2896 5354 :
2911 5301 2978 5356 ab
2991 5302 3108 5357 aliis
3123 5305 3350 5371 videtur,
3367 5310 3437 5365 ab

1845 5377 1962 5447 ipso
1999 5395 2101 5432 non
2124 5379 2350 5436 videtur.
2369 5381 2522 5438 Dedit
2548 5387 2600 5440 in
2622 5391 2947 5460 opprobrium
2963 5397 3312 5452 conculcantes
3334 5417 3432 5455 me.

1917 5469 2003 5524 10.
2037 5471 2325 5539 ριιειιιθὺειε
2352 5476 2488 5532 forte
2512 5494 2632 5533 cum
2663 5480 2898 5549 diceret,
2946 5482 3087 5540 Misit
3114 5489 3176 5543 de
3203 5490 3348 5556 cado,
3390 5502 3437 5546 et

1845 5563 2038 5617 salvum
2075 5582 2153 5618 me
2178 5566 2295 5635 fecit
2317 5585 2334 5621 :
2356 5569 2490 5636 Quid
2520 5572 2661 5626 misit
2698 5574 2766 5628 de
2803 5576 2980 5631 coelo?
3010 5595 3167 5648 quem
3195 5583 3339 5636 misit
3368 5585 3436 5643 de

1846 5655 2017 5710 cmlo?
2041 5657 2301 5728 Angelum
2330 5661 2492 5725 misit,
2524 5672 2579 5716 ut
2609 5663 2810 5719 salvum
2839 5668 3038 5724 faceret
3059 5672 3348 5740 Christum,
3379 5687 3436 5733 et

1847 5763 1942 5818 per
1966 5763 2177 5804 servum
2208 5752 2387 5807 salvus
2415 5754 2474 5808 tit
2507 5755 2806 5813 Dominus?
2832 5757 3032 5819 Omnes
3067 5765 3208 5822 enim
3243 5770 3435 5842 Angeli

1848 5852 2097 5901 creatura
2137 5846 2378 5903 serviens
2419 5847 2637 5906 Christo
2681 5862 2781 5908 est.
2827 5855 2907 5912 Ad
2947 5857 3259 5930 obsequium
3295 5866 3436 5924 mitti
