3942 6438
562 389 667 449 817

501 559 517 590 ἱ
564 514 858 578 πίθωμαι
878 504 1093 577 unguii,
1122 502 1192 560 sd
1216 503 1497 560 servitium
1516 501 1667 559 mitti
1688 509 2012 575 potuerunt,
2042 514 2153 560 non

505 598 519 645 ’ἓ
567 601 637 656 ad
662 599 985 670 adjutorium
1014 615 1031 653 :
1058 596 1199 653 sicut
1224 596 1486 668 scriptum
1523 605 1639 664 est,
1669 593 1811 667 quod
1836 592 2026 667 Angell
2052 595 2158 650 mi-

566 691 860 747 nistrabant
882 689 931 744 ei
956 687 1167 760 (Matth.
1197 702 1271 757 tv,
1300 684 1414 760 tt).
1437 700 1545 743 non
1571 692 1826 758 umquam
1850 685 2157 742 misericor-

561 785 660 841 des
703 781 961 853 indigenti
985 824 1000 849 ,
1053 781 1153 837 sed
1192 790 1451 853 tanquam
1502 778 1732 851 subjecti
1779 780 2153 851 omaipotenti.

564 875 699 942 Quid
721 889 856 947 ergo
880 874 1019 929 misit
1040 874 1110 929 de
1136 874 1281 942 cato,
1311 884 1359 929 et
1384 875 1579 929 salvum
1606 876 1723 947 fecit
1747 889 1828 930 me
1844 874 1870 929 ?
1886 874 2043 931 Modo
2062 888 2158 931 au-

563 970 741 1027 dimus
767 969 780 1000 ¹
812 969 865 1023 in
892 967 998 1022 alio
1024 982 1185 1023 versu
1210 967 1341 1039 quid
1367 967 1436 1023 de
1470 968 1613 1024 ctelo
1650 967 1860 1023 ualuerit
1883 985 1899 1023 :
1924 964 2070 1023 Misit
2093 967 2158 1022 de

560 1064 686 1119 tmte
714 1061 1112 1117 τιήκτίεοτάεαηι
1144 1076 1293 1117 suam
1314 1071 1364 1116 et
1392 1062 1657 1117 veritatem
1689 1072 1855 1116 suam.
1888 1059 1970 1116 Ad
1993 1072 2157 1132 quam

564 1154 720 1209 rem?
747 1153 814 1208 Et
838 1155 970 1208 eruit
996 1154 1407 1209 animantum
1440 1154 1510 1209 tle
1542 1152 1712 1208 medio
1731 1152 2017 1208 catulorum
2045 1146 2155 1208 lca-

563 1263 706 1300 uum.
741 1245 905 1313 Misit,
929 1247 1124 1317 inquit,
1150 1246 1216 1301 de
1241 1247 1364 1301 caelo
1390 1245 1796 1301 ntiser‘lcordinm
1824 1257 1972 1300 suam
1995 1251 2043 1299 et
2066 1260 2157 1299 ve-

561 1341 766 1395 ritatem
802 1356 987 1395 suam:
1022 1350 1078 1394 et
1104 1341 1220 1410 ipse
1251 1339 1503 1396 Christus
1529 1340 1633 1405 ait,
1663 1338 1776 1411 Ego
1817 1354 1929 1395 smn
1968 1338 2159 1396 veritus

573 1430 772 1504 (Joan.
810 1448 917 1499 xiv,
943 1430 1190 1501 6).Missa
1209 1441 1294 1487 est
1317 1446 1446 1503 ergo
1474 1431 1695 1497 veritas,
1724 1438 1783 1487 ut
1807 1439 2021 1489 erueret
2040 1430 2157 1487 ani-

568 1540 710 1581 mam
733 1538 906 1579 meam
931 1524 1058 1580 hinc
1079 1525 1147 1581 de
1172 1524 1353 1580 medio
1376 1524 1677 1580 catulorum
1700 1523 1958 1592 leonum;
1989 1523 2155 1580 missa

566 1625 651 1673 est
675 1616 1058 1672 misericordia.
1086 1615 1266 1687 ipsum
1295 1615 1568 1672 Christum
1594 1615 1896 1671 invenimus
1917 1622 1970 1673 et
1993 1614 2157 1672 mise-

568 1708 853 1765 ricordiam
880 1719 937 1765 et
961 1709 1268 1776 veritatem;
1304 1702 1726 1763 miscricordiam
1755 1706 1911 1763 nobis
1935 1720 2156 1779 compa-

570 1800 810 1865 tiesttem,
837 1808 892 1855 et
914 1799 1193 1855 veritatem
1232 1798 1392 1855 nobis
1436 1799 1884 1856 retrihuentem’.
1923 1798 2037 1857 Hoc
2074 1809 2159 1858 eat

564 1906 695 1963 ergo
724 1892 864 1962 quod
890 1892 1050 1962 paulo
1077 1898 1202 1947 ante
1220 1891 1375 1959 dixi,
1399 1892 1523 1962 quia
1546 1901 1602 1947 et
1627 1891 1743 1963 ipse
1778 1904 1839 1948 se
1867 1890 2155 1948 resuscita-

566 1987 660 2042 vit.
688 1985 744 2042 Si
776 1986 918 2040 enim
941 1985 1140 2041 veritas
1163 1985 1498 2040 resuscitavit
1518 1984 1831 2054 Christum,
1864 1994 1919 2042 et
1947 1982 1991 2041 si
2018 1986 2159 2041 veri-

564 2089 647 2136 tas
673 2079 905 2135 animam
925 2078 1124 2135 Christi
1142 2078 1282 2135 eruit
1303 2078 1370 2134 de
1392 2076 1570 2134 medio
1595 2077 1892 2134 catulorum
1914 2076 2153 2146 leonum;

566 2182 625 2228 ut
666 2173 971 2228 misericors
1007 2170 1107 2227 fuit
1132 2171 1272 2227 mori
1300 2186 1397 2242 pro
1423 2171 1584 2227 nobis
1607 2213 1621 2237 ,
1653 2171 1725 2227 ita
1752 2184 1912 2226 verax
1954 2170 2050 2227 fuit
2072 2184 2159 2229 re-

568 2278 789 2335 surgere
817 2262 882 2318 ad
909 2263 1277 2334 justiticandos
1315 2276 1436 2318 nos.
1474 2262 1692 2318 Dixerat
1718 2263 1861 2318 enim
1891 2277 1950 2319 se
1978 2274 2158 2321 resur-

562 2366 855 2423 recturum,
886 2365 943 2413 et
969 2357 1166 2413 veritas
1189 2356 1402 2411 mentiri
1429 2370 1536 2411 non
1559 2355 1763 2426 potuit;
1793 2365 1847 2412 et
1873 2356 1996 2427 quia
2018 2355 2157 2414 veri-

564 2460 648 2505 tas
670 2462 724 2507 ct
751 2466 931 2519 verax,
960 2460 1245 2522 propterea
1267 2449 1546 2506 cicatrices
1573 2464 1728 2506 veras
1754 2452 2006 2517 ostendit,
2033 2451 2156 2523 quia

563 2558 692 2599 vera
718 2542 941 2598 vulnera
978 2541 1213 2613 pertulit.
1238 2541 1347 2598 Has
1370 2543 1650 2600 cicatrices
1678 2551 1966 2600 tenuerunt
1989 2541 2154 2601 disci-

561 2635 706 2705 puli,
738 2635 1119 2705 palpaverunt,
1149 2634 1628 2691 manifestaverunt
1666 2632 1812 2699 sibi;
1839 2635 2156 2693 exclamavit

559 2729 651 2799 qui
677 2728 823 2784 misit
847 2727 1042 2799 digitos
1069 2728 1122 2783 in
1148 2736 1527 2800 compunctum
1554 2728 1725 2797 latus,
1757 2735 1812 2784 et
1835 2729 1930 2798 ait,
1968 2726 2152 2785 Domi-

558 2837 657 2875 nus
679 2836 817 2877 meus
840 2831 888 2875 et
912 2821 1049 2876 Deus
1073 2837 1215 2877 meus
1240 2820 1349 2892 (Id.
1384 2829 1453 2875 xx
1476 2863 1489 2887 ,
1520 2817 1637 2895 28).
1662 2819 2029 2879 Misericordia
2055 2832 2154 2895 pro

557 2911 653 2968 illo
681 2922 921 2967 mortuus
946 2922 1062 2967 erat
1079 2950 1095 2979 ,
1123 2919 1179 2967 et
1200 2911 1424 2967 veritate
1452 2910 1518 2967 ad
1558 2911 1708 2967 illum
1754 2922 2149 2972 resurrexerat.

560 3003 701 3058 Misit
727 3002 791 3059 de
815 3003 939 3060 caelo
961 3004 1359 3059 miscricordiam
1385 3019 1529 3057 suam
1549 3013 1598 3059 et
1621 3004 1880 3060 veritatem
1898 3020 2044 3061 suam
2065 3025 2085 3062 :
2104 3017 2154 3063 et

557 3098 686 3152 eruit
713 3097 937 3151 animum
972 3111 1135 3151 meum
1178 3095 1243 3151 de
1279 3094 1444 3152 medio
1474 3095 1760 3151 catulorum
1797 3094 2020 3153 leonum.
2048 3097 2151 3168 Qui

552 3198 683 3246 sunt
711 3187 871 3245 catuli
902 3188 1156 3245 leonum?
1178 3189 1413 3260 Populus
1451 3188 1538 3244 ille
1579 3189 1816 3246 minutus
1840 3232 1855 3257 ,
1883 3189 2025 3248 male
2052 3190 2151 3249 de-

554 3292 745 3354 ceptos
765 3321 781 3351 ,
808 3283 949 3339 male
974 3282 1227 3340 seductus
1254 3297 1285 3337 a
1316 3282 1642 3355 principibus
1664 3279 1686 3315 ³
1714 3280 2021 3341 Iudaeorum
2052 3303 2065 3340 :
2093 3294 2154 3343 ut

556 3377 635 3433 illi
666 3378 886 3445 leones,
934 3372 1012 3432 illi
1054 3377 1216 3433 catuli
1265 3376 1500 3432 leonum.
1542 3374 1743 3433 Omnes
1793 3376 2147 3451 fremuerunt,

557 3480 748 3526 omnes
791 3468 1124 3525 occiderunt.
1152 3467 1398 3524 Audituri
1444 3467 1588 3524 enim
1617 3482 1807 3525 sumus
1835 3468 1923 3527 hic
1947 3479 2002 3527 et
2038 3486 2148 3529 caa-

555 3562 680 3619 dem
709 3564 966 3633 ipsorum,
992 3560 1152 3618 modo
1178 3561 1232 3617 in
1260 3559 1712 3633 consequentibus
1736 3561 1980 3621 versibus
2008 3563 2152 3637 psal-

556 3654 627 3710 mi
654 3654 828 3725 hujus.

628 3744 717 3801 il.
749 3744 816 3800 Et
841 3745 1005 3812 eruit,
1028 3742 1230 3818 inquit,
1260 3745 1484 3800 animam
1525 3760 1688 3800 meam
1725 3746 1791 3801 de
1814 3747 1979 3803 medio
2000 3758 2147 3807 catu-

556 3840 722 3895 lorum
764 3840 986 3894 lconttm.
1034 3839 1211 3910 Quare
1238 3837 1372 3895 dicis
1394 3881 1410 3907 ,
1438 3836 1509 3895 Et
1543 3839 1672 3895 eruit
1694 3840 1918 3896 animam
1946 3842 2149 3898 meant?

557 3930 694 3997 Quid
711 3931 852 3986 enim
881 3945 1067 4002 passus
1086 3929 1110 3965 ⁸
1125 3945 1263 3998 eras,
1294 3940 1352 3988 ut
1377 3940 1656 3989 erueretur
1678 3934 1853 3989 anima
1873 3932 1985 3991 tua?
2006 3932 2148 3990 Dor-

550 4020 672 4075 nu'vi
701 4022 1046 4077 conturbatus.
1086 4022 1366 4094 Expressit
1408 4022 1652 4081 Christus
1700 4035 1926 4081 mortem
1969 4040 2145 4083 suam.

550 4114 714 4171 Certe
740 4114 806 4171 de
858 4115 951 4171 illo
977 4114 1142 4171 David
1172 4115 1396 4187 legimus
1424 4114 1568 4188 quod
1595 4116 1793 4189 fugerit
1832 4117 1883 4173 iu
1928 4119 2146 4191 spelun-

550 4222 706 4275 cam,
752 4223 858 4265 non
908 4218 1086 4266 tamen
1115 4210 1235 4282 quia
1264 4209 1516 4266 dormivit
1560 4211 1615 4266 in
1661 4211 1939 4283 spelunca.
1996 4214 2146 4273 Alius

554 4300 720 4357 David
745 4303 899 4358 estin
926 4303 1209 4373 spelunca,
1240 4303 1375 4359 alius
1404 4302 1569 4360 David
1600 4314 1681 4360 est
1705 4306 1796 4377 qui
1820 4306 1984 4376 dicit,
2014 4306 2147 4363 Dor-

551 4392 671 4447 mivi
717 4395 1063 4450 conturbatus.
1119 4392 1376 4452 Videmus
1425 4395 1886 4467 perturbationem
1939 4400 2142 4472 ipsius;

553 4498 661 4539 non
691 4485 781 4540 illo
811 4486 1020 4542 turbato
1042 4529 1057 4553 ,
1091 4485 1185 4542 sed
1208 4487 1310 4543 illis
1356 4489 1712 4545 turbantibus.
1768 4490 2058 4548 Turbatum
2086 4510 2146 4552 se

554 4580 695 4634 enim
723 4580 897 4649 dixit,
947 4579 1240 4636 secundum
1281 4581 1587 4652 opinionem
1630 4583 2007 4655 frementium,
2037 4602 2143 4644 non

551 4673 845 4730 secundum
889 4672 1127 4731 cedentis
1166 4674 1568 4733 conscientiam.
1616 4676 1941 4735 Putaverunt
1966 4696 2025 4738 se
2068 4678 2146 4738 illi

553 4767 798 4824 turbasse
821 4810 836 4837 ,
870 4776 1187 4841 putaverunt
1240 4769 1435 4826 vicisse
1467 4786 1480 4825 :
1515 4770 1606 4828 ille
1657 4780 1835 4828 autem
1888 4772 2146 4833 dormivit

550 4860 915 4917 conturbatus.
962 4860 1092 4917 Tam
1156 4860 1395 4932 placatus
1444 4871 1558 4919 erat
1602 4864 1702 4919 iste
1767 4865 2043 4934 turbatus,
2085 4876 2145 4923 ut

551 4952 766 5024 quando
816 4953 1012 5020 vellet,
1057 4952 1335 5010 dormiret.
1381 4950 1551 5011 Nemo
1604 4952 1803 5011 dormit
1855 4958 2141 5015 turbatus:

549 5062 740 5103 omnes
789 5046 881 5117 qui
911 5046 1324 5117 perturbantur,
1356 5057 1448 5101 aut
1486 5060 1517 5101 a
1566 5060 1758 5102 somno
1805 5047 2141 5121 excitantur,

548 5150 642 5193 aut
672 5138 724 5193 in
770 5152 1014 5193 somnum
1044 5135 1193 5208 vergi
1220 5151 1324 5191 non
1379 5137 1779 5208 permittuntur.
1826 5137 1921 5195 ille
1964 5150 2141 5197 autem

549 5232 791 5287 turbatus
818 5239 919 5298 est,
949 5237 1003 5285 et
1027 5229 1295 5284 dormivit.
1322 5228 1505 5300 Magna
1535 5229 1805 5286 humilitas
1828 5232 2140 5304 perturbati,

527 5314 737 5393 magna
770 5330 1003 5391 potestas
1052 5318 1386 5375 dormientis.
1423 5319 1498 5375 De
1532 5335 1635 5392 qua
1666 5328 1933 5392 potestate
1958 5324 2144 5380 venie-

526 5416 635 5471 obat
688 5414 828 5486 quod
875 5411 1167 5469 dormivit?
1196 5412 1272 5468 De
1314 5428 1416 5484 qua
1458 5412 1573 5484 ipse
1618 5414 1746 5470 dicit
1782 5433 1794 5469 :
1832 5413 2142 5473 Potestatem

522 5505 538 5529 δ

546 5550 797 5664 “afﬁngit;
821 5549 1089 5603 (mutemus.
1115 5555 1172 5599 At
1195 5556 1299 5601 Mss.
1325 5547 1512 5614 plures,
1541 5548 1832 5603 audivimus.
1858 5557 1912 5603 Et
1927 5551 2139 5617 quidam,

600 5678 633 5747 ,ξ
666 5676 799 5747 cdd,
825 5672 1107 5725 tribuentem
1131 5685 1149 5725 :
1175 5675 1316 5737 cujus
1356 5673 1461 5726 loco
1510 5677 1790 5739 reponimus
1824 5689 1889 5729 ex
1912 5684 2041 5741 Mss,
2064 5690 2143 5731 re-

544 5737 971 5879 ἷῗξῗξιῗιῗὲξξονὶί
985 5811 1026 5879 ει.
1034 5796 1335 5879 principibus
1351 5798 1671 5854 sacerdotum.
1686 5810 1804 5869 vox,
1816 5804 2139 5879 sacer-domn,

545 5859 897 5919 abutantur.
922 5859 1099 5913 etuas.

608 5925 633 5959 ⁴
664 5924 800 5989 ωτι,
824 5936 1071 5999 passurus.
1097 5931 1154 5977 Ai
1178 5929 1309 5991 llas,
1332 5938 1517 5992 passus.

1731 378 1789 444 Β.
1827 374 2150 444 Αυρυετπ

2256 382 2540 445 iPlSCOPi
3144 346 3147 347 ί
3682 412 3755 477 α

2270 504 2429 561 habeo
2449 508 2669 578 ponendi
2707 512 2934 568 animum
2954 512 3119 571 "tecm
3140 556 3155 587 ,
3183 494 3232 574 et
3250 524 3529 590 potestatem
3556 526 3679 588 habeo
3696 551 3755 593 η.

2266 599 2438 699 ruendi
2456 617 2564 658 eam
2588 614 2768 660 :netno
2790 605 2925 699 tollit
2947 616 3060 664 eam
3086 618 3219 699 ante
3230 629 3250 679 ;
3265 615 3358 669 sed
3381 633 3467 690 ego
3490 636 3587 677 eam
3602 642 3757 699 pono,“

2471 712 2617 789 mmo
2645 705 2755 754 eam
2778 696 2962 777 (Idan.
2997 720 3052 771 x,
3082 698 3193 778 i8).
3218 700 3578 772 Turbavcrunt
3606 693 3758 789 illiust

2266 780 2520 883 dormivit
2560 789 2696 883 ipse.
2727 791 2891 865 Cujus
2936 802 3117 867 typum
3161 797 3382 872 gerebat
3419 804 3590 874 Adam,

2266 875 2570 979 itntnisit‘ei
2596 882 2736 939 Deus
2764 894 3030 979 saperem
3054 930 3070 957 ,
3100 898 3159 945 ut
3176 886 3253 979 de
3276 890 3443 952 latere
3469 896 3538 953 illi
3558 875 3759 979 coniugem

2264 970 2469 1030 faceret
2490 972 2641 1048 (Gen.
2670 988 2742 1043 ιι,
2760 976 2828 1036 Ξί
2851 974 2895 1051 ).
2922 972 3061 1038 Nutu
3101 978 3243 1041 enim
3266 1002 3372 1043 non
3400 970 3760 1061 pcteratuxoiu

2265 1060 2446 1122 facere
2489 1064 2661 1138 primo
2688 1070 2895 1128 homini
2942 1074 3105 1132 etiam
3130 1074 3198 1134 de
3232 1060 3413 1137 latere
3436 1082 3765 1158 vigilantislau

2264 1166 2554 1228 propterea
2577 1159 2749 1217 voluit
2796 1178 2918 1219 eum
2942 1160 3181 1226 dormire
3199 1211 3216 1239 ,
3256 1186 3324 1228 ne
3353 1174 3567 1233 sentiret
3585 1194 3681 1237 cum
3701 1184 3767 1242 sibi

2267 1256 2414 1306 costa
2432 1245 2828 1311 detraheretur?
2836 1250 3138 1327 Postremo,
3179 1261 3299 1333 quis
3326 1262 3400 1320 ita
3418 1262 3617 1337 dormit,
3633 1281 3676 1329 tu
3690 1289 3768 1333 oste

2266 1341 2367 1398 sibi
2388 1340 2644 1402 convulso
2679 1358 2788 1403 non
2832 1350 3260 1424 expergiscatur?
3284 1354 3387 1425 Qui
3424 1362 3583 1433 potuit
3599 1364 3769 1426 sinetio-

2265 1434 2382 1493 lore
2401 1436 2609 1496 auferre
2630 1448 2834 1527 costam
2858 1442 3165 1520 darmienti,
3192 1450 3365 1521 potuit
3391 1459 3446 1508 et
3469 1452 3769 1527 vigilanti.Sed

2266 1541 2431 1601 quare
2458 1528 2625 1587 voluit
2663 1526 2950 1591 dormienti
2980 1532 3197 1595 facere?
3224 1540 3360 1611 Quia
3385 1526 3645 1604 dormienti
3664 1548 3771 1610 Clui-

2264 1630 2350 1677 sto
2375 1621 2429 1678 in
2450 1636 2607 1680 cruce
2633 1618 2770 1682 facta
2798 1632 2882 1683 est
2902 1628 3100 1702 conjux
3125 1629 3193 1688 de
3216 1631 3409 1692 latere.
3428 1632 3704 1701 Percussum
3721 1658 3774 1703 est

2265 1714 2408 1807 enim
2459 1717 2597 1772 latus
2628 1718 2908 1789 pendentis
2949 1721 3020 1779 de
3059 1720 3244 1781 lancea
3291 1722 3474 1796 (Joan.
3501 1735 3775 1807 xn,.'ii),u

2262 1806 2635 1902 proﬂuxerunt
2662 1808 2918 1871 Ecclesiae
2942 1810 3313 1876 Sacramenta.
3342 1816 3599 1893 Dormivi,
3632 1828 3773 1902 inqui,
3826 1806 3876 1902 Ι

2264 1897 2610 1956 conturbatus.
2642 1902 2711 1959 Et
2748 1901 2802 1960 in
2852 1904 2959 1964 alio
2987 1907 3198 1980 psalmo
3240 1912 3550 1973 manifestat
3588 1897 3774 1992 hoc,uti

2263 1992 2340 2048 ait
2368 2011 2381 2048 :
2411 1992 2524 2066 Ego
2550 1996 2764 2053 dormivi
2790 2042 2806 2069 ,
2835 2008 2882 2056 et
2923 2017 3159 2060 somnum
3197 2007 3333 2078 cepi.
3366 2006 3447 2066 ibi
3473 2015 3698 2083 expressit
3712 2032 3774 2089 po-

2263 2092 2513 2143 testatem
2538 2100 2710 2145 suam.
2742 2090 2960 2151 Poterat
2981 2100 3039 2151 et
3076 2094 3189 2154 illic
3212 2096 3419 2169 dicere,
3443 2099 3671 2174 Dormivi,
3687 2109 3777 2166 sinu

2263 2177 2407 2274 dixit,
2422 2178 2526 2274 hic.
2556 2178 2695 2249 Quid
2722 2190 2808 2241 εει
2843 2193 3021 2244 autem
3044 2230 3060 2258 ,
3082 2182 3198 2265 Ego
3223 2191 3445 2250 dormivi
3462 2194 3489 2251 ll
3508 2195 3564 2253 Id
3580 2208 3676 2270 est,
3699 2204 3775 2274 qui:

2261 2269 2443 2338 volui,
2493 2269 2743 2330 dormivi.
2772 2274 2889 2333 Non
2938 2276 3014 2335 illi
3056 2295 3145 2338 me
3188 2282 3243 2339 in
3290 2300 3541 2343 somnum
3578 2269 3776 2351 nolentem

2262 2365 2658 2436 compulerunt;
2684 2367 2777 2424 sed
2799 2384 2918 2426 mea
2949 2371 3222 2432 voluntate
3245 2390 3352 2449 ego
3374 2377 3633 2448 dormivi,
3650 2397 3777 2441 sectu-

2234 2455 2389 2543 dum
2418 2457 2550 2515 illud
2582 2477 2595 2516 :
2629 2455 2938 2519 Potestutem
2964 2464 3123 2522 habeo
3161 2470 3392 2538 ponendi
3419 2474 3630 2531 animum
3651 2494 3774 2545 tam,

2260 2556 2329 2642 et
2349 2558 2645 2642 potestatem
2687 2552 2846 2611 habeo
2887 2554 3073 2613 iterum
3118 2562 3356 2619 sumendi
3397 2581 3528 2622 eam.
3562 2566 3776 2642 Propterea

2260 2636 2334 2695 ibi
2372 2640 2612 2736 sequitur
2633 2651 2689 2700 et
2715 2643 2846 2703 dicit
2859 2664 2888 2736 ξ
2908 2647 3020 2721 Ego
3040 2649 3273 2721 dormivi,
3297 2664 3351 2710 et
3376 2673 3601 2715 somnum
3621 2636 3732 2736 cepi;
3749 2672 3776 2719 et

2261 2733 2522 2824 susurrari
2538 2774 2554 2801 ,
2580 2736 2821 2806 quoniam
2846 2730 3102 2797 Dominus
3119 2743 3365 2817 suscipiet
3384 2764 3466 2804 me
3483 2747 3641 2822 (Psal.
3655 2730 3713 2821 tu,
3730 2751 3776 2824 6).

2332 2822 2422 2920 ξε.
2465 2820 2700 2920 ρον-ιιιὶηὲ
2736 2832 3080 2892 conturbatus.
3132 2833 3283 2896 Unde
3336 2820 3609 2902 turbatus?
3648 2820 3776 2920 quibit

2260 2914 2635 2979 turbantibus?
2661 2916 2949 2983 Videamus
2975 2927 3246 3002 quomodo
3270 2922 3461 2991 inurat
3480 2935 3497 2968 ³
3516 2914 3685 2995 malam
3702 2952 3777 2996 can

2258 3011 2538 3070 scientiam
2585 3008 2813 3086 Judaeis,
2837 3018 3141 3079 volentibus
3174 3034 3442 3086 excusare
3482 3042 3541 3085 se
3565 3028 3626 3087 ab
3663 3030 3776 3089 inter

2258 3100 2489 3163 lectione
2517 3106 2749 3165 Domini.
2786 3106 2921 3169 Nam
2960 3122 3240 3187 propterea
3276 3132 3431 3187 eum,
3462 3121 3595 3179 sicut
3610 3121 3778 3194 loquiua

2256 3195 2627 3271 Evangelium,
2644 3198 2813 3271 iudici
2839 3202 3193 3278 tradiderant,
3224 3224 3290 3268 ne
3316 3208 3425 3285 ipsi
3451 3227 3570 3271 eum
3589 3214 3778 3273 occidisse

2261 3288 2592 3348 viderentur.
2615 3291 2749 3350 Cum
2770 3295 2913 3353 enim
2941 3297 3168 3357 dixisset
3193 3294 3273 3359 eis
3296 3301 3470 3376 judex
3486 3313 3603 3363 tunc
3622 3306 3777 3373 Pilatus.

2256 3378 2484 3456 Accipite
2517 3400 2633 3441 cum
2659 3402 2747 3443 vos
2767 3429 2782 3453 ,
2810 3396 2859 3445 et
2882 3390 3156 3448 secundum
3191 3395 3358 3469 legem
3384 3407 3590 3456 vestram
3611 3399 3777 3473 judicia

2256 3493 2405 3546 eum;
2429 3479 2844 3552 responderunt,
2869 3480 3036 3543 Nobis
3066 3503 3167 3542 non
3212 3486 3332 3547 licet
3378 3491 3776 3567 interﬁceretur:-

2254 3587 2408 3642 quam
2459 3569 2636 3646 (Joan.
2687 3589 2848 3647 xvm,
2880 3574 2993 3645 5i).
3052 3576 3364 3641 interﬁcere
3418 3598 3526 3641 non
3561 3584 3775 3654 licet,tn-

2254 3662 2386 3721 dere
2427 3662 2858 3723 interﬁciendum
2898 3667 3226 3743 licetlQuis
3272 3680 3460 3732 autem
3484 3674 3773 3744 occiditle

2256 3754 2440 3812 audito
2488 3755 2726 3815 clamore
2774 3759 2976 3828 cessit,
3007 3776 3074 3817 an
3104 3764 3195 3836 qui
3234 3763 3528 3825 clamando
3550 3776 3603 3826 ut
3625 3766 3774 3826 occide-

2253 3852 2405 3903 retur
2448 3846 2710 3904 extorsit?
2754 3846 2875 3921 lpse
2928 3850 3185 3909 Dominus
3226 3852 3375 3912 dicat
3420 3858 3775 3916 testimonium:

2254 3940 2445 4012 quibus
2474 3940 2685 3998 occisus
2737 3950 2822 3999 est
2844 3985 2859 4012 ,
2893 3950 3068 4000 utrum
3112 3944 3180 4003 ab
3210 3944 3301 4004 illo
3348 3944 3519 4009 Pilato
3541 3951 3622 4024 qui
3646 3949 3775 4007 nolent

2253 4048 2375 4090 eum
2416 4033 2612 4090 occidit
2644 4053 2657 4089 :
2690 4032 2831 4091 unde
2871 4034 3034 4092 etiam
3084 4052 3207 4095 eum
3258 4034 3577 4113 ﬂagellavit,
3611 4046 3775 4099 etvestt

2252 4124 2605 4198 ignominiosa
2646 4122 2853 4195 induit,
2884 4135 2939 4183 et
2965 4124 3289 4202 ﬂagellatam
3336 4124 3410 4188 ad
3451 4147 3622 4192 eorum
3646 4128 3772 4187 oculos

2242 4220 2521 4295 produxit,
2551 4229 2610 4277 ut
2654 4219 2846 4278 saltem
2894 4237 3053 4294 pinna
3095 4220 3437 4293 ﬂagellorum
3480 4227 3586 4301 ejus
3618 4223 3771 4286 satiati.

2250 4329 2374 4372 eum
2391 4314 2562 4371 occidi
2575 4328 2680 4371 non
2708 4322 3110 4387 extorquerent.
3131 4315 3429 4390 Propterea
3442 4319 3592 4377 etiam
3610 4331 3702 4376 cum
3721 4314 3773 4371 vi-

2250 4405 2403 4463 deret
2446 4422 2541 4464 eos
2582 4422 2964 4479 perseverare,
2996 4408 3134 4465 sicut
3183 4410 3451 4483 legimus,
3480 4412 3601 4470 lavit
3638 4420 3771 4466 manu

2250 4514 2397 4570 suas,
2423 4510 2477 4555 et
2500 4499 2635 4556 dixit
2668 4517 2680 4554 :
2716 4499 2970 4560 Innocens
3011 4517 3103 4574 ego
3128 4518 3240 4559 sunt
3262 4520 3295 4561 a
3317 4507 3564 4579 sanguine
3582 4502 3686 4575 iusti
3704 4501 3770 4556 lu-

2241 4595 2334 4671 jus
2385 4588 2602 4666 (Matth.
2631 4608 2777 4651 xxvu
2798 4634 2813 4661 ,
2838 4592 2955 4666 24).
2983 4592 3194 4653 Videris
3225 4604 3405 4655 utrum
3431 4596 3521 4659 ille
3544 4598 3765 4655 innocens.

2250 4684 2340 4759 qui
2369 4685 2454 4741 vel
2482 4685 2645 4742 cessit
2689 4686 3089 4744 clamantibus:
3118 4689 3288 4747 multo
3335 4691 3507 4765 magis
3546 4698 3693 4747 tamen
3718 4682 3766 4741 illi

2249 4787 2525 4848 nocentes,
2552 4780 2643 4852 qui
2666 4780 2950 4838 clamando
2973 4795 3100 4840 eum
3131 4782 3380 4840 occidere
3407 4784 3677 4843 voluerunt.
3697 4773 3766 4833 Sed

2249 4887 2351 4930 nos
2374 4875 2766 4947 interrogemus
2791 4882 2847 4932 et
2884 4873 3164 4933 audiamus
3190 4874 3504 4947 Dominum,
3523 4874 3686 4949 quibus
3705 4866 3766 4927 tti-

2249 4964 2379 5023 buat
2397 4976 2625 5024 mortem
2653 4981 2806 5024 suam
2829 5008 2846 5035 ,
2869 4967 2992 5040 quia
3020 4967 3189 5037 dixit,
3213 4967 3448 5027 Dormivi
3473 4969 3686 5027 turbatus.
3707 4961 3763 5019 lt-

2251 5067 2584 5131 terrogemus
2632 5074 2753 5116 eum
2778 5100 2796 5132 ,
2838 5067 2894 5118 et
2943 5059 3184 5118 dicamus
3229 5060 3533 5133 :Quoniam
3583 5050 3762 5117 dormisli

2250 5153 2491 5209 turbatus
2514 5193 2530 5220 ,
2575 5152 2667 5224 qui
2691 5160 2744 5208 te
2768 5153 3036 5224 persecuti
3075 5152 3238 5211 sunt?
3272 5155 3363 5226 qui
3393 5163 3446 5211 te
3485 5143 3761 5210 occiderunt?

2248 5243 2515 5317 Numquid
2564 5244 2701 5301 forte
2743 5244 2975 5313 Pilatus,
3002 5246 3092 5318 qui
3138 5245 3395 5306 militibus
3422 5244 3558 5304 dedit
3597 5238 3759 5310 inligat

2247 5337 2717 5413 suspendendum,
2754 5339 2921 5397 clavis
2970 5340 3387 5413 transﬁgendum
3407 5341 3431 5397 ἲ
3455 5338 3627 5398 Audite
3661 5331 3754 5406 qni:

2247 5433 2374 5491 Filii
2404 5434 2687 5491 hominum.
2724 5433 2850 5492 Illos
2885 5434 3068 5506 utique
3093 5434 3259 5507 dicit,
3293 5451 3426 5510 quos
3464 5438 3754 5509 ρει-εοωωτὸ

2246 5544 2436 5602 passus
2457 5536 2556 5586 est.
2584 5528 2691 5586 Sed
2715 5527 2983 5601 quomodo
3010 5528 3111 5600 ipsi
3140 5530 3445 5589 occiderunt
3466 5570 3482 5599 ,
3508 5528 3588 5600 qui
3609 5524 3750 5581 iet-ml

2247 5637 2356 5678 non
2380 5619 2668 5680 ferebant?
2702 5621 2804 5694 Qui
2834 5621 3068 5694 gladium
3106 5638 3214 5682 non
3242 5624 3574 5689 strinxerunt,
3591 5613 3750 5691 quib

2246 5726 2428 5792 petum
2460 5717 2515 5776 in
2535 5732 2660 5776 eum
2686 5731 2794 5775 non
2819 5715 3067 5777 fecerunt
3089 5719 3159 5779 ad
3190 5718 3546 5785 occidendum,
3566 5710 3747 5771 uadtw

2246 5810 2527 5874 viderunt?
2548 5809 2743 5872 Dentes
2776 5829 2953 5874 eorum
2972 5829 3119 5875 tam
3148 5824 3197 5875 et
3223 5816 3446 5891 sagitta.
3471 5809 3744 5885 δικ-μεν

2310 5930 3526 6003 ιεωκρωωωλιεᾱᾱηᾱσάισαεωοωωα

3879 2753 3882 2803 l

3878 2822 3882 2903 ῃ

3879 2906 3882 2975 δ

3879 3026 3882 3067 l

3879 3105 3882 3159 ι

3878 3194 3882 3252 1

3880 3292 3881 3339 l

3877 3544 3881 3632 ,1

3246 6035 3882 6435 ,Δ
