3942 6408
134 374 247 464 sd

154 496 804 587 runz'gladhts‘aeutusiioli
828 510 1102 569 attendere
1128 496 1363 568 inermes
1388 529 1599 579 manus.
1619 513 1716 571 sed

153 615 463 670 osarmatum
496 624 508 661 :
530 605 651 661 inde
670 604 875 677 gladius
902 604 1157 675 processit
1176 620 1282 675 quo
1300 603 1546 661 Christus
1574 606 1715 661 oeci.

152 707 369 764 deretur;
398 699 667 770 quomodo
710 705 764 753 et
799 697 869 753 de
896 712 989 753 ore
1027 696 1226 753 Christi
1253 740 1268 764 ,
1300 697 1441 754 unde
1471 709 1525 754 et
1547 697 1719 755 Judtei

154 793 520 854 occiderentur.
564 789 733 844 Habet
783 789 923 844 enim
956 788 1043 843 ille
1065 787 1299 859 gladium
1334 788 1416 844 bis
1453 798 1670 844 acutum
1696 789 1716 822 ι

153 890 321 965 (Apoc.
357 900 374 939 ι
398 927 412 952 ,
442 882 570 953 16)τ
596 890 650 938 et
679 896 963 953 resurgens
991 880 1252 951 percussit
1279 896 1371 936 eos
1398 924 1413 948 ,
1441 890 1497 936 et
1537 878 1719 936 divisit

149 980 213 1036 ab
234 978 303 1033 eis
322 989 451 1047 quos
472 973 675 1029 faceret
700 972 885 1027 fideles
912 987 1058 1028 suos.
1102 971 1187 1027 illi
1216 971 1413 1026 malum
1438 971 1673 1042 gladium
1698 1011 1713 1038 ,

144 1073 229 1129 ille
255 1071 442 1124 bonum
471 1066 583 1122 :illi
608 1067 825 1136 sagittas
850 1065 1035 1131 malas,
1066 1064 1154 1120 ille
1177 1065 1366 1120 bonas.
1390 1064 1525 1119 Nam
1552 1064 1718 1122 habet

137 1174 195 1220 et
233 1163 339 1232 ipse
362 1160 579 1230 sagittas
602 1158 772 1213 bonas
790 1199 805 1223 ,
836 1156 997 1211 verba
1029 1156 1188 1222 bona,
1213 1155 1354 1212 unde
1378 1155 1593 1227 sagittat
1622 1162 1717 1212 cor

139 1254 311 1318 fidele,
341 1259 396 1307 ut
423 1261 651 1306 ametur.
678 1249 820 1319 Ergo
847 1248 964 1302 aliae
994 1247 1216 1302 istorum
1245 1249 1471 1319 sagittae,
1496 1252 1551 1302 et
1577 1247 1714 1304 alius

135 1352 351 1407 istorum
376 1346 602 1417 gladius.
634 1344 763 1399 Filii
790 1344 1051 1399 hominum
1077 1342 1247 1397 dentes
1290 1358 1466 1445 eorum
1493 1358 1643 1445 arula.
1666 1342 1715 1396 ei

130 1444 341 1514 sagina,
370 1448 413 1494 et
438 1439 613 1510 lingua
634 1453 808 1493 eorum
854 1434 1106 1490 machaera
1138 1444 1306 1488 acuta.
1336 1431 1538 1503 Lingua
1574 1432 1714 1489 filioo

128 1549 249 1590 rum
278 1531 545 1586 hominum
567 1527 831 1583 macluera
857 1535 1007 1581 acuta
1027 1567 1043 1594 ,
1069 1534 1123 1581 et
1147 1525 1335 1580 dentes
1354 1538 1539 1580 eorum
1564 1534 1714 1579 arma

125 1633 185 1683 et
230 1625 447 1695 sagittie.
492 1620 717 1690 Quando
757 1634 886 1691 ergo
936 1626 1347 1689 percusserunt,
1377 1617 1478 1671 nisi
1500 1614 1712 1686 quando

121 1718 487 1774 clamaverunt
518 1731 532 1768 :
562 1712 847 1784 Cruci/ipe,
875 1711 1114 1782 crueiﬁge
1143 1708 1357 1783 (Matth.
1381 1724 1522 1765 xxvu
1542 1751 1557 1776 ,
1587 1709 1641 1776 4,
1665 1715 1714 1765 et
1740 1747 1743 1749 ›

118 1809 284 1865 Joan.
312 1822 420 1875 κη’,
452 1804 530 1879 6).

199 1904 287 1958 15.
314 1901 463 1975 fcere.
493 1896 574 1973 6.]
598 1899 664 1954 Et
678 1897 804 1971 quid
837 1896 930 1955 tibi
969 1896 1228 1960 fecerunt,
1256 1910 1293 1952 ο
1313 1895 1578 1952 Domine?
1599 1896 1709 1951 Ex-

115 1995 284 2050 sultet
311 1993 396 2047 hic
428 1992 720 2062 Propheta.
772 1989 1030 2059 Superius
1058 1989 1203 2044 enim
1228 2003 1417 2043 omnes
1444 1988 1564 2043 illos
1589 2003 1711 2044 ver-

114 2102 215 2146 sus
236 2084 491 2141 Dominus
537 2083 856 2152 loquebatur
889 2099 900 2135 :
931 2080 1196 2150 Propheta
1238 2079 1454 2151 quidem
1478 2120 1494 2145 ,
1521 2080 1614 2135 sed
1641 2090 1707 2136 ex

114 2194 347 2254 persona
371 2176 601 2241 Domini,
616 2176 737 2247 quia
753 2175 804 2229 in
827 2173 1091 2243 Propheta
1115 2173 1389 2228 Dominus.
1413 2172 1482 2227 Et
1496 2172 1708 2243 quando

114 2273 356 2345 loquitur
391 2285 455 2325 ex
503 2281 729 2339 persona
758 2281 853 2321 sua
884 2264 1172 2336 Propheta,
1206 2265 1320 2335 ipse
1340 2264 1595 2321 Dominus
1623 2265 1708 2321 le-

114 2367 298 2438 quitur
316 2378 412 2436 per
436 2376 559 2418 eum
577 2403 592 2427 ,
620 2360 712 2432 qui
741 2360 789 2415 ei
833 2357 999 2414 dictat
1027 2358 1304 2413 veritatem
1324 2370 1485 2429 quam
1515 2359 1705 2429 loqua-

114 2468 224 2514 tur.
253 2456 406 2513 Modo
432 2469 560 2526 ergo
602 2468 669 2508 ex
693 2464 919 2521 persona
944 2451 1226 2522 Prophetas
1262 2451 1441 2506 audite
1463 2492 1479 2515 ,
1511 2450 1705 2508 fratres

110 2552 244 2610 mei.
272 2549 413 2605 Vidit
454 2548 738 2603 Dominum
764 2546 817 2600 in
846 2544 1045 2615 Spiritu
1088 2545 1188 2599 iste
1229 2542 1488 2614 prepheta
1524 2544 1700 2599 humi-

111 2644 321 2710 liatum,
348 2654 567 2707 caesum,
592 2638 910 2709 ﬂagellatam
931 2676 948 2701 ,
980 2634 1219 2705 colaphis
1246 2647 1580 2704 percussum,
1609 2648 1704 2690 ex-

114 2737 404 2810 pahnatum
430 2732 697 2795 manibus,
727 2729 898 2799 sputis
918 2726 1110 2783 illitum
1130 2768 1144 2794 ,
1172 2726 1340 2796 spinis
1363 2734 1699 2797 coronatum,

112 2830 259 2901 ligno
285 2840 623 2897 suspensum;
650 2822 774 2878 illos
817 2821 1098 2876 secvientes
1122 2861 1136 2886 ,
1162 2818 1313 2874 illum
1341 2818 1658 2874 tolerantem
1682 2836 1698 2887 ;

113 2924 238 2980 illos
264 2920 613 2985 exsultantes,
646 2917 792 2972 illum
822 2914 971 2985 quasi
994 2914 1188 2969 victum
1216 2912 1349 2968 vidit
1376 2913 1430 2967 in
1450 2913 1654 2982 Spiritu
1683 2930 1698 2967 :

115 3027 171 3075 et
194 3026 312 3087 post
341 3016 484 3071 illam
506 3013 618 3083 jam
670 3024 885 3064 omnem
912 3007 1332 3063 humiliationcm
1352 3047 1368 3074 ,
1398 3018 1450 3062 et
1486 3006 1701 3062 illorum

111 3110 347 3165 furorem
376 3103 733 3162 resurrexisse
757 3115 900 3164 eum,
931 3108 986 3155 et
1010 3098 1096 3153 illa
1125 3097 1299 3152 omnia
1319 3112 1438 3168 quin
1462 3096 1702 3153 fecerant

112 3201 280 3259 Judaei
310 3200 592 3255 smvientes
615 3192 751 3249 facta
773 3205 892 3246 esse
917 3189 1129 3255 inania;
1159 3198 1215 3244 et
1242 3189 1415 3244 elatus
1434 3189 1455 3229 ³
1481 3188 1705 3259 gaudio,

114 3306 364 3366 tanquam
402 3290 607 3345 videret
648 3285 761 3341 lteri
782 3325 798 3351 ,
824 3281 1094 3349 Exaltare,
1129 3281 1320 3353 inquit,
1340 3296 1494 3353 super
1522 3281 1692 3350 catos,

112 3388 269 3445 Deus.
318 3386 489 3443 Homo
520 3384 573 3438 in
621 3394 778 3438 cruce
798 3419 812 3445 ,
839 3388 895 3435 et
926 3390 1087 3448 super
1118 3377 1285 3435 ctelos
1314 3376 1470 3433 Deus.
1504 3376 1698 3433 Benia-

111 3489 273 3538 neant
315 3481 368 3536 in
416 3486 560 3534 terra
589 3474 901 3536 saevientes,
930 3478 987 3526 tu
1030 3470 1082 3524 in
1113 3469 1252 3525 cmlo
1277 3477 1395 3524 esto
1424 3468 1692 3540 judicans.

111 3575 212 3633 Ubi
232 3582 356 3631 sunt
382 3571 470 3644 qui
501 3567 769 3625 furebant?
794 3565 882 3620 ubi
920 3572 1043 3620 sunt
1070 3563 1240 3618 dentes
1278 3578 1451 3617 eorum
1478 3579 1620 3617 arma
1647 3572 1698 3619 et

111 3667 351 3739 sagittis?
376 3664 565 3721 Nonne
611 3660 809 3733 sagittae
850 3657 1127 3729 infantium
1173 3659 1326 3727 facta
1366 3665 1483 3711 sunt
1528 3657 1696 3728 plagre

110 3763 318 3818 eorum?
342 3761 460 3816 Alio
486 3757 627 3815 enim
660 3755 779 3811 loco
807 3751 1045 3823 psalmus
1070 3748 1173 3804 hoc
1211 3748 1361 3813 dicit,
1388 3748 1573 3805 volens
1598 3764 1694 3805 eos

111 3853 390 3910 ostendere
417 3851 650 3908 inaniter
681 3845 900 3902 smvisse
923 3886 938 3911 ,
964 3851 1017 3898 et
1046 3842 1275 3897 inaniter
1295 3842 1346 3895 in
1371 3841 1532 3896 furias
1559 3857 1694 3911 pne-

109 3947 353 4018 cipitatos
375 3960 493 4002 esse
519 3962 533 3999 :
565 3941 814 4013 quoniam
844 3936 978 3993 nihil
1008 3942 1296 4006 potuerunt
1335 3933 1509 3990 facere
1532 3934 1692 3991 Chri-

110 4048 192 4095 sto
209 4041 277 4098 ad
311 4042 491 4096 horam
517 4034 793 4096 cruciﬁxo,
825 4036 877 4087 et
905 4038 1085 4100 postea
1108 4028 1424 4098 resurgenti,
1456 4036 1614 4099 atque
1636 4029 1688 4085 in

108 4134 245 4190 cmlo
286 4131 524 4196 sedenti,
556 4131 753 4200 sagittae
789 4125 1062 4194 infantium
1091 4125 1239 4190 facite
1257 4130 1372 4177 sunt
1410 4122 1575 4194 plaga:
1600 4140 1688 4178 eo.

108 4220 408 4289 rumiPsal.
439 4238 567 4279 um
592 4264 606 4286 ,
637 4220 711 4291 8).
760 4217 1040 4286 Quomodo
1078 4214 1307 4270 infantes
1350 4215 1544 4270 faciunt
1586 4216 1687 4272 sibi

107 4318 356 4388 sagittas?
386 4317 463 4372 De
504 4313 690 4370 cannis
717 4311 757 4364 ³.
788 4308 1006 4380 Sagittm
1033 4315 1210 4362 autem
1258 4308 1421 4377 quiin?
1449 4315 1542 4362 aut
1566 4324 1687 4379 qua}

108 4409 290 4466 vires?
310 4420 397 4465 aut
422 4409 511 4485 qui
541 4404 723 4461 arcus?
747 4412 839 4457 ant
865 4402 954 4474 qui
981 4399 1150 4457 ictus?
1170 4408 1261 4455 aut
1289 4401 1426 4471 quod
1454 4401 1687 4459 miluus?

110 4502 349 4560 Exallare
372 4519 523 4572 super
541 4500 709 4564 caios,
725 4496 886 4562 Deus,
906 4506 950 4549 et
975 4511 1126 4565 super
1144 4511 1342 4549 omnem
1368 4506 1551 4549 terram
1578 4497 1689 4570 glo-

109 4594 182 4649 ria
204 4606 314 4651 tua.
340 4595 535 4666 thuid
557 4589 809 4648 exaltaris
839 4602 1005 4659 super
1037 4587 1204 4642 caelos
1234 4586 1409 4641 Deus?
1434 4586 1682 4659 Fratres,

110 4692 388 4747 exaltatum
416 4691 583 4746 Deum
612 4700 773 4756 super
792 4682 979 4748 caelos,
1005 4695 1110 4736 non
1142 4680 1383 4736 videmus
1402 4721 1416 4747 ,
1445 4682 1539 4736 sed
1563 4697 1683 4739 ere-

111 4778 278 4839 dimus
306 4801 319 4840 :
345 4799 504 4854 super
531 4793 743 4836 omnem
769 4785 943 4832 autem
973 4780 1165 4828 terram
1192 4772 1414 4843 gloriam
1432 4773 1548 4842 ejus
1578 4790 1684 4831 non

112 4880 307 4933 tantum
334 4876 622 4938 credimus,
649 4870 741 4928 sed
771 4869 931 4924 etiam
960 4866 1220 4922 videmus.
1249 4864 1469 4935 Qualem
1499 4882 1681 4923 verum

112 4970 366 5025 vesaniam
405 4968 671 5040 patiantur
722 4960 996 5025 bmretici,
1043 4972 1226 5029 quaeso
1272 4965 1331 5012 ut
1374 4957 1679 5015 attendatis.

112 5053 182 5113 Illi
212 5060 412 5133 prmcisi
451 5076 480 5115 a
514 5054 826 5127 compagine
854 5050 1105 5158 Ecclesiae
1134 5047 1363 5115 Christi,
1392 5058 1448 5155 et
1477 5060 1680 5158 partem

112 5152 359 5220 tenentes,
382 5162 548 5210 totum
575 5151 878 5204 amittentes
898 5188 913 5212 ,
940 5145 1129 5201 nolunt
1151 5143 1543 5200 communicare
1563 5144 1681 5200 orbi

111 5247 377 5315 terrarum,
400 5261 503 5319 qua
524 5242 712 5300 diﬂ‘usa
729 5248 809 5297 est
828 5239 992 5312 gloria
1016 5237 1234 5317 Christi.
1258 5235 1367 5292 Nos
1385 5244 1561 5292 autem
1582 5236 1681 5294 Ca-

110 5329 281 5398 tholici
303 5342 352 5396 in
374 5339 517 5395 omni
543 5350 681 5394 terra
707 5348 911 5399 sumus,
937 5332 1057 5404 quia
1086 5331 1229 5385 omni
1255 5337 1408 5385 terra:
1434 5344 1676 5386 commu-

91 5385 684 5507 iniea'rnusuqvuacumque
704 5426 872 5499 gloria
894 5425 1086 5481 Christi
1115 5421 1303 5479 diffusa
1316 5421 1677 5479 est.Videmus

104 5432 331 5491 Dicamus
353 5443 684 5507 quacumque
704 5432 872 5499 gloria
894 5432 1086 5481 Christi
1115 5432 1303 5479 diffusa
1316 5432 1676 5479 est.\'idemus

72 5432 241 5603 Ieltim
260 5527 399 5601 quod
428 5536 553 5582 tunc
590 5531 860 5581 cantatum
882 5528 981 5584 est,
1010 5518 1167 5575 modo
1189 5516 1534 5587 completum.
1561 5515 1676 5571 Ex-

93 5604 288 5680 “tatus
312 5631 396 5680 est
420 5635 579 5692 super
599 5617 766 5673 caelos
797 5614 935 5670 Deus
964 5622 1169 5680 noster,
1193 5619 1246 5667 et
1266 5625 1428 5682 super
1455 5625 1671 5667 omnem

74 5782 99 5824 .
128 5732 190 5824 ρ
214 5739 293 5790 llic
310 5736 419 5790 add.
438 5733 641 5795 addunt,
663 5725 923 5782 occidentis
946 5734 992 5779 et
1012 5723 1306 5793 resurgentis
1335 5735 1353 5778 :
1376 5722 1508 5790 quod
1532 5724 1675 5777 abest

122 5790 278 5935 ﬁge
294 5872 398 5915 uss.
423 5859 633 5935 seadd,
647 5854 874 5911 elevatus.

170 5933 593 5995 Iw,cmau.

1224 396 1623 455 ENARRATIO
1660 399 1727 457 IN
1750 400 2073 466 PSALMUM
2111 409 2246 469 LVI.

3400 386 3414 411 ἰ

3306 436 3413 498 670

1827 525 2023 579 terram
2053 525 2216 597 gloria
2250 529 2435 602 ipsius.
2464 532 2511 592 0
2550 523 2804 605 haeretica
2830 540 3086 611 insania!
3118 547 3269 621 Quod
3297 569 3403 612 non

1828 612 1979 669 vides
2005 617 2178 674 credis
2200 637 2427 693 mecum,
2446 629 2585 705 quod
2608 632 2755 691 vides
2776 653 2975 711 negas;
3004 642 3179 699 credis
3194 662 3409 708 mecum

1826 709 2111 769 exaltatum
2141 714 2408 778 Christum
2437 740 2598 799 super
2625 731 2809 798 caelos,
2840 736 2981 806 quod
3007 753 3114 794 non
3143 740 3407 812 videmus;

1826 810 1881 858 et
1906 820 2068 885 negas
2092 808 2316 887 gloriam
2343 816 2458 889 ejus
2478 835 2637 899 super
2663 840 2877 882 omnem
2905 837 3122 900 terram,
3154 837 3295 906 quod
3324 840 3409 895 vi-

1825 894 2033 956 demus.
2062 898 2307 963 Eazaltare
2349 927 2501 989 super
2524 894 2694 986 celos,
2727 914 2868 977 Deus
2890 963 2905 989 ,
2928 933 2975 989 et
3012 894 3188 999 super.
3211 947 3409 991 omnem

1826 994 2010 1046 terram
2031 995 2195 1067 gloria
2217 1007 2324 1059 tua.
2688 1003 2692 1007 ’

1897 1082 1984 1139 id.
2010 1078 2162 1167 [vere
2192 1088 2273 1167 7.]
2299 1094 2458 1189 Redit
2494 1100 2561 1189 ad
2591 1103 2754 1161 verba
2802 1106 3011 1167 Domini
3036 1130 3051 1171 :
3080 1123 3135 1170 et
3158 1115 3273 1189 ipse
3302 1119 3410 1178 Do-

1823 1173 1998 1235 minus
2023 1196 2243 1243 narrattc
2274 1187 2425 1245 nobis
2451 1186 2663 1273 incipit,
2693 1203 2944 1277 tanquam
2969 1173 3244 1279 alloquens
3272 1227 3407 1289 nos,

1823 1270 2119 1332 exsultante
2146 1278 2304 1343 etiam
2335 1270 2601 1363 Propheta
2630 1298 2683 1345 et
2712 1270 2923 1353 dicente
2942 1338 2956 1362 ,
2989 1270 3234 1363 Exultare
3257 1270 3410 1377 sape;

1823 1362 1992 1431 melos,
2014 1364 2174 1443 Deus,
2202 1381 2249 1425 et
2277 1362 2643 1447 supermunem
2671 1390 2855 1447 terram
2880 1387 3044 1461 gloria
3064 1400 3171 1447 tua.
3197 1395 3408 1457 Confir-

1820 1463 1933 1519 mat
1979 1473 2076 1514 nos
2119 1471 2171 1515 et
2201 1462 2310 1543 ipse
2334 1508 2351 1535 ,
2382 1478 2633 1542 tanquam
2664 1474 2848 1533 dicens
2876 1481 3074 1540 nobis:
3108 1485 3246 1557 Quid
3277 1490 3409 1551 mihi

1820 1542 1994 1611 facere
2032 1542 2318 1621 potuerunt
2362 1560 2434 1615 illi
2478 1564 2567 1633 qui
2594 1582 2681 1623 me
2726 1574 2993 1639 persecuti
3033 1542 3202 1641 sum?
3230 1580 3407 1651 Quare

1819 1636 1997 1697 autem
2028 1661 2123 1701 nos
2161 1642 2469 1723 alloquitur?
2501 1655 2632 1731 Quia
2660 1636 2860 1716 faciunt
2888 1671 2942 1720 et
2984 1667 3157 1725 nobis.
3188 1636 3293 1731 Sed
3319 1672 3408 1728 ni-

1819 1728 1893 1789 hil
1925 1735 2120 1792 facinnt
2159 1743 2244 1810 Qui
2271 1760 2366 1809 nos
2400 1728 2644 1804 similiter
2667 1746 2869 1811 fuerint
2895 1761 3183 1825 persecuti.
3216 1762 3406 1827 Videat

1818 1825 1959 1880 enim
1991 1825 2234 1886 Charitas
2264 1830 2450 1892 Vestra
2486 1838 2842 1909 alloquentem
2874 1861 2970 1902 nos
2998 1846 3318 1923 Dominum,
3350 1862 3406 1911 et

1816 1918 2192 1990 exhortantem
2220 1942 2316 1989 nos
2368 1933 2614 2009 exemplo
2653 1948 2769 1991 suo.
2819 1935 3163 2011 Mascipulam
3190 1918 3404 2016 parave-

1814 2022 1934 2066 rant
1954 2016 2165 2087 pedibus
2192 2018 2331 2091 meis,
2364 2033 2410 2075 et
2429 2023 2809 2082 incurvaverunt
2833 2030 3059 2089 animam
3079 2052 3260 2092 meam.
3292 2038 3402 2097 Vo-

1814 2095 2025 2173 luerunt
2053 2106 2196 2163 illam
2220 2112 2369 2180 quasi
2397 2111 2464 2169 dc
2486 2114 2625 2170 cmlo
2653 2114 2943 2195 deponere,
2975 2131 3030 2178 et
3055 2125 3121 2179 ad
3149 2125 3402 2189 inferiora

1813 2190 2112 2267 deprimere
2146 2218 2158 2252 :
2190 2200 2502 2259 Curaverunt
2529 2207 2751 2263 animam
2774 2228 2958 2273 meum.
2989 2211 3255 2279 Fuderunt
3283 2232 3402 2276 ante

1812 2288 1993 2359 [aciem
2043 2306 2204 2347 meum
2233 2299 2463 2367 foveam,
2494 2308 2540 2353 et
2587 2300 2687 2373 ipsi
2713 2302 2999 2369 inciderunt
3022 2307 3075 2367 in
3112 2326 3244 2366 eam.
3272 2312 3403 2370 Mihi

1812 2393 2139 2452 nocuerunt,
2172 2400 2238 2440 an
2270 2387 2409 2441 sibi?
2430 2389 2567 2447 Ecce
2593 2391 2685 2448 ille
2710 2393 2972 2454 cxaltatus
2999 2407 3082 2456 est
3106 2415 3269 2473 Super
3291 2421 3402 2465 ca)-

1811 2472 1890 2529 los
1920 2475 2080 2547 Deus,
2113 2485 2168 2532 et
2196 2494 2319 2535 ecce
2340 2495 2503 2553 super
2524 2498 2740 2547 omnem
2772 2496 2968 2547 terram
2996 2472 3396 2567 gloriaipsius:

1809 2584 2032 2639 regnum
2058 2569 2253 2628 Christi
2286 2573 2549 2659 videmus,
2580 2577 2668 2642 ubi
2692 2588 2777 2643 est
2819 2598 3041 2659 regnum
3066 2586 3401 2651 Judazorum‘l

1809 2661 2069 2739 Quoniam
2098 2681 2224 2736 ergo
2253 2664 2496 2733 fecerunt
2533 2672 2675 2741 quod
2717 2671 2897 2733 facere
2930 2693 3041 2741 non
3066 2678 3396 2754 debuerunt,

1808 2750 2005 2809 factum
2028 2765 2108 2810 est
2132 2755 2182 2811 in
2207 2758 2326 2814 illos
2350 2759 2492 2839 quod
2519 2763 2624 2831 pati
2653 2763 2960 2829 debuerunt
2985 2787 2998 2822 :
3031 2770 3131 2845 ipsi
3159 2750 3399 2847 foderunt

1807 2847 2038 2918 foveam,
2067 2858 2115 2903 et
2141 2851 2239 2929 ipsi
2262 2852 2548 2915 inciderunt
2577 2855 2631 2910 in
2672 2872 2802 2917 eam.
2831 2858 2985 2935 Quod
3029 2864 3171 2919 enim
3215 2880 3398 2938 perse-

1807 2942 1913 2997 cuti
1944 2951 2067 2998 sunt
2095 2943 2387 3023 Clu-istum,
2420 2942 2637 3015 Christo
2662 2965 2768 3019 non
2797 2952 2986 3023 obfuit,
3023 2956 3117 3019 sed
3140 2957 3273 3029 ipsis
3301 2960 3397 3019 oh-

1804 3030 1923 3097 fuit.
1978 3032 2044 3089 Et
2072 3036 2231 3101 nolite
2260 3046 2480 3109 putare,
2504 3038 2735 3113 fratres,
2764 3042 2894 3115 ipsis
2940 3047 3070 3109 solis
3109 3048 3213 3114 hoc
3248 3054 3395 3111 acci-

1805 3121 1969 3191 disse.
1998 3126 2182 3191 Omnis
2212 3129 2301 3205 qui
2326 3140 2479 3203 parat
2500 3132 2705 3195 foveam
2736 3134 2887 3199 fratri
2913 3154 3031 3205 suo.
3056 3156 3283 3205 necesse
3312 3154 3396 3205 est

1804 3226 1862 3273 ut
1886 3218 2003 3288 ipse
2028 3217 2227 3283 incidat
2269 3219 2320 3276 in
2346 3236 2491 3286 eain,
2523 3222 2818 3295 intendite,
2851 3227 3045 3291 fratres
3075 3234 3217 3307 mei,
3245 3235 3393 3292 chri-

1802 3310 2006 3369 stianos
2028 3313 2212 3368 oculos
2242 3314 2433 3379 habete
2451 3358 2466 3384 ,
2499 3318 2665 3375 nolite
2685 3318 2860 3403 decipi
2886 3322 3206 3385 visibilibus.
3230 3326 3396 3388 Forte

1802 3404 1946 3467 enim
1993 3405 2152 3461 alicui
2180 3416 2446 3477 vestrum,
2471 3411 2592 3483 quia
2637 3413 2737 3473 hoc
2761 3412 2910 3487 dixi,
2948 3417 3197 3479 subvenit
3228 3423 3392 3481 modo

1800 3496 1991 3567 aliquis
2017 3499 2105 3570 qui
2133 3499 2300 3559 voluit
2327 3499 2474 3563 fratri
2494 3516 2593 3565 suo
2630 3502 2871 3571 fraudem
2896 3506 3076 3568 facere
3099 3553 3114 3581 ,
3144 3520 3200 3575 et
3224 3515 3393 3580 voluit

1801 3586 1848 3645 ei
1878 3589 2082 3660 aliquas
2124 3590 2343 3651 insidias
2369 3592 2694 3665 machinari,
2734 3607 2791 3653 et
2834 3600 3173 3683 machinatus
3192 3619 3308 3679 est,
3336 3621 3394 3667 et

1799 3680 2071 3752 implevit,
2100 3691 2154 3737 et
2182 3682 2375 3739 cecidit
2400 3685 2560 3749 frater
2586 3687 2639 3771 in
2667 3688 2887 3749 insidias
2931 3680 3080 3765 ejus,
3109 3705 3163 3753 et
3188 3700 3389 3771 spolia-

1798 3781 1885 3829 tus
1922 3781 2023 3841 est,
2050 3783 2142 3828 aut
2166 3789 2384 3845 pressus
2430 3784 2541 3844 est,
2571 3767 2682 3845 sive
2721 3796 2938 3841 carcere
2961 3824 2977 3851 ,
3004 3786 3120 3847 sive
3150 3767 3284 3853 falso
3308 3798 3391 3851 te.

1796 3865 2050 3922 stimonio
2075 3908 2089 3932 ,
2119 3866 2232 3931 sive
2275 3868 2450 3940 aliqua
2492 3869 2695 3928 nefaria
2741 3874 3116 3941 criminatione
3160 3881 3387 3941 circuat-

1796 3970 2023 4023 ventus:
2056 3960 2268 4017 videtur
2294 3970 2474 4027 autem
2522 3963 2623 4021 iste
2668 3980 2956 4039 Oppressus
2977 4012 2993 4040 ,
3026 3971 3117 4031 ille
3157 3988 3384 4051 Oppres.

1796 4056 1950 4124 sissc;
1983 4054 2083 4112 iste
2112 4055 2307 4125 victus,
2337 4056 2426 4121 ille
2456 4056 2681 4126 vicisse;
2710 4070 2765 4116 et
2788 4062 2976 4123 falsum
3000 4073 3217 4135 putatur
3242 4071 3385 4141 quod

1795 4148 2063 4218 diximus,
2095 4149 2343 4225 quoniam
2384 4150 2709 4223 quicumque
2736 4152 2944 4212 foveam
2984 4162 3252 4229 paraverit
3278 4163 3387 4221 fra~

1796 4241 1862 4295 tri
1903 4254 2002 4299 suo
2028 4282 2045 4308 ,
2082 4241 2197 4312 ipse
2226 4241 2368 4299 cadit
2416 4242 2469 4298 in
2510 4258 2648 4300 eam.
2699 4245 2976 4322 Interrogo
3009 4267 3105 4308 vos
3131 4261 3382 4328 tanquam

1794 4335 2114 4399 christianos
2137 4376 2153 4400 ,
2184 4344 2240 4399 ut
2290 4336 2513 4394 sumatis
2537 4341 2839 4414 exemplum
2885 4342 2953 4399 de
2982 4345 3069 4402 his
3108 4364 3231 4420 quae
3270 4350 3383 4422 jam

1794 4430 2058 4487 novimus.
2082 4429 2280 4503 Pagani
2302 4432 2565 4501 persecuti
2588 4442 2711 4501 sunt
2740 4443 3024 4511 martyres,
3046 4449 3101 4496 et
3120 4451 3384 4517 martyres

1792 4522 1933 4594 capti
1962 4530 2117 4590 sunt,
2152 4521 2298 4593 ligati
2325 4531 2486 4599 sunt,
2519 4523 2574 4581 in
2622 4540 2891 4587 carcerem
2920 4530 3068 4589 missi
3094 4542 3250 4602 sunt,
3283 4535 3387 4592 be~

1792 4616 1908 4674 stiis
1952 4615 2184 4673 subrecti
2232 4624 2357 4673 sunt
2388 4617 2447 4691 i,
2474 4617 2567 4679 alii
2620 4617 2763 4684 ferro
2804 4624 3082 4695 percussi,
3111 4626 3203 4684 alii
3245 4628 3382 4701 igni.

1789 4713 1890 4771 bus
1937 4711 2261 4775 concremati
2316 4729 2329 4767 :
2383 4710 2626 4775 vicerunt
2670 4725 3101 4786 persequentes,
3159 4730 3215 4777 ct
3253 4724 3381 4781 victi

1788 4814 1914 4867 sunt
1941 4801 2244 4875 martyres?
2263 4802 2434 4869 Absit.
2466 4804 2655 4873 Qumre
2674 4806 2895 4877 gloriam
2923 4823 3215 4883 martyrum
3238 4817 3378 4889 apud

1789 4897 1991 4963 Deum,
2034 4910 2214 4967 qurere
2255 4894 2461 4961 foveam
2513 4895 2843 4969 Paganorum
2874 4901 2928 4959 in
2965 4904 3212 4965 confossa
3252 4924 3380 4965 con-

1789 4989 2009 5049 scientia
2036 5007 2049 5046 :
2078 4988 2149 5044 ibi
2177 4996 2260 5045 est
2286 4988 2428 5047 enim
2455 4987 2608 5046 fovea
2634 5005 2739 5062 quo
2766 4993 2909 5051 cadit
2933 4996 3147 5069 impius,
3172 5001 3224 5057 in
3247 5018 3379 5058 con-

1786 5084 2007 5145 scientia
2052 5082 2211 5139 mala.
2239 5081 2400 5139 Putas
2428 5099 2550 5139 eum
2578 5084 2634 5141 in
2675 5084 2886 5145 foveam
2927 5106 3034 5149 non
3073 5094 3332 5153 cecidisse
3355 5139 3372 5163 ,

1786 5179 1875 5249 qui
1903 5177 2075 5234 lucem
2095 5173 2288 5231 Christi
2317 5176 2544 5247 perdidit
2578 5188 2635 5236 et
2670 5181 2910 5239 caecitate
2941 5199 3222 5254 percussus
3246 5191 3374 5245 est?

1785 5268 1842 5329 Si
1868 5284 1974 5327 non
1999 5267 2212 5325 caderet
2251 5267 2305 5324 in
2352 5266 2595 5338 foveam,
2643 5272 2851 5331 videret
2888 5284 3012 5333 ante
3054 5292 3155 5335 se:
3197 5282 3374 5339 nescit

1783 5377 1887 5433 qua
1912 5370 2031 5428 eat;
2071 5358 2338 5432 quomodo
2362 5360 2451 5431 qui
2478 5362 2716 5422 ambulat
2740 5366 2792 5421 in
2828 5366 2912 5423 via
2948 5382 3069 5425 cum
3116 5371 3373 5429 ceciderit

1784 5456 1839 5513 in
1869 5454 2079 5511 foveam
2103 5497 2119 5523 ,
2149 5454 2381 5525 perdidit
2404 5456 2564 5515 viam.
2595 5458 2799 5517 Videtis
2826 5475 2956 5533 ergo
2982 5477 3173 5523 omnes
3207 5469 3370 5524 male-

1783 5547 2010 5607 factores
2059 5547 2356 5619 perdidisse
2399 5549 2539 5608 viam
2562 5591 2579 5618 ,
2620 5551 2920 5622 implicatos
2962 5554 3216 5614 facinore.
3258 5559 3368 5619 Sed

1777 5639 1887 5713 jam
1917 5648 1970 5696 te
1999 5640 2216 5697 tradidit
2240 5643 2291 5697 in
2318 5657 2507 5701 manus
2537 5642 2676 5702 forte
2705 5645 2947 5712 latronis.
2976 5658 3069 5708 aut
3096 5651 3151 5707 in
3174 5666 3366 5713 manus

1779 5732 2001 5804 alicujus
2028 5733 2209 5805 injusti
2234 5735 2317 5791 vel
2346 5735 2695 5795 circumventi
2726 5752 2756 5793 a
2782 5752 2842 5796 se
2874 5740 3073 5813 judicis
3100 5761 3115 5800 :
3143 5754 3197 5802 et
3229 5755 3284 5803 tu
3310 5747 3364 5805 in

1841 5847 1862 5884 ⁸
1895 5844 2449 5917 Eds-theme?!“
2489 5855 2696 5917 λίπω..
2716 5850 2877 5909 κως
2910 5854 3139 5913 «orces.
3156 5858 3261 5914 νυ.
3282 5870 3373 5914 sn-

1774 5880 1881 5978 pra,
1894 5880 2467 5975 eorumne"...
2478 5880 2610 5967 ιῖὄιέ
