3942 6408
594 358 698 420 671

596 493 844 553 pressura
871 493 951 544 es,
983 475 1073 533 ille
1098 474 1329 540 lmtatur,
1356 471 1447 528 ille
1467 467 1716 524 exsultat.
1739 464 1881 531 Noli,
1906 463 2016 534 jam
2043 460 2181 527 dixi,

597 573 706 628 noli
747 571 944 627 habere
981 569 1164 625 oculos
1209 566 1544 637 Paganorum
1589 557 1955 615 :cbristianos
2001 553 2186 610 oculos

597 664 755 720 habe.
796 662 958 719 Vides
1000 661 1146 716 illum
1187 660 1276 730 qui
1319 656 1592 713 exsultat:
1625 655 1738 724 ipsa
1780 651 2066 706 exsultatio
2103 656 2188 702 est

594 758 748 812 fovea
781 756 965 825 ipsius.
997 753 1184 808 Melior
1210 760 1293 808 est
1319 751 1460 806 enim
1491 747 1708 804 tristitia
1749 745 1926 813 iniqua
1973 743 2182 814 patien-

595 849 663 903 tis
683 890 696 912 ,
730 863 884 916 quam
916 845 1096 902 Ia-titia
1126 843 1302 914 iniqua
1349 843 1608 896 facientis.
1638 839 1756 909 Ipsa
1797 836 1978 892 laetitia
2005 835 2185 906 iniqua

593 937 866 1003 facientis,
891 937 1004 1008 ipsa
1028 947 1111 992 est
1133 935 1280 992 fovea
1306 954 1322 990 :
1345 935 1468 989 illuc
1495 933 1723 1004 quisque
1743 945 1864 986 cum
1890 928 2180 994 ceciderit,

594 1032 780 1087 oculos
809 1033 1002 1101 perdit.
1036 1030 1114 1086 'l‘e
1156 1029 1304 1084 doles
1327 1070 1343 1096 ,
1386 1029 1508 1100 quia
1547 1024 1825 1097 perdidisti
1866 1031 2102 1086 vestem;
2131 1027 2187 1076 et

596 1123 746 1178 illum
779 1139 882 1177 non
912 1122 1063 1176 doles
1082 1163 1098 1188 ,
1129 1122 1252 1192 quia
1285 1118 1515 1190 perdidit
1542 1116 1746 1173 iidem?
1773 1114 1905 1184 Quis
1950 1122 2186 1169 vestrum

595 1218 843 1288 graviore
871 1216 1070 1270 damno
1098 1227 1383 1284 percussus
1408 1211 1535 1268 est?
1576 1211 1713 1266 Ecce
1754 1209 1841 1264 ille
1866 1206 2092 1271 occidit,
2129 1213 2186 1260 tu

594 1309 858 1364 occideris
888 1326 900 1362 :
925 1307 1055 1361 vivit
1082 1306 1187 1370 ille,
1213 1314 1267 1359 tu
1299 1312 1540 1358 mortuus
1560 1317 1620 1358 es
1638 1301 1665 1356 τ
1686 1301 1857 1356 Absit.
1891 1299 1990 1356 Ubi
2017 1306 2099 1354 est
2124 1296 2187 1352 li-

595 1401 697 1458 des
719 1397 1192 1454 Clu-istianorum?
1221 1395 1310 1450 ubi
1341 1407 1417 1449 est
1448 1395 1540 1450 ille
1570 1393 1659 1462 qui
1699 1391 1925 1446 moritur
1949 1389 2015 1444 ad
2048 1398 2187 1442 tem-

593 1493 736 1566 pus?
767 1492 961 1547 Audiat
983 1491 1262 1545 Dominum
1304 1503 1457 1542 suum
1488 1505 1502 1542 :
1536 1485 1636 1551 Qui
1661 1485 1817 1540 credit
1844 1484 1898 1537 in
1925 1499 2004 1536 me
2026 1523 2042 1548 ,
2071 1481 2189 1535 licet

597 1589 868 1651 moriatur,
896 1585 1012 1639 vivit
1043 1582 1234 1654 (Joan.
1266 1598 1341 1649 χι,
1374 1578 1502 1652 25).
1537 1579 1678 1650 Ergo
1706 1578 1796 1649 qui
1824 1592 1929 1632 non
1971 1575 2183 1642 credit,

597 1679 726 1736 licet
753 1679 932 1742 vivat,
975 1686 1216 1732 mortuus
1241 1683 1341 1730 est.
1374 1672 1640 1728 Foderunt
1663 1679 1780 1725 ante
1816 1669 1998 1740 faciem
2024 1683 2186 1721 meum

599 1778 816 1845 foveam,
848 1782 896 1828 et
932 1771 1030 1840 ipsi
1052 1771 1336 1824 inciderunt
1364 1768 1417 1822 in
1455 1782 1588 1820 eam.
1619 1763 1880 1820 Omnibus
1906 1761 2061 1818 malis
2091 1774 2185 1816 ne-

598 1881 751 1921 cesse
780 1875 860 1919 est
881 1874 938 1917 ut
959 1862 1060 1917 hoc
1087 1860 1378 1930 Contingat.

617 1939 632 1948 ’
671 1957 758 2012 15.
799 1953 968 2028 [vers.
997 1950 1088 2026 8.]
1132 1953 1394 2006 Bonorum
1437 1957 1612 2004 autem
1639 1947 1886 2018 patientia
1913 1959 2184 2016 praepara-

596 2049 742 2106 tione
758 2047 934 2103 cordis
950 2045 1149 2114 excipit
1169 2043 1491 2098 voluntatem
1516 2040 1628 2106 Dei,
1659 2048 1713 2095 et
1731 2039 1988 2109 gloriatur
2006 2037 2058 2091 in
2092 2037 2189 2092 tri-

596 2141 977 2201 bulationibus,
1036 2137 1220 2192 dicens
1269 2134 1413 2206 quod
1455 2133 1696 2203 sequitur
1743 2148 1758 2186 :
1808 2129 2054 2184 Paratum
2098 2146 2187 2184 cor

595 2250 786 2298 meum,
819 2229 977 2292 Deus,
1008 2237 1246 2300 paratum
1273 2243 1360 2280 cor
1396 2239 1597 2288 meum;
1623 2223 1834 2278 cantabo
1863 2231 1909 2277 et
1943 2221 2182 2293 psallam.

595 2324 732 2392 Quid
764 2321 884 2377 fecit
919 2319 1088 2374 mihi?
1119 2315 1326 2373 Paravit
1353 2316 1578 2378 foveam,
1605 2327 1701 2368 cor
1736 2327 1912 2367 meum
1947 2322 2184 2382 paratum

596 2425 700 2471 cst.
735 2415 824 2469 Ille
851 2411 1050 2483 paravit
1076 2410 1280 2465 foveam
1307 2408 1372 2462 ad
1406 2405 1799 2476 decipiendum,
1829 2420 1930 2476 ego
1954 2420 2048 2461 cor
2075 2420 2182 2460 non

594 2507 797 2578 parabo
816 2505 881 2560 ad
902 2500 1340 2575 perpetiendum?
1360 2499 1451 2555 Ille
1466 2499 1674 2570 paravit
1696 2498 1898 2554 foveam
1925 2499 1990 2554 ad
2013 2499 2188 2570 oppri-

597 2599 869 2663 mendum,
911 2611 1010 2667 ego
1050 2610 1147 2650 cor
1174 2608 1278 2650 non
1309 2592 1508 2663 parabo
1533 2591 1600 2646 ad
1643 2591 1974 2647 tolerandum
2002 2592 2026 2644 τ
2053 2592 2184 2647 Pro-

595 2701 781 2762 pterca
818 2689 905 2744 ille
951 2687 1146 2743 incidet
1189 2687 1240 2741 in
1290 2699 1440 2750 eam,
1494 2698 1592 2754 ego
1629 2692 1807 2739 autem
1850 2683 2077 2739 cantabo
2129 2694 2184 2740 et

595 2781 836 2852 pSallam.
869 2778 1004 2834 Audi
1032 2793 1126 2834 cor
1151 2787 1390 2848 paratum
1419 2777 1471 2830 in
1497 2775 1902 2847 Apostolo,quia
1948 2777 2182 2832 imitatus

593 2883 678 2931 est
705 2873 984 2928 Dominum
1010 2886 1164 2926 suum
1191 2889 1203 2925 :
1238 2868 1548 2935 Gloriamur,
1578 2871 1768 2941 inquit,
1810 2871 1862 2924 in
1893 2870 2182 2926 tribulatio-

593 2966 782 3032 nibus;
815 2966 934 3037 quia
991 2964 1248 3019 tribulatio
1287 2964 1582 3033 patientiam
1623 2971 1897 3034 Operatur,
1939 2964 2182 3033 patientia

595 3057 968 3130 probationem,
999 3056 1228 3127 probatio
1266 3071 1438 3125 spem,
1457 3071 1571 3124 spes
1609 3069 1724 3110 vero
1751 3069 1852 3108 non
1878 3057 2178 3125 confundit:

593 3152 713 3222 quia
733 3151 954 3204 clraritas
982 3147 1081 3203 Dei
1104 3146 1296 3213 cli/fusa
1319 3159 1389 3201 est
1414 3146 1468 3201 in
1493 3146 1726 3201 cordibus
1741 3148 1925 3201 nostris
1949 3164 2038 3219 per
2059 3147 2184 3218 Spi-

593 3242 748 3296 ritum
783 3250 1012 3294 sanctum
1039 3239 1126 3311 qui
1143 3239 1292 3294 datus
1320 3247 1392 3292 est
1426 3238 1568 3292 nobis
1588 3237 1764 3310 (Rom.
1788 3252 1843 3300 v,
1867 3238 1957 3294 3-5
1981 3238 2021 3310 ).
2059 3240 2184 3294 Erat

595 3334 651 3389 in
669 3334 951 3404 pressuris,
971 3333 1022 3386 in
1051 3333 1272 3396 catenis,
1296 3332 1348 3385 in
1361 3329 1683 3395 carceribus,
1705 3330 1755 3384 in
1774 3330 1956 3401 plagis,
1974 3332 2026 3386 in
2045 3331 2183 3389 fame

595 3438 649 3483 et
665 3427 832 3493 sili,in
849 3425 1040 3498 frigore
1061 3434 1114 3482 et
1131 3424 1384 3490 nuditate,
1404 3424 1455 3478 in
1472 3424 1616 3478 omni
1637 3423 1926 3478 vastatione
1945 3424 2182 3481 laborum

597 3532 650 3579 et
679 3520 922 3576 dolorum
951 3519 1026 3591 (ll
1056 3517 1174 3574 Cor.
1201 3534 1274 3584 XI,
1292 3517 1360 3572 27
1382 3520 1400 3589 )
1419 3559 1434 3582 ,
1457 3527 1512 3574 et
1539 3517 1746 3573 dicebat
1777 3534 1790 3573 :
1821 3516 2111 3573 Gloriamur
2129 3525 2184 3575 in

597 3611 1020 3666 tribulationibus.
1065 3609 1354 3675 Unde,nisi
1392 3608 1514 3679 quia
1533 3618 1770 3679 paratum
1797 3618 1878 3664 est
1903 3624 1996 3664 cor
2027 3611 2185 3680 ejus?

597 3703 721 3760 Ideo
745 3703 989 3759 cantabat
1020 3711 1074 3757 et
1095 3702 1350 3773 psallebat
1375 3720 1390 3758 :
1421 3701 1671 3755 Paratum
1696 3717 1783 3756 cor
1803 3718 1990 3769 meum,
2020 3701 2180 3770 Deus,

595 3807 832 3869 paratum
856 3813 942 3851 cor
965 3811 1167 3860 meum;
1187 3796 1397 3851 cantabo
1419 3803 1464 3849 et
1493 3795 1731 3865 psallam.

667 3889 753 3945 l6.
783 3888 932 3960 (vers.
959 3885 1039 3960 9.]
1069 3885 1334 3957 Exsurge,
1363 3887 1529 3958 gloria
1570 3902 1700 3940 mea.
1731 3884 1823 3941 Ille
1849 3885 1936 3952 qui
1965 3885 2175 3958 fugerat

595 3998 624 4037 a
652 3982 784 4037 l'acie
807 3981 932 4036 Sat'tl
964 3981 1014 4034 in
1045 3980 1376 4049 speluncam,
1404 3977 1655 4049 Exsurge,
1678 3978 1842 4048 gloria
1867 3993 1996 4044 mea,
2013 3979 2180 4049 glori-

596 4073 782 4129 licetur
810 4072 964 4127 Jesus
1002 4079 1122 4140 post
1165 4070 1488 4140 passionem.
1515 4066 1776 4140 Exsurge,
1809 4069 2103 4138 psalterium
2136 4081 2183 4124 et

597 4168 813 4219 cithara.
858 4162 994 4232 Quid
1039 4171 1222 4228 vocat,
1272 4171 1328 4215 ut
1356 4159 1577 4231 surgat?
1605 4161 1718 4215 Duo
1754 4175 1951 4232 organa
1991 4160 2179 4229 video,

598 4271 793 4328 corpus
818 4266 994 4310 autem
1021 4252 1218 4308 Christi
1243 4268 1406 4308 unum
1433 4251 1588 4307 video
1612 4271 1626 4305 :
1660 4267 1761 4307 una
1799 4267 1924 4307 caro
1944 4266 2182 4309 resurre-

598 4351 706 4414 xit,
738 4357 793 4404 et
829 4347 934 4402 duo
970 4361 1168 4416 organa
1211 4352 1576 4400 surrexerunt.
1608 4344 1846 4399 Alterum
1871 4359 1999 4416 ergo
2024 4361 2182 4416 orga-

599 4457 726 4496 num
768 4439 1111 4510 psalterium,
1143 4435 1367 4492 alterum
1415 4436 1637 4490 cithara.
1683 4436 1890 4506 Organa
1937 4438 2184 4493 dicuntur

600 4533 776 4588 omnia
807 4535 1154 4586 instrumenta
1176 4527 1518 4583 musicorum.
1538 4527 1652 4584 Non
1678 4528 1851 4583 solum
1875 4528 2000 4583 illud
2027 4545 2183 4600 orga-

601 4641 728 4679 num
753 4623 966 4684 dicitur,
993 4620 1135 4690 quod
1161 4619 1362 4691 grande
1388 4628 1490 4681 est.
1513 4630 1565 4674 et
1583 4619 1798 4674 inﬂatur
1819 4619 2060 4686 follibus;
2089 4624 2180 4678 scd
2217 4663 2219 4665 ι

601 4714 854 4786 quidquid
901 4721 1115 4782 aptatur
1151 4710 1217 4765 ad
1247 4708 1601 4775 cantilenam,
1643 4719 1698 4766 et
1733 4725 2046 4781 corporeum
2070 4723 2177 4779 est,

601 4824 707 4873 quo
737 4807 1087 4860 instrumento
1126 4802 1292 4859 utitur
1327 4802 1416 4872 qui
1447 4811 1651 4868 cantat,
1685 4816 1940 4873 organum
1969 4805 2180 4861 dicitur.

605 4897 858 4952 Distincta
901 4906 1024 4950 sunt
1061 4904 1239 4951 autem
1291 4895 1429 4950 inter
1456 4909 1517 4949 se
1559 4895 1656 4950 ista
1685 4910 1912 4965 organa;
1942 4907 1996 4953 et
2023 4898 2143 4956 volo
2167 4941 2182 4965 ,

601 4997 857 5060 quantum
901 4987 1156 5042 Dominus
1185 4987 1293 5052 dat,
1339 4985 1576 5041 indicare
1605 4986 1755 5041 vobis
1775 5027 1790 5053 ,
1817 4997 1872 5043 et
1921 4989 2187 5059 quomodo

593 5081 849 5138 distincta
875 5090 1021 5147 sunt,
1048 5089 1102 5135 et
1120 5096 1283 5150 quare
1303 5079 1574 5147 distincta,
1603 5089 1658 5135 et
1685 5096 1850 5152 quare
1878 5083 2088 5154 utrique
2107 5083 2189 5138 di-

593 5192 652 5230 ra
669 5183 774 5240 tur,
807 5172 1053 5244 Exsurge.
1077 5171 1190 5228 lam
1217 5171 1467 5238 diximus,
1494 5189 1595 5226 una
1619 5187 1746 5228 caro
1763 5174 1972 5228 Domini
2003 5190 2185 5231 resur-

593 5287 648 5324 rc
663 5268 774 5333 sit;
802 5279 856 5322 et
875 5267 1088 5331 dicitur,
1122 5265 1374 5337 Exsurge,
1404 5266 1697 5335 psalterium
1725 5277 1769 5320 et
1796 5266 2012 5321 cithara.
2039 5267 2189 5322 Psal-

593 5377 672 5417 ter
689 5359 795 5415 ium
818 5367 898 5414 est
919 5373 1198 5429 organum,
1223 5357 1360 5428 quod
1379 5357 1591 5427 quidem
1617 5357 1859 5411 manibus
1884 5357 2050 5412 fertur
2071 5373 2191 5427 per-

593 5474 655 5510 "tl
673 5455 873 5520 tientis,
902 5463 954 5509 et
975 5452 1206 5509 chordas
1226 5451 1485 5506 distentas
1507 5452 1692 5516 habet;
1720 5450 1812 5506 sed
1840 5452 1984 5506 illum
2015 5453 2186 5506 locum

598 5547 747 5603 unde
776 5561 965 5601 sonum
982 5541 1499 5616 accipiuntcbordze,
1519 5541 1644 5596 illud
1669 5556 1958 5596 concavum
1991 5541 2188 5611 lignum

603 5643 746 5712 quod
778 5638 971 5709 pendet
994 5648 1048 5695 et
1073 5648 1267 5693 tactum
1296 5645 1530 5701 resonat,
1559 5635 1680 5706 quia
1710 5635 1941 5703 concipit
1975 5649 2183 5700 acrem,

608 5733 921 5804 psalterium
961 5732 1012 5786 in
1046 5730 1326 5800 superiore
1363 5737 1511 5798 parte
1547 5725 1725 5780 habet.
1757 5724 1968 5779 Cithara
2012 5734 2190 5780 autem

605 5825 711 5885 hoc
753 5840 926 5899 genus
967 5823 1094 5896 ligni
1128 5837 1422 5882 concavum
1458 5830 1515 5882 et
1541 5832 1798 5878 resonans
1842 5819 1898 5874 in
1941 5817 2189 5876 inferiore

1833 345 1891 403 S.
1931 338 2297 400 AUGUSTINI
2336 340 2644 401 EPISCOPl
3720 368 3792 427 θη

2295 472 2446 531 parte
2471 463 2648 521 habet.
2678 465 2863 540 Itaque
2889 468 2943 524 in
2980 470 3234 539 psalterio
3266 475 3482 535 chorda:
3503 494 3664 539 sonum
3682 485 3790 546 dese

2293 570 2390 626 per
2415 558 2705 630 accipiunt;
2731 561 2781 615 in
2809 561 3014 620 cithara
3043 576 3220 622 autem
3249 569 3463 625 chorda:
3481 587 3646 630 sonum
3665 594 3717 635 ex
3738 582 3789 636 in-

2295 646 2488 705 feriore
2520 662 2668 720 parte
2693 654 2961 724 accipiunt
2987 671 3002 709 :
3028 657 3128 712 hoc
3155 653 3377 716 interest
3404 663 3537 719 inter
3558 669 3790 735 psalterium

2293 751 2347 797 et
2375 742 2652 800 citharam.
2694 745 2832 814 Quid
2862 763 2989 818 ergo
3017 749 3126 805 duo
3167 751 3279 807 hrec
3307 769 3502 826 organa
3545 761 3676 816 nobis
3711 766 3797 834 lign-

2292 839 2452 894 rant‘l
2501 840 2714 896 Excitat
2766 843 2910 898 enim
2937 843 3186 904 Christus
3228 846 3489 905 Dominus
3531 849 3653 908 Deus
3673 870 3797 912 noster

2292 932 2600 1002 psalterium
2636 949 2791 990 suum
2817 944 2872 990 et
2899 937 3157 993 citharam
3188 955 3338 996 suam
3366 983 3383 1009 ,
3424 952 3480 997 et
3501 943 3633 1009 dicit,
3663 945 3795 1003 Extar-

2293 1041 2410 1096 gam
2439 1025 2680 1082 diluculo.
2712 1027 2846 1084 Puto
2870 1031 2991 1100 quia
3025 1032 3112 1088 hic
3131 1033 3240 1102 jam
3278 1037 3566 1107 agnoscitis
3587 1040 3794 1099 Dominum

2293 1127 2681 1188 resurgentem.
2730 1119 2979 1192 Legimus
3019 1124 3070 1180 in
3117 1125 3410 1197 Evangvlio
3443 1147 3457 1184 :
3487 1131 3645 1188 videte
3670 1134 3798 1194 horam

2292 1213 2720 1267 resurrectionis.
2773 1213 3034 1283 Quamdiu
3093 1233 3188 1287 per
3240 1220 3458 1275 umbras
3506 1225 3800 1293 qutereliatur'

2292 1298 2580 1358 Christus?
2638 1303 2830 1371 Luxit,
2887 1319 3241 1377 agnoscatur;
3295 1311 3531 1370 diluculo
3583 1326 3798 1378 resurrexit

2293 1393 2484 1464 (Marc.
2515 1411 2623 1463 xw,
2650 1395 2730 1468 2).
2753 1398 2858 1454 Sed
2887 1400 3012 1470 quid
3040 1411 3125 1457 est
3153 1404 3498 1472 psalterium?
3531 1409 3642 1478 quid
3670 1422 3729 1466 est
3750 1417 3800 1468 ri-

2293 1486 2482 1544 tbara?
2519 1489 2624 1545 Per
2650 1505 2866 1546 carnem
2897 1505 3045 1548 suam
3079 1495 3338 1552 Dominus
3361 1497 3469 1553 duo
3489 1516 3661 1570 genera
3685 1504 3796 1560 facta

2292 1594 2411 1635 rum
2452 1592 2702 1650 Operatus
2742 1593 2851 1649 est,
2885 1585 3136 1640 miracula
3179 1597 3234 1643 et
3275 1591 3551 1659 passiones
3576 1610 3589 1646 :
3617 1595 3800 1650 miracula

2291 1672 2522 1744 desuper
2546 1675 2792 1743 luerunt,
2820 1679 3098 1748 passiones
3127 1680 3194 1735 de
3229 1680 3485 1739 inferiore
3522 1685 3718 1744 luerunt.
3744 1689 3801 1746 illa

2291 1772 2432 1826 enim
2457 1789 2574 1844 quas
2597 1773 2720 1829 fecit
2745 1776 3024 1841 miracula,
3047 1776 3222 1833 divina
3244 1788 3402 1834 erant
3421 1795 3437 1846 ;
3456 1781 3546 1836 sed
3571 1797 3655 1852 per
3667 1798 3802 1854 corpus

2291 1863 2450 1932 fecit,
2493 1882 2589 1936 per
2630 1882 2846 1922 carnem
2889 1867 3034 1925 fecit.
3065 1869 3200 1926 Caro
3240 1885 3371 1942 ergo
3415 1871 3584 1929 divina
3611 1890 3800 1944 operans,

2290 1959 2596 2028 psalterium
2642 1968 2727 2015 est
2765 1977 2779 2013 :
2830 1976 2956 2016 caro
2986 1961 3215 2018 humana
3261 1965 3505 2036 patiens,
3534 1968 3709 2025 cithara
3735 1983 3799 2026 est.

2288 2049 2456 2108 Souet
2482 2052 2830 2122 psalterium;
2870 2055 3236 2112 illuminentnr
3258 2057 3388 2114 caeci
3409 2102 3424 2124 ,
3458 2059 3659 2117 audiant
3678 2065 3799 2129 sunli,

2289 2144 2616 2214 stringantur
2644 2145 2940 2218 paralytici,
2962 2147 3236 2204 ambulent
3251 2148 3456 2215 claudi,
3480 2166 3802 2223 surgantzrgra

2290 2235 2349 2302 ti,
2380 2245 2660 2307 resurgant
2682 2237 2875 2293 mortui
2907 2257 2919 2292 :
2951 2239 3051 2294 iste
3069 2248 3152 2295 est
3171 2253 3338 2296 sonus
3365 2243 3613 2312 psalterii.
3635 2246 3800 2302 Souetet

2288 2329 2522 2393 cithara;
2549 2329 2769 2393 esuriat,
2792 2330 2954 2394 sitiat,
2983 2330 3232 2398 dormiat,
3264 2341 3531 2401 teneatur,
3559 2334 3800 2406 ﬂagellatur,

2289 2419 2589 2488 irrideatur,
2619 2422 2980 2493 cruciligatnr,
3013 2423 3321 2494 sepeliatur.
3343 2426 3476 2482 Cum
3503 2443 3621 2500 ergo
3647 2430 3799 2485 νίἀιιςὶιι

2288 2512 2376 2568 illa
2406 2527 2566 2568 carne
2604 2514 2847 2584 quaedam
2873 2517 3117 2572 sonuisse
3143 2517 3398 2588 desuper,
3431 2521 3658 2590 quaedam
3679 2523 3730 2578 de
3748 2525 3798 2576 in-

2289 2605 2481 2660 l'eriore
2522 2616 2672 2676 parte
2695 2649 2711 2672 ,
2745 2623 2845 2662 una
2891 2622 3018 2662 caro
3047 2612 3373 2678 resurrexit,
3416 2621 3471 2667 et
3509 2613 3559 2668 in
3588 2630 3674 2670 una
3696 2631 3800 2671 came

2288 2699 2626 2769 agnoscimus
2651 2707 2706 2755 et
2732 2700 3039 2769 psalterium
3061 2709 3116 2756 et
3134 2700 3421 2759 citharam.
3453 2703 3516 2759 Et
3538 2705 3626 2760 ista
3648 2705 3730 2760 duo
3745 2722 3799 2777 ge-

2289 2807 2414 2846 nera
2441 2791 2700 2848 factorum
2729 2793 3086 2862 impleverunt
3124 2795 3505 2866 Evangelium,
3542 2807 3592 2853 et
3617 2799 3798 2868 prodita.

2287 2893 2376 2940 tur
2396 2886 2447 2941 in
2471 2886 2757 2956 gentibus;
2789 2902 2911 2943 nam
2935 2897 2991 2946 et
3012 2888 3266 2945 miracula
3286 2900 3343 2946 et
3370 2893 3636 2962 passiones
3656 2893 3796 2949 Domini

2289 2978 2666 3050 prtedicantur.

2360 3073 2448 3129 I7.
2478 3071 2627 3145 [vers.
2651 3071 2852 3146 1042.]
2879 3071 3019 3146 Ergo
3039 3077 3271 3133 surrexit
3293 3081 3595 3150 psalterium
3619 3092 3666 3139 et
3684 3084 3797 3138 citha-

2288 3179 2346 3219 ra
2372 3164 2602 3219 diluculo
2621 3207 2635 3230 ,
2667 3175 2723 3221 et
2748 3166 3035 3222 conﬁtetur
3068 3169 3296 3226 Domino
3323 3192 3336 3228 :
3366 3183 3422 3228 et
3449 3175 3572 3245 quid
3597 3177 3690 3232 ait?
3712 3176 3795 3230 Coa-

2288 3259 2466 3329 ﬁtebor
2495 3258 2584 3313 tibi
2611 3259 2663 3312 in
2691 3261 2921 3332 populis,
2954 3259 3203 3330 Domine,
3235 3275 3283 3320 et
3311 3268 3531 3337 psallam
3559 3270 3639 3323 tibi
3660 3270 3702 3323 in
3719 3286 3797 3340 gat-

2288 3350 2420 3405 tibus
2441 3365 2460 3404 :
2487 3352 2608 3419 quia
2628 3353 2957 3423 magni/irata
2981 3363 3052 3408 est
3077 3371 3234 3425 usque
3255 3359 3327 3411 ad
3354 3360 3505 3416 (telas
3533 3361 3797 3416 miserit-ardia

2289 3451 2397 3508 tua,
2425 3451 2472 3496 et
2497 3459 2652 3512 usque
2669 3444 2737 3496 ad
2757 3444 2911 3499 nubes
2933 3448 3112 3501 ueritas
3138 3456 3244 3502 tua.
3267 3447 3405 3505 Caeli
3430 3467 3586 3522 supra
3606 3452 3753 3513 nubes,
3768 3461 3796 3503 et

2289 3533 2458 3591 nubes
2488 3533 2621 3590 infra
2652 3535 2817 3590 caalos
2852 3553 2865 3589 :
2909 3546 2963 3592 et
2991 3546 3172 3594 tamen
3201 3540 3268 3595 ad
3316 3541 3425 3598 hoc
3465 3545 3642 3600 ecelum
3681 3543 3797 3614 prosi-

2289 3641 2434 3680 mum
2475 3627 2742 3695 pertinent
2784 3627 2970 3684 nubes.
3001 3629 3106 3685 Sed
3137 3632 3430 3702 aliquando
3468 3636 3627 3691 nubes
3657 3650 3795 3690 recum-

2289 3717 2420 3774 bunt
2459 3718 2509 3773 in
2551 3718 2848 3787 montibus,
2880 3735 3050 3791 usque
3085 3721 3221 3779 adeo
3246 3724 3300 3780 in
3331 3728 3572 3798 proximo
3594 3743 3698 3784 aere
3718 3742 3795 3782 con-

2288 3811 2670 3882 glomerantur.
2695 3811 2904 3867 Caelum
2935 3822 3109 3869 autem
3139 3830 3357 3873 sursum
3399 3828 3502 3888 cst,
3527 3819 3795 3876 habitationes

2287 3903 2644 3974 Angelorum,
2675 3903 2916 3972 Sedium,
2949 3905 3385 3965 Dominationum
3407 3953 3422 3976 ,
3460 3911 3793 3982 Principatum],

2290 3998 2642 4053 Potestatum.
2664 3996 2794 4051 Illud
2814 4013 2941 4070 ergo
2967 3997 3102 4054 forte
3122 3999 3374 4057 videatur
3393 4001 3550 4060 fuisse
3568 4003 3792 4061 dicendum,

2289 4091 2614 4162 Magniﬁcam
2647 4099 2731 4146 est
2755 4106 2922 4161 usque
2959 4091 3025 4146 ad
3051 4095 3220 4148 cmlos
3252 4097 3452 4152 veritas
3491 4107 3590 4160 tua.
3621 4107 3664 4152 et
3684 4108 3794 4164 usque

2287 4183 2354 4239 ad
2399 4185 2568 4239 nubes
2607 4183 2969 4239 misericordia
3015 4193 3122 4239 tua.
3173 4185 3386 4242 Etenim
3433 4191 3482 4246 in
3518 4190 3640 4245 coelo
3667 4184 3792 4255 Angeli

2289 4277 2507 4333 laudant
2537 4277 2724 4343 Deum,
2747 4275 2991 4332 videntes
3019 4277 3186 4347 ipsam
3213 4283 3448 4352 speciem
3479 4283 3699 4340 veritatis.
3718 4279 3792 4332 sint

2287 4369 2394 4424 ulla
2419 4369 2644 4439 caligine
2673 4368 2915 4430 visionis,
2945 4369 3062 4424 sine
3093 4369 3539 4441 interpolatione'
3563 4373 3704 4442 aliqua
3727 4367 3789 4421 lal-

2288 4461 2461 4515 sitatis
2493 4478 2506 4512 :
2537 4459 2740 4523 vident,
2766 4458 3023 4529 diligunt,
3049 4460 3300 4529 laudant,
3335 4479 3442 4518 non
3469 4463 3723 4534 fatigantur.
3745 4455 3789 4510 lbi

2289 4551 2485 4608 veritas
2514 4569 2527 4604 :
2568 4551 2655 4607 hic
2681 4559 2860 4606 autem
2890 4552 2940 4605 in
2984 4560 3163 4607 nostra
3212 4554 3425 4610 miseria
3450 4558 3614 4624 utique
3645 4549 3788 4606 niis-eri-

2289 4645 2486 4701 cordia.
2515 4643 2708 4699 Misero
2740 4645 2883 4700 enim
2921 4644 3203 4714 praebenda
3234 4655 3318 4700 est
3347 4640 3785 4702 misericordiam

2290 4738 2431 4794 enim
2454 4749 2589 4806 opus
2609 4744 2690 4789 est
2711 4734 3076 4789 misericordia
3101 4751 3337 4804 sursum,
3363 4739 3446 4793 ubi
3467 4739 3624 4793 nullus
3645 4743 3705 4790 est
3720 4730 3782 4784 mi-

2291 4846 2399 4887 ser.
2433 4828 2546 4882 Hoc
2591 4833 2872 4896 propterea
2899 4826 3007 4880 dixi
3033 4868 3046 4890 ,
3097 4828 3218 4897 quia
3248 4829 3458 4884 videtur
3499 4822 3782 4898 congruentius

2290 4922 2394 4978 dici
2418 4919 2673 4991 potuisse,
2700 4918 3029 4987 Magniticata
3057 4929 3140 4974 est
3175 4935 3345 4990 usque
3383 4922 3446 4977 ad
3483 4921 3631 4977 eteius
3652 4914 3781 4969 veritas

2291 5024 2402 5080 tua,
2435 5020 2488 5066 et
2514 5025 2680 5081 usque
2708 5009 2773 5063 ad
2805 5010 2974 5064 nubes
3002 5011 3365 5067 misericordia
3392 5023 3498 5068 tua.
3525 5012 3671 5066 Nubes
3689 5003 3778 5058 enim

2293 5105 2636 5175 intelligimus
2661 5102 3034 5173 praedicatores
3058 5106 3320 5171 veritatis,
3346 5106 3574 5162 homines
3589 5105 3778 5172 portantes

2294 5198 2447 5252 istam
2487 5209 2703 5250 carnem
2739 5194 3083 5264 caliginosam
3113 5197 3528 5265 quodammodo,
3553 5191 3667 5248 unde
3686 5188 3775 5240 D6115

2294 5299 2348 5343 et
2375 5297 2620 5343 coruscat
2645 5287 2936 5351 miraculis,
2965 5295 3020 5341 et
3045 5297 3192 5342 tonat
3223 5290 3494 5359 prarceptis
3514 5307 3524 5342 :
3544 5298 3590 5341 et
3608 5281 3681 5352 ipsi
3698 5281 3774 5330 sm“

2296 5383 2398 5438 illa».
2430 5382 2597 5436 nubes
2621 5381 2688 5435 de
2723 5381 2912 5451 quibus
2938 5380 3068 5436 dicit
3093 5382 3252 5438 Isaias
3278 5399 3343 5437 ex
3379 5393 3580 5452 persona
3613 5362 3772 5429 Domiti.

2298 5475 2578 5544 increpans
2610 5473 2890 5543 quamdam
2921 5473 3129 5528 vineam
3163 5475 3373 5538 malam,
3401 5473 3625 5530 sterili-nt.
3647 5462 3768 5531 simu”

2298 5582 2431 5633 sum,
2467 5565 2722 5620 Mandabo
2748 5563 2960 5621 nubibus
2985 5566 3109 5621 meis
3128 5609 3143 5634 ,
3180 5582 3241 5620 ne
3267 5567 3437 5637 plnum
3464 5577 3594 5632 super
3609 5569 3689 5610 ratu
3707 5550 3766 5599 iM'

2362 5703 2378 5733 ι
2414 5699 2627 5765 Nonnulli
2651 5699 2777 5760 edd.,
2806 5708 3050 5765 quazretur
3085 5700 3345 5754 Christus?
3381 5707 3532 5752 Postea
3568 5687 3656 5742 Edd-
3682 5682 3765 5732 ἵετε·

2296 5764 2432 5818 bant,
2459 5773 2562 5826 tua:
2578 5763 2754 5826 itaque.
2783 5763 2986 5826 At\tss.,
3013 5765 3170 5815 Luxit.

2370 5829 2390 5858 ⁸
2423 5824 2645 5890 tlerique
2661 5824 2667 5826 ⁷
2682 5835 2810 5888 uss,
2834 5825 3223 5889 interpellatione.
