3942 6412
139 381 213 436 73
1223 358 1620 417 ENABRATIO
1658 356 1726 415 IN
1763 356 2087 420 PSALMUM
2109 361 2268 422 LVII.

106 487 407 558 branllsai.
438 500 490 549 v,
518 483 574 554 6)
607 501 622 538 :
653 481 706 539 id
735 490 836 546 est,
870 478 1136 536 mandabo
1162 479 1434 549 Apostolis
1463 477 1694 542 meis,nt

108 587 350 643 deserant
373 577 613 644 Iudaeos,
643 583 697 631 et
723 589 829 630 non
861 574 963 629 illis
983 571 1374 642 evangelizent,
1405 570 1500 626 sed
1529 584 1694 625 evan-

111 678 321 750 gelizrut
348 671 400 726 in
435 678 578 724 terra
610 667 744 722 bona
777 663 1044 730 Gentium,
1076 664 1215 718 unde
1244 678 1350 717 non
1376 663 1565 734 spinae.
1592 658 1692 717 sed

112 784 228 824 uvze
248 762 558 835 procedant.
579 758 834 815 Novimus
861 771 989 827 ergo
1017 755 1187 810 nubes
1215 753 1304 809 Dei
1342 768 1462 808 8338
1493 750 1687 822 praedi-

115 871 308 918 catotes
335 854 594 919 veritatis,
621 851 949 921 Prophetas,
982 848 1292 919 Apostolus,
1329 861 1519 902 omnes
1547 853 1692 900 recte

116 953 430 1028 proli-rentes
454 947 675 1003 verbum
698 944 937 1000 veritatis
965 950 1019 996 ct
1047 941 1304 997 habentes
1335 940 1387 994 in
1419 954 1479 994 se
1507 938 1690 993 lumen

114 1027 385 1110 bccnltnm,
413 1039 551 1094 sicut
579 1037 776 1094 habent
800 1035 971 1090 nubes
992 1033 1132 1088 unde
1152 1040 1433 1087 coruscant
1469 1047 1484 1085 :
1511 1027 1689 1083 homi-

107 1154 212 1198 nes
231 1152 350 1205 ergo
385 1133 575 1188 nubes.
609 1129 746 1198 Quid
772 1128 871 1184 sibi
905 1127 1084 1198 itaque
1109 1126 1242 1190 vult,
1284 1123 1529 1189 Domine,
1555 1122 1692 1190 Quia

95 1228 427 1302 magniﬁcam
471 1233 544 1279 est
597 1239 753 1294 usque
808 1221 876 1274 ad
912 1221 1060 1276 cazlos
1097 1217 1440 1273 misericordia
1475 1227 1593 1282 tua,
1643 1222 1691 1268 et

91 1337 261 1389 usque
283 1320 348 1373 ad
375 1318 531 1372 nubes
566 1316 747 1370 veritas
781 1324 868 1367 tua
887 1314 913 1368 ?
946 1311 1152 1367 Veritas
1189 1310 1466 1382 pratpollet
1492 1309 1546 1363 in
1575 1309 1690 1363 An-

95 1416 236 1486 geSis
280 1431 294 1468 :
336 1409 432 1466 sed
479 1407 673 1464 dedisti
719 1405 863 1461 illam
921 1414 976 1458 et
1025 1403 1361 1467 hominibus,
1409 1410 1465 1457 et
1521 1399 1692 1456 dedu-

99 1507 227 1563 xisti
275 1505 415 1560 illam
469 1515 640 1572 usque
691 1498 758 1554 ad
807 1498 995 1553 nubes.
1053 1496 1322 1552 Sursum‘
1377 1493 1688 1550 miscricor-

96 1599 192 1654 dia
240 1596 482 1652 videntur
534 1582 722 1663 Angeli
780 1605 887 1644 non
942 1589 1216 1660 indigere;
1273 1587 1365 1643 sed
1416 1587 1538 1658 quia
1593 1587 1690 1642 ho-

97 1689 272 1746 mines
311 1686 534 1742 miseros
565 1694 618 1739 tu
666 1682 972 1748 miseraris,
1005 1690 1062 1736 et
1109 1679 1400 1750 praebendo
1442 1678 1547 1733 illis
1589 1678 1690 1732 mi-

105 1779 442 1844 sericordiam
479 1774 963 1831 communicatione
1002 1770 1412 1827 resurrectionis
1453 1770 1690 1841 Angelos

109 1872 248 1938 facis,
273 1886 440 1942 usque
459 1869 524 1924 ad
542 1867 710 1924 etelos
733 1875 818 1922 est
842 1862 1207 1919 misericordia
1232 1873 1340 1918 tua.
1372 1861 1552 1918 Gloria
1583 1863 1690 1918 Do-

98 1967 243 2021 mino
267 1975 468 2028 nostro,
497 1972 552 2018 et
570 1958 950 2018 misericordiae
981 1957 1168 2027 ipsius,
1192 1964 1246 2010 et
1266 1955 1474 2010 veritati
1501 1954 1686 2025 ipsius,

90 2061 219 2131 quia
266 2073 363 2114 nec
425 2055 663 2112 deSeruit
705 2067 806 2108 nos
854 2048 1219 2104 misericordia
1271 2047 1448 2103 facere
1505 2045 1689 2101 beatos

99 2169 196 2224 per
217 2151 434 2222 gratiam
471 2163 657 2212 suam,
689 2159 791 2201 nec
825 2141 1094 2198 fraudavit
1137 2155 1235 2195 nos
1262 2139 1486 2195 veritate
1518 2155 1531 2190 :
1564 2137 1690 2208 quia

111 2244 268 2315 primo
296 2241 496 2296 veritas
531 2252 694 2294 carne
734 2244 920 2305 operta
947 2232 1092 2288 venit
1136 2231 1203 2286 ad
1235 2245 1332 2284 nos
1352 2273 1368 2296 ,
1397 2241 1451 2286 et
1479 2230 1691 2285 sanavit

110 2352 198 2407 per
222 2349 430 2390 carnem
461 2344 613 2387 suam
641 2328 852 2384 oculum
881 2323 1185 2381 interiorem
1213 2322 1393 2377 cordis
1417 2321 1606 2385 nostri,
1632 2329 1690 2376 ut

110 2443 218 2483 eam
251 2436 428 2496 postea
453 2421 587 2478 facie
613 2418 682 2475 ad
723 2418 917 2474 faciem
953 2415 1133 2470 videre
1169 2428 1448 2484 possemus
1477 2413 1530 2485 (Ι
1564 2412 1684 2467 Cor.

109 2536 216 2581 xm,
250 2517 308 2571 t2
328 2519 365 2586 ).
397 2520 628 2586 Agentes
655 2525 782 2582 ergo
807 2509 882 2563 illi
909 2507 1126 2578 gratias,
1155 2504 1397 2559 dicamus
1422 2518 1542 2558 cum
1572 2502 1689 2572 ipso

111 2611 309 2666 Psaltnn
336 2607 546 2662 ultimos
574 2616 759 2660 versus
782 2644 798 2669 ,
826 2617 959 2672 quos
980 2596 1294 2670 jamdudum
1320 2595 1480 2652 etiam
1509 2592 1646 2648 dixit
1671 2611 1686 2647 :

111 2703 340 2758 Emttare
365 2717 516 2770 super
542 2698 692 2752 ctelos
723 2695 880 2756 Deus,
905 2703 950 2747 et
967 2707 1120 2762 super
1146 2705 1343 2744 onmem
1370 2696 1555 2742 terram
1575 2685 1691 2758 glo-

110 2798 308 2852 riuum.
355 2793 466 2848 lloc
493 2792 635 2847 enim
664 2789 714 2843 ei
755 2787 888 2842 dixit
915 2783 1176 2852 Propheta
1213 2793 1337 2836 ante
1372 2789 1447 2834 tot
1472 2793 1642 2833 annos
1673 2796 1688 2833 :

112 2894 210 2943 hoc
235 2886 383 2941 modo
415 2883 657 2938 videmus
683 2896 812 2942 nos;
844 2877 945 2931 hoc
971 2891 1098 2946 ergo
1119 2874 1360 2930 dicamus
1385 2882 1439 2926 et
1469 2886 1588 2926 nos.

115 2984 1690 3014 ___________________.—.

531 3049 612 3112 IN
657 3047 794 3109 PSA
805 3043 1034 3106 LMUM
1069 3041 1236 3104 LVII

687 3163 1112 3226 ENARRATIO.

593 3279 766 3324 δειιιιο
817 3279 886 3319 ΔΙ)
937 3274 1163 3316 ΡιΕΒΕΙο

184 3369 397 3446 1.[ιιιη.
454 3365 526 3434 1,
576 3359 659 3434 2.]
687 3358 800 3415 Vox
829 3372 986 3429 quam
1015 3350 1374 3416 cantavimns,
1424 3347 1692 3404 audienda

106 3441 277 3521 nobis.
313 3459 476 3532 magis
515 3463 636 3521 est,
687 3466 848 3523 quam
898 3444 1197 3503 clamanda.
1231 3441 1491 3498 Omnibus
1542 3441 1689 3496 enim

104 3567 352 3629 tanquam
382 3554 432 3610 in
460 3548 720 3607 concione
742 3541 954 3615 generis
985 3538 1204 3594 humani
1233 3537 1430 3592 veritas
1453 3534 1650 3589 clamat
1674 3551 1689 3588 :

108 3649 179 3708 Si
201 3625 304 3705 uere
329 3648 497 3717 utique
512 3640 769 3715 justitiam
791 3633 1053 3705 loquimini
1073 3673 1089 3697 ,
1119 3639 1259 3684 recta
1285 3629 1520 3699 judicate
1547 3668 1563 3694 ,
1595 3625 1694 3696 filii

113 3744 387 3797 hominum.
409 3736 504 3793 Cui
535 3733 677 3790 enim
709 3731 892 3799 iniqtto
919 3741 1024 3780 non
1054 3722 1210 3778 facile
1239 3729 1323 3776 est
1350 3720 1492 3790 loqui
1531 3718 1691 3788 justi-

111 3835 281 3890 liam?
305 3843 396 3889 aut
422 3829 544 3903 quis
564 3829 636 3884 de
658 3824 860 3895 iustitia
911 3821 1272 3889 interrogatus
1290 3856 1307 3882 ,
1339 3813 1554 3885 quando
1585 3828 1691 3867 non

111 3927 272 3985 liabet
296 3941 528 3990 causam,
553 3935 659 3978 non
689 3917 844 3974 facile
862 3911 1186 3984 respondeat
1207 3908 1336 3981 quid
1365 3908 1435 3965 sit
1458 3904 1696 3976 justum?

115 4016 540 4090 Quandoquidem
572 4026 730 4066 manu
762 4003 1068 4062 fet-maturis
1097 4001 1266 4057 nostri
1312 3999 1366 4054 in
1419 3998 1548 4068 ipsis
1574 4011 1697 4052 cor-

117 4089 267 4168 dibus
289 4089 480 4164 nostris
506 4104 705 4160 veritas
735 4097 948 4168 scripsit
977 4112 992 4150 :
1026 4092 1177 4163 Quod
1198 4092 1286 4146 tibi
1310 4107 1410 4145 non
1437 4091 1511 4144 vis
1546 4089 1659 4160 ﬁeri
1675 4129 1692 4157 ,

121 4221 181 4259 ne
210 4205 361 4277 facias
385 4200 530 4257 alteri
557 4195 708 4263 ιΤοιι.
740 4207 796 4248 tv
818 4233 833 4257 ,
863 4188 931 4246 16
951 4230 965 4253 ,
989 4199 1035 4242 et
1068 4186 1259 4242 Matth.
1289 4200 1363 4240 vu
1384 4226 1399 4250 ,
1439 4182 1550 4256 η).
1586 4182 1697 4238 lloc

119 4307 172 4354 et
196 4274 471 4364 antequam
499 4290 609 4346 Lex
637 4286 854 4342 daretur
899 4294 1058 4336 nemo
1107 4279 1354 4349 ignorare
1403 4274 1698 4346 permissus

122 4398 236 4456 est,
265 4398 320 4445 ut
344 4394 486 4444 esset
513 4381 657 4437 unde
703 4376 1072 4448 jndicarentur
1097 4380 1153 4426 et
1194 4370 1391 4442 quibus
1432 4369 1539 4424 Lex
1589 4382 1698 4424 non

122 4491 259 4539 esset
283 4481 422 4537 data.
446 4475 550 4533 Sed
579 4487 646 4528 ne
672 4471 772 4526 sibi
803 4466 1045 4522 homines
1073 4461 1269 4534 aliquid
1297 4460 1528 4516 defuisse
1552 4473 1698 4530 quaa-

123 4583 362 4632 rerentur
379 4614 396 4634 .
421 4568 680 4635 scriptum
702 4571 785 4616 est
809 4569 863 4616 et
891 4559 943 4612 in
975 4555 1168 4610 tabulis
1193 4552 1333 4625 quod
1370 4553 1421 4606 in
1447 4551 1699 4607 cordibus

125 4681 224 4723 non
248 4665 508 4736 legebant.
531 4657 646 4714 Non
674 4653 818 4710 enim
847 4649 1102 4719 scriptum
1130 4661 1236 4701 non
1264 4643 1570 4711 habebant,
1603 4641 1700 4698 sed

124 4758 292 4830 legere
308 4735 588 4812 uolebant.
617 4745 933 4817 Oppositum
977 4748 1059 4794 est
1106 4737 1276 4794 oculis
1321 4750 1505 4790 eorum
1557 4735 1700 4805 quod

126 4827 521 4906 invcouscientia
547 4841 728 4896 videre
753 4841 1107 4907 cogerentur;
1138 4837 1189 4883 et
1225 4827 1375 4899 quasi
1405 4827 1702 4882 forinsecus

125 4943 329 4997 admota
369 4952 500 4993 voce
529 4933 660 4998 Dei,
691 4930 757 4985 ad
784 4926 1036 4984 interiora
1061 4937 1154 4977 sua
1182 4919 1346 4974 homo
1394 4918 1703 4989 compulsus

128 5045 240 5101 est,
271 5033 479 5088 dicente
505 5027 816 5095 Scriptura:
856 5017 924 5073 In
963 5013 1348 5087 cogitationibus
1388 5012 1521 5066 enim
1559 5009 1703 5080 impii

129 5123 440 5196 interrogatio
460 5119 552 5175 erit
575 5115 732 5189 (Sap.
766 5128 818 5177 ι,
845 5110 924 5181 9).
953 5107 1054 5165 Ubi
1083 5104 1410 5176 interrogatio
1433 5145 1449 5170 ,
1480 5102 1550 5156 ibi
1594 5102 1700 5156 lex.

131 5216 226 5274 Sed
254 5219 368 5292 quia
399 5213 645 5271 homines
665 5213 977 5278 appetentes
997 5216 1059 5258 ea
1079 5214 1198 5271 qua:
1225 5197 1356 5253 foris
1377 5204 1521 5260 sunt,
1546 5196 1704 5250 etiam

134 5324 163 5364 a
183 5288 367 5381 seipsis
393 5305 610 5364 exsules
635 5300 757 5355 facti
786 5303 934 5361 sunt,
953 5294 1074 5349 data
1095 5301 1180 5347 est
1202 5289 1364 5345 etiam
1402 5288 1703 5357 conscripta

138 5402 216 5460 lex
242 5380 268 5458 :7
287 5417 392 5457 non
421 5398 542 5471 quia
570 5397 625 5450 in
650 5391 901 5450 cordibus
925 5388 1120 5456 scripta
1151 5399 1255 5438 non
1279 5390 1426 5446 erat;
1457 5381 1552 5435 sed
1583 5380 1706 5451 quia

140 5504 186 5549 tu
211 5495 453 5566 fugitivus
472 5503 594 5545 eras
630 5483 811 5542 cordis
857 5481 968 5546 ttti,
1015 5478 1083 5532 ab
1135 5476 1226 5531 illo
1250 5475 1340 5545 qui
1383 5472 1576 5542 ubique
1625 5477 1708 5526 est

141 5563 596 5659 comprehenderis
629 5621 646 5644 ,
697 5585 752 5632 et
796 5573 864 5630 ad
923 5570 1156 5640 teipsum
1218 5569 1360 5622 intro
1416 5563 1704 5621 revocaris.

143 5658 413 5751 Propterea
441 5675 640 5745 sctipta
659 5672 743 5727 lex
772 5667 897 5740 quid
926 5665 1121 5720 clamat
1150 5663 1230 5717 eis
1249 5661 1337 5732 qui
1361 5658 1711 5714 deseruerunt

144 5748 296 5845 legem
317 5771 568 5844 scriptam
588 5765 642 5821 in
661 5759 916 5820 cordibus
943 5759 1054 5814 suis
1083 5753 1259 5828 (Rom.
1289 5768 1348 5820 ιι,
1376 5750 1504 5823 15)Ἰ
1530 5748 1712 5805 Redite

195 5907 216 5947 ⁸
240 5917 417 5962 omnes
432 5913 560 5967 ιω..
579 5909 776 5953 autem.

3278 375 3388 436 δη

1795 479 2210 547 ρι-ωυαι-ἰεαιονεε
2250 481 2320 536 ad
2341 497 2430 536 cor
2475 479 2632 553 (Ieci.
2664 501 2788 543 um
2810 526 2828 556 ,
2859 487 2937 558 8).
2968 489 3101 558 Quis
3137 493 3282 551 enim
3329 504 3386 552 te

1795 566 1975 622 docuit
1994 609 2010 633 ,
2044 570 2189 626 nolle
2217 572 2398 628 accedi
2419 573 2488 628 ab
2511 574 2686 632 altero
2708 576 2776 632 ad
2807 594 3027 636 uxorem
3051 584 3238 639 tuam?
3265 587 3386 656 quis

1797 669 1849 714 te
1870 659 2092 725 docuit,
2144 662 2288 718 nolle
2315 663 2409 718 tibi
2439 663 2637 721 fnrtunt
2691 668 2845 724 ﬁeri?
2891 672 3013 742 quis
3061 683 3114 729 te
3153 676 3336 731 docuit
3367 715 3385 742 ,

1794 751 1937 807 nolle
1963 752 2208 822 injuriam
2234 756 2342 824 pati
2363 797 2380 820 ,
2407 764 2464 812 et
2487 758 2742 828 quidquid
2763 761 2906 816 aliud
2936 764 3018 819 vel
3068 766 3388 825 universali-

1796 852 1876 898 ter
1905 845 1987 900 vel
2029 847 2420 916 particulariter
2443 848 2546 903 dici
2576 853 2788 921 potest?
2840 853 3001 910 Multa
3045 859 3190 914 enim
3215 871 3380 930 sunt,

1793 934 1863 991 de
1888 937 2083 1008 quibus
2109 939 2332 1008 singulis
2384 941 2693 1014 interrogati
2747 945 3028 1015 homines,
3069 951 3213 1006 clara
3255 969 3390 1012 voce

1794 1029 2184 1098 respondeant,
2213 1031 2356 1088 nolle
2378 1046 2439 1088 se
2466 1035 2593 1104 pati.
2619 1037 2731 1107 Age
2755 1077 2771 1104 ,
2802 1038 2847 1092 si
2874 1053 2978 1093 non
3008 1042 3087 1096 vis
3111 1044 3219 1113 pati
3249 1045 3347 1100 ista
3366 1085 3388 1114 ,

1795 1121 2051 1190 numquid
2083 1122 2230 1176 solus
2253 1138 2314 1178 es
2343 1124 2542 1180 homo?
2567 1142 2746 1184 nonne
2767 1129 2818 1182 in
2845 1130 3099 1188 societate
3131 1134 3260 1190 vivis
3287 1152 3385 1207 ge-

1795 1212 1940 1268 neris
1964 1212 2217 1270 hnntani?
2249 1215 2350 1284 Qui
2382 1225 2555 1272 tecum
2583 1217 2759 1275 factus
2781 1231 2866 1276 est
2886 1263 2904 1289 ,
2933 1225 3111 1279 socius
3143 1237 3262 1282 tuus
3281 1238 3387 1298 θ›ι;

1791 1311 1846 1358 et
1866 1321 2055 1360 omnes
2074 1304 2197 1360 facti
2227 1306 2294 1360 ad
2324 1307 2609 1378 imaginem
2635 1310 2763 1374 Dei,
2793 1312 2896 1368 nisi
2925 1316 3150 1372 terrenis
3173 1319 3388 1388 cupidi-

1793 1395 1990 1448 tatibns
2021 1404 2300 1451 conteram
2331 1399 2472 1468 quod
2505 1400 2595 1455 ille
2624 1399 2894 1457 formavit.
2949 1405 3102 1470 Quod
3141 1423 3269 1478 ergo
3299 1411 3389 1466 tibi

1792 1504 1894 1542 non
1913 1489 1986 1543 vis
2009 1489 2151 1558 ﬁeri,
2190 1490 2297 1544 noli
2323 1492 2473 1545 alteri
2512 1492 2698 1561 facere.
2744 1494 2962 1552 Iudicas
3000 1498 3141 1552 enim
3189 1502 3389 1558 malum

1792 1594 1914 1636 esse
1951 1581 2002 1635 in
2027 1596 2093 1636 eo
2119 1582 2260 1653 quod
2290 1584 2397 1656 pati
2429 1601 2535 1640 non
2565 1586 2645 1641 vis
2676 1604 2689 1641 :
2721 1598 2776 1642 et
2805 1587 2908 1646 hoc
2955 1599 3006 1645 te
3034 1593 3175 1661 cogit
3228 1610 3390 1654 nosse

1792 1673 1879 1729 lex
1907 1673 2092 1729 intima
2118 1715 2133 1739 ,
2165 1675 2218 1729 in
2267 1675 2384 1747 ipso
2415 1686 2504 1732 tuo
2530 1678 2695 1735 corde
2719 1682 3042 1754 conscripta.
3089 1684 3347 1744 Faciebas
3367 1729 3386 1756 ,

1791 1771 1848 1818 et
1871 1764 2203 1821 clamabatur
2231 1766 2371 1822 inter
2417 1783 2608 1825 manus
2655 1780 2814 1827 tuas:
2869 1776 3138 1844 quomodo
3179 1782 3390 1850 cogeris

1793 1853 1970 1909 redire
1995 1855 2060 1909 ad
2091 1869 2186 1910 cor
2223 1867 2408 1924 tuum,
2439 1873 2564 1914 cum
2619 1859 2723 1916 hoc
2773 1865 2969 1932 pateris
3009 1865 3149 1921 inter
3196 1885 3390 1929 manus

1792 1948 2037 2003 alienas?
2060 1947 2278 2004 Furtum
2312 1950 2508 2005 bonum
2530 1953 2656 2007 est?
2692 1953 2830 2008 Non.
2874 1955 3146 2029 Interrogo
3173 1977 3190 2014 :
3219 1962 3388 2019 Adul-

1796 2039 1988 2095 terinm
2033 2041 2230 2097 bonum
2256 2043 2377 2097 est?
2430 2045 2629 2101 Omnes
2655 2047 2930 2104 clamant:
2963 2049 3098 2105 Non.
3151 2053 3387 2110 llomici-

1792 2133 1942 2189 dium
1971 2134 2171 2190 bonum
2198 2136 2324 2191 est?
2363 2136 2563 2194 Omnes
2593 2139 2824 2195 clamant
2855 2141 3110 2199 detestari
3140 2160 3220 2200 se.
3247 2146 3388 2202 Con-

1792 2225 2067 2296 cupisecre
2091 2241 2203 2280 rem
2235 2228 2463 2296 proximi
2488 2229 2685 2285 bonmn
2713 2231 2834 2287 est?
2862 2232 3000 2299 Non,
3021 2251 3122 2290 vox
3147 2238 3386 2294 omnium

1793 2327 1895 2374 est.
1927 2319 2036 2374 Aut
2057 2320 2100 2374 si
2128 2319 2303 2375 adhuc
2331 2336 2440 2376 non
2464 2322 2740 2380 confiteris
2760 2366 2774 2390 ,
2814 2327 3022 2381 accedit
3049 2331 3136 2398 qui
3187 2346 3388 2387 concu-

1792 2413 1964 2482 piscat
1987 2428 2098 2468 rem
2128 2423 2272 2468 tuam
2299 2431 2313 2466 :
2348 2414 2558 2485 placeat
2579 2415 2671 2471 tibi
2695 2459 2708 2482 ,
2740 2427 2797 2473 et
2826 2420 3092 2491 responde
3120 2424 3260 2492 quod
3287 2425 3386 2481 vis.

1793 2502 1993 2560 Omnes
2032 2519 2161 2575 ergo
2198 2505 2268 2561 de
2297 2504 2381 2560 his
2429 2507 2590 2562 rebus
2621 2508 2962 2580 interrogati,
3011 2512 3244 2569 clamant
3273 2515 3390 2574 hmo

1793 2593 1932 2650 bona
1961 2611 2066 2650 non
2097 2611 2236 2653 esse.
2269 2597 2475 2654 Rursus
2500 2600 2569 2655 de
2613 2599 2889 2657 beneficiis
2913 2644 2929 2670 ,
2985 2621 3092 2660 nott
3123 2609 3293 2664 solum
3319 2609 3389 2667 de

1793 2701 1898 2742 non
1931 2689 2174 2744 nocendo
2197 2730 2213 2754 ,
2243 2706 2426 2745 verunt
2455 2693 2618 2748 etiam
2656 2693 2724 2748 de
2756 2697 3060 2763 prmstando
3104 2709 3264 2769 atque
3294 2702 3390 2755 tri-

1792 2778 2026 2834 buendo.
2056 2780 2418 2851 lnterrogatur
2441 2786 2617 2839 omnis
2640 2786 2815 2840 anima
2844 2789 3086 2843 esuriens
3111 2831 3127 2855 ,
3160 2790 3387 2848 Famem

1794 2870 2026 2939 pateris;
2058 2871 2195 2925 alius
2224 2871 2381 2927 habet
2408 2889 2635 2942 panem,
2666 2885 2719 2930 et
2755 2877 3016 2933 redundat
3035 2881 3083 2934 ei
3110 2881 3245 2935 ultra
3273 2882 3388 2938 suf-

1794 2962 2114 3030 ﬁcientiam,
2149 2965 2294 3020 novit
2324 2973 2377 3022 te
2418 2981 2614 3038 egere,
2669 2984 2776 3024 non
2822 2970 2950 3026 dat:
2993 2971 3238 3044 displicet
3293 2975 3389 3033 tibi

1792 3055 2046 3110 esurienti
2072 3074 2086 3121 ;
2132 3056 2415 3129 displiceat
2441 3068 2496 3114 et
2521 3060 2714 3115 satiato
2736 3102 2751 3127 ,
2778 3077 2897 3116 cmn
2927 3064 3154 3120 alterum
3183 3068 3390 3126 esurire

1793 3151 2132 3219 cognoveris.
2183 3151 2504 3222 Peregrinus
2545 3164 2688 3208 tecto
2734 3155 2977 3226 indigens
3009 3161 3155 3214 venit
3204 3161 3257 3215 in
3289 3177 3389 3233 pa-

1795 3243 1950 3297 triam
1980 3253 2122 3297 tuam
2143 3284 2159 3310 ,
2184 3259 2290 3299 non
2339 3246 2628 3314 suscipitur
2656 3264 2669 3300 :
2725 3247 2816 3302 ille
2847 3258 2972 3304 tunc
3000 3253 3195 3305 clatnat
3225 3253 3387 3310 inhu-

1795 3351 2008 3391 manam
2053 3351 2175 3393 esse
2227 3337 2371 3392 illam
2400 3338 2708 3405 civitatem,
2745 3341 2898 3396 facile
2943 3342 3082 3411 apud
3132 3342 3388 3403 barbaros

1793 3427 1894 3482 sibi
1924 3443 2043 3484 esse
2064 3429 2300 3499 potuisse
2325 3430 2607 3501 refugium.
2650 3430 2824 3487 Sentit
2855 3431 3188 3504 iniquitatem
3209 3478 3223 3500 ,
3252 3437 3381 3508 quia

1794 3523 1993 3592 patitur
2021 3540 2036 3576 :
2071 3532 2126 3578 tu
2155 3523 2290 3579 forte
2319 3539 2424 3579 non
2456 3525 2625 3579 sentis
2649 3540 2665 3589 ;
2688 3524 2781 3580 sed
2811 3535 3023 3596 oportet
3049 3537 3105 3584 ut
3133 3538 3186 3584 et
3215 3540 3266 3586 te
3292 3545 3390 3586 co-

1794 3615 1929 3685 gites
1957 3616 2294 3685 peregrinum
2319 3657 2335 3682 ,
2357 3624 2413 3671 et
2434 3615 2614 3671 videas
2640 3617 2912 3686 quomodo
2940 3619 3030 3674 tibi
3059 3621 3227 3690 possit
3271 3621 3386 3678 dis-

1796 3710 1997 3780 plicere
2018 3707 2110 3778 qui
2142 3708 2232 3764 tibi
2267 3723 2372 3763 non
2405 3709 2711 3778 pratstiterit
2749 3710 2889 3778 quod
2923 3720 2976 3765 tu
3016 3711 3066 3764 in
3101 3713 3264 3780 patria
3299 3722 3388 3770 tua

1796 3817 1901 3856 non
1932 3801 2011 3855 vis
2041 3798 2325 3869 peregrino
2350 3808 2626 3870 prmstare.
2671 3798 2944 3871 Interrogo
2988 3815 3214 3858 omnes:
3250 3803 3389 3858 Vera

1796 3903 1921 3950 sunt
1945 3892 2097 3947 hmo?
2132 3892 2286 3946 Vera.
2315 3891 2464 3946 Justa
2495 3901 2618 3946 sunt
2647 3891 2761 3945 hmc
2781 3893 2804 3947 ?
2824 3891 2996 3947 .lusm.

1867 3985 1923 4039 2.
1949 3983 2053 4041 Sed
2085 3983 2352 4040 Psalmum
2381 3982 2600 4037 audite:
2633 3982 2694 4036 Si
2722 3999 2832 4037 vere
2864 3999 2984 4054 ergo
3023 3984 3268 4052 iustitiam
3301 3986 3385 4041 lo-

1795 4079 2036 4152 quimini,
2065 4086 2202 4132 recta
2215 4077 2481 4148 judicate,
2507 4078 2603 4146 ﬁlii
2628 4077 2908 4131 hominum.
2936 4079 3048 4133 Non
3080 4081 3149 4134 sit
3179 4082 3388 4151 justitia

1799 4171 2058 4226 labiorntn
2084 4211 2101 4237 ,
2127 4169 2222 4226 sed
2248 4179 2302 4226 et
2331 4170 2610 4224 factorum.
2639 4169 2694 4225 Si
2728 4169 2869 4224 enim
2894 4171 3052 4225 aliter
3085 4173 3198 4242 agis
3223 4189 3382 4241 quam

1798 4261 2034 4331 loqueris
2056 4302 2071 4326 ,
2101 4260 2238 4314 botta
2271 4259 2506 4330 loqueris
2527 4301 2540 4324 ,
2597 4269 2652 4316 et
2703 4260 2841 4316 male
2865 4259 3090 4331 jndicas.
3141 4262 3197 4317 Si
3245 4265 3388 4320 enim

1798 4357 1914 4426 agis
1941 4353 2210 4425 quomodo
2233 4353 2484 4423 jndicas?
2510 4353 2869 4423 Interrogatus
2894 4355 3020 4424 qttid
3048 4356 3118 4410 sit
3157 4358 3350 4413 melius
3371 4400 3387 4427 ,

1799 4462 1988 4502 aurum
2018 4462 2086 4502 an
2111 4444 2275 4510 fides,
2303 4459 2408 4498 non
2439 4459 2608 4514 usque
2642 4445 2778 4500 adeo
2806 4459 3088 4516 perversns
3126 4459 3178 4502 et
3205 4448 3392 4506 devius

1799 4556 1860 4597 es
1887 4540 1957 4596 ab
1983 4540 2129 4595 omni
2160 4539 2384 4594 veritate
2403 4579 2419 4604 ,
2449 4548 2506 4592 ut
2534 4553 2723 4593 aurum
2773 4539 2966 4594 melius
2992 4555 3112 4596 esse
3159 4557 3386 4612 respon-

1801 4633 1932 4688 deas
1960 4651 1975 4688 :
2007 4631 2273 4702 prmptinis
2292 4645 2423 4700 ergo
2451 4629 2808 4700 interrogatus
2827 4645 2960 4684 auro
2986 4630 3141 4687 fidem
3171 4648 3184 4696 ;
3240 4634 3392 4690 lucu-

1804 4735 1890 4781 tus
1914 4739 1974 4780 es
1994 4724 2277 4794 justitiam.
2306 4723 2512 4778 Audisti
2537 4722 2850 4778 Psalmum?
2879 4721 2941 4779 Si
2962 4741 3072 4778 rere
3091 4741 3208 4796 ergo
3237 4726 3395 4797 justi-

1805 4822 1928 4876 tiam
1947 4820 2236 4892 loquimini,
2276 4827 2413 4873 recta
2445 4818 2704 4888 judicate,
2756 4817 2853 4886 ﬁlii
2899 4818 3179 4872 hominum.
3216 4821 3277 4874 lit
3309 4822 3394 4876 ubi

1805 4913 2042 4984 probabo
2068 4927 2172 4966 non
2204 4920 2256 4964 te
2297 4910 2369 4964 ita
2399 4917 2457 4962 ut
2497 4908 2704 4964 locutus
2750 4922 2810 4963 es
2857 4909 3140 4978 judicare?
3168 4911 3285 4964 .lam
3321 4921 3396 4966 te-

1807 5019 1910 5059 nec
1949 5004 2356 5074 responsionem
2402 5011 2544 5054 tuam
2587 4997 2992 5071 ‘praJponentem
3038 5017 3172 5057 auro
3213 5004 3387 5056 fidem.

1806 5099 1946 5154 Ecce
1971 5098 2153 5151 nescio
2173 5097 2316 5150 unde
2341 5094 2546 5148 amicus
2567 5095 2756 5160 venit,
2778 5102 2832 5149 et
2858 5095 3004 5149 nullo
3035 5103 3170 5150 teste
3198 5110 3388 5149 aurum

1806 5187 2237 5251 commendavit;
2269 5185 2419 5241 solus
2445 5185 2546 5239 hoc
2592 5185 2779 5251 novit,
2820 5194 2876 5240 et
2925 5195 3015 5248 tn,
3041 5195 3298 5255 quantum
3327 5185 3392 5238 ad

1808 5285 2057 5342 homines
2075 5283 2283 5337 attinet.
2316 5279 2412 5335 Est
2430 5279 2500 5334 ibi
2523 5278 2658 5334 alius
2677 5279 2826 5334 testis
2853 5279 2942 5349 qui
2974 5293 3078 5332 non
3107 5277 3320 5332 videtur
3343 5286 3398 5333 et

1808 5379 1996 5435 videt:
2029 5385 2084 5432 et
2130 5375 2220 5430 ille
2248 5373 2342 5429 tibi
2374 5387 2560 5427 aurtun
2608 5371 2659 5425 in
2708 5377 2918 5424 secreto
2963 5376 3019 5424 et
3047 5368 3098 5422 in
3146 5367 3394 5423 cubiculo

1813 5481 1904 5526 tuo
1926 5512 1942 5537 ,
1971 5470 2107 5523 forte
2135 5465 2356 5521 remotis
2379 5463 2630 5517 omnibus
2663 5460 2875 5515 arbitris
2899 5502 2913 5525 ,
2946 5460 3343 5515 commendarit
3377 5476 3393 5526 ;

1814 5563 1965 5619 testis
1992 5560 2080 5631 qui
2107 5557 2288 5624 adest,
2319 5571 2423 5610 non
2454 5555 2504 5609 in
2525 5552 2768 5610 cubiculo
2805 5551 2956 5606 adest
2977 5551 3234 5622 parietum
3261 5590 3278 5615 ,
3304 5550 3399 5606 scd

1812 5655 1866 5711 in
1888 5652 2152 5709 cubilibus
2169 5647 2614 5706 conscientiarum
2638 5655 2956 5699 vesmrum.
2989 5643 3399 5701 Commendavit

1814 5751 1906 5808 ille
1929 5762 2087 5821 atque
2114 5747 2401 5810 discessit,
2429 5741 2556 5798 nulli
2586 5753 2805 5795 suorum
2832 5747 3014 5793 notum
3063 5737 3186 5794 feeit
3205 5778 3223 5805 ,
3273 5737 3399 5793 red-

1818 5847 2016 5903 iturum
2043 5856 2102 5898 se
2148 5853 2400 5910 sperans,
2431 5843 2487 5889 et
2511 5833 2582 5888 ab
2605 5832 2779 5887 amico
2805 5831 2944 5900 quod
2975 5829 3198 5887 dederat
3244 5844 3398 5888 πορθ.
