3942 6408
606 277 709 335 675

603 402 816 471 piarunt
846 414 857 453 :
892 407 950 454 ut
977 398 1202 454 humana
1239 401 1391 459 sunt,
1417 401 1654 450 mortuus
1675 401 1755 448 est
1776 435 1789 460 ,
1814 391 1973 446 habet
2008 391 2181 446 lucre-

600 491 721 547 dem
747 533 762 559 ,
796 491 1008 560 reliquit
1039 490 1236 553 tilium;
1266 486 1474 557 ignorat
1501 485 1639 539 ﬁlius
1656 483 1778 554 quid
1799 491 1947 552 pater
1977 482 2185 535 liabuce

600 587 708 650 rit,
740 585 863 656 quid
886 585 977 639 tibi
999 581 1471 639 commendaverit.
1505 579 1597 635 Eia
1631 589 1682 632 tu
1711 577 1843 643 redi,
1883 577 2016 641 redi,
2045 591 2181 646 pra:-

598 680 877 746 varlcator,
903 679 968 732 ad
991 689 1114 744 cor,
1140 676 1209 732 ibi
1241 676 1434 745 scripta
1458 674 1542 729 lex
1570 683 1678 729 est:
1701 669 1845 739 Quod
1871 671 1958 725 tibi
1985 687 2083 724 non
2110 669 2183 725 vis

598 772 738 841 ﬁeri,
772 771 943 825 aliine
988 770 1182 843 feceris.
1207 767 1458 838 Teipsum
1510 766 1680 836 Cogita
1729 763 2133 820 cOmntendassc
2163 805 2177 829 ,

595 863 721 918 nulli
757 871 967 917 tuorum
987 861 1207 929 dixisse,
1233 868 1500 915 mortuum
1526 873 1664 921 esse,
1687 855 1852 912 tilium
1880 856 2177 925 reliquisse:

592 956 719 1027 quid
738 957 785 1012 ei
817 956 978 1012 velles
1001 971 1028 1010 a
1056 965 1144 1010 tuo
1166 956 1338 1010 amico
1367 953 1604 1025 prcestari
1627 952 1649 1005 ’ἶ
1673 951 1978 1022 Responde,
2004 949 2178 1020 jutlica

581 1063 804 1102 causam
835 1063 848 1101 :
893 1047 1089 1117 judicis
1120 1048 1134 1079 ¹
1169 1047 1402 1101 tribunal
1431 1053 1509 1100 est
1565 1043 1615 1099 in
1650 1050 1829 1099 mente
1863 1052 1982 1107 tua;
2030 1040 2181 1094 sedet

590 1141 658 1195 ibi
687 1141 823 1195 Deus
849 1182 862 1207 ,
894 1141 1047 1195 adest
1073 1140 1369 1196 accusatrix
1399 1137 1722 1193 canscicntia
1745 1180 1757 1202 ,
1798 1144 1967 1191 tortor
1996 1135 2174 1189 timor.

588 1233 643 1288 in
672 1233 831 1289 rebus
857 1234 1104 1288 immanis
1149 1247 1228 1299 es,
1261 1233 1312 1286 in
1340 1232 1593 1285 societate
1618 1229 1845 1284 humana
1881 1225 2134 1282 detineris
2161 1243 2173 1279 :

589 1327 760 1396 cogita
789 1325 912 1396 quid
945 1323 1108 1380 velles
1149 1322 1389 1395 prmstari
1445 1322 1552 1376 lilio
1581 1331 1669 1376 tuo
1721 1322 1789 1377 ab
1833 1321 2009 1376 amico
2063 1325 2171 1373 tuo.

588 1417 718 1474 Novi
741 1419 867 1489 quid
893 1419 982 1472 tibi
1028 1415 1352 1488 respondeat
1379 1413 1632 1490 cogitatio
1658 1424 1742 1469 tua
1775 1431 1787 1467 :
1837 1414 1913 1477 sic
1948 1411 2126 1484 judica
2157 1453 2171 1479 ,

589 1513 726 1568 sicut
750 1512 921 1567 audis.
953 1511 1135 1567 Judica
1161 1554 1176 1578 ,
1201 1521 1299 1566 vox
1323 1512 1424 1566 erit
1447 1509 1489 1564 ¹.
1523 1509 1632 1564 Vox
1662 1508 1900 1562 veritatis
1933 1522 2035 1560 non
2093 1514 2172 1559 ta-

588 1614 713 1669 cet;
745 1621 848 1660 non
882 1605 1034 1660 labiis
1080 1605 1305 1672 clamat,
1364 1603 1458 1660 sed
1504 1601 1825 1662 vociferatur
1853 1619 1916 1656 ex
1969 1599 2168 1656 corde:

587 1699 782 1755 adhibe
808 1715 1028 1764 aurem;
1085 1699 1154 1753 ibi
1208 1707 1322 1754 esto
1372 1714 1492 1753 cum
1544 1695 1651 1751 lilio
1681 1695 1835 1750 amici
1883 1693 1976 1748 tni.
2013 1693 2172 1747 Vides

585 1791 811 1848 fortasse
840 1792 997 1845 etiam
1035 1791 1355 1861 indigentem
1387 1787 1562 1860 vagari
1591 1789 1641 1854 ³,
1690 1787 2017 1842 nescientem
2044 1783 2170 1855 quid

583 1893 735 1956 pater
761 1885 876 1956 ejus
904 1883 1181 1948 habuerit,
1215 1883 1301 1938 ubi
1344 1883 1618 1952 posuerit,
1643 1881 1725 1934 cui
1751 1877 2169 1936 commendave-

580 1978 690 2034 rit:
726 1979 895 2050 cogita
921 1986 973 2032 et
1014 1976 1177 2030 lilitnu
1213 1983 1394 2041 tuum,
1453 1974 1536 2029 fac
1590 1973 1736 2028 ilium
1791 1969 1968 2026 vivere
2006 1986 2164 2041 quem

581 2071 878 2126 contemnis
928 2077 1224 2134 mortuum,
1286 2076 1336 2123 te
1387 2075 1654 2121 mortuum
1709 2065 1883 2134 cogita
1913 2074 1970 2118 ut
1997 2064 2162 2117 vivas.

579 2160 686 2220 Sed
735 2165 875 2219 aliud
913 2162 1064 2233 jubet
1091 2161 1343 2226 avaritia,
1389 2160 1540 2231 jubet
1567 2167 1752 2214 contra
1785 2157 1950 2212 Deum
1979 2174 1991 2222 ;
2029 2155 2167 2211 Deus

578 2258 717 2313 aliud
744 2300 759 2326 ,
791 2256 930 2312 aliud
955 2256 1212 2318 avaritia;
1241 2253 1380 2308 aliud
1408 2253 1456 2307 in
1486 2252 1733 2324 paradiso
1775 2249 2022 2306 conditor
2068 2263 2164 2302 no-

577 2360 687 2406 ster
708 2392 721 2416 ,
753 2349 893 2403 aliud
922 2347 988 2403 de
1014 2355 1321 2402 transverso
1349 2343 1598 2400 seductor
1623 2357 1866 2420 serpens.
1899 2340 2087 2396 Veniat
2114 2339 2163 2394 in

575 2454 806 2499 mentem
833 2443 978 2513 prior
1007 2456 1163 2496 casus
1192 2447 1311 2493 tuus
1343 2457 1354 2491 :
1391 2446 1668 2508 prOpterea
1728 2434 1968 2492 mortalis
1991 2477 2003 2500 ,
2037 2448 2184 2504 pr0-'

574 2545 755 2608 pterca
781 2534 1049 2597 laborans,
1077 2542 1356 2603 propterea
1378 2532 1430 2586 in
1456 2529 1649 2586 sudore
1679 2528 1855 2583 vultus
1877 2528 1948 2582 tui
1974 2543 2160 2599 panem

574 2629 860 2686 comedens
885 2671 898 2695 ,
934 2635 1219 2699 prapterca
1241 2625 1422 2696 spinas
1445 2633 1498 2678 et
1526 2623 1752 2677 tribulos
1777 2621 1868 2676 tibi
1899 2632 2038 2676 terra
2067 2637 2160 2690 ge-

572 2731 725 2779 nerat
755 2719 904 2791 (Cen.
936 2736 1027 2782 ιιι,
1084 2718 1177 2784 Π,
1229 2714 1315 2783 18)
1349 2735 1360 2769 :
1394 2714 1758 2786 experimento
1804 2713 1948 2767 disce
1974 2756 1987 2779 ,
2021 2710 2166 2782 quod

571 2814 785 2870 noluisti
818 2817 1102 2883 przeeepto.
1130 2808 1234 2862 Sed
1262 2807 1423 2862 vincit
1461 2806 1720 2875 cupiditas
1747 2823 1760 2859 :
1787 2820 1884 2859 cur
1921 2819 2024 2858 non
2067 2819 2161 2873 p0-

571 2910 675 2965 tius
705 2904 944 2962 veritas?
972 2902 1038 2958 Et
1070 2902 1156 2957 ubi
1188 2912 1271 2957 est
1300 2900 1438 2972 quod
1479 2898 1817 2972 loquebaris?
1841 2897 1980 2952 Ecce
2010 2897 2158 2966 cegi-

570 3011 650 3057 tas
674 3017 859 3055 aurum
880 3013 1094 3069 negare,
1121 3011 1245 3051 ecce
1268 2993 1470 3064 cogitas
1495 2991 1690 3047 liarredi
1713 2991 1878 3046 amici"
1903 2990 1976 3043 tui
2010 3005 2160 3059 pror-

569 3111 659 3151 sus
690 3091 1040 3149 abscondere.
1081 3088 1545 3157 interrogaveram
1581 3083 1738 3154 paulo
1784 3093 1906 3138 ante
1933 3079 2058 3152 quid
2091 3081 2160 3134 sit

569 3187 781 3242 charius
801 3226 815 3252 ,
842 3192 895 3238 et
921 3181 1044 3253 quid
1075 3181 1144 3233 sit
1189 3177 1377 3234 melius
1402 3219 1417 3245 ,
1452 3192 1639 3230 aurum
1683 3191 1749 3228 an
1800 3173 1952 3227 ﬁdes.
1983 3171 2158 3239 Quare

567 3279 709 3336 aliud
737 3278 870 3334 dicis
891 3319 906 3344 ,
939 3273 1080 3328 aliud
1130 3273 1274 3343 agis?
1307 3271 1420 3325 Non
1462 3270 1618 3325 times
1649 3268 1786 3328 hanc
1824 3283 2011 3322 vocem
2042 3306 2058 3332 ,
2096 3265 2159 3319 Si

567 3389 678 3428 vere
692 3369 941 3440 justitiam
970 3364 1262 3436 loquimini,
1286 3371 1419 3415 recta
1447 3361 1703 3430 judicate,
1730 3359 1825 3427 ﬁlii
1852 3357 2110 3411 hominum
2133 3355 2160 3408 ?

567 3467 706 3522 Ecce
725 3464 931 3518 locutus
956 3476 1014 3515 es
1041 3457 1169 3512 mihi
1198 3456 1473 3510 meliorem
1505 3469 1622 3508 esse
1646 3452 1800 3506 ﬁdem
1823 3495 1837 3518 ,
1862 3462 1914 3506 et
1937 3452 1988 3505 in
2014 3450 2155 3521 judi-

566 3560 650 3616 cio
672 3567 762 3613 tuo
789 3554 976 3610 melius
1007 3552 1200 3607 duxisti
1226 3565 1434 3604 aurum.
1461 3547 1573 3602 Non
1603 3546 1679 3601 sic
1701 3545 1948 3616 judicasti
1978 3555 2034 3598 ut
2073 3545 2152 3598 lo-

565 3634 720 3708 citius
747 3664 804 3703 cs
831 3666 841 3701 :
869 3661 989 3700 vera
1013 3644 1220 3697 locutus
1248 3658 1306 3696 es
1329 3684 1343 3708 ,
1386 3648 1439 3694 et
1479 3637 1607 3692 falsa
1634 3637 1899 3706 judicasli.
1931 3637 2069 3707 Ergo
2098 3644 2155 3691 ct

563 3761 686 3802 cum
735 3739 1036 3812 loquebaris
1076 3735 1333 3807 justitiam
1357 3775 1370 3797 ,
1426 3748 1526 3784 non
1559 3746 1682 3785 vere
1710 3729 2014 3800 quuebaris
2043 3748 2054 3782 :
2092 3729 2153 3783 Si

561 3839 704 3895 enim
734 3851 843 3890 vere
861 3831 1114 3903 justitiam
1143 3825 1407 3898 loquimini
1427 3866 1441 3892 ,
1472 3833 1607 3878 rcctu
1639 3824 1867 3894 jutlicate
1886 3864 1900 3891 ,
1932 3823 2028 3893 lilii
2054 3823 2150 3876 Ito-

562 3931 774 3985 minum.
805 3923 1026 3993 Quando
1051 3921 1179 3975 mihi
1211 3919 1275 3974 de
1300 3918 1501 3988 justitia
1531 3914 1923 3985 respondebas,
1961 3915 2152 3972 erube-

562 4021 759 4081 scendo
777 4063 789 4087 ,
815 4034 919 4074 non
949 4014 1162 4071 fatendo
1188 4011 1508 4082 loquebaris.

634 4119 688 4173 5.
715 4114 822 4172 Sed
853 4112 916 4166 ad
946 4124 1160 4166 causam
1213 4115 1536 4177 praesentem
1578 4101 1687 4172 jam
1736 4095 2012 4156 veniamus
2035 4143 2050 4168 ,
2104 4102 2150 4157 si

559 4213 754 4286 placet.
781 4209 898 4261 Vox
930 4215 1013 4260 est
1033 4203 1175 4257 enim
1205 4201 1290 4254 illa
1313 4198 1482 4252 dulcis
1505 4204 1556 4250 et
1574 4205 1694 4250 nota
1723 4196 1939 4252 auribus
1962 4195 2150 4251 Eccle-

559 4310 655 4362 siae
679 4346 693 4369 ,
727 4316 826 4355 vox
857 4296 1065 4353 Domini
1100 4293 1267 4348 nostri
1296 4290 1423 4344 .lesu
1468 4286 1702 4352 Christi,
1735 4297 1786 4342 et
1828 4304 1927 4340 vox
1954 4302 2148 4357 θοι-ρο-

559 4401 635 4455 ris
661 4395 810 4467 ejus,
854 4407 954 4445 vox
985 4385 1238 4442 Ecclesiae
1282 4381 1608 4446 laborantis,
1662 4379 2050 4450 peregrinantis
2094 4379 2148 4433 in

557 4500 735 4553 terra,
781 4486 919 4538 inter
968 4474 1396 4534 maledicentium
1443 4481 1494 4526 et
1539 4471 1866 4526 adulantium
1913 4472 2146 4540 pericula

556 4579 809 4636 viventis.
862 4573 978 4629 Non
1013 4568 1222 4624 timebis
1250 4564 1686 4620 comminalorem
1711 4603 1725 4627 ,
1772 4563 1814 4615 si
1863 4577 1967 4615 non
2000 4577 2172 4645 amas.

556 4671 912 4728 adulatorcm.
940 4660 1175 4716 Atlcndit
1205 4671 1332 4728 ergo
1368 4656 1456 4710 ille
1485 4655 1633 4725 cujus
1662 4653 1774 4707 hrec
1802 4669 1900 4707 vox
1946 4659 2023 4709 est
2051 4696 2064 4720 ,
2094 4663 2147 4710 ct,

557 4765 689 4820 vidit
716 4774 903 4814 onmes
929 4755 1073 4825 loqui
1107 4752 1383 4823 justitiam.
1413 4747 1541 4819 Quis
1575 4749 1714 4802 enim
1748 4748 1908 4806 audet
1934 4764 2036 4803 non
2059 4748 2143 4802 lo-

554 4859 644 4929 qui
678 4869 794 4911 eam
815 4893 830 4921 ,
855 4867 919 4905 ne
947 4850 1152 4905 dicatur
1174 4844 1436 4915 injustus?
1468 4842 1595 4898 Cum
1629 4857 1756 4911 ergo
1785 4851 2030 4912 tanquam
2061 4858 2145 4896 au-

553 4953 695 5007 diret
721 4947 958 5004 omnium
985 4958 1180 5006 voces,
1227 4948 1281 4993 ct
1331 4935 1629 4992 intenderet
1681 4934 1917 4988 omnium
1971 4935 2140 5000 labia,

515 5035 520 5046 ’
552 5045 824 5104 clamabat
846 5038 914 5096 ad
936 5053 1028 5094 eos
1054 5035 1154 5090 :.Si
1176 5050 1284 5087 cere
1305 5033 1472 5102 utique
1497 5031 1749 5101 justitiam
1780 5028 2072 5097 loquimini,
2097 5028 2143 5082 si

554 5158 662 5197 non
691 5137 823 5192 falso
845 5132 1104 5205 justitiam
1137 5126 1440 5197 loquimini,
1469 5125 1512 5178 si
1554 5139 1658 5178 non
1704 5122 1844 5176 aliud
1896 5123 1946 5178 in
1988 5122 2142 5176 labiis

553 5228 842 5304 perstrepit
867 5269 882 5293 ,
907 5221 1052 5280 aliud
1083 5221 1282 5277 celatur
1311 5219 1360 5271 in
1385 5215 1638 5272 cordibus
1657 5257 1672 5282 ,
1707 5224 1840 5268 recta
1865 5213 2095 5285 judicate
2123 5255 2138 5281 ,

553 5327 648 5398 ﬁlii
679 5323 957 5378 hominum.
991 5315 1128 5374 Audi
1156 5331 1218 5369 ex
1271 5310 1556 5380 Evangelia
1599 5308 1865 5379 propriam
1911 5322 2094 5360 vocem
2126 5348 2138 5372 ,

551 5417 794 5475 eamdem
839 5415 1004 5484 ipsam
1036 5424 1154 5480 qua:
1185 5408 1236 5461 in
1266 5405 1365 5459 hoc
1400 5402 1602 5474 psalmo
1653 5408 1753 5455 est.
1814 5399 2139 5469 Hypocritat,

554 5513 629 5568 ait
657 5509 912 5565 Dominus
942 5502 1259 5566 Pbarismis,
1288 5496 1536 5568 quomodo
1573 5492 1776 5564 potestis
1806 5491 1936 5544 bona
1967 5490 2139 5560 loqui,

618 5649 636 5678 ³
673 5645 896 5704 Flemue
917 5645 1045 5695 Mss,
1073 5634 1267 5704 πώεα,
1287 5644 1484 5704 aetnam
1505 5627 1648 5704 dicis,
1673 5624 2022 5704 tribunalium.

617 5711 639 5742 ι
673 5691 839 5756 sitiet".
868 5710 919 5752 et
942 5691 1115 5750 clunes
1137 5691 1373 5748 lere—Mss.
1399 5691 1617 5742 Nonnulli
1644 5703 1761 5741 vero
1785 5691 2025 5748 omittunt,
2054 5699 2142 5736 tot:

547 5769 663 5825 erit.
683 5755 744 5817 nt
770 5767 915 5815 editio
939 5771 1070 5822 Lota,
1094 5756 1312 5808 Juridica
1338 5769 1428 5806 eoa:
1447 5755 1555 5805 erit.

587 5831 643 5867 "
670 5832 744 5882 sic
767 5825 841 5878 ἐν.
867 5832 922 5877 et
943 5825 1093 5874 nostri
1117 5830 1222 5872 uss.
1250 5827 1304 5871 At
1327 5826 1457 5880 hom,
1483 5829 1662 5869 vacum

1839 274 1895 331 s.
1938 271 2300 331 AUGUSTlNl
2341 276 2643 336 EPISCOPI
3014 234 3044 251 ”
3701 301 3768 362 6-,,

2291 412 2402 448 cum
2424 397 2530 449 sitis
2553 395 2672 449 mali
2691 397 2714 451 ?
2740 396 2839 451 Aut
2867 399 3017 468 facite
3059 399 3286 455 arborem
3328 401 3527 472 bonum,
3557 418 3595 461 et
3616 413 3771 482 fructm

2290 489 2397 556 ejus
2425 487 2644 554 bonum;
2674 502 2760 544 aut
2780 491 2931 560 facile
2957 492 3182 549 arborem
3213 495 3394 548 malum
3412 539 3424 560 ,
3447 509 3489 550 et
3511 502 3684 568 fructum
3701 509 3772 573 eis;

2288 581 2477 635 malum
2505 579 2712 640 (Matth.
2761 600 2832 638 xu
2858 628 2871 650 ,
2905 585 2976 640 54
3000 628 3012 651 ,
3060 587 3170 658 35).
3205 588 3338 655 Quid
3369 600 3416 643 te
3457 592 3528 645 vis
3552 592 3769 664 dealbare,

2288 678 2462 747 paries
2485 676 2665 734 lutee?
2695 679 2824 734 Novi
2855 681 3103 736 interiora
3131 692 3214 736 tua
3236 725 3250 749 ,
3294 698 3398 738 non
3452 684 3589 740 l'allor
3621 694 3773 748 tectorio

2287 777 2416 826 tuo:
2450 771 2572 827 novi
2603 773 2725 844 quid
2759 775 3086 844 prmtendas,
3135 776 3256 830 novi
3307 777 3430 848 quid
3477 787 3621 850 tegas.
3659 781 3774 852 Neque

2285 869 2415 922 enim
2438 885 2562 940 opus
2591 869 2638 922 ei
2662 880 2801 935 erat,
2826 869 2899 924 ait
2923 871 3243 942 evangelista
3267 913 3280 936 ,
3309 879 3362 924 ut
3390 872 3629 942 quisquam
3649 875 3685 927 ei
3701 889 3782 962 ptui

2285 957 2471 1014 hiberct
2501 960 2837 1014 testimonium
2867 962 2927 1016 de
2964 962 3163 1016 homine
3185 979 3204 1016 :
3229 963 3334 1032 ipse
3371 966 3497 1016 enim
3536 957 3782 1037 ετὶιείιιιιφήὰἱ

2285 1059 2407 1104 esset
2430 1050 2480 1104 in
2507 1053 2708 1106 homine
2731 1051 2906 1122 (Joan.
2933 1069 3000 1119 ιι,
3023 1052 3137 1124 25).
3181 1052 3382 1108 Sciebat
3414 1055 3531 1126 quid
3553 1058 3708 1110 essetin
3728 1059 3785 1112 lto‘

2285 1143 2445 1209 mine,
2477 1144 2562 1212 qui
2597 1143 2788 1199 fecerat
2823 1145 3088 1201 hominem
3110 1189 3123 1214 ,
3154 1154 3210 1201 et
3265 1145 3424 1201 homo
3471 1146 3621 1203 factus
3645 1162 3778 1207 eratut

2282 1245 2542 1304 qurereret
2564 1235 2856 1292 hominem.
2897 1236 3082 1293 Videte
3105 1254 3231 1308 ergo
3258 1239 3322 1295 si.
3352 1255 3456 1293 non
3485 1251 3726 1310 sequuntur
3742 1259 3778 1299 se

2283 1341 2441 1382 voces
2470 1327 2583 1381 ista:
2613 1347 2624 1382 :
2664 1327 2986 1399 "ypocriltc,
3015 1330 3264 1400 quomodo
3292 1331 3494 1400 potestis
3532 1331 3642 1386 bona
3661 1334 3778 1403 loqui,

2280 1434 2391 1472 cum
2422 1420 2529 1485 sitis
2555 1417 2714 1474 ntali?
2748 1420 2809 1476 Si
2857 1438 2966 1476 vere
2990 1438 3109 1492 ergo
3125 1423 3377 1492 justitiam
3413 1423 3673 1494 loquimini,
3693 1439 3783 1481 recte

2269 1510 2502 1580 judicnte
2521 1553 2533 1575 ,
2558 1511 2655 1579 ﬁlii
2681 1512 2963 1567 hominum.
2995 1513 3182 1569 Nonne
3217 1513 3477 1584 justitiam
3506 1517 3647 1571 locuti
3667 1519 3780 1586 estis,

2279 1604 2490 1673 quando
2533 1601 2782 1659 dixistis:
2841 1605 3114 1678 Magister,
3163 1609 3352 1660 scimus
3381 1609 3498 1678 quia
3542 1610 3686 1679 justus
3716 1628 3780 1676 cs,

2277 1706 2322 1749 ct
2347 1697 2535 1752 nullius
2560 1716 2825 1768 personam
2870 1699 3057 1771 accipis
3088 1699 3299 1773 (Matth.
3332 1719 3440 1756 χχιι
3465 1743 3479 1766 ,
3509 1703 3626 1772 16)?
3665 1703 3784 1770 Quare

2277 1786 2456 1843 dolum
2492 1791 2543 1844 in
2584 1793 2746 1847 corde
2779 1794 3031 1864 tegebatis
3052 1793 3082 1848 ἵ
3122 1810 3286 1865 quare
3327 1796 3599 1866 imaginem
3624 1797 3784 1853 Cesaris

2275 1876 2510 1936 Creatori
2556 1886 2736 1938 vestro
2787 1883 3186 1948 ostendeb-ntis,
3239 1895 3292 1941 et
3341 1887 3458 1956 ejus
3501 1887 3732 1959 imaginem
3754 1891 3783 1943 in

2274 1973 2468 2026 vestris
2498 1973 2749 2030 cordibus
2781 1975 3078 2031 delebatis?
3109 1976 3297 2033 Nonne
3351 1977 3584 2033 auditum
3620 1987 3684 2034 est
3705 1980 3784 2049 quid

2274 2063 2432 2119 locuti
2463 2066 2666 2122 fueritis
2688 2110 2701 2133 ,
2727 2077 2778 2123 et
2805 2079 3084 2139 expertum
3116 2079 3198 2126 est
3232 2071 3662 2142 quemadmodum
3695 2073 3787 2140 judi-

2273 2157 2554 2211 caveritis?
2584 2157 2770 2213 Nonne
2800 2176 2895 2215 vos
2921 2162 3260 2217 cruciﬁxistis
3286 2175 3411 2216 cum
3462 2179 3606 2234 quem
3646 2164 3785 2232 justum

2273 2265 2392 2304 esse
2420 2251 2716 2306 dixeratis?
2742 2253 2803 2308 Si
2823 2269 2931 2308 vere
2954 2271 3072 2326 ergo
3104 2256 3361 2325 justitiam
3385 2254 3656 2322 loquimini,
3699 2266 3785 2309 recte

2262 2342 2521 2411 judicate,
2551 2345 2648 2412 ﬁlii
2671 2345 2951 2400 hominum.
2988 2346 3181 2418 thuid
3215 2349 3377 2404 audio
3429 2349 3785 2404 locutiOnemrc-

2269 2441 2454 2502 stram,
2484 2435 2686 2491 Scimus
2707 2439 2825 2510 quia
2835 2441 3004 2511 justus
3026 2457 3107 2505 es;
3128 2456 3248 2495 eum
3271 2441 3584 2512 pra-videam
3599 2441 3783 2511 judicium

2269 2538 2525 2595 vestrum,
2561 2527 2837 2602 Cruci/iga,
2864 2532 3140 2603 cruri/iga?
3167 2531 3228 2587 Si
3248 2550 3362 2587 rere
3382 2550 3498 2605 ergo
3510 2534 3724 2603 justitiam
3739 2534 3785 2584 lo-

2267 2621 2480 2691 quimint‘
2499 2664 2510 2685 ,
2535 2633 2668 2675 recta
2679 2623 2928 2692 judicate,
2953 2625 3047 2693 lilii
3070 2625 3351 2679 hominum.
3376 2625 3512 2693 Quid
3534 2625 3660 2681 enim
3677 2623 3782 2680 iecis-

2266 2714 2333 2766 tis
2361 2713 2631 2768 saeviendo
2651 2713 2905 2769 adversus
2937 2715 3098 2769 Deum
3124 2717 3214 2787 qui
3262 2717 3427 2773 homo
3453 2726 3594 2785 erat,
3625 2717 3783 2772 etocci-

2267 2803 2441 2858 dendo
2467 2820 2646 2874 regem
2676 2806 2946 2860 vestrum?
2977 2805 3091 2860 Non
3143 2812 3283 2862 enim
3317 2809 3441 2864 ideo
3472 2825 3561 2864 rex
3602 2824 3690 2864 non
3710 2817 3783 2864 erat

2265 2895 2502 2961 futurus,
2536 2897 2657 2974 quia
2699 2897 2908 2951 occisus
2934 2907 3014 2953 est
3063 2914 3093 2952 a
3123 2899 3273 2954 vobis
3332 2910 3717 2956 resurrecturus.
3749 2898 3783 2953 la

2267 2987 2417 3042 titulo
2446 2987 2531 3042 ubi
2563 2991 2818 3058 scriptum
2840 2999 2977 3058 erat,
3010 2990 3122 3044 Rex
3139 2990 3464 3060 Judworum,
3489 2995 3645 3063 posito
3675 3009 3782 3063 supr:

2263 3095 2474 3135 crucem
2509 3081 2757 3147 Domini,
2793 3081 2984 3150 linguis
3034 3083 3201 3137 tribus
3225 3126 3239 3149 ,
3291 3084 3569 3151 hebraica,
3621 3100 3776 3157 graeca,

2263 3172 2422 3226 latina
2450 3171 2598 3243 (an.
2628 3189 2756 3228 χχιιι
2779 3216 2793 3240 ,
2819 3174 2909 3245 58)
2935 3215 2947 3237 ,
2976 3184 3199 3229 noverat
3226 3175 3411 3233 dicere
3451 3178 3607 3247 judex
3632 3179 3780 3242 homo,

2265 3265 2412 3329 Quod
2456 3266 2668 3334 scripsi,
2694 3265 2916 3335 scripsi:
2955 3271 3009 3320 et
3055 3266 3194 3322 Deus
3224 3281 3338 3320 non-
3375 3279 3587 3324 noverat
3618 3269 3780 3333 dicere,

2259 3355 2412 3422 Quod
2437 3357 2660 3425 scripsi,
2685 3356 2918 3426 scripsi?
2941 3356 3166 3412 Prorsus
3193 3372 3285 3412 rex
3312 3370 3496 3415 vester
3513 3368 3622 3414 est:
3647 3360 3779 3424 vivus,

2260 3462 2350 3503 rex
2374 3458 2551 3503 vester
2577 3457 2692 3513 est;
2723 3449 2930 3503 occisus
2952 3493 2964 3515 ,
2989 3461 3082 3504 rex
3106 3457 3281 3504 vester
3307 3461 3414 3506 est.
3460 3451 3589 3508 Ecce
3607 3465 3781 3506 resum-

2262 3542 2360 3604 xit,
2395 3551 2447 3595 et
2477 3541 2526 3594 in
2547 3542 2684 3597 casto
2712 3557 2808 3596 rex
2837 3551 3011 3597 vester
3039 3550 3122 3597 est
3155 3561 3168 3597 :
3196 3557 3326 3598 ecce
3353 3553 3780 3609 temerasset":

2257 3636 2408 3690 vobis
2424 3677 2441 3706 ,
2466 3637 2585 3706 quia
2614 3651 2706 3690 rex
2727 3645 2910 3691 vester
2932 3643 3034 3691 est.
3058 3635 3136 3691 ite
3156 3649 3315 3698 nunc.
3353 3645 3409 3692 et
3435 3636 3691 3708 loquimini
3720 3637 3780 3703 ju-

2257 3730 2452 3785 stitiam
2472 3770 2487 3797 ,
2511 3737 2563 3784 et
2591 3729 2754 3785 nolite
2780 3739 2918 3784 recta
2956 3728 3200 3799 judicare
3221 3769 3237 3795 ,
3272 3731 3369 3785 lilii
3412 3731 3680 3784 hominum.
3702 3727 3777 3782 Non

2256 3821 2412 3877 vultis
2441 3833 2586 3876 recte
2610 3820 2886 3891 judicare,
2917 3829 3060 3876 recte
3107 3821 3504 3891 judicahimini.
3537 3823 3656 3876 Vivit
3677 3821 3776 3874 enim

2257 3917 2346 3974 ille
2377 3933 2468 3973 rex
2494 3926 2672 3972 vester
2690 3960 2703 3983 ,
2737 3924 2788 3971 et
2817 3916 2926 3985 jam
2968 3931 3075 3970 non
3101 3917 3365 3983 moritur",
3389 3925 3444 3972 et
3469 3930 3604 3971 mors
3626 3913 3776 3970 eiulat

2259 4015 2366 4068 non
2389 4013 2766 4068 dominabitur.
2813 4010 2986 4081 (Rom.
3029 4027 3117 4074 vr,
3161 4011 3240 4080 9).
3276 4011 3417 4066 Ecce
3460 4006 3774 4074 venitvenit.

2257 4111 2684 4182 prtcvan'catores,
2726 4106 2793 4159 ad
2834 4121 2920 4160 cor
2961 4103 3111 4178 (Isai.
3135 4119 3291 4170 XLVI,
3336 4105 3420 4176 8).
3453 4105 3581 4159 Ecce
3615 4102 3774 4161 veniet,

2256 4201 2581 4270 corrigimini
2610 4209 2890 4268 antequam
2916 4198 3092 4252 veniat
3113 4240 3126 4262 ,
3179 4196 3472 4266 prrevenite
3512 4189 3776 4260 iaciem‘ejut

2255 4296 2307 4351 in
2337 4294 2673 4350 confessione
2697 4291 2864 4364 (Psal.
2894 4305 3047 4356 χειν,
3074 4290 3153 4352 2).
3184 4289 3325 4345 Ecce
3376 4293 3577 4355 veniet;
3618 4300 3690 4344 rex
3711 4297 3775 4338 re-

2254 4395 2363 4443 ster
2387 4395 2487 4440 est.
2525 4384 2896 4439 Boeordamini
2929 4383 3134 4436 titulum
3167 4397 3332 4455 super
3371 4397 3594 4438 crucem.
3635 4379 3771 4434 Sinon

2255 4497 2374 4536 eum
2403 4478 2594 4532 videtis
2643 4477 2936 4545 scriptum,
2966 4486 3145 4530 manet
3193 4484 3416 4530 tamen:
3467 4477 3514 4529 in
3557 4485 3678 4529 tem
3698 4483 3770 4523 non

2252 4572 2476 4642 legitur,
2507 4569 2598 4624 sed
2633 4569 2682 4621 in
2711 4568 2846 4621 etelo
2870 4576 3128 4620 servatur.
3157 4566 3360 4620 Putatis
3386 4568 3528 4621 enim
3558 4566 3680 4619 itiant
3711 4560 3770 4612 in-

2253 4664 2595 4733 scriptionem
2627 4659 2788 4713 l'ui~se
2809 4656 3145 4728 corruptam?
3166 4655 3233 4712 Et
3251 4659 3382 4728 quid
3403 4659 3473 4711 ait
3498 4652 3772 4723 liittit‘tsp‘ai-

2252 4756 2325 4813 mi
2357 4755 2513 4823 hujus
2540 4754 2562 4806 ?
2592 4752 2657 4805 In
2681 4752 2832 4820 ﬁnem
2853 4793 2867 4816 ,
2899 4767 2960 4804 ne
2979 4765 3277 4817 corrumpas
3295 4750 3395 4821 ipsi
3421 4747 3581 4804 David
3610 4748 3653 4800 in
3675 4742 3768 4797 tlth

2251 4844 2652 4915 inscriptionem.
2677 4842 2791 4897 Non
2812 4858 2938 4912 ergo
2960 4843 3319 4910 corrumpitur
3342 4842 3428 4896 illa
3464 4835 3699 4907 inscriptio
3719 4832 3764 4884 li'

2253 4940 2368 4996 tuli.
2393 4939 2506 4999 Rex
2532 4945 2707 4990 vester
2734 4946 2813 4988 est
2842 4933 3244 5003 Christus,qu-ia
3270 4933 3510 4988 omnium
3535 4941 3616 4985 rex
3653 4921 3762 4979 Chri-

2249 5047 2362 5092 stus
2388 5055 2398 5089 :
2429 5034 2665 5106 quoniam
2699 5031 2859 5100 ipsius
2889 5039 2959 5081 cst
2984 5045 3189 5099 rrgnum
3215 5069 3229 5092 ,
3257 5036 3302 5081 et
3349 5029 3454 5097 ipse
3493 5017 3761 5078 ἁσπιὲιιναιίικν

2250 5129 2468 5202 gentium
2494 5124 2662 5194 (Paul.
2689 5137 2805 5187 xxi,
2830 5120 2945 5190 29).
2973 5119 3027 5175 Si
3078 5135 3204 5189 ergo
3236 5134 3329 5173 rex
3359 5127 3468 5182 est,
3501 5125 3628 5176 cccc,
3651 5115 3757 5162 Inte-

2250 5198 2408 5294 quam
2443 5217 2659 5282 veniat,
2694 5214 2822 5268 dicit
2861 5212 3012 5267 vobis
3045 5231 3056 5265 :
3114 5210 3300 5264 Adhuc
3343 5210 3556 5279 l'Oquot',
3600 5198 3754 5271 ἱηφὶθν

2250 5290 2483 5368 nonduin
2502 5308 2713 5378 judico;
2736 5306 2824 5375 qui
2848 5305 2924 5359 sic
2945 5305 3115 5358 clamo
3137 5301 3534 5366 comminando,
3573 5295 3678 5351 noto
3702 5290 3754 5341 κ·

2247 5403 2673 5475 rirejudicando.
2714 5400 2773 5454 Si
2793 5414 2902 5452 vere
2923 5414 3039 5469 ergo
3061 5397 3318 5469 justitiam
3341 5391 3619 5464 loquimini,
3659 5388 3754 5437 ησω

2249 5499 2472 5567 iudicato
2489 5537 2501 5560 ,
2536 5495 2631 5563 ﬁlii
2652 5492 2936 5546 hominum.

2320 5593 2374 5644 4.
2399 5588 2547 5663 [rcis
2576 5585 2658 5659 5.]
2689 5584 2838 5639 Nunc
2883 5591 3058 5637 autem
3108 5580 3232 5654 quid
3261 5579 3463 5635 facitis?
3499 5575 3646 5643 Quare
3679 5566 3747 5663 ista

2252 5683 2401 5738 vobis
2449 5681 2568 5738 dico
2592 5680 2618 5732 Ἰ
2650 5677 2850 5731 Etenim
2896 5675 2950 5730 in
2976 5674 3126 5728 corde
3169 5673 3447 5742 iniquitates
3473 5653 3746 5738 operm“

2253 5789 2404 5834 terra.
2437 5773 2744 5843 iniquitates
2785 5770 2922 5827 forte
2949 5769 3002 5824 iu
3051 5766 3216 5826 corde
3240 5764 3397 5825 SOIO'?
3421 5750 3750 5830 Αυῶεβίδν

3675 5899 3682 5908 ο
