  <div class='ocr_page' id='page_1' title='image "/cluster/home/n/w/nwhite01/storage/ocr_20150623/36/uva.x000827105/353.png"; bbox 0 0 3942 6412; ppageno 0'>
   <div class='ocr_carea' id='block_1_1' title="bbox 532 338 638 398">
    <p class='ocr_par' dir='ltr' id='par_1_1' title="bbox 532 338 638 398">
     <span class='ocr_line' id='line_1_1' title="bbox 532 338 638 398; baseline 0.019 -3"><span class='ocrx_word' id='word_1_1' title='bbox 532 338 638 398; x_wconf 82' lang='lat'><strong>679</strong></span> 
     </span>
    </p>
   </div>
   <div class='ocr_carea' id='block_1_2' title="bbox 533 440 2130 524">
    <p class='ocr_par' dir='ltr' id='par_1_2' title="bbox 533 440 2130 524">
     <span class='ocr_line' id='line_1_2' title="bbox 533 440 2130 524; baseline -0.011 -11"><span class='ocrx_word' id='word_1_2' title='bbox 533 456 714 513; x_wconf 90' lang='lat' dir='ltr'><strong>medio</strong></span> <span class='ocrx_word' id='word_1_3' title='bbox 740 455 940 512; x_wconf 66' lang='lat' dir='ltr'><strong>chartae</strong></span> <span class='ocrx_word' id='word_1_4' title='bbox 990 461 1212 518; x_wconf 67' lang='lat' dir='ltr'><strong>nostris,</strong></span> <span class='ocrx_word' id='word_1_5' title='bbox 1263 449 1519 524; x_wconf 84' lang='lat' dir='ltr'><strong>procedat</strong></span> <span class='ocrx_word' id='word_1_6' title='bbox 1562 449 1616 505; x_wconf 91' lang='lat' dir='ltr'><strong>iu</strong></span> <span class='ocrx_word' id='word_1_7' title='bbox 1661 448 1899 504; x_wconf 89' lang='lat' dir='ltr'><strong>medium</strong></span> <span class='ocrx_word' id='word_1_8' title='bbox 1946 440 2130 501; x_wconf 77' lang='lat' dir='ltr'><strong>Codex</strong></span> 
     </span>
    </p>
   </div>
   <div class='ocr_carea' id='block_1_3' title="bbox 538 539 2131 610">
    <p class='ocr_par' dir='ltr' id='par_1_3' title="bbox 538 539 2131 610">
     <span class='ocr_line' id='line_1_3' title="bbox 538 539 2131 610; baseline -0.008 -6"><span class='ocrx_word' id='word_1_9' title='bbox 538 547 653 604; x_wconf 87' lang='lat' dir='ltr'><strong>Dei.</strong></span> <span class='ocrx_word' id='word_1_10' title='bbox 689 547 824 602; x_wconf 86' lang='lat' dir='ltr'><strong>Audi</strong></span> <span class='ocrx_word' id='word_1_11' title='bbox 851 546 1120 602; x_wconf 73' lang='lat' dir='ltr'><strong>Christum</strong></span> <span class='ocrx_word' id='word_1_12' title='bbox 1143 544 1431 608; x_wconf 90' lang='lat' dir='ltr'><strong>dicentem,</strong></span> <span class='ocrx_word' id='word_1_13' title='bbox 1458 540 1580 597; x_wconf 87' lang='lat' dir='ltr'><strong>audi</strong></span> <span class='ocrx_word' id='word_1_14' title='bbox 1611 543 1890 598; x_wconf 81' lang='lat' dir='ltr'><strong>veritatem</strong></span> <span class='ocrx_word' id='word_1_15' title='bbox 1909 539 2131 610; x_wconf 84' lang='lat' dir='ltr'><strong>loquen-</strong></span> 
     </span>
    </p>
   </div>
   <div class='ocr_carea' id='block_1_4' title="bbox 538 631 2132 707">
    <p class='ocr_par' dir='ltr' id='par_1_4' title="bbox 538 631 2132 707">
     <span class='ocr_line' id='line_1_4' title="bbox 538 631 2132 707; baseline -0.006 -12"><span class='ocrx_word' id='word_1_16' title='bbox 538 631 648 695; x_wconf 67' lang='lat' dir='ltr'><strong>lem</strong></span> <span class='ocrx_word' id='word_1_17' title='bbox 682 657 696 694; x_wconf 90' lang='lat'><strong>:</strong></span> <span class='ocrx_word' id='word_1_18' title='bbox 724 638 1005 694; x_wconf 79' lang='lat' dir='ltr'><strong>Prtedicari</strong></span> <span class='ocrx_word' id='word_1_19' title='bbox 1025 638 1076 690; x_wconf 90' lang='lat' dir='ltr'><strong>in</strong></span> <span class='ocrx_word' id='word_1_20' title='bbox 1107 638 1310 691; x_wconf 89' lang='lat' dir='ltr'><strong>nomine</strong></span> <span class='ocrx_word' id='word_1_21' title='bbox 1339 637 1468 707; x_wconf 86' lang='lat' dir='ltr'><strong>ejus,</strong></span> <span class='ocrx_word' id='word_1_22' title='bbox 1499 635 1686 705; x_wconf 89' lang='lat' dir='ltr'><strong>inquit,</strong></span> <span class='ocrx_word' id='word_1_23' title='bbox 1722 634 2063 705; x_wconf 73' lang='lat' dir='ltr'><strong>ptenitentiam</strong></span> <span class='ocrx_word' id='word_1_24' title='bbox 2083 639 2132 686; x_wconf 73' lang='lat' dir='ltr'><strong>et</strong></span> 
     </span>
    </p>
   </div>
   <div class='ocr_carea' id='block_1_5' title="bbox 537 728 2134 804">
    <p class='ocr_par' dir='ltr' id='par_1_5' title="bbox 537 728 2134 804">
     <span class='ocr_line' id='line_1_5' title="bbox 537 728 2134 804; baseline -0.004 -14"><span class='ocrx_word' id='word_1_25' title='bbox 537 734 881 790; x_wconf 68' lang='lat' dir='ltr'><strong>remissionem</strong></span> <span class='ocrx_word' id='word_1_26' title='bbox 907 741 1224 804; x_wconf 77' lang='lat' dir='ltr'><strong>peccatorum</strong></span> <span class='ocrx_word' id='word_1_27' title='bbox 1246 748 1335 803; x_wconf 87' lang='lat' dir='ltr'><strong>per</strong></span> <span class='ocrx_word' id='word_1_28' title='bbox 1357 747 1528 786; x_wconf 87' lang='lat' dir='ltr'><strong>omnes</strong></span> <span class='ocrx_word' id='word_1_29' title='bbox 1559 741 1749 802; x_wconf 87' lang='lat' dir='ltr'><strong>gentes,</strong></span> <span class='ocrx_word' id='word_1_30' title='bbox 1778 728 2134 799; x_wconf 72' lang='lat' dir='ltr'><strong>incipientibus</strong></span> 
     </span>
    </p>
   </div>
   <div class='ocr_carea' id='block_1_6' title="bbox 537 822 2132 895">
    <p class='ocr_par' dir='ltr' id='par_1_6' title="bbox 537 822 2132 895">
     <span class='ocr_line' id='line_1_6' title="bbox 537 822 2132 895; baseline -0.004 -14"><span class='ocrx_word' id='word_1_31' title='bbox 537 827 600 881; x_wconf 90' lang='lat' dir='ltr'><strong>ab</strong></span> <span class='ocrx_word' id='word_1_32' title='bbox 620 826 925 881; x_wconf 70' lang='lat' dir='ltr'><strong>Jerusalem.</strong></span> <span class='ocrx_word' id='word_1_33' title='bbox 955 823 1094 888; x_wconf 83' lang='lat' dir='ltr'><strong>Non,</strong></span> <span class='ocrx_word' id='word_1_34' title='bbox 1121 824 1392 895; x_wconf 90' lang='lat' dir='ltr'><strong>inquiunt;</strong></span> <span class='ocrx_word' id='word_1_35' title='bbox 1421 823 1516 878; x_wconf 90' lang='lat' dir='ltr'><strong>sed</strong></span> <span class='ocrx_word' id='word_1_36' title='bbox 1567 822 1708 893; x_wconf 92' lang='lat' dir='ltr'><strong>quod</strong></span> <span class='ocrx_word' id='word_1_37' title='bbox 1764 837 1862 877; x_wconf 92' lang='lat' dir='ltr'><strong>nos</strong></span> <span class='ocrx_word' id='word_1_38' title='bbox 1901 822 2132 876; x_wconf 85' lang='lat' dir='ltr'><strong>dicimus</strong></span> 
     </span>
    </p>
   </div>
   <div class='ocr_carea' id='block_1_7' title="bbox 543 913 2137 989">
    <p class='ocr_par' dir='ltr' id='par_1_7' title="bbox 543 913 2137 989">
     <span class='ocr_line' id='line_1_7' title="bbox 543 913 2137 989; baseline -0.004 -15"><span class='ocrx_word' id='word_1_39' title='bbox 543 921 722 975; x_wconf 85' lang='lat' dir='ltr'><strong>audite</strong></span> <span class='ocrx_word' id='word_1_40' title='bbox 756 939 768 971; x_wconf 89' lang='lat'><strong>:</strong></span> <span class='ocrx_word' id='word_1_41' title='bbox 803 918 946 989; x_wconf 89' lang='lat' dir='ltr'><strong>quod</strong></span> <span class='ocrx_word' id='word_1_42' title='bbox 975 918 1103 972; x_wconf 88' lang='lat' dir='ltr'><strong>dicit</strong></span> <span class='ocrx_word' id='word_1_43' title='bbox 1128 916 1471 988; x_wconf 77' lang='lat' dir='ltr'><strong>Evangelium</strong></span> <span class='ocrx_word' id='word_1_44' title='bbox 1500 917 1749 972; x_wconf 88' lang='lat' dir='ltr'><strong>nolumus</strong></span> <span class='ocrx_word' id='word_1_45' title='bbox 1771 914 1977 970; x_wconf 87' lang='lat' dir='ltr'><strong>audire.</strong></span> <span class='ocrx_word' id='word_1_46' title='bbox 1997 913 2137 970; x_wconf 82' lang='lat' dir='ltr'><strong>Alie-</strong></span> 
     </span>
    </p>
   </div>
   <div class='ocr_carea' id='block_1_8' title="bbox 538 1008 2138 1084">
    <p class='ocr_par' dir='ltr' id='par_1_8' title="bbox 538 1008 2138 1084">
     <span class='ocr_line' id='line_1_8' title="bbox 538 1008 2138 1084; baseline -0.005 -15"><span class='ocrx_word' id='word_1_47' title='bbox 538 1017 646 1070; x_wconf 89' lang='lat' dir='ltr'><strong>nati</strong></span> <span class='ocrx_word' id='word_1_48' title='bbox 675 1024 790 1069; x_wconf 85' lang='lat' dir='ltr'><strong>sunt</strong></span> <span class='ocrx_word' id='word_1_49' title='bbox 813 1023 1099 1084; x_wconf 79' lang='lat' dir='ltr'><strong>peccatores</strong></span> <span class='ocrx_word' id='word_1_50' title='bbox 1121 1030 1152 1065; x_wconf 90' lang='lat' dir='ltr'><strong>a</strong></span> <span class='ocrx_word' id='word_1_51' title='bbox 1179 1012 1325 1066; x_wconf 80' lang='lat' dir='ltr'><strong>vulva</strong></span> <span class='ocrx_word' id='word_1_52' title='bbox 1343 1053 1356 1074; x_wconf 94' lang='lat'><strong>,</strong></span> <span class='ocrx_word' id='word_1_53' title='bbox 1403 1019 1697 1065; x_wconf 85' lang='lat' dir='ltr'><strong>erraverunt</strong></span> <span class='ocrx_word' id='word_1_54' title='bbox 1722 1027 1753 1062; x_wconf 91' lang='lat' dir='ltr'><strong>a</strong></span> <span class='ocrx_word' id='word_1_55' title='bbox 1775 1018 1960 1075; x_wconf 73' lang='lat' dir='ltr'><strong>ventre,</strong></span> <span class='ocrx_word' id='word_1_56' title='bbox 1983 1008 2138 1062; x_wconf 86' lang='lat' dir='ltr'><strong>locuti</strong></span> 
     </span>
    </p>
   </div>
   <div class='ocr_carea' id='block_1_9' title="bbox 538 1099 2135 1178">
    <p class='ocr_par' dir='ltr' id='par_1_9' title="bbox 538 1099 2135 1178">
     <span class='ocr_line' id='line_1_9' title="bbox 538 1099 2135 1178; baseline -0.005 -16"><span class='ocrx_word' id='word_1_57' title='bbox 538 1118 654 1162; x_wconf 91' lang='lat' dir='ltr'><strong>sunt</strong></span> <span class='ocrx_word' id='word_1_58' title='bbox 685 1107 839 1178; x_wconf 76' lang='lat' dir='ltr'><strong>falsa.</strong></span> <span class='ocrx_word' id='word_1_59' title='bbox 864 1105 974 1160; x_wconf 88' lang='lat' dir='ltr'><strong>Nos</strong></span> <span class='ocrx_word' id='word_1_60' title='bbox 1003 1105 1284 1174; x_wconf 88' lang='lat' dir='ltr'><strong>loquamur</strong></span> <span class='ocrx_word' id='word_1_61' title='bbox 1313 1118 1461 1166; x_wconf 85' lang='lat' dir='ltr'><strong>vera,</strong></span> <span class='ocrx_word' id='word_1_62' title='bbox 1493 1101 1616 1172; x_wconf 87' lang='lat' dir='ltr'><strong>qttia</strong></span> <span class='ocrx_word' id='word_1_63' title='bbox 1644 1099 1944 1155; x_wconf 80' lang='lat' dir='ltr'><strong>audivimus</strong></span> <span class='ocrx_word' id='word_1_64' title='bbox 1966 1115 2088 1155; x_wconf 86' lang='lat' dir='ltr'><strong>vera</strong></span> <span class='ocrx_word' id='word_1_65' title='bbox 2117 1115 2135 1164; x_wconf 85' lang='lat'><strong>;</strong></span> 
     </span>
    </p>
   </div>
   <div class='ocr_carea' id='block_1_10' title="bbox 539 1192 2139 1271">
    <p class='ocr_par' dir='ltr' id='par_1_10' title="bbox 539 1192 2139 1271">
     <span class='ocr_line' id='line_1_10' title="bbox 539 1192 2139 1271; baseline -0.003 -19"><span class='ocrx_word' id='word_1_66' title='bbox 539 1201 679 1271; x_wconf 91' lang='lat' dir='ltr'><strong>quod</strong></span> <span class='ocrx_word' id='word_1_67' title='bbox 707 1199 960 1254; x_wconf 88' lang='lat' dir='ltr'><strong>Dominus</strong></span> <span class='ocrx_word' id='word_1_68' title='bbox 980 1198 1132 1263; x_wconf 88' lang='lat' dir='ltr'><strong>dicit,</strong></span> <span class='ocrx_word' id='word_1_69' title='bbox 1163 1213 1270 1252; x_wconf 91' lang='lat' dir='ltr'><strong>non</strong></span> <span class='ocrx_word' id='word_1_70' title='bbox 1290 1196 1431 1267; x_wconf 90' lang='lat' dir='ltr'><strong>quod</strong></span> <span class='ocrx_word' id='word_1_71' title='bbox 1452 1196 1613 1250; x_wconf 91' lang='lat' dir='ltr'><strong>homo</strong></span> <span class='ocrx_word' id='word_1_72' title='bbox 1641 1195 1788 1249; x_wconf 85' lang='lat' dir='ltr'><strong>dicit.</strong></span> <span class='ocrx_word' id='word_1_73' title='bbox 1819 1195 2002 1249; x_wconf 84' lang='lat' dir='ltr'><strong>Potest</strong></span> <span class='ocrx_word' id='word_1_74' title='bbox 2024 1192 2139 1248; x_wconf 89' lang='lat' dir='ltr'><strong>fieri</strong></span> 
     </span>
    </p>
   </div>
   <div class='ocr_carea' id='block_1_11' title="bbox 540 1287 2137 1358">
    <p class='ocr_par' dir='ltr' id='par_1_11' title="bbox 540 1287 2137 1358">
     <span class='ocr_line' id='line_1_11' title="bbox 540 1287 2137 1358; baseline -0.004 -12"><span class='ocrx_word' id='word_1_75' title='bbox 540 1301 601 1346; x_wconf 89' lang='lat' dir='ltr'><strong>ut</strong></span> <span class='ocrx_word' id='word_1_76' title='bbox 627 1289 788 1346; x_wconf 85' lang='lat' dir='ltr'><strong>homo</strong></span> <span class='ocrx_word' id='word_1_77' title='bbox 810 1290 1097 1344; x_wconf 72' lang='lat' dir='ltr'><strong>mentiatur</strong></span> <span class='ocrx_word' id='word_1_78' title='bbox 1128 1307 1142 1344; x_wconf 87' lang='lat'><strong>:</strong></span> <span class='ocrx_word' id='word_1_79' title='bbox 1169 1304 1275 1344; x_wconf 91' lang='lat' dir='ltr'><strong>non</strong></span> <span class='ocrx_word' id='word_1_80' title='bbox 1300 1297 1473 1358; x_wconf 81' lang='lat' dir='ltr'><strong>potest</strong></span> <span class='ocrx_word' id='word_1_81' title='bbox 1503 1287 1616 1342; x_wconf 84' lang='lat' dir='ltr'><strong>fieri</strong></span> <span class='ocrx_word' id='word_1_82' title='bbox 1648 1295 1704 1340; x_wconf 93' lang='lat' dir='ltr'><strong>nt</strong></span> <span class='ocrx_word' id='word_1_83' title='bbox 1735 1287 1932 1342; x_wconf 87' lang='lat' dir='ltr'><strong>veritas</strong></span> <span class='ocrx_word' id='word_1_84' title='bbox 1981 1300 2137 1340; x_wconf 88' lang='lat' dir='ltr'><strong>men-</strong></span> 
     </span>
    </p>
   </div>
   <div class='ocr_carea' id='block_1_12' title="bbox 543 1380 2140 1452">
    <p class='ocr_par' dir='ltr' id='par_1_12' title="bbox 543 1380 2140 1452">
     <span class='ocr_line' id='line_1_12' title="bbox 543 1380 2140 1452; baseline -0.004 -12"><span class='ocrx_word' id='word_1_85' title='bbox 543 1385 725 1440; x_wconf 81' lang='lat' dir='ltr'><strong>tiatur.</strong></span> <span class='ocrx_word' id='word_1_86' title='bbox 760 1383 840 1439; x_wconf 80' lang='lat' dir='ltr'><strong>Ex</strong></span> <span class='ocrx_word' id='word_1_87' title='bbox 869 1383 1109 1438; x_wconf 76' lang='lat' dir='ltr'><strong>veritatis</strong></span> <span class='ocrx_word' id='word_1_88' title='bbox 1141 1395 1236 1438; x_wconf 89' lang='lat' dir='ltr'><strong>ore</strong></span> <span class='ocrx_word' id='word_1_89' title='bbox 1263 1397 1493 1452; x_wconf 80' lang='lat' dir='ltr'><strong>agnosco</strong></span> <span class='ocrx_word' id='word_1_90' title='bbox 1525 1380 1814 1446; x_wconf 84' lang='lat' dir='ltr'><strong>Christum,</strong></span> <span class='ocrx_word' id='word_1_91' title='bbox 1849 1380 2016 1450; x_wconf 85' lang='lat' dir='ltr'><strong>ipsam</strong></span> <span class='ocrx_word' id='word_1_92' title='bbox 2048 1392 2140 1433; x_wconf 82' lang='lat' dir='ltr'><strong>ve-</strong></span> 
     </span>
    </p>
   </div>
   <div class='ocr_carea' id='block_1_13' title="bbox 543 1470 2144 1544">
    <p class='ocr_par' dir='ltr' id='par_1_13' title="bbox 543 1470 2144 1544">
     <span class='ocr_line' id='line_1_13' title="bbox 543 1470 2144 1544; baseline -0.007 -9"><span class='ocrx_word' id='word_1_93' title='bbox 543 1480 756 1535; x_wconf 86' lang='lat' dir='ltr'><strong>ritatem</strong></span> <span class='ocrx_word' id='word_1_94' title='bbox 792 1495 806 1530; x_wconf 90' lang='lat'><strong>:</strong></span> <span class='ocrx_word' id='word_1_95' title='bbox 837 1493 901 1530; x_wconf 81' lang='lat' dir='ltr'><strong>ex</strong></span> <span class='ocrx_word' id='word_1_96' title='bbox 930 1476 1170 1530; x_wconf 79' lang='lat' dir='ltr'><strong>veritatis</strong></span> <span class='ocrx_word' id='word_1_97' title='bbox 1191 1490 1286 1530; x_wconf 90' lang='lat' dir='ltr'><strong>ore</strong></span> <span class='ocrx_word' id='word_1_98' title='bbox 1305 1489 1535 1544; x_wconf 76' lang='lat' dir='ltr'><strong>agnosco</strong></span> <span class='ocrx_word' id='word_1_99' title='bbox 1564 1472 1856 1528; x_wconf 78' lang='lat' dir='ltr'><strong>Ecclesiam</strong></span> <span class='ocrx_word' id='word_1_100' title='bbox 1879 1512 1894 1538; x_wconf 94' lang='lat'><strong>,</strong></span> <span class='ocrx_word' id='word_1_101' title='bbox 1927 1470 2144 1542; x_wconf 86' lang='lat' dir='ltr'><strong>partici-</strong></span> 
     </span>
    </p>
   </div>
   <div class='ocr_carea' id='block_1_14' title="bbox 546 1564 2146 1644">
    <p class='ocr_par' dir='ltr' id='par_1_14' title="bbox 546 1564 2146 1644">
     <span class='ocr_line' id='line_1_14' title="bbox 546 1564 2146 1644; baseline -0.004 -17"><span class='ocrx_word' id='word_1_102' title='bbox 546 1589 668 1644; x_wconf 89' lang='lat' dir='ltr'><strong>pem</strong></span> <span class='ocrx_word' id='word_1_103' title='bbox 699 1570 956 1626; x_wconf 79' lang='lat' dir='ltr'><strong>veritatis.</strong></span> <span class='ocrx_word' id='word_1_104' title='bbox 986 1569 1154 1625; x_wconf 87' lang='lat' dir='ltr'><strong>Nemo</strong></span> <span class='ocrx_word' id='word_1_105' title='bbox 1204 1568 1331 1624; x_wconf 92' lang='lat' dir='ltr'><strong>mihi</strong></span> <span class='ocrx_word' id='word_1_106' title='bbox 1359 1567 1488 1623; x_wconf 87' lang='lat' dir='ltr'><strong>falsa</strong></span> <span class='ocrx_word' id='word_1_107' title='bbox 1518 1567 1786 1638; x_wconf 84' lang='lat' dir='ltr'><strong>loquatur,</strong></span> <span class='ocrx_word' id='word_1_108' title='bbox 1812 1566 1898 1636; x_wconf 91' lang='lat' dir='ltr'><strong>qui</strong></span> <span class='ocrx_word' id='word_1_109' title='bbox 1944 1564 2146 1620; x_wconf 89' lang='lat' dir='ltr'><strong>erravit</strong></span> 
     </span>
    </p>
   </div>
   <div class='ocr_carea' id='block_1_15' title="bbox 546 1655 2142 1730">
    <p class='ocr_par' dir='ltr' id='par_1_15' title="bbox 546 1655 2142 1730">
     <span class='ocr_line' id='line_1_15' title="bbox 546 1655 2142 1730; baseline -0.005 -11"><span class='ocrx_word' id='word_1_110' title='bbox 546 1666 614 1720; x_wconf 85' lang='lat' dir='ltr'><strong>ab</strong></span> <span class='ocrx_word' id='word_1_111' title='bbox 643 1673 792 1718; x_wconf 83' lang='lat' dir='ltr'><strong>utero</strong></span> <span class='ocrx_word' id='word_1_112' title='bbox 815 1663 866 1716; x_wconf 90' lang='lat' dir='ltr'><strong>in</strong></span> <span class='ocrx_word' id='word_1_113' title='bbox 896 1661 1191 1716; x_wconf 87' lang='lat' dir='ltr'><strong>visceribus</strong></span> <span class='ocrx_word' id='word_1_114' title='bbox 1211 1659 1469 1716; x_wconf 72' lang='lat' dir='ltr'><strong>Ecelesim</strong></span> <span class='ocrx_word' id='word_1_115' title='bbox 1495 1679 1507 1715; x_wconf 91' lang='lat'><strong>:</strong></span> <span class='ocrx_word' id='word_1_116' title='bbox 1535 1660 1710 1730; x_wconf 91' lang='lat' dir='ltr'><strong>primo</strong></span> <span class='ocrx_word' id='word_1_117' title='bbox 1748 1658 1985 1713; x_wconf 83' lang='lat' dir='ltr'><strong>viderem</strong></span> <span class='ocrx_word' id='word_1_118' title='bbox 2014 1655 2142 1727; x_wconf 90' lang='lat' dir='ltr'><strong>quid</strong></span> 
     </span>
    </p>
   </div>
   <div class='ocr_carea' id='block_1_16' title="bbox 547 1753 2142 1816">
    <p class='ocr_par' dir='ltr' id='par_1_16' title="bbox 547 1753 2142 1816">
     <span class='ocr_line' id='line_1_16' title="bbox 547 1753 2142 1816; baseline -0.004 -4"><span class='ocrx_word' id='word_1_119' title='bbox 547 1773 634 1812; x_wconf 89' lang='lat' dir='ltr'><strong>me</strong></span> <span class='ocrx_word' id='word_1_120' title='bbox 663 1756 823 1812; x_wconf 81' lang='lat' dir='ltr'><strong>vellet</strong></span> <span class='ocrx_word' id='word_1_121' title='bbox 847 1755 1062 1812; x_wconf 90' lang='lat' dir='ltr'><strong>docere.</strong></span> <span class='ocrx_word' id='word_1_122' title='bbox 1099 1753 1262 1810; x_wconf 82' lang='lat' dir='ltr'><strong>Video</strong></span> <span class='ocrx_word' id='word_1_123' title='bbox 1283 1754 1571 1809; x_wconf 83' lang='lat' dir='ltr'><strong>alienatum</strong></span> <span class='ocrx_word' id='word_1_124' title='bbox 1609 1769 1638 1808; x_wconf 91' lang='lat' dir='ltr'><strong>a</strong></span> <span class='ocrx_word' id='word_1_125' title='bbox 1668 1753 1846 1816; x_wconf 88' lang='lat' dir='ltr'><strong>vulva,</strong></span> <span class='ocrx_word' id='word_1_126' title='bbox 1878 1753 2034 1808; x_wconf 91' lang='lat' dir='ltr'><strong>video</strong></span> <span class='ocrx_word' id='word_1_127' title='bbox 2051 1767 2142 1807; x_wconf 84' lang='lat' dir='ltr'><strong>er-</strong></span> 
     </span>
    </p>
   </div>
   <div class='ocr_carea' id='block_1_17' title="bbox 548 1843 2144 1916">
    <p class='ocr_par' dir='ltr' id='par_1_17' title="bbox 548 1843 2144 1916">
     <span class='ocr_line' id='line_1_17' title="bbox 548 1843 2144 1916; baseline -0.003 -14"><span class='ocrx_word' id='word_1_128' title='bbox 548 1864 697 1902; x_wconf 86' lang='lat' dir='ltr'><strong>rasse</strong></span> <span class='ocrx_word' id='word_1_129' title='bbox 726 1857 979 1908; x_wconf 86' lang='lat' dir='ltr'><strong>aventre.</strong></span> <span class='ocrx_word' id='word_1_130' title='bbox 1013 1855 1067 1901; x_wconf 89' lang='lat' dir='ltr'><strong>et</strong></span> <span class='ocrx_word' id='word_1_131' title='bbox 1115 1847 1396 1901; x_wconf 86' lang='lat' dir='ltr'><strong>auditurus</strong></span> <span class='ocrx_word' id='word_1_132' title='bbox 1449 1860 1566 1899; x_wconf 91' lang='lat' dir='ltr'><strong>sum</strong></span> <span class='ocrx_word' id='word_1_133' title='bbox 1610 1846 1679 1900; x_wconf 91' lang='lat' dir='ltr'><strong>ab</strong></span> <span class='ocrx_word' id='word_1_134' title='bbox 1725 1859 1826 1909; x_wconf 85' lang='lat' dir='ltr'><strong>eo,</strong></span> <span class='ocrx_word' id='word_1_135' title='bbox 1867 1843 1994 1916; x_wconf 90' lang='lat' dir='ltr'><strong>quid</strong></span> <span class='ocrx_word' id='word_1_136' title='bbox 2040 1843 2144 1898; x_wconf 89' lang='lat' dir='ltr'><strong>nisi</strong></span> 
     </span>
    </p>
   </div>
   <div class='ocr_carea' id='block_1_18' title="bbox 549 1939 1830 2010">
    <p class='ocr_par' dir='ltr' id='par_1_18' title="bbox 549 1939 1830 2010">
     <span class='ocr_line' id='line_1_18' title="bbox 549 1939 1830 2010; baseline -0.004 -13"><span class='ocrx_word' id='word_1_137' title='bbox 549 1941 722 1998; x_wconf 78' lang='lat' dir='ltr'><strong>falsa?</strong></span> <span class='ocrx_word' id='word_1_138' title='bbox 753 1941 1059 1996; x_wconf 80' lang='lat' dir='ltr'><strong>Erraverunt</strong></span> <span class='ocrx_word' id='word_1_139' title='bbox 1085 1956 1117 1994; x_wconf 88' lang='lat' dir='ltr'><strong>a</strong></span> <span class='ocrx_word' id='word_1_140' title='bbox 1136 1951 1324 2005; x_wconf 81' lang='lat' dir='ltr'><strong>ventre,</strong></span> <span class='ocrx_word' id='word_1_141' title='bbox 1355 1939 1508 1994; x_wconf 82' lang='lat' dir='ltr'><strong>locuti</strong></span> <span class='ocrx_word' id='word_1_142' title='bbox 1533 1948 1648 1995; x_wconf 87' lang='lat' dir='ltr'><strong>sunt</strong></span> <span class='ocrx_word' id='word_1_143' title='bbox 1679 1939 1830 2010; x_wconf 81' lang='lat' dir='ltr'><strong>falsa.</strong></span> 
     </span>
    </p>
   </div>
   <div class='ocr_carea' id='block_1_19' title="bbox 623 2027 2146 2106">
    <p class='ocr_par' dir='ltr' id='par_1_19' title="bbox 623 2027 2146 2106">
     <span class='ocr_line' id='line_1_19' title="bbox 623 2027 2146 2106; baseline -0.004 -19"><span class='ocrx_word' id='word_1_144' title='bbox 623 2033 675 2088; x_wconf 89' lang='lat'><strong>7.</strong></span> <span class='ocrx_word' id='word_1_145' title='bbox 708 2031 859 2106; x_wconf 84' lang='lat' dir='ltr'><strong>[vers.</strong></span> <span class='ocrx_word' id='word_1_146' title='bbox 884 2031 940 2094; x_wconf 85' lang='lat'><strong>5,</strong></span> <span class='ocrx_word' id='word_1_147' title='bbox 979 2029 1060 2105; x_wconf 87' lang='lat'><strong>6.]</strong></span> <span class='ocrx_word' id='word_1_148' title='bbox 1089 2029 1383 2103; x_wconf 85' lang='lat' dir='ltr'><strong>Indignatio</strong></span> <span class='ocrx_word' id='word_1_149' title='bbox 1413 2032 1484 2085; x_wconf 89' lang='lat' dir='ltr'><strong>eis</strong></span> <span class='ocrx_word' id='word_1_150' title='bbox 1535 2030 1810 2084; x_wconf 82' lang='lat' dir='ltr'><strong>secundant</strong></span> <span class='ocrx_word' id='word_1_151' title='bbox 1855 2027 2146 2084; x_wconf 85' lang='lat' dir='ltr'><strong>similitudi-</strong></span> 
     </span>
    </p>
   </div>
   <div class='ocr_carea' id='block_1_20' title="bbox 555 2120 2146 2193">
    <p class='ocr_par' dir='ltr' id='par_1_20' title="bbox 555 2120 2146 2193">
     <span class='ocr_line' id='line_1_20' title="bbox 555 2120 2146 2193; baseline -0.003 -13"><span class='ocrx_word' id='word_1_152' title='bbox 555 2141 669 2181; x_wconf 90' lang='lat' dir='ltr'><strong>nem</strong></span> <span class='ocrx_word' id='word_1_153' title='bbox 689 2125 954 2193; x_wconf 72' lang='lat' dir='ltr'><strong>serpentis.</strong></span> <span class='ocrx_word' id='word_1_154' title='bbox 982 2123 1222 2193; x_wconf 78' lang='lat' dir='ltr'><strong>Magnam</strong></span> <span class='ocrx_word' id='word_1_155' title='bbox 1251 2138 1364 2178; x_wconf 87' lang='lat' dir='ltr'><strong>rem</strong></span> <span class='ocrx_word' id='word_1_156' title='bbox 1403 2122 1634 2177; x_wconf 89' lang='lat' dir='ltr'><strong>audituri</strong></span> <span class='ocrx_word' id='word_1_157' title='bbox 1668 2122 1817 2178; x_wconf 89' lang='lat' dir='ltr'><strong>estis.</strong></span> <span class='ocrx_word' id='word_1_158' title='bbox 1846 2120 2146 2192; x_wconf 79' lang='lat' dir='ltr'><strong>Indignatio</strong></span> 
     </span>
    </p>
   </div>
   <div class='ocr_carea' id='block_1_21' title="bbox 552 2204 2143 2285">
    <p class='ocr_par' dir='ltr' id='par_1_21' title="bbox 552 2204 2143 2285">
     <span class='ocr_line' id='line_1_21' title="bbox 552 2204 2143 2285; baseline -0.003 -11"><span class='ocrx_word' id='word_1_159' title='bbox 552 2219 623 2274; x_wconf 86' lang='lat' dir='ltr'><strong>eis</strong></span> <span class='ocrx_word' id='word_1_160' title='bbox 639 2218 914 2272; x_wconf 69' lang='lat' dir='ltr'><strong>secundum</strong></span> <span class='ocrx_word' id='word_1_161' title='bbox 934 2218 1318 2270; x_wconf 76' lang='lat' dir='ltr'><strong>similitudinem</strong></span> <span class='ocrx_word' id='word_1_162' title='bbox 1339 2217 1602 2285; x_wconf 80' lang='lat' dir='ltr'><strong>serpentis.</strong></span> <span class='ocrx_word' id='word_1_163' title='bbox 1632 2214 1791 2285; x_wconf 85' lang='lat' dir='ltr'><strong>Quasi</strong></span> <span class='ocrx_word' id='word_1_164' title='bbox 1812 2204 2104 2270; x_wconf 79' lang='lat' dir='ltr'><strong>dixerimus</strong></span> <span class='ocrx_word' id='word_1_165' title='bbox 2125 2256 2143 2283; x_wconf 90' lang='lat'><strong>,</strong></span> 
     </span>
    </p>
   </div>
   <div class='ocr_carea' id='block_1_22' title="bbox 553 2305 2142 2380">
    <p class='ocr_par' dir='ltr' id='par_1_22' title="bbox 553 2305 2142 2380">
     <span class='ocr_line' id='line_1_22' title="bbox 553 2305 2142 2380; baseline -0.001 -19"><span class='ocrx_word' id='word_1_166' title='bbox 553 2311 678 2380; x_wconf 90' lang='lat' dir='ltr'><strong>quid</strong></span> <span class='ocrx_word' id='word_1_167' title='bbox 708 2320 791 2366; x_wconf 89' lang='lat' dir='ltr'><strong>est</strong></span> <span class='ocrx_word' id='word_1_168' title='bbox 817 2308 957 2377; x_wconf 87' lang='lat' dir='ltr'><strong>quod</strong></span> <span class='ocrx_word' id='word_1_169' title='bbox 995 2309 1216 2362; x_wconf 77' lang='lat' dir='ltr'><strong>dixisti?</strong></span> <span class='ocrx_word' id='word_1_170' title='bbox 1243 2307 1502 2378; x_wconf 85' lang='lat' dir='ltr'><strong>sequitur,</strong></span> <span class='ocrx_word' id='word_1_171' title='bbox 1535 2307 1680 2362; x_wconf 82' lang='lat' dir='ltr'><strong>Sicut</strong></span> <span class='ocrx_word' id='word_1_172' title='bbox 1719 2306 1914 2376; x_wconf 84' lang='lat' dir='ltr'><strong>aspidis</strong></span> <span class='ocrx_word' id='word_1_173' title='bbox 1953 2305 2142 2360; x_wconf 67' lang='lat' dir='ltr'><strong>surdae.</strong></span> 
     </span>
    </p>
   </div>
   <div class='ocr_carea' id='block_1_23' title="bbox 555 2396 2144 2462">
    <p class='ocr_par' dir='ltr' id='par_1_23' title="bbox 555 2396 2144 2462">
     <span class='ocr_line' id='line_1_23' title="bbox 555 2396 2144 2462; baseline -0.005 -4"><span class='ocrx_word' id='word_1_174' title='bbox 555 2401 708 2458; x_wconf 87' lang='lat' dir='ltr'><strong>Unde</strong></span> <span class='ocrx_word' id='word_1_175' title='bbox 736 2399 959 2456; x_wconf 64' lang='lat' dir='ltr'><strong>surdae?</strong></span> <span class='ocrx_word' id='word_1_176' title='bbox 990 2398 1052 2452; x_wconf 84' lang='lat' dir='ltr'><strong>Et</strong></span> <span class='ocrx_word' id='word_1_177' title='bbox 1103 2399 1383 2453; x_wconf 86' lang='lat' dir='ltr'><strong>obturantis</strong></span> <span class='ocrx_word' id='word_1_178' title='bbox 1433 2415 1582 2452; x_wconf 83' lang='lat' dir='ltr'><strong>aures</strong></span> <span class='ocrx_word' id='word_1_179' title='bbox 1622 2415 1764 2452; x_wconf 88' lang='lat' dir='ltr'><strong>suas.</strong></span> <span class='ocrx_word' id='word_1_180' title='bbox 1793 2396 1917 2452; x_wconf 90' lang='lat' dir='ltr'><strong>ldeo</strong></span> <span class='ocrx_word' id='word_1_181' title='bbox 1947 2396 2144 2462; x_wconf 65' lang='lat' dir='ltr'><strong>surdas,</strong></span> 
     </span>
    </p>
   </div>
   <div class='ocr_carea' id='block_1_24' title="bbox 555 2490 2150 2564">
    <p class='ocr_par' dir='ltr' id='par_1_24' title="bbox 555 2490 2150 2564">
     <span class='ocr_line' id='line_1_24' title="bbox 555 2490 2150 2564; baseline -0.001 -20"><span class='ocrx_word' id='word_1_182' title='bbox 555 2492 677 2564; x_wconf 86' lang='lat' dir='ltr'><strong>quia</strong></span> <span class='ocrx_word' id='word_1_183' title='bbox 705 2492 918 2547; x_wconf 82' lang='lat' dir='ltr'><strong>obturat</strong></span> <span class='ocrx_word' id='word_1_184' title='bbox 947 2506 1104 2546; x_wconf 82' lang='lat' dir='ltr'><strong>aures</strong></span> <span class='ocrx_word' id='word_1_185' title='bbox 1131 2505 1274 2545; x_wconf 89' lang='lat' dir='ltr'><strong>suas.</strong></span> <span class='ocrx_word' id='word_1_186' title='bbox 1307 2490 1373 2544; x_wconf 81' lang='lat' dir='ltr'><strong>Et</strong></span> <span class='ocrx_word' id='word_1_187' title='bbox 1401 2491 1678 2544; x_wconf 84' lang='lat' dir='ltr'><strong>obturantis</strong></span> <span class='ocrx_word' id='word_1_188' title='bbox 1704 2505 1852 2544; x_wconf 87' lang='lat' dir='ltr'><strong>aures</strong></span> <span class='ocrx_word' id='word_1_189' title='bbox 1880 2505 2016 2549; x_wconf 87' lang='lat' dir='ltr'><strong>suas,</strong></span> <span class='ocrx_word' id='word_1_190' title='bbox 2036 2502 2150 2555; x_wconf 76' lang='lat' dir='ltr'><strong>qua:</strong></span> 
     </span>
    </p>
   </div>
   <div class='ocr_carea' id='block_1_25' title="bbox 559 2581 2148 2648">
    <p class='ocr_par' dir='ltr' id='par_1_25' title="bbox 559 2581 2148 2648">
     <span class='ocr_line' id='line_1_25' title="bbox 559 2581 2148 2648; baseline -0.004 -7"><span class='ocrx_word' id='word_1_191' title='bbox 559 2603 659 2641; x_wconf 87' lang='lat' dir='ltr'><strong>non</strong></span> <span class='ocrx_word' id='word_1_192' title='bbox 672 2585 906 2640; x_wconf 70' lang='lat' dir='ltr'><strong>exaudiet</strong></span> <span class='ocrx_word' id='word_1_193' title='bbox 918 2602 1085 2639; x_wconf 79' lang='lat' dir='ltr'><strong>vocent</strong></span> <span class='ocrx_word' id='word_1_194' title='bbox 1099 2585 1484 2648; x_wconf 86' lang='lat' dir='ltr'><strong>incuntantium,</strong></span> <span class='ocrx_word' id='word_1_195' title='bbox 1499 2593 1544 2638; x_wconf 89' lang='lat' dir='ltr'><strong>et</strong></span> <span class='ocrx_word' id='word_1_196' title='bbox 1557 2583 1903 2638; x_wconf 86' lang='lat' dir='ltr'><strong>medicamenti</strong></span> <span class='ocrx_word' id='word_1_197' title='bbox 1914 2581 2148 2636; x_wconf 83' lang='lat' dir='ltr'><strong>ntedicati</strong></span> 
     </span>
    </p>
   </div>
   <div class='ocr_carea' id='block_1_26' title="bbox 555 2675 2145 2748">
    <p class='ocr_par' dir='ltr' id='par_1_26' title="bbox 555 2675 2145 2748">
     <span class='ocr_line' id='line_1_26' title="bbox 555 2675 2145 2748; baseline -0.003 -16"><span class='ocrx_word' id='word_1_198' title='bbox 555 2696 588 2732; x_wconf 79' lang='grc' dir='ltr'><em>α</em></span> <span class='ocrx_word' id='word_1_199' title='bbox 608 2680 855 2748; x_wconf 86' lang='lat' dir='ltr'><strong>sapiente.</strong></span> <span class='ocrx_word' id='word_1_200' title='bbox 889 2679 1040 2733; x_wconf 84' lang='lat' dir='ltr'><strong>Sicut</strong></span> <span class='ocrx_word' id='word_1_201' title='bbox 1080 2678 1399 2743; x_wconf 86' lang='lat' dir='ltr'><strong>audivimus,</strong></span> <span class='ocrx_word' id='word_1_202' title='bbox 1418 2676 1558 2747; x_wconf 89' lang='lat' dir='ltr'><strong>quod</strong></span> <span class='ocrx_word' id='word_1_203' title='bbox 1588 2685 1636 2729; x_wconf 87' lang='lat' dir='ltr'><strong>et</strong></span> <span class='ocrx_word' id='word_1_204' title='bbox 1671 2675 1913 2730; x_wconf 85' lang='lat' dir='ltr'><strong>homines</strong></span> <span class='ocrx_word' id='word_1_205' title='bbox 1941 2675 2145 2741; x_wconf 88' lang='lat' dir='ltr'><strong>dicunt,</strong></span> 
     </span>
    </p>
   </div>
   <div class='ocr_carea' id='block_1_27' title="bbox 557 2765 2150 2842">
    <p class='ocr_par' dir='ltr' id='par_1_27' title="bbox 557 2765 2150 2842">
     <span class='ocr_line' id='line_1_27' title="bbox 557 2765 2150 2842; baseline 0 -20"><span class='ocrx_word' id='word_1_206' title='bbox 557 2771 646 2840; x_wconf 82' lang='lat' dir='ltr'><strong>qni</strong></span> <span class='ocrx_word' id='word_1_207' title='bbox 663 2787 724 2824; x_wconf 87' lang='lat' dir='ltr'><strong>ea</strong></span> <span class='ocrx_word' id='word_1_208' title='bbox 743 2786 843 2841; x_wconf 89' lang='lat' dir='ltr'><strong>qua</strong></span> <span class='ocrx_word' id='word_1_209' title='bbox 863 2781 1143 2842; x_wconf 77' lang='lat' dir='ltr'><strong>potuerunt</strong></span> <span class='ocrx_word' id='word_1_210' title='bbox 1167 2769 1281 2825; x_wconf 73' lang='lat' dir='ltr'><strong>hrec</strong></span> <span class='ocrx_word' id='word_1_211' title='bbox 1299 2769 1600 2840; x_wconf 80' lang='lat' dir='ltr'><strong>cognitione</strong></span> <span class='ocrx_word' id='word_1_212' title='bbox 1613 2767 1931 2831; x_wconf 87' lang='lat' dir='ltr'><strong>didicerunt,</strong></span> <span class='ocrx_word' id='word_1_213' title='bbox 1954 2765 2045 2822; x_wconf 89' lang='lat' dir='ltr'><strong>sed</strong></span> <span class='ocrx_word' id='word_1_214' title='bbox 2071 2774 2150 2822; x_wconf 89' lang='lat' dir='ltr'><strong>ta-</strong></span> 
     </span>
    </p>
   </div>
   <div class='ocr_carea' id='block_1_28' title="bbox 558 2856 2150 2930">
    <p class='ocr_par' dir='ltr' id='par_1_28' title="bbox 558 2856 2150 2930">
     <span class='ocr_line' id='line_1_28' title="bbox 558 2856 2150 2930; baseline -0.001 -16"><span class='ocrx_word' id='word_1_215' title='bbox 558 2877 681 2915; x_wconf 87' lang='lat' dir='ltr'><strong>men</strong></span> <span class='ocrx_word' id='word_1_216' title='bbox 695 2861 832 2930; x_wconf 88' lang='lat' dir='ltr'><strong>quod</strong></span> <span class='ocrx_word' id='word_1_217' title='bbox 851 2861 1080 2929; x_wconf 77' lang='lat' dir='ltr'><strong>Spiritus</strong></span> <span class='ocrx_word' id='word_1_218' title='bbox 1097 2860 1186 2915; x_wconf 89' lang='lat' dir='ltr'><strong>Dei</strong></span> <span class='ocrx_word' id='word_1_219' title='bbox 1205 2860 1371 2914; x_wconf 89' lang='lat' dir='ltr'><strong>multo</strong></span> <span class='ocrx_word' id='word_1_220' title='bbox 1384 2859 1573 2914; x_wconf 90' lang='lat' dir='ltr'><strong>melius</strong></span> <span class='ocrx_word' id='word_1_221' title='bbox 1585 2856 2150 2913; x_wconf 88' lang='lat' dir='ltr'><strong>omnibushominibus</strong></span> 
     </span>
    </p>
   </div>
   <div class='ocr_carea' id='block_1_29' title="bbox 557 2949 2152 3020">
    <p class='ocr_par' dir='ltr' id='par_1_29' title="bbox 557 2949 2152 3020">
     <span class='ocr_line' id='line_1_29' title="bbox 557 2949 2152 3020; baseline -0.003 -13"><span class='ocrx_word' id='word_1_222' title='bbox 557 2951 728 3008; x_wconf 85' lang='lat' dir='ltr'><strong>novit.</strong></span> <span class='ocrx_word' id='word_1_223' title='bbox 750 2950 864 3006; x_wconf 85' lang='lat' dir='ltr'><strong>Non</strong></span> <span class='ocrx_word' id='word_1_224' title='bbox 893 2952 1033 3006; x_wconf 89' lang='lat' dir='ltr'><strong>enim</strong></span> <span class='ocrx_word' id='word_1_225' title='bbox 1060 2952 1250 3006; x_wconf 87' lang='lat' dir='ltr'><strong>frustra</strong></span> <span class='ocrx_word' id='word_1_226' title='bbox 1265 2950 1364 3004; x_wconf 90' lang='lat' dir='ltr'><strong>hoc</strong></span> <span class='ocrx_word' id='word_1_227' title='bbox 1387 2949 1539 3015; x_wconf 82' lang='lat' dir='ltr'><strong>dixit,</strong></span> <span class='ocrx_word' id='word_1_228' title='bbox 1566 2951 1662 3004; x_wconf 91' lang='lat' dir='ltr'><strong>nisi</strong></span> <span class='ocrx_word' id='word_1_229' title='bbox 1687 2949 1806 3020; x_wconf 89' lang='lat' dir='ltr'><strong>quia</strong></span> <span class='ocrx_word' id='word_1_230' title='bbox 1833 2949 1946 3003; x_wconf 77' lang='lat' dir='ltr'><strong>fieri</strong></span> <span class='ocrx_word' id='word_1_231' title='bbox 1977 2956 2152 3019; x_wconf 86' lang='lat' dir='ltr'><strong>potest</strong></span> 
     </span>
    </p>
   </div>
   <div class='ocr_carea' id='block_1_30' title="bbox 558 3041 2149 3114">
    <p class='ocr_par' dir='ltr' id='par_1_30' title="bbox 558 3041 2149 3114">
     <span class='ocr_line' id='line_1_30' title="bbox 558 3041 2149 3114; baseline -0.004 -14"><span class='ocrx_word' id='word_1_232' title='bbox 558 3055 811 3101; x_wconf 86' lang='lat' dir='ltr'><strong>utvermn</strong></span> <span class='ocrx_word' id='word_1_233' title='bbox 829 3045 897 3098; x_wconf 89' lang='lat' dir='ltr'><strong>sit</strong></span> <span class='ocrx_word' id='word_1_234' title='bbox 913 3045 1071 3100; x_wconf 88' lang='lat' dir='ltr'><strong>etiam</strong></span> <span class='ocrx_word' id='word_1_235' title='bbox 1087 3043 1213 3099; x_wconf 89' lang='lat' dir='ltr'><strong>illttd</strong></span> <span class='ocrx_word' id='word_1_236' title='bbox 1226 3043 1366 3114; x_wconf 88' lang='lat' dir='ltr'><strong>quod</strong></span> <span class='ocrx_word' id='word_1_237' title='bbox 1387 3043 1685 3098; x_wconf 89' lang='lat' dir='ltr'><strong>audivimus</strong></span> <span class='ocrx_word' id='word_1_238' title='bbox 1700 3042 1765 3097; x_wconf 90' lang='lat' dir='ltr'><strong>de</strong></span> <span class='ocrx_word' id='word_1_239' title='bbox 1778 3041 2149 3111; x_wconf 73' lang='lat' dir='ltr'><strong>aS|llde.AS|liS</strong></span> 
     </span>
    </p>
   </div>
   <div class='ocr_carea' id='block_1_31' title="bbox 558 3131 2152 3207">
    <p class='ocr_par' dir='ltr' id='par_1_31' title="bbox 558 3131 2152 3207">
     <span class='ocr_line' id='line_1_31' title="bbox 558 3131 2152 3207; baseline -0.005 -13"><span class='ocrx_word' id='word_1_240' title='bbox 558 3154 680 3194; x_wconf 90' lang='lat' dir='ltr'><strong>cum</strong></span> <span class='ocrx_word' id='word_1_241' title='bbox 711 3139 934 3207; x_wconf 74' lang='lat' dir='ltr'><strong>cmperit</strong></span> <span class='ocrx_word' id='word_1_242' title='bbox 956 3137 1061 3207; x_wconf 89' lang='lat' dir='ltr'><strong>pati</strong></span> <span class='ocrx_word' id='word_1_243' title='bbox 1081 3137 1467 3191; x_wconf 86' lang='lat' dir='ltr'><strong>incantatoretn</strong></span> <span class='ocrx_word' id='word_1_244' title='bbox 1500 3135 1750 3198; x_wconf 55' lang='lat' dir='ltr'><strong>Marsum,</strong></span> <span class='ocrx_word' id='word_1_245' title='bbox 1779 3133 1865 3203; x_wconf 93' lang='lat' dir='ltr'><strong>qui</strong></span> <span class='ocrx_word' id='word_1_246' title='bbox 1895 3150 2011 3188; x_wconf 90' lang='lat' dir='ltr'><strong>eam</strong></span> <span class='ocrx_word' id='word_1_247' title='bbox 2033 3131 2152 3201; x_wconf 89' lang='lat' dir='ltr'><strong>qui-</strong></span> 
     </span>
    </p>
   </div>
   <div class='ocr_carea' id='block_1_32' title="bbox 561 3225 2152 3298">
    <p class='ocr_par' dir='ltr' id='par_1_32' title="bbox 561 3225 2152 3298">
     <span class='ocr_line' id='line_1_32' title="bbox 561 3225 2152 3298; baseline -0.004 -12"><span class='ocrx_word' id='word_1_248' title='bbox 561 3229 784 3286; x_wconf 89' lang='lat' dir='ltr'><strong>busdam</strong></span> <span class='ocrx_word' id='word_1_249' title='bbox 809 3228 1134 3283; x_wconf 85' lang='lat' dir='ltr'><strong>carminibus</strong></span> <span class='ocrx_word' id='word_1_250' title='bbox 1165 3226 1393 3298; x_wconf 88' lang='lat' dir='ltr'><strong>propriis</strong></span> <span class='ocrx_word' id='word_1_251' title='bbox 1440 3236 1646 3292; x_wconf 79' lang='lat' dir='ltr'><strong>evocat,</strong></span> <span class='ocrx_word' id='word_1_252' title='bbox 1681 3226 1816 3280; x_wconf 88' lang='lat' dir='ltr'><strong>sicut</strong></span> <span class='ocrx_word' id='word_1_253' title='bbox 1841 3236 1965 3280; x_wconf 91' lang='lat' dir='ltr'><strong>sunt</strong></span> <span class='ocrx_word' id='word_1_254' title='bbox 1988 3225 2152 3279; x_wconf 86' lang='lat' dir='ltr'><strong>multa</strong></span> 
     </span>
    </p>
   </div>
   <div class='ocr_carea' id='block_1_33' title="bbox 561 3315 2153 3389">
    <p class='ocr_par' dir='ltr' id='par_1_33' title="bbox 561 3315 2153 3389">
     <span class='ocr_line' id='line_1_33' title="bbox 561 3315 2153 3389; baseline -0.004 -12"><span class='ocrx_word' id='word_1_255' title='bbox 561 3323 722 3377; x_wconf 85' lang='lat' dir='ltr'><strong>etiam</strong></span> <span class='ocrx_word' id='word_1_256' title='bbox 747 3319 969 3389; x_wconf 80' lang='lat' dir='ltr'><strong>magica,</strong></span> <span class='ocrx_word' id='word_1_257' title='bbox 998 3318 1176 3374; x_wconf 85' lang='lat' dir='ltr'><strong>audite</strong></span> <span class='ocrx_word' id='word_1_258' title='bbox 1213 3318 1338 3389; x_wconf 92' lang='lat' dir='ltr'><strong>quid</strong></span> <span class='ocrx_word' id='word_1_259' title='bbox 1376 3317 1515 3373; x_wconf 84' lang='lat' dir='ltr'><strong>facit.</strong></span> <span class='ocrx_word' id='word_1_260' title='bbox 1545 3315 1650 3373; x_wconf 89' lang='lat' dir='ltr'><strong>Sed</strong></span> <span class='ocrx_word' id='word_1_261' title='bbox 1683 3316 1895 3371; x_wconf 84' lang='lat' dir='ltr'><strong>interim</strong></span> <span class='ocrx_word' id='word_1_262' title='bbox 1948 3316 2000 3370; x_wconf 93' lang='lat' dir='ltr'><strong>in</strong></span> <span class='ocrx_word' id='word_1_263' title='bbox 2051 3315 2153 3371; x_wconf 90' lang='lat' dir='ltr'><strong>hoc</strong></span> 
     </span>
    </p>
   </div>
   <div class='ocr_carea' id='block_1_34' title="bbox 473 3399 2154 3480">
    <p class='ocr_par' dir='ltr' id='par_1_34' title="bbox 473 3399 2154 3480">
     <span class='ocr_line' id='line_1_34' title="bbox 473 3399 2154 3480; baseline -0.002 -12"><span class='ocrx_word' id='word_1_264' title='bbox 473 3399 506 3406; x_wconf 19' lang='lat' dir='ltr'><strong>ﬁ</strong></span> <span class='ocrx_word' id='word_1_265' title='bbox 561 3411 1108 3478; x_wconf 83' lang='lat' dir='ltr'><strong>attendite,fratres:</strong></span> <span class='ocrx_word' id='word_1_266' title='bbox 1135 3411 1239 3468; x_wconf 90' lang='lat' dir='ltr'><strong>hoc</strong></span> <span class='ocrx_word' id='word_1_267' title='bbox 1279 3411 1420 3466; x_wconf 91' lang='lat' dir='ltr'><strong>enim</strong></span> <span class='ocrx_word' id='word_1_268' title='bbox 1471 3410 1904 3480; x_wconf 75' lang='lat' dir='ltr'><strong>praeloquendum</strong></span> <span class='ocrx_word' id='word_1_269' title='bbox 1949 3419 2050 3474; x_wconf 90' lang='lat' dir='ltr'><strong>est,</strong></span> <span class='ocrx_word' id='word_1_270' title='bbox 2085 3423 2154 3465; x_wconf 84' lang='lat' dir='ltr'><strong>ne</strong></span> 
     </span>
    </p>
   </div>
   <div class='ocr_carea' id='block_1_35' title="bbox 561 3500 2155 3575">
    <p class='ocr_par' dir='ltr' id='par_1_35' title="bbox 561 3500 2155 3575">
     <span class='ocr_line' id='line_1_35' title="bbox 561 3500 2155 3575; baseline -0.001 -18"><span class='ocrx_word' id='word_1_271' title='bbox 561 3505 842 3575; x_wconf 88' lang='lat' dir='ltr'><strong>quisquam</strong></span> <span class='ocrx_word' id='word_1_272' title='bbox 897 3503 1054 3558; x_wconf 89' lang='lat' dir='ltr'><strong>veluti</strong></span> <span class='ocrx_word' id='word_1_273' title='bbox 1101 3503 1355 3558; x_wconf 70' lang='lat' dir='ltr'><strong>hrsitans</strong></span> <span class='ocrx_word' id='word_1_274' title='bbox 1382 3503 1601 3556; x_wconf 87' lang='lat' dir='ltr'><strong>audiat:</strong></span> <span class='ocrx_word' id='word_1_275' title='bbox 1632 3517 1758 3566; x_wconf 89' lang='lat' dir='ltr'><strong>non,</strong></span> <span class='ocrx_word' id='word_1_276' title='bbox 1784 3500 2155 3572; x_wconf 88' lang='lat' dir='ltr'><strong>undecumque</strong></span> 
     </span>
    </p>
   </div>
   <div class='ocr_carea' id='block_1_36' title="bbox 495 3593 2154 3665">
    <p class='ocr_par' dir='ltr' id='par_1_36' title="bbox 495 3593 2154 3665">
     <span class='ocr_line' id='line_1_36' title="bbox 495 3593 2154 3665; baseline -0.002 -12"><span class='ocrx_word' id='word_1_277' title='bbox 495 3629 498 3632; x_wconf 83' lang='lat'><strong><em>~</em></strong></span> <span class='ocrx_word' id='word_1_278' title='bbox 562 3596 720 3653; x_wconf 84' lang='lat' dir='ltr'><strong>datur</strong></span> <span class='ocrx_word' id='word_1_279' title='bbox 739 3595 1049 3657; x_wconf 80' lang='lat' dir='ltr'><strong>similitudo,</strong></span> <span class='ocrx_word' id='word_1_280' title='bbox 1082 3596 1149 3650; x_wconf 90' lang='lat' dir='ltr'><strong>ab</strong></span> <span class='ocrx_word' id='word_1_281' title='bbox 1179 3595 1470 3665; x_wconf 90' lang='lat' dir='ltr'><strong>Scripturis</strong></span> <span class='ocrx_word' id='word_1_282' title='bbox 1514 3594 1762 3650; x_wconf 89' lang='lat' dir='ltr'><strong>laudatur</strong></span> <span class='ocrx_word' id='word_1_283' title='bbox 1787 3595 1897 3664; x_wconf 89' lang='lat' dir='ltr'><strong>ipsa</strong></span> <span class='ocrx_word' id='word_1_284' title='bbox 1926 3609 2034 3660; x_wconf 85' lang='lat' dir='ltr'><strong>res,</strong></span> <span class='ocrx_word' id='word_1_285' title='bbox 2058 3593 2154 3649; x_wconf 89' lang='lat' dir='ltr'><strong>sed</strong></span> 
     </span>
    </p>
   </div>
   <div class='ocr_carea' id='block_1_37' title="bbox 568 3685 2156 3746">
    <p class='ocr_par' dir='ltr' id='par_1_37' title="bbox 568 3685 2156 3746">
     <span class='ocr_line' id='line_1_37' title="bbox 568 3685 2156 3746; baseline -0.004 0"><span class='ocrx_word' id='word_1_286' title='bbox 568 3699 770 3746; x_wconf 89' lang='lat' dir='ltr'><strong>tantum</strong></span> <span class='ocrx_word' id='word_1_287' title='bbox 798 3689 921 3743; x_wconf 90' lang='lat' dir='ltr'><strong>inde</strong></span> <span class='ocrx_word' id='word_1_288' title='bbox 963 3686 1255 3743; x_wconf 89' lang='lat' dir='ltr'><strong>similitudo</strong></span> <span class='ocrx_word' id='word_1_289' title='bbox 1299 3687 1546 3742; x_wconf 87' lang='lat' dir='ltr'><strong>trahitur.</strong></span> <span class='ocrx_word' id='word_1_290' title='bbox 1583 3686 1696 3740; x_wconf 89' lang='lat' dir='ltr'><strong>Non</strong></span> <span class='ocrx_word' id='word_1_291' title='bbox 1729 3687 1870 3741; x_wconf 92' lang='lat' dir='ltr'><strong>enim</strong></span> <span class='ocrx_word' id='word_1_292' title='bbox 1923 3685 2156 3740; x_wconf 89' lang='lat' dir='ltr'><strong>laudavit</strong></span> 
     </span>
    </p>
   </div>
   <div class='ocr_carea' id='block_1_38' title="bbox 567 3777 2158 3851">
    <p class='ocr_par' dir='ltr' id='par_1_38' title="bbox 567 3777 2158 3851">
     <span class='ocr_line' id='line_1_38' title="bbox 567 3777 2158 3851; baseline -0.003 -13"><span class='ocrx_word' id='word_1_293' title='bbox 567 3782 806 3851; x_wconf 86' lang='lat' dir='ltr'><strong>iniquum</strong></span> <span class='ocrx_word' id='word_1_294' title='bbox 833 3780 1066 3851; x_wconf 82' lang='lat' dir='ltr'><strong>judicent</strong></span> <span class='ocrx_word' id='word_1_295' title='bbox 1094 3780 1183 3850; x_wconf 89' lang='lat' dir='ltr'><strong>qui</strong></span> <span class='ocrx_word' id='word_1_296' title='bbox 1224 3779 1438 3834; x_wconf 88' lang='lat' dir='ltr'><strong>nolebat</strong></span> <span class='ocrx_word' id='word_1_297' title='bbox 1464 3777 1649 3833; x_wconf 90' lang='lat' dir='ltr'><strong>audire</strong></span> <span class='ocrx_word' id='word_1_298' title='bbox 1678 3779 1820 3833; x_wconf 90' lang='lat' dir='ltr'><strong>illam</strong></span> <span class='ocrx_word' id='word_1_299' title='bbox 1840 3777 2072 3844; x_wconf 89' lang='lat' dir='ltr'><strong>viduam,</strong></span> <span class='ocrx_word' id='word_1_300' title='bbox 2101 3785 2158 3833; x_wconf 88' lang='lat' dir='ltr'><strong>et</strong></span> 
     </span>
    </p>
   </div>
   <div class='ocr_carea' id='block_1_39' title="bbox 565 3871 2154 3936">
    <p class='ocr_par' dir='ltr' id='par_1_39' title="bbox 565 3871 2154 3936">
     <span class='ocr_line' id='line_1_39' title="bbox 565 3871 2154 3936; baseline -0.004 -5"><span class='ocrx_word' id='word_1_301' title='bbox 565 3892 667 3932; x_wconf 89' lang='lat' dir='ltr'><strong>nec</strong></span> <span class='ocrx_word' id='word_1_302' title='bbox 697 3877 862 3932; x_wconf 85' lang='lat' dir='ltr'><strong>Deum</strong></span> <span class='ocrx_word' id='word_1_303' title='bbox 887 3875 1128 3936; x_wconf 87' lang='lat' dir='ltr'><strong>timebat,</strong></span> <span class='ocrx_word' id='word_1_304' title='bbox 1160 3888 1259 3930; x_wconf 91' lang='lat' dir='ltr'><strong>nec</strong></span> <span class='ocrx_word' id='word_1_305' title='bbox 1286 3872 1528 3929; x_wconf 85' lang='lat' dir='ltr'><strong>homines</strong></span> <span class='ocrx_word' id='word_1_306' title='bbox 1579 3871 1955 3936; x_wconf 89' lang='lat' dir='ltr'><strong>reverebatur;</strong></span> <span class='ocrx_word' id='word_1_307' title='bbox 1989 3879 2042 3928; x_wconf 90' lang='lat' dir='ltr'><strong>et</strong></span> <span class='ocrx_word' id='word_1_308' title='bbox 2073 3880 2154 3926; x_wconf 87' lang='lat' dir='ltr'><strong>ta-</strong></span> 
     </span>
    </p>
   </div>
   <div class='ocr_carea' id='block_1_40' title="bbox 568 3962 2153 4033">
    <p class='ocr_par' dir='ltr' id='par_1_40' title="bbox 568 3962 2153 4033">
     <span class='ocr_line' id='line_1_40' title="bbox 568 3962 2153 4033; baseline -0.003 -11"><span class='ocrx_word' id='word_1_309' title='bbox 568 3985 692 4025; x_wconf 86' lang='lat' dir='ltr'><strong>men</strong></span> <span class='ocrx_word' id='word_1_310' title='bbox 717 3968 836 4022; x_wconf 87' lang='lat' dir='ltr'><strong>inde</strong></span> <span class='ocrx_word' id='word_1_311' title='bbox 859 3965 1257 4021; x_wconf 74' lang='lat' dir='ltr'><strong>similitudinem</strong></span> <span class='ocrx_word' id='word_1_312' title='bbox 1277 3966 1532 4020; x_wconf 85' lang='lat' dir='ltr'><strong>Domith</strong></span> <span class='ocrx_word' id='word_1_313' title='bbox 1551 3965 1706 4019; x_wconf 75' lang='lat' dir='ltr'><strong>traxit</strong></span> <span class='ocrx_word' id='word_1_314' title='bbox 1725 3962 1877 4033; x_wconf 86' lang='lat' dir='ltr'><strong>(Luc.</strong></span> <span class='ocrx_word' id='word_1_315' title='bbox 1901 3979 2051 4028; x_wconf 87' lang='lat' dir='ltr'><strong>xvm,</strong></span> <span class='ocrx_word' id='word_1_316' title='bbox 2076 3963 2153 4033; x_wconf 77' lang='lat'><strong>9.):</strong></span> 
     </span>
    </p>
   </div>
   <div class='ocr_carea' id='block_1_41' title="bbox 568 4057 2158 4130">
    <p class='ocr_par' dir='ltr' id='par_1_41' title="bbox 568 4057 2158 4130">
     <span class='ocr_line' id='line_1_41' title="bbox 568 4057 2158 4130; baseline -0.006 -13"><span class='ocrx_word' id='word_1_317' title='bbox 568 4079 666 4119; x_wconf 88' lang='lat' dir='ltr'><strong>nec</strong></span> <span class='ocrx_word' id='word_1_318' title='bbox 697 4062 842 4116; x_wconf 80' lang='lat' dir='ltr'><strong>illurn</strong></span> <span class='ocrx_word' id='word_1_319' title='bbox 874 4060 1109 4116; x_wconf 87' lang='lat' dir='ltr'><strong>laudavit</strong></span> <span class='ocrx_word' id='word_1_320' title='bbox 1139 4060 1345 4130; x_wconf 82' lang='lat' dir='ltr'><strong>pigrum</strong></span> <span class='ocrx_word' id='word_1_321' title='bbox 1377 4057 1466 4129; x_wconf 90' lang='lat' dir='ltr'><strong>qui</strong></span> <span class='ocrx_word' id='word_1_322' title='bbox 1499 4067 1608 4113; x_wconf 89' lang='lat' dir='ltr'><strong>tres</strong></span> <span class='ocrx_word' id='word_1_323' title='bbox 1657 4071 1841 4128; x_wconf 89' lang='lat' dir='ltr'><strong>panes,</strong></span> <span class='ocrx_word' id='word_1_324' title='bbox 1873 4072 1977 4110; x_wconf 92' lang='lat' dir='ltr'><strong>non</strong></span> <span class='ocrx_word' id='word_1_325' title='bbox 2029 4071 2158 4125; x_wconf 87' lang='lat' dir='ltr'><strong>pro-</strong></span> 
     </span>
    </p>
   </div>
   <div class='ocr_carea' id='block_1_42' title="bbox 463 4150 2158 4229">
    <p class='ocr_par' dir='ltr' id='par_1_42' title="bbox 463 4150 2158 4229">
     <span class='ocr_line' id='line_1_42' title="bbox 463 4150 2158 4229; baseline -0.004 -18"><span class='ocrx_word' id='word_1_326' title='bbox 463 4191 472 4226; x_wconf 57' lang='grc' dir='ltr'><strong>ι,</strong></span> <span class='ocrx_word' id='word_1_327' title='bbox 563 4167 686 4229; x_wconf 85' lang='lat' dir='ltr'><strong>pter</strong></span> <span class='ocrx_word' id='word_1_328' title='bbox 708 4155 994 4211; x_wconf 71' lang='lat' dir='ltr'><strong>amicitiam</strong></span> <span class='ocrx_word' id='word_1_329' title='bbox 1020 4153 1167 4209; x_wconf 88' lang='lat' dir='ltr'><strong>dedit</strong></span> <span class='ocrx_word' id='word_1_330' title='bbox 1193 4153 1412 4223; x_wconf 87' lang='lat' dir='ltr'><strong>petenti,</strong></span> <span class='ocrx_word' id='word_1_331' title='bbox 1444 4151 1537 4207; x_wconf 90' lang='lat' dir='ltr'><strong>sed</strong></span> <span class='ocrx_word' id='word_1_332' title='bbox 1566 4151 1724 4207; x_wconf 76' lang='lat' dir='ltr'><strong>tzrdio</strong></span> <span class='ocrx_word' id='word_1_333' title='bbox 1765 4150 1963 4216; x_wconf 88' lang='lat' dir='ltr'><strong>victus;</strong></span> <span class='ocrx_word' id='word_1_334' title='bbox 1993 4159 2048 4205; x_wconf 88' lang='lat' dir='ltr'><strong>et</strong></span> <span class='ocrx_word' id='word_1_335' title='bbox 2075 4159 2158 4204; x_wconf 86' lang='lat' dir='ltr'><strong>ta-</strong></span> 
     </span>
    </p>
   </div>
   <div class='ocr_carea' id='block_1_43' title="bbox 473 4235 2156 4314">
    <p class='ocr_par' dir='ltr' id='par_1_43' title="bbox 473 4235 2156 4314">
     <span class='ocr_line' id='line_1_43' title="bbox 473 4235 2156 4314; baseline -0.006 -8"><span class='ocrx_word' id='word_1_336' title='bbox 473 4235 477 4248; x_wconf 39' lang='grc' dir='ltr'><strong>ί</strong></span> <span class='ocrx_word' id='word_1_337' title='bbox 565 4263 691 4306; x_wconf 78' lang='lat' dir='ltr'><strong>men</strong></span> <span class='ocrx_word' id='word_1_338' title='bbox 720 4248 844 4303; x_wconf 88' lang='lat' dir='ltr'><strong>inde</strong></span> <span class='ocrx_word' id='word_1_339' title='bbox 871 4247 1278 4302; x_wconf 88' lang='lat' dir='ltr'><strong>similitudinem</strong></span> <span class='ocrx_word' id='word_1_340' title='bbox 1307 4243 1628 4314; x_wconf 85' lang='lat' dir='ltr'><strong>dedit(Luc.</strong></span> <span class='ocrx_word' id='word_1_341' title='bbox 1660 4259 1735 4306; x_wconf 78' lang='lat' dir='ltr'><strong>XI,</strong></span> <span class='ocrx_word' id='word_1_342' title='bbox 1759 4243 1840 4308; x_wconf 89' lang='lat'><strong>8).</strong></span> <span class='ocrx_word' id='word_1_343' title='bbox 1871 4244 1936 4298; x_wconf 80' lang='lat' dir='ltr'><strong>Et</strong></span> <span class='ocrx_word' id='word_1_344' title='bbox 1971 4241 2039 4297; x_wconf 93' lang='lat' dir='ltr'><strong>de</strong></span> <span class='ocrx_word' id='word_1_345' title='bbox 2067 4257 2156 4296; x_wconf 89' lang='lat' dir='ltr'><strong>re-</strong></span> 
     </span>
    </p>
   </div>
   <div class='ocr_carea' id='block_1_44' title="bbox 567 4334 2158 4410">
    <p class='ocr_par' dir='ltr' id='par_1_44' title="bbox 567 4334 2158 4410">
     <span class='ocr_line' id='line_1_44' title="bbox 567 4334 2158 4410; baseline -0.007 -12"><span class='ocrx_word' id='word_1_346' title='bbox 567 4345 665 4398; x_wconf 88' lang='lat' dir='ltr'><strong>bus</strong></span> <span class='ocrx_word' id='word_1_347' title='bbox 691 4356 821 4410; x_wconf 65' lang='lat' dir='ltr'><strong>ergo</strong></span> <span class='ocrx_word' id='word_1_348' title='bbox 847 4355 950 4394; x_wconf 92' lang='lat' dir='ltr'><strong>non</strong></span> <span class='ocrx_word' id='word_1_349' title='bbox 991 4337 1269 4394; x_wconf 87' lang='lat' dir='ltr'><strong>laudandis</strong></span> <span class='ocrx_word' id='word_1_350' title='bbox 1301 4335 1582 4392; x_wconf 88' lang='lat' dir='ltr'><strong>trahuntur</strong></span> <span class='ocrx_word' id='word_1_351' title='bbox 1629 4334 1918 4390; x_wconf 87' lang='lat' dir='ltr'><strong>secundum</strong></span> <span class='ocrx_word' id='word_1_352' title='bbox 1970 4347 2158 4404; x_wconf 90' lang='lat' dir='ltr'><strong>quem-</strong></span> 
     </span>
    </p>
   </div>
   <div class='ocr_carea' id='block_1_45' title="bbox 566 4427 2161 4496">
    <p class='ocr_par' dir='ltr' id='par_1_45' title="bbox 566 4427 2161 4496">
     <span class='ocr_line' id='line_1_45' title="bbox 566 4427 2161 4496; baseline -0.008 -5"><span class='ocrx_word' id='word_1_353' title='bbox 566 4436 687 4491; x_wconf 91' lang='lat' dir='ltr'><strong>dam</strong></span> <span class='ocrx_word' id='word_1_354' title='bbox 714 4433 934 4489; x_wconf 83' lang='lat' dir='ltr'><strong>tnodutn</strong></span> <span class='ocrx_word' id='word_1_355' title='bbox 969 4429 1235 4485; x_wconf 76' lang='lat' dir='ltr'><strong>nonnulla:</strong></span> <span class='ocrx_word' id='word_1_356' title='bbox 1267 4428 1663 4483; x_wconf 89' lang='lat' dir='ltr'><strong>similitudines.</strong></span> <span class='ocrx_word' id='word_1_357' title='bbox 1715 4428 1820 4481; x_wconf 79' lang='lat' dir='ltr'><strong>Aut</strong></span> <span class='ocrx_word' id='word_1_358' title='bbox 1848 4427 1893 4481; x_wconf 89' lang='lat' dir='ltr'><strong>si</strong></span> <span class='ocrx_word' id='word_1_359' title='bbox 1917 4435 2161 4496; x_wconf 86' lang='lat' dir='ltr'><strong>propter-</strong></span> 
     </span>
    </p>
   </div>
   <div class='ocr_carea' id='block_1_46' title="bbox 567 4518 2161 4601">
    <p class='ocr_par' dir='ltr' id='par_1_46' title="bbox 567 4518 2161 4601">
     <span class='ocr_line' id='line_1_46' title="bbox 567 4518 2161 4601; baseline -0.006 -18"><span class='ocrx_word' id='word_1_360' title='bbox 567 4543 630 4583; x_wconf 90' lang='lat' dir='ltr'><strong>ea</strong></span> <span class='ocrx_word' id='word_1_361' title='bbox 654 4526 851 4601; x_wconf 81' lang='lat' dir='ltr'><strong>putatis</strong></span> <span class='ocrx_word' id='word_1_362' title='bbox 876 4523 1110 4581; x_wconf 89' lang='lat' dir='ltr'><strong>eundum</strong></span> <span class='ocrx_word' id='word_1_363' title='bbox 1138 4536 1257 4576; x_wconf 82' lang='lat' dir='ltr'><strong>esse</strong></span> <span class='ocrx_word' id='word_1_364' title='bbox 1283 4520 1350 4575; x_wconf 86' lang='lat' dir='ltr'><strong>ad</strong></span> <span class='ocrx_word' id='word_1_365' title='bbox 1396 4519 1620 4584; x_wconf 85' lang='lat' dir='ltr'><strong>Marsos,</strong></span> <span class='ocrx_word' id='word_1_366' title='bbox 1643 4519 1764 4589; x_wconf 90' lang='lat' dir='ltr'><strong>quia</strong></span> <span class='ocrx_word' id='word_1_367' title='bbox 1793 4520 1892 4573; x_wconf 87' lang='lat' dir='ltr'><strong>hoc</strong></span> <span class='ocrx_word' id='word_1_368' title='bbox 1935 4518 2161 4574; x_wconf 86' lang='lat' dir='ltr'><strong>audistis</strong></span> 
     </span>
    </p>
   </div>
   <div class='ocr_carea' id='block_1_47' title="bbox 569 4612 2160 4687">
    <p class='ocr_par' dir='ltr' id='par_1_47' title="bbox 569 4612 2160 4687">
     <span class='ocr_line' id='line_1_47' title="bbox 569 4612 2160 4687; baseline -0.004 -13"><span class='ocrx_word' id='word_1_369' title='bbox 569 4623 621 4676; x_wconf 87' lang='lat' dir='ltr'><strong>it.</strong></span> <span class='ocrx_word' id='word_1_370' title='bbox 649 4620 923 4687; x_wconf 73' lang='lat' dir='ltr'><strong>Scriptura</strong></span> <span class='ocrx_word' id='word_1_371' title='bbox 958 4617 1046 4672; x_wconf 89' lang='lat' dir='ltr'><strong>Dei</strong></span> <span class='ocrx_word' id='word_1_372' title='bbox 1067 4633 1081 4678; x_wconf 88' lang='lat'><strong>;</strong></span> <span class='ocrx_word' id='word_1_373' title='bbox 1104 4613 1335 4671; x_wconf 90' lang='lat' dir='ltr'><strong>eundum</strong></span> <span class='ocrx_word' id='word_1_374' title='bbox 1367 4623 1445 4669; x_wconf 82' lang='lat' dir='ltr'><strong>est</strong></span> <span class='ocrx_word' id='word_1_375' title='bbox 1477 4623 1530 4669; x_wconf 89' lang='lat' dir='ltr'><strong>et</strong></span> <span class='ocrx_word' id='word_1_376' title='bbox 1555 4613 1621 4667; x_wconf 92' lang='lat' dir='ltr'><strong>ad</strong></span> <span class='ocrx_word' id='word_1_377' title='bbox 1648 4613 1948 4682; x_wconf 87' lang='lat' dir='ltr'><strong>spectacula</strong></span> <span class='ocrx_word' id='word_1_378' title='bbox 2007 4612 2160 4668; x_wconf 91' lang='lat' dir='ltr'><strong>thea-</strong></span> 
     </span>
    </p>
   </div>
   <div class='ocr_carea' id='block_1_48' title="bbox 571 4703 2162 4782">
    <p class='ocr_par' dir='ltr' id='par_1_48' title="bbox 571 4703 2162 4782">
     <span class='ocr_line' id='line_1_48' title="bbox 571 4703 2162 4782; baseline -0.007 -14"><span class='ocrx_word' id='word_1_379' title='bbox 571 4715 664 4774; x_wconf 82' lang='lat' dir='ltr'><strong>tri.</strong></span> <span class='ocrx_word' id='word_1_380' title='bbox 687 4711 807 4782; x_wconf 86' lang='lat' dir='ltr'><strong>quia</strong></span> <span class='ocrx_word' id='word_1_381' title='bbox 829 4709 958 4763; x_wconf 80' lang='lat' dir='ltr'><strong>dicit</strong></span> <span class='ocrx_word' id='word_1_382' title='bbox 981 4707 1268 4776; x_wconf 65' lang='lat' dir='ltr'><strong>Apostolus</strong></span> <span class='ocrx_word' id='word_1_383' title='bbox 1292 4723 1304 4760; x_wconf 92' lang='lat'>:</span> <span class='ocrx_word' id='word_1_384' title='bbox 1332 4705 1452 4758; x_wconf 83' lang='lat' dir='ltr'><strong>Non</strong></span> <span class='ocrx_word' id='word_1_385' title='bbox 1473 4705 1546 4758; x_wconf 85' lang='lat' dir='ltr'><strong>sic</strong></span> <span class='ocrx_word' id='word_1_386' title='bbox 1569 4705 1809 4774; x_wconf 78' lang='lat' dir='ltr'><strong>pagi/lor,</strong></span> <span class='ocrx_word' id='word_1_387' title='bbox 1834 4703 1978 4773; x_wconf 77' lang='lat' dir='ltr'><strong>quasi</strong></span> <span class='ocrx_word' id='word_1_388' title='bbox 1995 4719 2162 4757; x_wconf 88' lang='lat' dir='ltr'><strong>aerem</strong></span> 
     </span>
    </p>
   </div>
   <div class='ocr_carea' id='block_1_49' title="bbox 554 4794 2162 4872">
    <p class='ocr_par' dir='ltr' id='par_1_49' title="bbox 554 4794 2162 4872">
     <span class='ocr_line' id='line_1_49' title="bbox 554 4794 2162 4872; baseline -0.007 -11"><span class='ocrx_word' id='word_1_389' title='bbox 554 4795 798 4865; x_wconf 65' lang='lat' dir='ltr'><strong>lcwdcns;</strong></span> <span class='ocrx_word' id='word_1_390' title='bbox 817 4801 1036 4872; x_wconf 73' lang='lat' dir='ltr'><strong>pugilari</strong></span> <span class='ocrx_word' id='word_1_391' title='bbox 1063 4798 1206 4854; x_wconf 90' lang='lat' dir='ltr'><strong>enim</strong></span> <span class='ocrx_word' id='word_1_392' title='bbox 1228 4807 1309 4853; x_wconf 89' lang='lat' dir='ltr'><strong>est</strong></span> <span class='ocrx_word' id='word_1_393' title='bbox 1331 4797 1657 4867; x_wconf 87' lang='lat' dir='ltr'><strong>pancratium</strong></span> <span class='ocrx_word' id='word_1_394' title='bbox 1687 4794 1882 4850; x_wconf 88' lang='lat' dir='ltr'><strong>facere.</strong></span> <span class='ocrx_word' id='word_1_395' title='bbox 1902 4794 2016 4849; x_wconf 85' lang='lat' dir='ltr'><strong>Jam</strong></span> <span class='ocrx_word' id='word_1_396' title='bbox 2038 4795 2162 4863; x_wconf 87' lang='lat' dir='ltr'><strong>quia</strong></span> 
     </span>
    </p>
   </div>
   <div class='ocr_carea' id='block_1_50' title="bbox 575 4886 2161 4959">
    <p class='ocr_par' dir='ltr' id='par_1_50' title="bbox 575 4886 2161 4959">
     <span class='ocr_line' id='line_1_50' title="bbox 575 4886 2161 4959; baseline -0.008 -6"><span class='ocrx_word' id='word_1_397' title='bbox 575 4898 698 4953; x_wconf 85' lang='lat' dir='ltr'><strong>bitu:</strong></span> <span class='ocrx_word' id='word_1_398' title='bbox 724 4895 848 4952; x_wconf 90' lang='lat' dir='ltr'><strong>data</strong></span> <span class='ocrx_word' id='word_1_399' title='bbox 876 4901 957 4948; x_wconf 87' lang='lat' dir='ltr'><strong>est</strong></span> <span class='ocrx_word' id='word_1_400' title='bbox 977 4890 1286 4957; x_wconf 90' lang='lat' dir='ltr'><strong>similitudo,</strong></span> <span class='ocrx_word' id='word_1_401' title='bbox 1319 4889 1618 4959; x_wconf 87' lang='lat' dir='ltr'><strong>spectacula</strong></span> <span class='ocrx_word' id='word_1_402' title='bbox 1648 4887 1746 4942; x_wconf 91' lang='lat' dir='ltr'><strong>ista</strong></span> <span class='ocrx_word' id='word_1_403' title='bbox 1771 4886 2040 4942; x_wconf 87' lang='lat' dir='ltr'><strong>delectare</strong></span> <span class='ocrx_word' id='word_1_404' title='bbox 2062 4900 2161 4941; x_wconf 89' lang='lat' dir='ltr'><strong>nos</strong></span> 
     </span>
    </p>
   </div>
   <div class='ocr_carea' id='block_1_51' title="bbox 574 4979 2162 5058">
    <p class='ocr_par' dir='ltr' id='par_1_51' title="bbox 574 4979 2162 5058">
     <span class='ocr_line' id='line_1_51' title="bbox 574 4979 2162 5058; baseline -0.01 -8"><span class='ocrx_word' id='word_1_405' title='bbox 574 4989 812 5050; x_wconf 84' lang='lat' dir='ltr'><strong>debent?</strong></span> <span class='ocrx_word' id='word_1_406' title='bbox 841 4997 933 5044; x_wconf 83' lang='lat' dir='ltr'><strong>aut</strong></span> <span class='ocrx_word' id='word_1_407' title='bbox 980 4987 1102 5058; x_wconf 91' lang='lat' dir='ltr'><strong>quia</strong></span> <span class='ocrx_word' id='word_1_408' title='bbox 1151 4984 1304 5048; x_wconf 77' lang='lat' dir='ltr'><strong>dixit,</strong></span> <span class='ocrx_word' id='word_1_409' title='bbox 1337 4983 1436 5049; x_wconf 81' lang='lat' dir='ltr'><strong>Qui</strong></span> <span class='ocrx_word' id='word_1_410' title='bbox 1483 4984 1536 5038; x_wconf 86' lang='lat' dir='ltr'><strong>in</strong></span> <span class='ocrx_word' id='word_1_411' title='bbox 1582 4998 1744 5054; x_wconf 83' lang='lat' dir='ltr'><strong>agone</strong></span> <span class='ocrx_word' id='word_1_412' title='bbox 1790 4982 2068 5047; x_wconf 81' lang='lat' dir='ltr'><strong>contendit,</strong></span> <span class='ocrx_word' id='word_1_413' title='bbox 2097 4979 2162 5034; x_wconf 85' lang='lat' dir='ltr'><strong>ab</strong></span> 
     </span>
    </p>
   </div>
   <div class='ocr_carea' id='block_1_52' title="bbox 573 5076 2160 5150">
    <p class='ocr_par' dir='ltr' id='par_1_52' title="bbox 573 5076 2160 5150">
     <span class='ocr_line' id='line_1_52' title="bbox 573 5076 2160 5150; baseline -0.01 -6"><span class='ocrx_word' id='word_1_414' title='bbox 573 5088 804 5144; x_wconf 86' lang='lat' dir='ltr'><strong>omnibus</strong></span> <span class='ocrx_word' id='word_1_415' title='bbox 841 5083 1097 5140; x_wconf 85' lang='lat' dir='ltr'><strong>abstinens</strong></span> <span class='ocrx_word' id='word_1_416' title='bbox 1138 5090 1214 5136; x_wconf 90' lang='lat' dir='ltr'><strong>est</strong></span> <span class='ocrx_word' id='word_1_417' title='bbox 1241 5080 1258 5150; x_wconf 96' lang='lat'><strong>(</strong></span> <span class='ocrx_word' id='word_1_418' title='bbox 1283 5078 1299 5132; x_wconf 95' lang='grc'><strong>1</strong></span> <span class='ocrx_word' id='word_1_419' title='bbox 1324 5079 1438 5140; x_wconf 84' lang='lat' dir='ltr'><strong>Cor,</strong></span> <span class='ocrx_word' id='word_1_420' title='bbox 1470 5095 1546 5145; x_wconf 82' lang='lat' dir='ltr'><strong>ts,</strong></span> <span class='ocrx_word' id='word_1_421' title='bbox 1575 5077 1666 5142; x_wconf 72' lang='lat'><strong>26,</strong></span> <span class='ocrx_word' id='word_1_422' title='bbox 1699 5076 1835 5146; x_wconf 78' lang='lat'><strong>28);</strong></span> <span class='ocrx_word' id='word_1_423' title='bbox 1878 5086 2160 5147; x_wconf 86' lang='lat' dir='ltr'><strong>propterea</strong></span> 
     </span>
    </p>
   </div>
   <div class='ocr_carea' id='block_1_53' title="bbox 573 5167 2164 5256">
    <p class='ocr_par' dir='ltr' id='par_1_53' title="bbox 573 5167 2164 5256">
     <span class='ocr_line' id='line_1_53' title="bbox 573 5167 2164 5256; baseline -0.012 -16"><span class='ocrx_word' id='word_1_424' title='bbox 573 5182 867 5256; x_wconf 82' lang='lat' dir='ltr'><strong>agonistica</strong></span> <span class='ocrx_word' id='word_1_425' title='bbox 898 5181 998 5235; x_wconf 89' lang='lat' dir='ltr'><strong>ista</strong></span> <span class='ocrx_word' id='word_1_426' title='bbox 1037 5191 1170 5232; x_wconf 84' lang='lat' dir='ltr'><strong>vana</strong></span> <span class='ocrx_word' id='word_1_427' title='bbox 1192 5183 1247 5231; x_wconf 92' lang='lat' dir='ltr'><strong>et</strong></span> <span class='ocrx_word' id='word_1_428' title='bbox 1297 5173 1497 5229; x_wconf 90' lang='lat' dir='ltr'><strong>ludicra</strong></span> <span class='ocrx_word' id='word_1_429' title='bbox 1541 5171 1700 5227; x_wconf 90' lang='lat' dir='ltr'><strong>debet</strong></span> <span class='ocrx_word' id='word_1_430' title='bbox 1723 5169 1974 5226; x_wconf 73' lang='lat' dir='ltr'><strong>ali‘ectare</strong></span> <span class='ocrx_word' id='word_1_431' title='bbox 2019 5167 2164 5224; x_wconf 87' lang='lat' dir='ltr'><strong>chri-</strong></span> 
     </span>
    </p>
   </div>
   <div class='ocr_carea' id='block_1_54' title="bbox 575 5261 2159 5337">
    <p class='ocr_par' dir='ltr' id='par_1_54' title="bbox 575 5261 2159 5337">
     <span class='ocr_line' id='line_1_54' title="bbox 575 5261 2159 5337; baseline -0.013 -3"><span class='ocrx_word' id='word_1_432' title='bbox 575 5277 817 5334; x_wconf 80' lang='lat' dir='ltr'><strong>stianus?</strong></span> <span class='ocrx_word' id='word_1_433' title='bbox 848 5271 1080 5329; x_wconf 87' lang='lat' dir='ltr'><strong>Attende</strong></span> <span class='ocrx_word' id='word_1_434' title='bbox 1119 5266 1244 5337; x_wconf 87' lang='lat' dir='ltr'><strong>quid</strong></span> <span class='ocrx_word' id='word_1_435' title='bbox 1267 5265 1364 5321; x_wconf 88' lang='lat' dir='ltr'><strong>tibi</strong></span> <span class='ocrx_word' id='word_1_436' title='bbox 1414 5265 1620 5321; x_wconf 89' lang='lat' dir='ltr'><strong>dicatur</strong></span> <span class='ocrx_word' id='word_1_437' title='bbox 1647 5262 1714 5318; x_wconf 90' lang='lat' dir='ltr'><strong>ad</strong></span> <span class='ocrx_word' id='word_1_438' title='bbox 1736 5261 2159 5328; x_wconf 86' lang='lat' dir='ltr'><strong>similitudinem,</strong></span> 
     </span>
    </p>
   </div>
   <div class='ocr_carea' id='block_1_55' title="bbox 575 5353 2160 5439">
    <p class='ocr_par' dir='ltr' id='par_1_55' title="bbox 575 5353 2160 5439">
     <span class='ocr_line' id='line_1_55' title="bbox 575 5353 2160 5439; baseline -0.007 -18"><span class='ocrx_word' id='word_1_439' title='bbox 575 5368 703 5439; x_wconf 89' lang='lat' dir='ltr'><strong>quid</strong></span> <span class='ocrx_word' id='word_1_440' title='bbox 733 5374 1014 5422; x_wconf 87' lang='lat' dir='ltr'><strong>moneatur</strong></span> <span class='ocrx_word' id='word_1_441' title='bbox 1041 5361 1107 5416; x_wconf 89' lang='lat' dir='ltr'><strong>ad</strong></span> <span class='ocrx_word' id='word_1_442' title='bbox 1143 5358 1567 5430; x_wconf 85' lang='lat' dir='ltr'><strong>prohibitionem.</strong></span> <span class='ocrx_word' id='word_1_443' title='bbox 1596 5355 1668 5410; x_wconf 90' lang='lat' dir='ltr'><strong>Ita</strong></span> <span class='ocrx_word' id='word_1_444' title='bbox 1691 5371 1818 5425; x_wconf 79' lang='lat' dir='ltr'><strong>ergo</strong></span> <span class='ocrx_word' id='word_1_445' title='bbox 1847 5364 1903 5411; x_wconf 90' lang='lat' dir='ltr'><strong>et</strong></span> <span class='ocrx_word' id='word_1_446' title='bbox 1929 5354 2014 5408; x_wconf 91' lang='lat' dir='ltr'><strong>hic</strong></span> <span class='ocrx_word' id='word_1_447' title='bbox 2038 5353 2160 5410; x_wconf 86' lang='lat' dir='ltr'><strong>data</strong></span> 
     </span>
    </p>
   </div>
   <div class='ocr_carea' id='block_1_56' title="bbox 571 5449 2162 5533">
    <p class='ocr_par' dir='ltr' id='par_1_56' title="bbox 571 5449 2162 5533">
     <span class='ocr_line' id='line_1_56' title="bbox 571 5449 2162 5533; baseline -0.009 -13"><span class='ocrx_word' id='word_1_448' title='bbox 571 5474 654 5520; x_wconf 87' lang='lat' dir='ltr'><strong>est</strong></span> <span class='ocrx_word' id='word_1_449' title='bbox 669 5461 910 5533; x_wconf 68' lang='lat' dir='ltr'><strong>quaedam</strong></span> <span class='ocrx_word' id='word_1_450' title='bbox 933 5454 1224 5514; x_wconf 88' lang='lat' dir='ltr'><strong>similitudo</strong></span> <span class='ocrx_word' id='word_1_451' title='bbox 1241 5453 1308 5508; x_wconf 88' lang='lat' dir='ltr'><strong>de</strong></span> <span class='ocrx_word' id='word_1_452' title='bbox 1325 5453 1517 5514; x_wconf 82' lang='lat' dir='ltr'><strong>Marso,</strong></span> <span class='ocrx_word' id='word_1_453' title='bbox 1537 5451 1626 5522; x_wconf 90' lang='lat' dir='ltr'><strong>qui</strong></span> <span class='ocrx_word' id='word_1_454' title='bbox 1647 5451 1881 5506; x_wconf 89' lang='lat' dir='ltr'><strong>incantat</strong></span> <span class='ocrx_word' id='word_1_455' title='bbox 1901 5459 1954 5504; x_wconf 92' lang='lat' dir='ltr'><strong>ut</strong></span> <span class='ocrx_word' id='word_1_456' title='bbox 1969 5449 2162 5505; x_wconf 89' lang='lat' dir='ltr'><strong>educat</strong></span> 
     </span>
    </p>
   </div>
   <div class='ocr_carea' id='block_1_57' title="bbox 573 5542 2163 5622">
    <p class='ocr_par' dir='ltr' id='par_1_57' title="bbox 573 5542 2163 5622">
     <span class='ocr_line' id='line_1_57' title="bbox 573 5542 2163 5622; baseline -0.007 -11"><span class='ocrx_word' id='word_1_457' title='bbox 573 5555 813 5622; x_wconf 76' lang='lat' dir='ltr'><strong>aSpidem</strong></span> <span class='ocrx_word' id='word_1_458' title='bbox 857 5551 923 5606; x_wconf 85' lang='lat' dir='ltr'><strong>de</strong></span> <span class='ocrx_word' id='word_1_459' title='bbox 950 5550 1229 5606; x_wconf 88' lang='lat' dir='ltr'><strong>tenebrosa</strong></span> <span class='ocrx_word' id='word_1_460' title='bbox 1269 5559 1494 5601; x_wconf 82' lang='lat' dir='ltr'><strong>caverna</strong></span> <span class='ocrx_word' id='word_1_461' title='bbox 1530 5560 1542 5597; x_wconf 89' lang='lat'><strong>:</strong></span> <span class='ocrx_word' id='word_1_462' title='bbox 1571 5543 1753 5614; x_wconf 86' lang='lat' dir='ltr'><strong>utique</strong></span> <span class='ocrx_word' id='word_1_463' title='bbox 1774 5542 1824 5597; x_wconf 92' lang='lat' dir='ltr'><strong>in</strong></span> <span class='ocrx_word' id='word_1_464' title='bbox 1847 5542 2020 5597; x_wconf 91' lang='lat' dir='ltr'><strong>lucem</strong></span> <span class='ocrx_word' id='word_1_465' title='bbox 2047 5542 2163 5600; x_wconf 87' lang='lat' dir='ltr'><strong>vult</strong></span> 
     </span>
    </p>
   </div>
   <div class='ocr_carea' id='block_1_58' title="bbox 575 5635 2161 5710">
    <p class='ocr_par' dir='ltr' id='par_1_58' title="bbox 575 5635 2161 5710">
     <span class='ocr_line' id='line_1_58' title="bbox 575 5635 2161 5710; baseline -0.008 -5"><span class='ocrx_word' id='word_1_466' title='bbox 575 5649 841 5710; x_wconf 79' lang='lat' dir='ltr'><strong>educere;</strong></span> <span class='ocrx_word' id='word_1_467' title='bbox 876 5642 964 5698; x_wconf 87' lang='lat' dir='ltr'><strong>illa</strong></span> <span class='ocrx_word' id='word_1_468' title='bbox 992 5652 1168 5696; x_wconf 81' lang='lat' dir='ltr'><strong>autem</strong></span> <span class='ocrx_word' id='word_1_469' title='bbox 1215 5637 1443 5693; x_wconf 89' lang='lat' dir='ltr'><strong>amando</strong></span> <span class='ocrx_word' id='word_1_470' title='bbox 1461 5637 1708 5692; x_wconf 84' lang='lat' dir='ltr'><strong>tenebras</strong></span> <span class='ocrx_word' id='word_1_471' title='bbox 1732 5652 1857 5691; x_wconf 89' lang='lat' dir='ltr'><strong>suas</strong></span> <span class='ocrx_word' id='word_1_472' title='bbox 1880 5635 2070 5707; x_wconf 91' lang='lat' dir='ltr'><strong>quibus</strong></span> <span class='ocrx_word' id='word_1_473' title='bbox 2097 5649 2161 5692; x_wconf 82' lang='lat' dir='ltr'><strong>se</strong></span> 
     </span>
    </p>
   </div>
   <div class='ocr_carea' id='block_1_59' title="bbox 578 5728 2156 5802">
    <p class='ocr_par' dir='ltr' id='par_1_59' title="bbox 578 5728 2156 5802">
     <span class='ocr_line' id='line_1_59' title="bbox 578 5728 2156 5802; baseline -0.006 -7"><span class='ocrx_word' id='word_1_474' title='bbox 578 5738 882 5795; x_wconf 77' lang='lat' dir='ltr'><strong>involutans</strong></span> <span class='ocrx_word' id='word_1_475' title='bbox 905 5733 1156 5797; x_wconf 89' lang='lat' dir='ltr'><strong>occultat,</strong></span> <span class='ocrx_word' id='word_1_476' title='bbox 1186 5731 1382 5787; x_wconf 90' lang='lat' dir='ltr'><strong>dicitur</strong></span> <span class='ocrx_word' id='word_1_477' title='bbox 1407 5728 1548 5802; x_wconf 90' lang='lat' dir='ltr'><strong>quod</strong></span> <span class='ocrx_word' id='word_1_478' title='bbox 1577 5744 1697 5785; x_wconf 93' lang='lat' dir='ltr'><strong>eum</strong></span> <span class='ocrx_word' id='word_1_479' title='bbox 1723 5730 1871 5786; x_wconf 81' lang='lat' dir='ltr'><strong>exire</strong></span> <span class='ocrx_word' id='word_1_480' title='bbox 1905 5730 2156 5798; x_wconf 88' lang='lat' dir='ltr'><strong>noluerit,</strong></span> 
     </span>
    </p>
   </div>
   <div class='ocr_carea' id='block_1_60' title="bbox 573 5823 2156 5895">
    <p class='ocr_par' dir='ltr' id='par_1_60' title="bbox 573 5823 2156 5895">
     <span class='ocr_line' id='line_1_60' title="bbox 573 5823 2156 5895; baseline -0.004 -8"><span class='ocrx_word' id='word_1_481' title='bbox 573 5841 831 5888; x_wconf 80' lang='lat' dir='ltr'><strong>recusans</strong></span> <span class='ocrx_word' id='word_1_482' title='bbox 859 5835 1036 5882; x_wconf 86' lang='lat' dir='ltr'><strong>tamen</strong></span> <span class='ocrx_word' id='word_1_483' title='bbox 1066 5823 1250 5880; x_wconf 89' lang='lat' dir='ltr'><strong>audire</strong></span> <span class='ocrx_word' id='word_1_484' title='bbox 1284 5823 1399 5879; x_wconf 85' lang='lat' dir='ltr'><strong>illas</strong></span> <span class='ocrx_word' id='word_1_485' title='bbox 1419 5837 1575 5880; x_wconf 87' lang='lat' dir='ltr'><strong>voces</strong></span> <span class='ocrx_word' id='word_1_486' title='bbox 1604 5824 1795 5895; x_wconf 83' lang='lat' dir='ltr'><strong>quibus</strong></span> <span class='ocrx_word' id='word_1_487' title='bbox 1817 5840 1874 5878; x_wconf 79' lang='lat' dir='ltr'><strong>se.</strong></span> <span class='ocrx_word' id='word_1_488' title='bbox 1891 5825 2007 5894; x_wconf 78' lang='lat' dir='ltr'><strong>cogi</strong></span> <span class='ocrx_word' id='word_1_489' title='bbox 2030 5841 2156 5880; x_wconf 82' lang='lat' dir='ltr'><strong>sen-</strong></span> 
     </span>
    </p>
   </div>
   <div class='ocr_carea' id='block_1_61' title="bbox 1767 318 3739 397">
    <p class='ocr_par' dir='ltr' id='par_1_61' title="bbox 1767 318 3739 397">
     <span class='ocr_line' id='line_1_61' title="bbox 1767 318 3739 397; baseline -0.01 -10"><span class='ocrx_word' id='word_1_490' title='bbox 1767 329 1826 387; x_wconf 91' lang='lat' dir='ltr'><strong>s.</strong></span> <span class='ocrx_word' id='word_1_491' title='bbox 1858 318 2225 385; x_wconf 80' lang='lat' dir='ltr'><strong>AUGUSTINI</strong></span> <span class='ocrx_word' id='word_1_492' title='bbox 2265 320 2572 379; x_wconf 84' lang='lat' dir='ltr'><strong>EPISCOPI</strong></span> <span class='ocrx_word' id='word_1_493' title='bbox 3661 333 3739 397; x_wconf 60' lang='grc' dir='ltr'><strong>σεο</strong></span> 
     </span>
    </p>
   </div>
   <div class='ocr_carea' id='block_1_62' title="bbox 2236 439 3745 516">
    <p class='ocr_par' dir='ltr' id='par_1_62' title="bbox 2236 439 3745 516">
     <span class='ocr_line' id='line_1_62' title="bbox 2236 439 3745 516; baseline 0.009 -25"><span class='ocrx_word' id='word_1_494' title='bbox 2236 439 2315 501; x_wconf 87' lang='lat' dir='ltr'><strong>tit,</strong></span> <span class='ocrx_word' id='word_1_495' title='bbox 2341 439 2512 493; x_wconf 88' lang='lat' dir='ltr'><strong>allidit</strong></span> <span class='ocrx_word' id='word_1_496' title='bbox 2561 453 2721 494; x_wconf 90' lang='lat' dir='ltr'><strong>unam</strong></span> <span class='ocrx_word' id='word_1_497' title='bbox 2749 449 2933 495; x_wconf 87' lang='lat' dir='ltr'><strong>aurem</strong></span> <span class='ocrx_word' id='word_1_498' title='bbox 2987 451 3163 506; x_wconf 64' lang='lat' dir='ltr'><strong>terrae,</strong></span> <span class='ocrx_word' id='word_1_499' title='bbox 3190 448 3248 498; x_wconf 91' lang='lat' dir='ltr'><strong>et</strong></span> <span class='ocrx_word' id='word_1_500' title='bbox 3281 441 3366 516; x_wconf 47' lang='lat' dir='ltr'><strong>.de</strong></span> <span class='ocrx_word' id='word_1_501' title='bbox 3416 444 3566 503; x_wconf 84' lang='lat' dir='ltr'><strong>cauda</strong></span> <span class='ocrx_word' id='word_1_502' title='bbox 3587 449 3745 511; x_wconf 76' lang='lat' dir='ltr'><strong>obturat</strong></span> 
     </span>
    </p>
   </div>
   <div class='ocr_carea' id='block_1_63' title="bbox 2232 531 3744 612">
    <p class='ocr_par' dir='ltr' id='par_1_63' title="bbox 2232 531 3744 612">
     <span class='ocr_line' id='line_1_63' title="bbox 2232 531 3744 612; baseline 0.008 -27"><span class='ocrx_word' id='word_1_503' title='bbox 2232 531 2479 596; x_wconf 87' lang='lat' dir='ltr'><strong>alteram,</strong></span> <span class='ocrx_word' id='word_1_504' title='bbox 2508 540 2666 602; x_wconf 87' lang='lat' dir='ltr'><strong>atque</strong></span> <span class='ocrx_word' id='word_1_505' title='bbox 2688 532 2756 587; x_wconf 88' lang='lat' dir='ltr'><strong>ila</strong></span> <span class='ocrx_word' id='word_1_506' title='bbox 2784 548 2948 588; x_wconf 87' lang='lat' dir='ltr'><strong>vnces</strong></span> <span class='ocrx_word' id='word_1_507' title='bbox 2975 534 3093 588; x_wconf 82' lang='lat' dir='ltr'><strong>illas</strong></span> <span class='ocrx_word' id='word_1_508' title='bbox 3118 545 3374 605; x_wconf 87' lang='lat' dir='ltr'><strong>quantum</strong></span> <span class='ocrx_word' id='word_1_509' title='bbox 3401 548 3557 607; x_wconf 83' lang='lat' dir='ltr'><strong>potest</strong></span> <span class='ocrx_word' id='word_1_510' title='bbox 3577 543 3744 612; x_wconf 82' lang='lat' dir='ltr'><strong>evitans,</strong></span> 
     </span>
    </p>
   </div>
   <div class='ocr_carea' id='block_1_64' title="bbox 2236 623 3749 702">
    <p class='ocr_par' dir='ltr' id='par_1_64' title="bbox 2236 623 3749 702">
     <span class='ocr_line' id='line_1_64' title="bbox 2236 623 3749 702; baseline 0.009 -25"><span class='ocrx_word' id='word_1_511' title='bbox 2236 640 2342 679; x_wconf 90' lang='lat' dir='ltr'><strong>non</strong></span> <span class='ocrx_word' id='word_1_512' title='bbox 2368 624 2477 678; x_wconf 81' lang='lat' dir='ltr'><strong>exit</strong></span> <span class='ocrx_word' id='word_1_513' title='bbox 2502 623 2567 678; x_wconf 91' lang='lat' dir='ltr'><strong>ad</strong></span> <span class='ocrx_word' id='word_1_514' title='bbox 2621 625 3000 681; x_wconf 74' lang='lat' dir='ltr'><strong>incantantem.</strong></span> <span class='ocrx_word' id='word_1_515' title='bbox 3032 625 3166 682; x_wconf 86' lang='lat' dir='ltr'><strong>Huic</strong></span> <span class='ocrx_word' id='word_1_516' title='bbox 3212 627 3414 683; x_wconf 89' lang='lat' dir='ltr'><strong>similes</strong></span> <span class='ocrx_word' id='word_1_517' title='bbox 3438 630 3556 686; x_wconf 76' lang='lat' dir='ltr'><strong>dixit</strong></span> <span class='ocrx_word' id='word_1_518' title='bbox 3578 632 3749 702; x_wconf 75' lang='lat' dir='ltr'><strong>Spiritus</strong></span> 
     </span>
    </p>
   </div>
   <div class='ocr_carea' id='block_1_65' title="bbox 2236 717 3751 789">
    <p class='ocr_par' dir='ltr' id='par_1_65' title="bbox 2236 717 3751 789">
     <span class='ocr_line' id='line_1_65' title="bbox 2236 717 3751 789; baseline 0.012 -17"><span class='ocrx_word' id='word_1_519' title='bbox 2236 717 2331 772; x_wconf 85' lang='lat' dir='ltr'><strong>Dei</strong></span> <span class='ocrx_word' id='word_1_520' title='bbox 2363 718 2623 788; x_wconf 88' lang='lat' dir='ltr'><strong>quosdatn</strong></span> <span class='ocrx_word' id='word_1_521' title='bbox 2656 735 2760 774; x_wconf 91' lang='lat' dir='ltr'><strong>non</strong></span> <span class='ocrx_word' id='word_1_522' title='bbox 2791 719 3071 775; x_wconf 87' lang='lat' dir='ltr'><strong>audientes</strong></span> <span class='ocrx_word' id='word_1_523' title='bbox 3097 723 3319 778; x_wconf 89' lang='lat' dir='ltr'><strong>verbum</strong></span> <span class='ocrx_word' id='word_1_524' title='bbox 3372 725 3481 787; x_wconf 86' lang='lat' dir='ltr'><strong>Dei.</strong></span> <span class='ocrx_word' id='word_1_525' title='bbox 3503 737 3551 782; x_wconf 89' lang='lat' dir='ltr'><strong>et</strong></span> <span class='ocrx_word' id='word_1_526' title='bbox 3590 745 3751 789; x_wconf 76' lang='lat' dir='ltr'><strong>nonsa-</strong></span> 
     </span>
    </p>
   </div>
   <div class='ocr_carea' id='block_1_66' title="bbox 2238 809 3758 881">
    <p class='ocr_par' dir='ltr' id='par_1_66' title="bbox 2238 809 3758 881">
     <span class='ocr_line' id='line_1_66' title="bbox 2238 809 3758 881; baseline 0.013 -19"><span class='ocrx_word' id='word_1_527' title='bbox 2238 809 2348 864; x_wconf 88' lang='lat' dir='ltr'><strong>lmn</strong></span> <span class='ocrx_word' id='word_1_528' title='bbox 2377 826 2481 865; x_wconf 92' lang='lat' dir='ltr'><strong>non</strong></span> <span class='ocrx_word' id='word_1_529' title='bbox 2510 809 2782 881; x_wconf 88' lang='lat' dir='ltr'><strong>facientes,</strong></span> <span class='ocrx_word' id='word_1_530' title='bbox 2805 811 2901 868; x_wconf 90' lang='lat' dir='ltr'><strong>sed</strong></span> <span class='ocrx_word' id='word_1_531' title='bbox 2943 815 3162 869; x_wconf 90' lang='lat' dir='ltr'><strong>omnino</strong></span> <span class='ocrx_word' id='word_1_532' title='bbox 3192 831 3260 872; x_wconf 88' lang='lat' dir='ltr'><strong>ne</strong></span> <span class='ocrx_word' id='word_1_533' title='bbox 3289 814 3483 874; x_wconf 87' lang='lat' dir='ltr'><strong>faciant</strong></span> <span class='ocrx_word' id='word_1_534' title='bbox 3501 821 3656 879; x_wconf 74' lang='lat' dir='ltr'><strong>audire</strong></span> <span class='ocrx_word' id='word_1_535' title='bbox 3687 809 3758 881; x_wconf 60' lang='lat' dir='ltr'><strong>ne&quot;</strong></span> 
     </span>
    </p>
   </div>
   <div class='ocr_carea' id='block_1_67' title="bbox 2239 900 2465 956">
    <p class='ocr_par' dir='ltr' id='par_1_67' title="bbox 2239 900 2465 956">
     <span class='ocr_line' id='line_1_67' title="bbox 2239 900 2465 956; baseline 0.009 -2"><span class='ocrx_word' id='word_1_536' title='bbox 2239 900 2411 955; x_wconf 88' lang='lat' dir='ltr'><strong>lentes</strong></span> <span class='ocrx_word' id='word_1_537' title='bbox 2430 903 2465 956; x_wconf 80' lang='lat'><strong>’.</strong></span> 
     </span>
    </p>
   </div>
   <div class='ocr_carea' id='block_1_68' title="bbox 2311 993 3762 1070">
    <p class='ocr_par' dir='ltr' id='par_1_68' title="bbox 2311 993 3762 1070">
     <span class='ocr_line' id='line_1_68' title="bbox 2311 993 3762 1070; baseline 0.008 -22"><span class='ocrx_word' id='word_1_538' title='bbox 2311 993 2365 1048; x_wconf 91' lang='lat'><strong>8.</strong></span> <span class='ocrx_word' id='word_1_539' title='bbox 2407 994 2626 1048; x_wconf 82' lang='lat' dir='ltr'><strong>Factum</strong></span> <span class='ocrx_word' id='word_1_540' title='bbox 2660 1003 2742 1050; x_wconf 89' lang='lat' dir='ltr'><strong>est</strong></span> <span class='ocrx_word' id='word_1_541' title='bbox 2781 995 2883 1051; x_wconf 90' lang='lat' dir='ltr'><strong>hoc</strong></span> <span class='ocrx_word' id='word_1_542' title='bbox 2924 1005 2979 1051; x_wconf 93' lang='lat' dir='ltr'><strong>et</strong></span> <span class='ocrx_word' id='word_1_543' title='bbox 3008 996 3060 1052; x_wconf 92' lang='lat' dir='ltr'><strong>in</strong></span> <span class='ocrx_word' id='word_1_544' title='bbox 3104 997 3292 1068; x_wconf 86' lang='lat' dir='ltr'><strong>primis</strong></span> <span class='ocrx_word' id='word_1_545' title='bbox 3328 1002 3630 1070; x_wconf 85' lang='lat' dir='ltr'><strong>temporibus</strong></span> <span class='ocrx_word' id='word_1_546' title='bbox 3657 995 3762 1062; x_wconf 65' lang='lat' dir='ltr'><strong>ﬁdei.~</strong></span> 
     </span>
    </p>
   </div>
   <div class='ocr_carea' id='block_1_69' title="bbox 2239 1084 3758 1165">
    <p class='ocr_par' dir='ltr' id='par_1_69' title="bbox 2239 1084 3758 1165">
     <span class='ocr_line' id='line_1_69' title="bbox 2239 1084 3758 1165; baseline 0.009 -24"><span class='ocrx_word' id='word_1_547' title='bbox 2239 1084 2540 1154; x_wconf 86' lang='lat' dir='ltr'><strong>Stephanus</strong></span> <span class='ocrx_word' id='word_1_548' title='bbox 2567 1095 2769 1158; x_wconf 75' lang='lat' dir='ltr'><strong>martyr</strong></span> <span class='ocrx_word' id='word_1_549' title='bbox 2794 1087 3117 1156; x_wconf 72' lang='lat' dir='ltr'><strong>prmdicabat</strong></span> <span class='ocrx_word' id='word_1_550' title='bbox 3151 1091 3429 1145; x_wconf 88' lang='lat' dir='ltr'><strong>veritatem</strong></span> <span class='ocrx_word' id='word_1_551' title='bbox 3456 1135 3469 1157; x_wconf 95' lang='lat'><strong>,</strong></span> <span class='ocrx_word' id='word_1_552' title='bbox 3497 1102 3546 1148; x_wconf 90' lang='lat' dir='ltr'><strong>et</strong></span> <span class='ocrx_word' id='word_1_553' title='bbox 3573 1103 3758 1165; x_wconf 76' lang='lat' dir='ltr'><strong>tanquam</strong></span> 
     </span>
    </p>
   </div>
   <div class='ocr_carea' id='block_1_70' title="bbox 2241 1175 3760 1248">
    <p class='ocr_par' dir='ltr' id='par_1_70' title="bbox 2241 1175 3760 1248">
     <span class='ocr_line' id='line_1_70' title="bbox 2241 1175 3760 1248; baseline 0.003 -18"><span class='ocrx_word' id='word_1_554' title='bbox 2241 1175 2540 1231; x_wconf 83' lang='lat' dir='ltr'><strong>tenebrosis</strong></span> <span class='ocrx_word' id='word_1_555' title='bbox 2562 1177 2844 1239; x_wconf 82' lang='lat' dir='ltr'><strong>mentibus,</strong></span> <span class='ocrx_word' id='word_1_556' title='bbox 2870 1191 2928 1233; x_wconf 89' lang='lat' dir='ltr'><strong>ut</strong></span> <span class='ocrx_word' id='word_1_557' title='bbox 2959 1194 3049 1233; x_wconf 86' lang='lat' dir='ltr'><strong>eas</strong></span> <span class='ocrx_word' id='word_1_558' title='bbox 3076 1179 3128 1234; x_wconf 92' lang='lat' dir='ltr'><strong>in</strong></span> <span class='ocrx_word' id='word_1_559' title='bbox 3150 1179 3322 1235; x_wconf 88' lang='lat' dir='ltr'><strong>lucem</strong></span> <span class='ocrx_word' id='word_1_560' title='bbox 3353 1183 3604 1248; x_wconf 86' lang='lat' dir='ltr'><strong>educeret,</strong></span> <span class='ocrx_word' id='word_1_561' title='bbox 3629 1187 3760 1242; x_wconf 78' lang='lat' dir='ltr'><strong>iuean.</strong></span> 
     </span>
    </p>
   </div>
   <div class='ocr_carea' id='block_1_71' title="bbox 2242 1266 3761 1348">
    <p class='ocr_par' dir='ltr' id='par_1_71' title="bbox 2242 1266 3761 1348">
     <span class='ocr_line' id='line_1_71' title="bbox 2242 1266 3761 1348; baseline 0.011 -28"><span class='ocrx_word' id='word_1_562' title='bbox 2242 1266 2423 1320; x_wconf 88' lang='lat' dir='ltr'><strong>tabat:</strong></span> <span class='ocrx_word' id='word_1_563' title='bbox 2459 1267 2546 1321; x_wconf 91' lang='lat' dir='ltr'><strong>ubi</strong></span> <span class='ocrx_word' id='word_1_564' title='bbox 2577 1269 2718 1322; x_wconf 90' lang='lat' dir='ltr'><strong>venit</strong></span> <span class='ocrx_word' id='word_1_565' title='bbox 2739 1269 2802 1323; x_wconf 90' lang='lat' dir='ltr'><strong>ad</strong></span> <span class='ocrx_word' id='word_1_566' title='bbox 2834 1273 3401 1327; x_wconf 88' lang='lat' dir='ltr'><strong>commemorationem</strong></span> <span class='ocrx_word' id='word_1_567' title='bbox 3423 1274 3622 1342; x_wconf 89' lang='lat' dir='ltr'><strong>Christi,</strong></span> <span class='ocrx_word' id='word_1_568' title='bbox 3648 1294 3761 1348; x_wconf 82' lang='lat' dir='ltr'><strong>quem</strong></span> 
     </span>
    </p>
   </div>
   <div class='ocr_carea' id='block_1_72' title="bbox 2242 1356 3762 1437">
    <p class='ocr_par' dir='ltr' id='par_1_72' title="bbox 2242 1356 3762 1437">
     <span class='ocr_line' id='line_1_72' title="bbox 2242 1356 3762 1437; baseline 0.008 -25"><span class='ocrx_word' id='word_1_569' title='bbox 2242 1356 2316 1414; x_wconf 91' lang='lat' dir='ltr'><strong>illi</strong></span> <span class='ocrx_word' id='word_1_570' title='bbox 2347 1358 2568 1411; x_wconf 89' lang='lat' dir='ltr'><strong>omnino</strong></span> <span class='ocrx_word' id='word_1_571' title='bbox 2608 1357 2792 1413; x_wconf 91' lang='lat' dir='ltr'><strong>audire</strong></span> <span class='ocrx_word' id='word_1_572' title='bbox 2838 1360 3123 1416; x_wconf 87' lang='lat' dir='ltr'><strong>noluerunt</strong></span> <span class='ocrx_word' id='word_1_573' title='bbox 3145 1404 3160 1426; x_wconf 97' lang='lat'><strong>,</strong></span> <span class='ocrx_word' id='word_1_574' title='bbox 3188 1362 3316 1433; x_wconf 91' lang='lat' dir='ltr'><strong>quid</strong></span> <span class='ocrx_word' id='word_1_575' title='bbox 3353 1365 3421 1419; x_wconf 89' lang='lat' dir='ltr'><strong>de</strong></span> <span class='ocrx_word' id='word_1_576' title='bbox 3457 1363 3532 1421; x_wconf 90' lang='lat' dir='ltr'><strong>eis</strong></span> <span class='ocrx_word' id='word_1_577' title='bbox 3557 1366 3762 1437; x_wconf 80' lang='lat' dir='ltr'><strong>Scriptura</strong></span> 
     </span>
    </p>
   </div>
   <div class='ocr_carea' id='block_1_73' title="bbox 2242 1437 3763 1528">
    <p class='ocr_par' dir='ltr' id='par_1_73' title="bbox 2242 1437 3763 1528">
     <span class='ocr_line' id='line_1_73' title="bbox 2242 1437 3763 1528; baseline 0.011 -28"><span class='ocrx_word' id='word_1_578' title='bbox 2242 1446 2404 1502; x_wconf 89' lang='lat' dir='ltr'><strong>dicit?</strong></span> <span class='ocrx_word' id='word_1_579' title='bbox 2432 1448 2555 1518; x_wconf 89' lang='lat' dir='ltr'><strong>quid</strong></span> <span class='ocrx_word' id='word_1_580' title='bbox 2585 1448 2651 1505; x_wconf 88' lang='lat' dir='ltr'><strong>de</strong></span> <span class='ocrx_word' id='word_1_581' title='bbox 2682 1449 2786 1506; x_wconf 90' lang='lat' dir='ltr'><strong>illis</strong></span> <span class='ocrx_word' id='word_1_582' title='bbox 2816 1453 3038 1506; x_wconf 88' lang='lat' dir='ltr'><strong>narrat?</strong></span> <span class='ocrx_word' id='word_1_583' title='bbox 3063 1437 3409 1523; x_wconf 68' lang='lat' dir='ltr'><strong>Clauserunt,</strong></span> <span class='ocrx_word' id='word_1_584' title='bbox 3443 1457 3625 1528; x_wconf 86' lang='lat' dir='ltr'><strong>inquit,</strong></span> <span class='ocrx_word' id='word_1_585' title='bbox 3659 1477 3763 1518; x_wconf 76' lang='lat' dir='ltr'><strong>cum</strong></span> 
     </span>
    </p>
   </div>
   <div class='ocr_carea' id='block_1_74' title="bbox 2243 1539 3764 1621">
    <p class='ocr_par' dir='ltr' id='par_1_74' title="bbox 2243 1539 3764 1621">
     <span class='ocr_line' id='line_1_74' title="bbox 2243 1539 3764 1621; baseline 0.011 -29"><span class='ocrx_word' id='word_1_586' title='bbox 2243 1555 2383 1593; x_wconf 88' lang='lat' dir='ltr'><strong>suas.</strong></span> <span class='ocrx_word' id='word_1_587' title='bbox 2434 1539 2570 1606; x_wconf 86' lang='lat' dir='ltr'><strong>Quid</strong></span> <span class='ocrx_word' id='word_1_588' title='bbox 2623 1551 2800 1596; x_wconf 90' lang='lat' dir='ltr'><strong>autem</strong></span> <span class='ocrx_word' id='word_1_589' title='bbox 2841 1554 3021 1612; x_wconf 87' lang='lat' dir='ltr'><strong>postea</strong></span> <span class='ocrx_word' id='word_1_590' title='bbox 3065 1545 3310 1612; x_wconf 84' lang='lat' dir='ltr'><strong>fecerint,</strong></span> <span class='ocrx_word' id='word_1_591' title='bbox 3359 1550 3532 1618; x_wconf 83' lang='lat' dir='ltr'><strong>passio</strong></span> <span class='ocrx_word' id='word_1_592' title='bbox 3573 1549 3764 1621; x_wconf 81' lang='lat' dir='ltr'><strong>Stephani</strong></span> 
     </span>
    </p>
   </div>
   <div class='ocr_carea' id='block_1_75' title="bbox 2246 1632 3766 1706">
    <p class='ocr_par' dir='ltr' id='par_1_75' title="bbox 2246 1632 3766 1706">
     <span class='ocr_line' id='line_1_75' title="bbox 2246 1632 3766 1706; baseline 0.012 -23"><span class='ocrx_word' id='word_1_593' title='bbox 2246 1641 2455 1686; x_wconf 88' lang='lat' dir='ltr'><strong>narrata</strong></span> <span class='ocrx_word' id='word_1_594' title='bbox 2496 1632 2751 1690; x_wconf 88' lang='lat' dir='ltr'><strong>declarat.</strong></span> <span class='ocrx_word' id='word_1_595' title='bbox 2794 1633 2911 1690; x_wconf 86' lang='lat' dir='ltr'><strong>Non</strong></span> <span class='ocrx_word' id='word_1_596' title='bbox 2956 1649 3109 1692; x_wconf 88' lang='lat' dir='ltr'><strong>erant</strong></span> <span class='ocrx_word' id='word_1_597' title='bbox 3152 1639 3326 1706; x_wconf 87' lang='lat' dir='ltr'><strong>surdi,</strong></span> <span class='ocrx_word' id='word_1_598' title='bbox 3374 1641 3466 1695; x_wconf 87' lang='lat' dir='ltr'><strong>sed</strong></span> <span class='ocrx_word' id='word_1_599' title='bbox 3502 1644 3699 1697; x_wconf 84' lang='lat' dir='ltr'><strong>fecerunt</strong></span> <span class='ocrx_word' id='word_1_600' title='bbox 3726 1660 3766 1701; x_wconf 86' lang='lat' dir='ltr'><strong>se</strong></span> 
     </span>
    </p>
   </div>
   <div class='ocr_carea' id='block_1_76' title="bbox 2245 1724 3768 1799">
    <p class='ocr_par' dir='ltr' id='par_1_76' title="bbox 2245 1724 3768 1799">
     <span class='ocr_line' id='line_1_76' title="bbox 2245 1724 3768 1799; baseline 0.009 -21"><span class='ocrx_word' id='word_1_601' title='bbox 2245 1724 2454 1780; x_wconf 89' lang='lat' dir='ltr'><strong>surdos.</strong></span> <span class='ocrx_word' id='word_1_602' title='bbox 2485 1725 2618 1793; x_wconf 84' lang='lat' dir='ltr'><strong>Quia</strong></span> <span class='ocrx_word' id='word_1_603' title='bbox 2647 1728 2789 1782; x_wconf 91' lang='lat' dir='ltr'><strong>enim</strong></span> <span class='ocrx_word' id='word_1_604' title='bbox 2814 1743 2973 1783; x_wconf 86' lang='lat' dir='ltr'><strong>aures</strong></span> <span class='ocrx_word' id='word_1_605' title='bbox 3001 1740 3242 1799; x_wconf 86' lang='lat' dir='ltr'><strong>patentes</strong></span> <span class='ocrx_word' id='word_1_606' title='bbox 3273 1731 3326 1786; x_wconf 92' lang='lat' dir='ltr'><strong>in</strong></span> <span class='ocrx_word' id='word_1_607' title='bbox 3348 1734 3512 1789; x_wconf 87' lang='lat' dir='ltr'><strong>corde</strong></span> <span class='ocrx_word' id='word_1_608' title='bbox 3537 1751 3625 1789; x_wconf 89' lang='lat' dir='ltr'><strong>non</strong></span> <span class='ocrx_word' id='word_1_609' title='bbox 3652 1736 3768 1794; x_wconf 76' lang='lat' dir='ltr'><strong>babe-</strong></span> 
     </span>
    </p>
   </div>
   <div class='ocr_carea' id='block_1_77' title="bbox 2245 1817 3765 1900">
    <p class='ocr_par' dir='ltr' id='par_1_77' title="bbox 2245 1817 3765 1900">
     <span class='ocr_line' id='line_1_77' title="bbox 2245 1817 3765 1900; baseline 0.007 -26"><span class='ocrx_word' id='word_1_610' title='bbox 2245 1817 2391 1882; x_wconf 89' lang='lat' dir='ltr'><strong>bant,</strong></span> <span class='ocrx_word' id='word_1_611' title='bbox 2421 1819 2670 1874; x_wconf 91' lang='lat' dir='ltr'><strong>violentia</strong></span> <span class='ocrx_word' id='word_1_612' title='bbox 2701 1831 2874 1876; x_wconf 90' lang='lat' dir='ltr'><strong>tamen</strong></span> <span class='ocrx_word' id='word_1_613' title='bbox 2905 1823 3051 1876; x_wconf 90' lang='lat' dir='ltr'><strong>verbi</strong></span> <span class='ocrx_word' id='word_1_614' title='bbox 3085 1839 3183 1894; x_wconf 90' lang='lat' dir='ltr'><strong>per</strong></span> <span class='ocrx_word' id='word_1_615' title='bbox 3205 1840 3367 1880; x_wconf 87' lang='lat' dir='ltr'><strong>aures</strong></span> <span class='ocrx_word' id='word_1_616' title='bbox 3393 1828 3561 1882; x_wconf 91' lang='lat' dir='ltr'><strong>carnis</strong></span> <span class='ocrx_word' id='word_1_617' title='bbox 3585 1829 3765 1900; x_wconf 84' lang='lat' dir='ltr'><strong>irruens,</strong></span> 
     </span>
    </p>
   </div>
   <div class='ocr_carea' id='block_1_78' title="bbox 2245 1911 3768 1981">
    <p class='ocr_par' dir='ltr' id='par_1_78' title="bbox 2245 1911 3768 1981">
     <span class='ocr_line' id='line_1_78' title="bbox 2245 1911 3768 1981; baseline 0.011 -17"><span class='ocrx_word' id='word_1_618' title='bbox 2245 1911 2403 1965; x_wconf 89' lang='lat' dir='ltr'><strong>etiam</strong></span> <span class='ocrx_word' id='word_1_619' title='bbox 2431 1912 2558 1981; x_wconf 90' lang='lat' dir='ltr'><strong>ipsis</strong></span> <span class='ocrx_word' id='word_1_620' title='bbox 2585 1913 2803 1968; x_wconf 89' lang='lat' dir='ltr'><strong>auribus</strong></span> <span class='ocrx_word' id='word_1_621' title='bbox 2832 1917 3008 1971; x_wconf 89' lang='lat' dir='ltr'><strong>cordis</strong></span> <span class='ocrx_word' id='word_1_622' title='bbox 3039 1918 3142 1970; x_wconf 93' lang='lat' dir='ltr'><strong>vim</strong></span> <span class='ocrx_word' id='word_1_623' title='bbox 3169 1916 3398 1974; x_wconf 81' lang='lat' dir='ltr'><strong>faciebat</strong></span> <span class='ocrx_word' id='word_1_624' title='bbox 3424 1938 3438 1974; x_wconf 92' lang='lat'>:</span> <span class='ocrx_word' id='word_1_625' title='bbox 3468 1923 3768 1981; x_wconf 74' lang='lat' dir='ltr'><strong>clauseruntet</strong></span> 
     </span>
    </p>
   </div>
   <div class='ocr_carea' id='block_1_79' title="bbox 2246 2005 3765 2085">
    <p class='ocr_par' dir='ltr' id='par_1_79' title="bbox 2246 2005 3765 2085">
     <span class='ocr_line' id='line_1_79' title="bbox 2246 2005 3765 2085; baseline 0.01 -31"><span class='ocrx_word' id='word_1_626' title='bbox 2246 2015 2403 2057; x_wconf 88' lang='lat' dir='ltr'><strong>aures</strong></span> <span class='ocrx_word' id='word_1_627' title='bbox 2427 2005 2687 2073; x_wconf 76' lang='lat' dir='ltr'><strong>Corporis,</strong></span> <span class='ocrx_word' id='word_1_628' title='bbox 2716 2015 2770 2062; x_wconf 91' lang='lat' dir='ltr'><strong>et</strong></span> <span class='ocrx_word' id='word_1_629' title='bbox 2795 2007 2970 2062; x_wconf 89' lang='lat' dir='ltr'><strong>ierunt</strong></span> <span class='ocrx_word' id='word_1_630' title='bbox 2993 2008 3058 2061; x_wconf 84' lang='lat' dir='ltr'><strong>ad</strong></span> <span class='ocrx_word' id='word_1_631' title='bbox 3087 2009 3290 2080; x_wconf 79' lang='lat' dir='ltr'><strong>lapides</strong></span> <span class='ocrx_word' id='word_1_632' title='bbox 3319 2011 3451 2080; x_wconf 82' lang='lat' dir='ltr'><strong>(Act.</strong></span> <span class='ocrx_word' id='word_1_633' title='bbox 3480 2028 3570 2080; x_wconf 88' lang='lat' dir='ltr'><strong>vn,</strong></span> <span class='ocrx_word' id='word_1_634' title='bbox 3599 2014 3670 2077; x_wconf 86' lang='lat'><strong>56,</strong></span> <span class='ocrx_word' id='word_1_635' title='bbox 3689 2016 3765 2085; x_wconf 74' lang='lat'><strong>57).</strong></span> 
     </span>
    </p>
   </div>
   <div class='ocr_carea' id='block_1_80' title="bbox 2247 2094 3768 2175">
    <p class='ocr_par' dir='ltr' id='par_1_80' title="bbox 2247 2094 3768 2175">
     <span class='ocr_line' id='line_1_80' title="bbox 2247 2094 3768 2175; baseline 0.01 -27"><span class='ocrx_word' id='word_1_636' title='bbox 2247 2094 2385 2149; x_wconf 88' lang='lat' dir='ltr'><strong>Ecce</strong></span> <span class='ocrx_word' id='word_1_637' title='bbox 2410 2095 2623 2164; x_wconf 88' lang='lat' dir='ltr'><strong>aspides</strong></span> <span class='ocrx_word' id='word_1_638' title='bbox 2646 2097 2844 2165; x_wconf 65' lang='lat' dir='ltr'><strong>surdae,</strong></span> <span class='ocrx_word' id='word_1_639' title='bbox 2877 2098 3122 2157; x_wconf 89' lang='lat' dir='ltr'><strong>duriores</strong></span> <span class='ocrx_word' id='word_1_640' title='bbox 3146 2101 3413 2172; x_wconf 90' lang='lat' dir='ltr'><strong>lapidibus</strong></span> <span class='ocrx_word' id='word_1_641' title='bbox 3437 2106 3613 2175; x_wconf 86' lang='lat' dir='ltr'><strong>quibus</strong></span> <span class='ocrx_word' id='word_1_642' title='bbox 3637 2107 3768 2163; x_wconf 81' lang='lat' dir='ltr'><strong>incan-</strong></span> 
     </span>
    </p>
   </div>
   <div class='ocr_carea' id='block_1_81' title="bbox 2247 2190 3769 2258">
    <p class='ocr_par' dir='ltr' id='par_1_81' title="bbox 2247 2190 3769 2258">
     <span class='ocr_line' id='line_1_81' title="bbox 2247 2190 3769 2258; baseline 0.011 -19"><span class='ocrx_word' id='word_1_643' title='bbox 2247 2194 2470 2241; x_wconf 90' lang='lat' dir='ltr'><strong>tatorem</strong></span> <span class='ocrx_word' id='word_1_644' title='bbox 2493 2202 2646 2242; x_wconf 87' lang='lat' dir='ltr'><strong>suum</strong></span> <span class='ocrx_word' id='word_1_645' title='bbox 2675 2190 3041 2258; x_wconf 83' lang='lat' dir='ltr'><strong>lapidavernnt</strong></span> <span class='ocrx_word' id='word_1_646' title='bbox 3065 2211 3078 2244; x_wconf 90' lang='lat'><strong><em>:</em></strong></span> <span class='ocrx_word' id='word_1_647' title='bbox 3105 2209 3208 2248; x_wconf 92' lang='lat' dir='ltr'><strong>non</strong></span> <span class='ocrx_word' id='word_1_648' title='bbox 3241 2194 3527 2251; x_wconf 87' lang='lat' dir='ltr'><strong>audierunt</strong></span> <span class='ocrx_word' id='word_1_649' title='bbox 3550 2213 3698 2254; x_wconf 86' lang='lat' dir='ltr'><strong>vocem</strong></span> <span class='ocrx_word' id='word_1_650' title='bbox 3715 2201 3769 2254; x_wconf 85' lang='lat' dir='ltr'><strong>in-</strong></span> 
     </span>
    </p>
   </div>
   <div class='ocr_carea' id='block_1_82' title="bbox 2247 2278 3768 2360">
    <p class='ocr_par' dir='ltr' id='par_1_82' title="bbox 2247 2278 3768 2360">
     <span class='ocr_line' id='line_1_82' title="bbox 2247 2278 3768 2360; baseline 0.011 -30"><span class='ocrx_word' id='word_1_651' title='bbox 2247 2278 2529 2341; x_wconf 89' lang='lat' dir='ltr'><strong>cantantis,</strong></span> <span class='ocrx_word' id='word_1_652' title='bbox 2561 2289 2610 2332; x_wconf 89' lang='lat' dir='ltr'><strong>et</strong></span> <span class='ocrx_word' id='word_1_653' title='bbox 2633 2281 2982 2336; x_wconf 82' lang='lat' dir='ltr'><strong>medicamenti</strong></span> <span class='ocrx_word' id='word_1_654' title='bbox 3010 2286 3247 2340; x_wconf 84' lang='lat' dir='ltr'><strong>medicati</strong></span> <span class='ocrx_word' id='word_1_655' title='bbox 3265 2303 3297 2340; x_wconf 91' lang='lat' dir='ltr'><strong>a</strong></span> <span class='ocrx_word' id='word_1_656' title='bbox 3327 2289 3565 2357; x_wconf 85' lang='lat' dir='ltr'><strong>sapiente.</strong></span> <span class='ocrx_word' id='word_1_657' title='bbox 3591 2290 3697 2360; x_wconf 86' lang='lat' dir='ltr'><strong>Quid</strong></span> <span class='ocrx_word' id='word_1_658' title='bbox 3716 2300 3768 2346; x_wconf 79' lang='lat' dir='ltr'><strong>est</strong></span> 
     </span>
    </p>
   </div>
   <div class='ocr_carea' id='block_1_83' title="bbox 2248 2369 3766 2451">
    <p class='ocr_par' dir='ltr' id='par_1_83' title="bbox 2248 2369 3766 2451">
     <span class='ocr_line' id='line_1_83' title="bbox 2248 2369 3766 2451; baseline 0.011 -29"><span class='ocrx_word' id='word_1_659' title='bbox 2248 2369 2695 2426; x_wconf 89' lang='lat' dir='ltr'><strong>medicamentum</strong></span> <span class='ocrx_word' id='word_1_660' title='bbox 2731 2375 3048 2431; x_wconf 87' lang='lat' dir='ltr'><strong>medieatmn</strong></span> <span class='ocrx_word' id='word_1_661' title='bbox 3097 2394 3126 2432; x_wconf 88' lang='lat' dir='ltr'><strong>a</strong></span> <span class='ocrx_word' id='word_1_662' title='bbox 3157 2381 3442 2451; x_wconf 74' lang='lat' dir='ltr'><strong>sapiente?</strong></span> <span class='ocrx_word' id='word_1_663' title='bbox 3467 2381 3614 2438; x_wconf 84' lang='lat' dir='ltr'><strong>Forte</strong></span> <span class='ocrx_word' id='word_1_664' title='bbox 3648 2384 3766 2440; x_wconf 63' lang='lat' dir='ltr'><strong>medio</strong></span> 
     </span>
    </p>
   </div>
   <div class='ocr_carea' id='block_1_84' title="bbox 2247 2467 3768 2532">
    <p class='ocr_par' dir='ltr' id='par_1_84' title="bbox 2247 2467 3768 2532">
     <span class='ocr_line' id='line_1_84' title="bbox 2247 2467 3768 2532; baseline 0.011 -17"><span class='ocrx_word' id='word_1_665' title='bbox 2247 2473 2550 2519; x_wconf 88' lang='lat' dir='ltr'><strong>camentnm</strong></span> <span class='ocrx_word' id='word_1_666' title='bbox 2590 2467 2909 2532; x_wconf 85' lang='lat' dir='ltr'><strong>confectum,</strong></span> <span class='ocrx_word' id='word_1_667' title='bbox 2939 2470 3078 2526; x_wconf 90' lang='lat' dir='ltr'><strong>dicat</strong></span> <span class='ocrx_word' id='word_1_668' title='bbox 3117 2474 3560 2531; x_wconf 90' lang='lat' dir='ltr'><strong>medicamentum</strong></span> <span class='ocrx_word' id='word_1_669' title='bbox 3602 2479 3768 2532; x_wconf 78' lang='lat' dir='ltr'><strong>mediea-</strong></span> 
     </span>
    </p>
   </div>
   <div class='ocr_carea' id='block_1_85' title="bbox 2249 2555 3752 2639">
    <p class='ocr_par' dir='ltr' id='par_1_85' title="bbox 2249 2555 3752 2639">
     <span class='ocr_line' id='line_1_85' title="bbox 2249 2555 3752 2639; baseline 0.011 -31"><span class='ocrx_word' id='word_1_670' title='bbox 2249 2561 2380 2608; x_wconf 92' lang='lat' dir='ltr'><strong>tum.</strong></span> <span class='ocrx_word' id='word_1_671' title='bbox 2414 2555 2494 2610; x_wconf 87' lang='lat' dir='ltr'><strong>An</strong></span> <span class='ocrx_word' id='word_1_672' title='bbox 2521 2559 2810 2627; x_wconf 63' lang='lat' dir='ltr'><strong>quaerimus</strong></span> <span class='ocrx_word' id='word_1_673' title='bbox 2836 2560 2908 2615; x_wconf 90' lang='lat' dir='ltr'><strong>ibi</strong></span> <span class='ocrx_word' id='word_1_674' title='bbox 2931 2563 3148 2632; x_wconf 85' lang='lat' dir='ltr'><strong>aliquid,</strong></span> <span class='ocrx_word' id='word_1_675' title='bbox 3178 2568 3452 2635; x_wconf 92' lang='lat' dir='ltr'><strong>quomodo</strong></span> <span class='ocrx_word' id='word_1_676' title='bbox 3473 2569 3576 2639; x_wconf 86' lang='lat' dir='ltr'><strong>jam</strong></span> <span class='ocrx_word' id='word_1_677' title='bbox 3601 2570 3637 2624; x_wconf 87' lang='lat' dir='ltr'><strong>si</strong></span> <span class='ocrx_word' id='word_1_678' title='bbox 3655 2570 3752 2624; x_wconf 82' lang='lat' dir='ltr'><strong>medi</strong></span> 
     </span>
    </p>
   </div>
   <div class='ocr_carea' id='block_1_86' title="bbox 2248 2651 3766 2716">
    <p class='ocr_par' dir='ltr' id='par_1_86' title="bbox 2248 2651 3766 2716">
     <span class='ocr_line' id='line_1_86' title="bbox 2248 2651 3766 2716; baseline 0.01 -15"><span class='ocrx_word' id='word_1_679' title='bbox 2248 2657 2547 2702; x_wconf 84' lang='lat' dir='ltr'><strong>eamentum</strong></span> <span class='ocrx_word' id='word_1_680' title='bbox 2593 2659 2696 2716; x_wconf 90' lang='lat' dir='ltr'><strong>est,</strong></span> <span class='ocrx_word' id='word_1_681' title='bbox 2739 2651 2898 2706; x_wconf 88' lang='lat' dir='ltr'><strong>etiam</strong></span> <span class='ocrx_word' id='word_1_682' title='bbox 2942 2653 3262 2711; x_wconf 88' lang='lat' dir='ltr'><strong>medicatum</strong></span> <span class='ocrx_word' id='word_1_683' title='bbox 3316 2658 3424 2713; x_wconf 85' lang='lat' dir='ltr'><strong>sit?</strong></span> <span class='ocrx_word' id='word_1_684' title='bbox 3465 2660 3766 2716; x_wconf 64' lang='lat' dir='ltr'><strong>thicnnn-nn</strong></span> 
     </span>
    </p>
   </div>
   <div class='ocr_carea' id='block_1_87' title="bbox 2249 2739 3768 2824">
    <p class='ocr_par' dir='ltr' id='par_1_87' title="bbox 2249 2739 3768 2824">
     <span class='ocr_line' id='line_1_87' title="bbox 2249 2739 3768 2824; baseline 0.011 -32"><span class='ocrx_word' id='word_1_685' title='bbox 2249 2748 2397 2794; x_wconf 89' lang='lat' dir='ltr'><strong>erant</strong></span> <span class='ocrx_word' id='word_1_686' title='bbox 2429 2739 2478 2794; x_wconf 93' lang='lat' dir='ltr'><strong>in</strong></span> <span class='ocrx_word' id='word_1_687' title='bbox 2512 2741 2810 2812; x_wconf 85' lang='lat' dir='ltr'><strong>Prophetis,</strong></span> <span class='ocrx_word' id='word_1_688' title='bbox 2842 2746 3225 2804; x_wconf 86' lang='lat' dir='ltr'><strong>medicamenta</strong></span> <span class='ocrx_word' id='word_1_689' title='bbox 3253 2761 3413 2807; x_wconf 88' lang='lat' dir='ltr'><strong>erant</strong></span> <span class='ocrx_word' id='word_1_690' title='bbox 3442 2753 3493 2807; x_wconf 90' lang='lat' dir='ltr'><strong>in</strong></span> <span class='ocrx_word' id='word_1_691' title='bbox 3515 2753 3654 2824; x_wconf 81' lang='lat' dir='ltr'><strong>Lege,</strong></span> <span class='ocrx_word' id='word_1_692' title='bbox 3678 2770 3768 2824; x_wconf 71' lang='lat' dir='ltr'><strong>pre-</strong></span> 
     </span>
    </p>
   </div>
   <div class='ocr_carea' id='block_1_88' title="bbox 2249 2833 3767 2909">
    <p class='ocr_par' dir='ltr' id='par_1_88' title="bbox 2249 2833 3767 2909">
     <span class='ocr_line' id='line_1_88' title="bbox 2249 2833 3767 2909; baseline 0.009 -23"><span class='ocrx_word' id='word_1_693' title='bbox 2249 2841 2402 2902; x_wconf 88' lang='lat' dir='ltr'><strong>cepta</strong></span> <span class='ocrx_word' id='word_1_694' title='bbox 2437 2833 2548 2902; x_wconf 88' lang='lat' dir='ltr'><strong>ipsa</strong></span> <span class='ocrx_word' id='word_1_695' title='bbox 2581 2835 2757 2890; x_wconf 91' lang='lat' dir='ltr'><strong>omnia</strong></span> <span class='ocrx_word' id='word_1_696' title='bbox 2802 2837 3188 2896; x_wconf 87' lang='lat' dir='ltr'><strong>medicamenta</strong></span> <span class='ocrx_word' id='word_1_697' title='bbox 3219 2854 3408 2909; x_wconf 86' lang='lat' dir='ltr'><strong>erant;</strong></span> <span class='ocrx_word' id='word_1_698' title='bbox 3442 2856 3493 2901; x_wconf 92' lang='lat' dir='ltr'><strong>et</strong></span> <span class='ocrx_word' id='word_1_699' title='bbox 3529 2847 3618 2901; x_wconf 90' lang='lat' dir='ltr'><strong>hoc</strong></span> <span class='ocrx_word' id='word_1_700' title='bbox 3651 2847 3767 2900; x_wconf 76' lang='lat' dir='ltr'><strong>meli-</strong></span> 
     </span>
    </p>
   </div>
   <div class='ocr_carea' id='block_1_89' title="bbox 2251 2927 3766 2992">
    <p class='ocr_par' dir='ltr' id='par_1_89' title="bbox 2251 2927 3766 2992">
     <span class='ocr_line' id='line_1_89' title="bbox 2251 2927 3766 2992; baseline 0.009 -16"><span class='ocrx_word' id='word_1_701' title='bbox 2251 2933 2553 2979; x_wconf 76' lang='lat' dir='ltr'><strong>camentum</strong></span> <span class='ocrx_word' id='word_1_702' title='bbox 2584 2927 2816 2982; x_wconf 90' lang='lat' dir='ltr'><strong>nondum</strong></span> <span class='ocrx_word' id='word_1_703' title='bbox 2843 2940 2953 2984; x_wconf 88' lang='lat' dir='ltr'><strong>erat</strong></span> <span class='ocrx_word' id='word_1_704' title='bbox 2984 2931 3307 2988; x_wconf 88' lang='lat' dir='ltr'><strong>medicatum</strong></span> <span class='ocrx_word' id='word_1_705' title='bbox 3337 2954 3350 2990; x_wconf 91' lang='lat'><strong>:</strong></span> <span class='ocrx_word' id='word_1_706' title='bbox 3382 2936 3598 2992; x_wconf 89' lang='lat' dir='ltr'><strong>advequ</strong></span> <span class='ocrx_word' id='word_1_707' title='bbox 3621 2937 3766 2990; x_wconf 86' lang='lat' dir='ltr'><strong>Domini</strong></span> 
     </span>
    </p>
   </div>
   <div class='ocr_carea' id='block_1_90' title="bbox 2253 3016 3767 3097">
    <p class='ocr_par' dir='ltr' id='par_1_90' title="bbox 2253 3016 3767 3097">
     <span class='ocr_line' id='line_1_90' title="bbox 2253 3016 3767 3097; baseline 0.009 -28"><span class='ocrx_word' id='word_1_708' title='bbox 2253 3016 2570 3071; x_wconf 87' lang='lat' dir='ltr'><strong>medicatum</strong></span> <span class='ocrx_word' id='word_1_709' title='bbox 2598 3027 2679 3073; x_wconf 91' lang='lat' dir='ltr'><strong>est</strong></span> <span class='ocrx_word' id='word_1_710' title='bbox 2709 3019 3190 3089; x_wconf 88' lang='lat' dir='ltr'><strong>medicamentum;</strong></span> <span class='ocrx_word' id='word_1_711' title='bbox 3221 3026 3328 3081; x_wconf 86' lang='lat' dir='ltr'><strong>hoc</strong></span> <span class='ocrx_word' id='word_1_712' title='bbox 3355 3028 3427 3082; x_wconf 91' lang='lat' dir='ltr'><strong>illi</strong></span> <span class='ocrx_word' id='word_1_713' title='bbox 3453 3028 3584 3084; x_wconf 90' lang='lat' dir='ltr'><strong>ferre</strong></span> <span class='ocrx_word' id='word_1_714' title='bbox 3606 3046 3689 3082; x_wconf 90' lang='lat' dir='ltr'><strong>non</strong></span> <span class='ocrx_word' id='word_1_715' title='bbox 3708 3043 3767 3097; x_wconf 67' lang='lat' dir='ltr'><strong>po</strong></span> 
     </span>
    </p>
   </div>
   <div class='ocr_carea' id='block_1_91' title="bbox 2253 3109 3766 3185">
    <p class='ocr_par' dir='ltr' id='par_1_91' title="bbox 2253 3109 3766 3185">
     <span class='ocr_line' id='line_1_91' title="bbox 2253 3109 3766 3185; baseline 0.008 -23"><span class='ocrx_word' id='word_1_716' title='bbox 2253 3116 2484 3164; x_wconf 89' lang='lat' dir='ltr'><strong>tuerunt.</strong></span> <span class='ocrx_word' id='word_1_717' title='bbox 2531 3109 2663 3178; x_wconf 86' lang='lat' dir='ltr'><strong>Quia</strong></span> <span class='ocrx_word' id='word_1_718' title='bbox 2713 3113 2852 3167; x_wconf 89' lang='lat' dir='ltr'><strong>enim</strong></span> <span class='ocrx_word' id='word_1_719' title='bbox 2891 3129 2996 3170; x_wconf 91' lang='lat' dir='ltr'><strong>non</strong></span> <span class='ocrx_word' id='word_1_720' title='bbox 3051 3117 3382 3174; x_wconf 88' lang='lat' dir='ltr'><strong>curabantur</strong></span> <span class='ocrx_word' id='word_1_721' title='bbox 3436 3121 3766 3185; x_wconf 84' lang='lat' dir='ltr'><strong>medicamento,</strong></span> 
     </span>
    </p>
   </div>
   <div class='ocr_carea' id='block_1_92' title="bbox 2251 3199 3768 3275">
    <p class='ocr_par' dir='ltr' id='par_1_92' title="bbox 2251 3199 3768 3275">
     <span class='ocr_line' id='line_1_92' title="bbox 2251 3199 3768 3275; baseline 0.007 -22"><span class='ocrx_word' id='word_1_722' title='bbox 2251 3199 2570 3267; x_wconf 83' lang='lat' dir='ltr'><strong>medicatum</strong></span> <span class='ocrx_word' id='word_1_723' title='bbox 2593 3211 2673 3256; x_wconf 90' lang='lat' dir='ltr'><strong>est</strong></span> <span class='ocrx_word' id='word_1_724' title='bbox 2699 3203 2864 3275; x_wconf 83' lang='lat' dir='ltr'><strong>ipsum</strong></span> <span class='ocrx_word' id='word_1_725' title='bbox 2883 3206 3332 3264; x_wconf 88' lang='lat' dir='ltr'><strong>medicamentum</strong></span> <span class='ocrx_word' id='word_1_726' title='bbox 3365 3213 3582 3267; x_wconf 83' lang='lat' dir='ltr'><strong>adventu</strong></span> <span class='ocrx_word' id='word_1_727' title='bbox 3605 3213 3768 3267; x_wconf 84' lang='lat' dir='ltr'><strong>Domini.</strong></span> 
     </span>
    </p>
   </div>
   <div class='ocr_carea' id='block_1_93' title="bbox 2251 3291 3768 3364">
    <p class='ocr_par' dir='ltr' id='par_1_93' title="bbox 2251 3291 3768 3364">
     <span class='ocr_line' id='line_1_93' title="bbox 2251 3291 3768 3364; baseline 0.005 -17"><span class='ocrx_word' id='word_1_728' title='bbox 2251 3291 2368 3347; x_wconf 79' lang='lat' dir='ltr'><strong>1am</strong></span> <span class='ocrx_word' id='word_1_729' title='bbox 2393 3292 2692 3364; x_wconf 89' lang='lat' dir='ltr'><strong>Stephanus</strong></span> <span class='ocrx_word' id='word_1_730' title='bbox 2711 3296 3152 3353; x_wconf 89' lang='lat' dir='ltr'><strong>medicamentum</strong></span> <span class='ocrx_word' id='word_1_731' title='bbox 3175 3302 3496 3358; x_wconf 84' lang='lat' dir='ltr'><strong>medicatum</strong></span> <span class='ocrx_word' id='word_1_732' title='bbox 3516 3304 3768 3364; x_wconf 79' lang='lat' dir='ltr'><strong>ineantabat;</strong></span> 
     </span>
    </p>
   </div>
   <div class='ocr_carea' id='block_1_94' title="bbox 2252 3383 3768 3453">
    <p class='ocr_par' dir='ltr' id='par_1_94' title="bbox 2252 3383 3768 3453">
     <span class='ocr_line' id='line_1_94' title="bbox 2252 3383 3768 3453; baseline 0.006 -15"><span class='ocrx_word' id='word_1_733' title='bbox 2252 3383 2354 3438; x_wconf 89' lang='lat' dir='ltr'><strong>hoc</strong></span> <span class='ocrx_word' id='word_1_734' title='bbox 2378 3384 2450 3438; x_wconf 90' lang='lat' dir='ltr'><strong>illi</strong></span> <span class='ocrx_word' id='word_1_735' title='bbox 2481 3385 2666 3441; x_wconf 89' lang='lat' dir='ltr'><strong>audire</strong></span> <span class='ocrx_word' id='word_1_736' title='bbox 2694 3388 3014 3446; x_wconf 87' lang='lat' dir='ltr'><strong>noluerunt:</strong></span> <span class='ocrx_word' id='word_1_737' title='bbox 3041 3392 3181 3447; x_wconf 90' lang='lat' dir='ltr'><strong>unde</strong></span> <span class='ocrx_word' id='word_1_738' title='bbox 3206 3395 3527 3451; x_wconf 86' lang='lat' dir='ltr'><strong>medicatum</strong></span> <span class='ocrx_word' id='word_1_739' title='bbox 3559 3408 3630 3453; x_wconf 89' lang='lat' dir='ltr'><strong>est</strong></span> <span class='ocrx_word' id='word_1_740' title='bbox 3653 3395 3768 3449; x_wconf 76' lang='lat' dir='ltr'><strong>medi-</strong></span> 
     </span>
    </p>
   </div>
   <div class='ocr_carea' id='block_1_95' title="bbox 2253 3482 3769 3548">
    <p class='ocr_par' dir='ltr' id='par_1_95' title="bbox 2253 3482 3769 3548">
     <span class='ocr_line' id='line_1_95' title="bbox 2253 3482 3769 3548; baseline 0.007 -14"><span class='ocrx_word' id='word_1_741' title='bbox 2253 3490 2578 3547; x_wconf 84' lang='lat' dir='ltr'><strong>camentum,</strong></span> <span class='ocrx_word' id='word_1_742' title='bbox 2606 3493 2790 3539; x_wconf 85' lang='lat' dir='ltr'><strong>contra</strong></span> <span class='ocrx_word' id='word_1_743' title='bbox 2820 3482 2922 3542; x_wconf 90' lang='lat' dir='ltr'><strong>hoc</strong></span> <span class='ocrx_word' id='word_1_744' title='bbox 2949 3501 3108 3542; x_wconf 88' lang='lat' dir='ltr'><strong>aures</strong></span> <span class='ocrx_word' id='word_1_745' title='bbox 3132 3488 3462 3547; x_wconf 88' lang='lat' dir='ltr'><strong>clauserunt.</strong></span> <span class='ocrx_word' id='word_1_746' title='bbox 3487 3491 3606 3548; x_wconf 84' lang='lat' dir='ltr'><strong>Nam</strong></span> <span class='ocrx_word' id='word_1_747' title='bbox 3630 3490 3684 3546; x_wconf 90' lang='lat' dir='ltr'><strong>ibi</strong></span> <span class='ocrx_word' id='word_1_748' title='bbox 3706 3489 3769 3544; x_wconf 87' lang='lat' dir='ltr'><strong>hoc</strong></span> 
     </span>
    </p>
   </div>
   <div class='ocr_carea' id='block_1_96' title="bbox 2253 3570 3768 3653">
    <p class='ocr_par' dir='ltr' id='par_1_96' title="bbox 2253 3570 3768 3653">
     <span class='ocr_line' id='line_1_96' title="bbox 2253 3570 3768 3653; baseline 0.007 -28"><span class='ocrx_word' id='word_1_749' title='bbox 2253 3570 2534 3639; x_wconf 83' lang='lat' dir='ltr'><strong>fecerunt,</strong></span> <span class='ocrx_word' id='word_1_750' title='bbox 2584 3573 2674 3628; x_wconf 91' lang='lat' dir='ltr'><strong>ubi</strong></span> <span class='ocrx_word' id='word_1_751' title='bbox 2731 3577 3035 3634; x_wconf 88' lang='lat' dir='ltr'><strong>nominatus</strong></span> <span class='ocrx_word' id='word_1_752' title='bbox 3092 3590 3174 3635; x_wconf 89' lang='lat' dir='ltr'><strong>est</strong></span> <span class='ocrx_word' id='word_1_753' title='bbox 3220 3581 3486 3638; x_wconf 87' lang='lat' dir='ltr'><strong>Christus.</strong></span> <span class='ocrx_word' id='word_1_754' title='bbox 3551 3582 3768 3653; x_wconf 78' lang='lat' dir='ltr'><strong>lndignatlo</strong></span> 
     </span>
    </p>
   </div>
   <div class='ocr_carea' id='block_1_97' title="bbox 2255 3666 3767 3745">
    <p class='ocr_par' dir='ltr' id='par_1_97' title="bbox 2255 3666 3767 3745">
     <span class='ocr_line' id='line_1_97' title="bbox 2255 3666 3767 3745; baseline 0.007 -25"><span class='ocrx_word' id='word_1_755' title='bbox 2255 3681 2439 3720; x_wconf 90' lang='lat' dir='ltr'><strong>eorum</strong></span> <span class='ocrx_word' id='word_1_756' title='bbox 2463 3708 2476 3732; x_wconf 94' lang='lat'><strong>,</strong></span> <span class='ocrx_word' id='word_1_757' title='bbox 2505 3666 2643 3722; x_wconf 91' lang='lat' dir='ltr'><strong>sicut</strong></span> <span class='ocrx_word' id='word_1_758' title='bbox 2670 3667 2964 3738; x_wconf 83' lang='lat' dir='ltr'><strong>indignatio</strong></span> <span class='ocrx_word' id='word_1_759' title='bbox 2991 3674 3271 3743; x_wconf 72' lang='lat' dir='ltr'><strong>serpentis.</strong></span> <span class='ocrx_word' id='word_1_760' title='bbox 3307 3676 3442 3745; x_wconf 88' lang='lat' dir='ltr'><strong>Quid</strong></span> <span class='ocrx_word' id='word_1_761' title='bbox 3469 3692 3611 3732; x_wconf 87' lang='lat' dir='ltr'><strong>aures</strong></span> <span class='ocrx_word' id='word_1_762' title='bbox 3631 3671 3767 3731; x_wconf 81' lang='lat' dir='ltr'><strong>etutdi-</strong></span> 
     </span>
    </p>
   </div>
   <div class='ocr_carea' id='block_1_98' title="bbox 2257 3756 3768 3836">
    <p class='ocr_par' dir='ltr' id='par_1_98' title="bbox 2257 3756 3768 3836">
     <span class='ocr_line' id='line_1_98' title="bbox 2257 3756 3768 3836; baseline 0.005 -24"><span class='ocrx_word' id='word_1_763' title='bbox 2257 3756 2360 3812; x_wconf 72' lang='lat' dir='ltr'><strong>tis?</strong></span> <span class='ocrx_word' id='word_1_764' title='bbox 2390 3758 2722 3828; x_wconf 80' lang='lat' dir='ltr'><strong>ExSpeetate,</strong></span> <span class='ocrx_word' id='word_1_765' title='bbox 2749 3762 2958 3829; x_wconf 85' lang='lat' dir='ltr'><strong>audite;</strong></span> <span class='ocrx_word' id='word_1_766' title='bbox 2991 3774 3045 3818; x_wconf 90' lang='lat' dir='ltr'><strong>et</strong></span> <span class='ocrx_word' id='word_1_767' title='bbox 3068 3767 3110 3819; x_wconf 90' lang='lat' dir='ltr'><strong>si</strong></span> <span class='ocrx_word' id='word_1_768' title='bbox 3141 3770 3422 3836; x_wconf 86' lang='lat' dir='ltr'><strong>potueritis</strong></span> <span class='ocrx_word' id='word_1_769' title='bbox 3441 3810 3454 3832; x_wconf 93' lang='lat'><strong>,</strong></span> <span class='ocrx_word' id='word_1_770' title='bbox 3478 3769 3658 3823; x_wconf 72' lang='lat' dir='ltr'><strong>sazvite.</strong></span> <span class='ocrx_word' id='word_1_771' title='bbox 3680 3765 3768 3834; x_wconf 72' lang='lat' dir='ltr'><strong>Qui:</strong></span> 
     </span>
    </p>
   </div>
   <div class='ocr_carea' id='block_1_99' title="bbox 2257 3849 3768 3928">
    <p class='ocr_par' dir='ltr' id='par_1_99' title="bbox 2257 3849 3768 3928">
     <span class='ocr_line' id='line_1_99' title="bbox 2257 3849 3768 3928; baseline 0.003 -25"><span class='ocrx_word' id='word_1_772' title='bbox 2257 3849 2508 3905; x_wconf 83' lang='lat' dir='ltr'><strong>nolebant</strong></span> <span class='ocrx_word' id='word_1_773' title='bbox 2535 3853 2632 3906; x_wconf 88' lang='lat' dir='ltr'><strong>nisi</strong></span> <span class='ocrx_word' id='word_1_774' title='bbox 2660 3855 2876 3917; x_wconf 82' lang='lat' dir='ltr'><strong>saevire,</strong></span> <span class='ocrx_word' id='word_1_775' title='bbox 2911 3857 3191 3911; x_wconf 89' lang='lat' dir='ltr'><strong>noluerunt</strong></span> <span class='ocrx_word' id='word_1_776' title='bbox 3217 3861 3425 3915; x_wconf 83' lang='lat' dir='ltr'><strong>audire.</strong></span> <span class='ocrx_word' id='word_1_777' title='bbox 3453 3859 3591 3928; x_wconf 86' lang='lat' dir='ltr'><strong>Quod</strong></span> <span class='ocrx_word' id='word_1_778' title='bbox 3613 3861 3648 3913; x_wconf 87' lang='lat' dir='ltr'><strong>si</strong></span> <span class='ocrx_word' id='word_1_779' title='bbox 3665 3857 3768 3910; x_wconf 85' lang='lat' dir='ltr'><strong>audi-</strong></span> 
     </span>
    </p>
   </div>
   <div class='ocr_carea' id='block_1_100' title="bbox 2259 3941 3770 4020">
    <p class='ocr_par' dir='ltr' id='par_1_100' title="bbox 2259 3941 3770 4020">
     <span class='ocr_line' id='line_1_100' title="bbox 2259 3941 3770 4020; baseline 0.003 -24"><span class='ocrx_word' id='word_1_780' title='bbox 2259 3951 2394 4000; x_wconf 87' lang='lat' dir='ltr'><strong>rent.</strong></span> <span class='ocrx_word' id='word_1_781' title='bbox 2421 3941 2554 3997; x_wconf 89' lang='lat' dir='ltr'><strong>forte</strong></span> <span class='ocrx_word' id='word_1_782' title='bbox 2592 3943 2927 4001; x_wconf 68' lang='lat' dir='ltr'><strong>desatvirent.</strong></span> <span class='ocrx_word' id='word_1_783' title='bbox 2961 3946 3254 4020; x_wconf 77' lang='lat' dir='ltr'><strong>Indignatio</strong></span> <span class='ocrx_word' id='word_1_784' title='bbox 3275 3966 3498 4020; x_wconf 89' lang='lat' dir='ltr'><strong>eorum,</strong></span> <span class='ocrx_word' id='word_1_785' title='bbox 3525 3953 3642 4006; x_wconf 85' lang='lat' dir='ltr'><strong>sicut</strong></span> <span class='ocrx_word' id='word_1_786' title='bbox 3674 3945 3770 4003; x_wconf 81' lang='lat' dir='ltr'><strong>iudi-</strong></span> 
     </span>
    </p>
   </div>
   <div class='ocr_carea' id='block_1_101' title="bbox 2257 4036 2738 4107">
    <p class='ocr_par' dir='ltr' id='par_1_101' title="bbox 2257 4036 2738 4107">
     <span class='ocr_line' id='line_1_101' title="bbox 2257 4036 2738 4107; baseline 0.006 -19"><span class='ocrx_word' id='word_1_787' title='bbox 2257 4036 2435 4106; x_wconf 81' lang='lat' dir='ltr'><strong>gnatio</strong></span> <span class='ocrx_word' id='word_1_788' title='bbox 2455 4040 2738 4107; x_wconf 86' lang='lat' dir='ltr'><strong>serpentis.</strong></span> 
     </span>
    </p>
   </div>
   <div class='ocr_carea' id='block_1_102' title="bbox 2330 4129 3771 4206">
    <p class='ocr_par' dir='ltr' id='par_1_102' title="bbox 2330 4129 3771 4206">
     <span class='ocr_line' id='line_1_102' title="bbox 2330 4129 3771 4206; baseline 0 -21"><span class='ocrx_word' id='word_1_789' title='bbox 2330 4130 2382 4185; x_wconf 91' lang='lat'><strong>9.</strong></span> <span class='ocrx_word' id='word_1_790' title='bbox 2424 4129 2578 4184; x_wconf 83' lang='lat' dir='ltr'><strong>Tales</strong></span> <span class='ocrx_word' id='word_1_791' title='bbox 2603 4131 2762 4186; x_wconf 89' lang='lat' dir='ltr'><strong>etiam</strong></span> <span class='ocrx_word' id='word_1_792' title='bbox 2790 4131 2917 4186; x_wconf 90' lang='lat' dir='ltr'><strong>istos</strong></span> <span class='ocrx_word' id='word_1_793' title='bbox 2946 4133 3178 4203; x_wconf 89' lang='lat' dir='ltr'><strong>patimur</strong></span> <span class='ocrx_word' id='word_1_794' title='bbox 3197 4133 3300 4206; x_wconf 91' lang='lat' dir='ltr'><strong>(a).</strong></span> <span class='ocrx_word' id='word_1_795' title='bbox 3332 4136 3504 4191; x_wconf 86' lang='lat' dir='ltr'><strong>Primo</strong></span> <span class='ocrx_word' id='word_1_796' title='bbox 3527 4134 3615 4192; x_wconf 89' lang='lat' dir='ltr'><strong>sibi</strong></span> <span class='ocrx_word' id='word_1_797' title='bbox 3634 4129 3771 4188; x_wconf 79' lang='lat' dir='ltr'><strong>verita-</strong></span> 
     </span>
    </p>
   </div>
   <div class='ocr_carea' id='block_1_103' title="bbox 2261 4223 3770 4292">
    <p class='ocr_par' dir='ltr' id='par_1_103' title="bbox 2261 4223 3770 4292">
     <span class='ocr_line' id='line_1_103' title="bbox 2261 4223 3770 4292; baseline 0.004 -17"><span class='ocrx_word' id='word_1_798' title='bbox 2261 4230 2364 4276; x_wconf 87' lang='lat' dir='ltr'><strong>tem</strong></span> <span class='ocrx_word' id='word_1_799' title='bbox 2396 4231 2575 4278; x_wconf 89' lang='lat' dir='ltr'><strong>tenere</strong></span> <span class='ocrx_word' id='word_1_800' title='bbox 2604 4223 2919 4278; x_wconf 90' lang='lat' dir='ltr'><strong>videbantur</strong></span> <span class='ocrx_word' id='word_1_801' title='bbox 2943 4242 2955 4278; x_wconf 90' lang='lat'>:</span> <span class='ocrx_word' id='word_1_802' title='bbox 2989 4240 3093 4279; x_wconf 90' lang='lat' dir='ltr'><strong>non</strong></span> <span class='ocrx_word' id='word_1_803' title='bbox 3123 4229 3354 4282; x_wconf 77' lang='lat' dir='ltr'><strong>cessavit</strong></span> <span class='ocrx_word' id='word_1_804' title='bbox 3377 4229 3527 4292; x_wconf 85' lang='lat' dir='ltr'><strong>Deus,</strong></span> <span class='ocrx_word' id='word_1_805' title='bbox 3555 4242 3644 4281; x_wconf 88' lang='lat' dir='ltr'><strong>non</strong></span> <span class='ocrx_word' id='word_1_806' title='bbox 3665 4223 3770 4292; x_wconf 46' lang='lat' dir='ltr'><strong>quies</strong></span> 
     </span>
    </p>
   </div>
   <div class='ocr_carea' id='block_1_104' title="bbox 2261 4313 3772 4385">
    <p class='ocr_par' dir='ltr' id='par_1_104' title="bbox 2261 4313 3772 4385">
     <span class='ocr_line' id='line_1_104' title="bbox 2261 4313 3772 4385; baseline -0.001 -18"><span class='ocrx_word' id='word_1_807' title='bbox 2261 4313 2353 4368; x_wconf 92' lang='lat' dir='ltr'><strong>vit.</strong></span> <span class='ocrx_word' id='word_1_808' title='bbox 2385 4314 2439 4368; x_wconf 93' lang='lat' dir='ltr'><strong>In</strong></span> <span class='ocrx_word' id='word_1_809' title='bbox 2467 4316 2486 4346; x_wconf 88' lang='grc'>³</span> <span class='ocrx_word' id='word_1_810' title='bbox 2521 4314 2756 4370; x_wconf 85' lang='lat' dir='ltr'><strong>Ecclesia</strong></span> <span class='ocrx_word' id='word_1_811' title='bbox 2782 4329 2874 4369; x_wconf 89' lang='lat' dir='ltr'><strong>sua</strong></span> <span class='ocrx_word' id='word_1_812' title='bbox 2908 4316 3190 4385; x_wconf 74' lang='lat' dir='ltr'><strong>[medicata</strong></span> <span class='ocrx_word' id='word_1_813' title='bbox 3221 4328 3305 4372; x_wconf 86' lang='lat' dir='ltr'><strong>est</strong></span> <span class='ocrx_word' id='word_1_814' title='bbox 3331 4323 3521 4374; x_wconf 86' lang='lat' dir='ltr'><strong>veritas</strong></span> <span class='ocrx_word' id='word_1_815' title='bbox 3540 4361 3552 4379; x_wconf 87' lang='lat'><strong><em>.</em></strong></span> <span class='ocrx_word' id='word_1_816' title='bbox 3579 4319 3621 4371; x_wconf 90' lang='lat' dir='ltr'><strong>in</strong></span> <span class='ocrx_word' id='word_1_817' title='bbox 3651 4314 3772 4368; x_wconf 63' lang='lat' dir='ltr'><strong>viseev</strong></span> 
     </span>
    </p>
   </div>
   <div class='ocr_carea' id='block_1_105' title="bbox 2260 4407 3770 4482">
    <p class='ocr_par' dir='ltr' id='par_1_105' title="bbox 2260 4407 3770 4482">
     <span class='ocr_line' id='line_1_105' title="bbox 2260 4407 3770 4482; baseline -0.004 -20"><span class='ocrx_word' id='word_1_818' title='bbox 2260 4407 2408 4462; x_wconf 88' lang='lat' dir='ltr'><strong>ribus</strong></span> <span class='ocrx_word' id='word_1_819' title='bbox 2430 4408 2614 4462; x_wconf 90' lang='lat' dir='ltr'><strong>matris</strong></span> <span class='ocrx_word' id='word_1_820' title='bbox 2637 4419 2821 4478; x_wconf 89' lang='lat' dir='ltr'><strong>aperta</strong></span> <span class='ocrx_word' id='word_1_821' title='bbox 2841 4420 2961 4464; x_wconf 87' lang='lat' dir='ltr'><strong>sunt</strong></span> <span class='ocrx_word' id='word_1_822' title='bbox 2989 4427 3170 4466; x_wconf 90' lang='lat' dir='ltr'><strong>eorum</strong></span> <span class='ocrx_word' id='word_1_823' title='bbox 3194 4414 3496 4469; x_wconf 88' lang='lat' dir='ltr'><strong>mendacia:</strong></span> <span class='ocrx_word' id='word_1_824' title='bbox 3523 4410 3770 4482; x_wconf 71' lang='lat' dir='ltr'><strong>patefactum</strong></span> 
     </span>
    </p>
   </div>
   <div class='ocr_carea' id='block_1_106' title="bbox 2259 4502 3769 4576">
    <p class='ocr_par' dir='ltr' id='par_1_106' title="bbox 2259 4502 3769 4576">
     <span class='ocr_line' id='line_1_106' title="bbox 2259 4502 3769 4576; baseline -0.001 -19"><span class='ocrx_word' id='word_1_825' title='bbox 2259 4509 2342 4557; x_wconf 83' lang='lat' dir='ltr'><strong>est</strong></span> <span class='ocrx_word' id='word_1_826' title='bbox 2368 4502 2506 4572; x_wconf 88' lang='lat' dir='ltr'><strong>quod</strong></span> <span class='ocrx_word' id='word_1_827' title='bbox 2531 4503 2666 4558; x_wconf 85' lang='lat' dir='ltr'><strong>lueet</strong></span> <span class='ocrx_word' id='word_1_828' title='bbox 2691 4519 2704 4565; x_wconf 92' lang='lat'><strong>;</strong></span> <span class='ocrx_word' id='word_1_829' title='bbox 2734 4503 3094 4559; x_wconf 87' lang='lat' dir='ltr'><strong>demonstrata</strong></span> <span class='ocrx_word' id='word_1_830' title='bbox 3116 4517 3195 4559; x_wconf 88' lang='lat' dir='ltr'><strong>est</strong></span> <span class='ocrx_word' id='word_1_831' title='bbox 3215 4506 3403 4561; x_wconf 81' lang='lat' dir='ltr'><strong>civitas</strong></span> <span class='ocrx_word' id='word_1_832' title='bbox 3427 4521 3574 4576; x_wconf 91' lang='lat' dir='ltr'><strong>super</strong></span> <span class='ocrx_word' id='word_1_833' title='bbox 3596 4508 3769 4556; x_wconf 76' lang='lat' dir='ltr'><strong>moment</strong></span> 
     </span>
    </p>
   </div>
   <div class='ocr_carea' id='block_1_107' title="bbox 2261 4595 3770 4667">
    <p class='ocr_par' dir='ltr' id='par_1_107' title="bbox 2261 4595 3770 4667">
     <span class='ocr_line' id='line_1_107' title="bbox 2261 4595 3770 4667; baseline -0.001 -17"><span class='ocrx_word' id='word_1_834' title='bbox 2261 4595 2544 4650; x_wconf 87' lang='lat' dir='ltr'><strong>constituta</strong></span> <span class='ocrx_word' id='word_1_835' title='bbox 2564 4638 2578 4661; x_wconf 94' lang='lat'><strong>,</strong></span> <span class='ocrx_word' id='word_1_836' title='bbox 2609 4611 2729 4666; x_wconf 62' lang='lat' dir='ltr'><strong>quae</strong></span> <span class='ocrx_word' id='word_1_837' title='bbox 2753 4595 3005 4652; x_wconf 89' lang='lat' dir='ltr'><strong>abscondi</strong></span> <span class='ocrx_word' id='word_1_838' title='bbox 3035 4612 3140 4653; x_wconf 89' lang='lat' dir='ltr'><strong>non</strong></span> <span class='ocrx_word' id='word_1_839' title='bbox 3171 4607 3385 4667; x_wconf 88' lang='lat' dir='ltr'><strong>potest,</strong></span> <span class='ocrx_word' id='word_1_840' title='bbox 3415 4605 3467 4653; x_wconf 88' lang='lat' dir='ltr'><strong>et</strong></span> <span class='ocrx_word' id='word_1_841' title='bbox 3507 4597 3683 4651; x_wconf 83' lang='lat' dir='ltr'><strong>lucerna</strong></span> <span class='ocrx_word' id='word_1_842' title='bbox 3706 4601 3770 4659; x_wconf 86' lang='lat' dir='ltr'><strong>p0-</strong></span> 
     </span>
    </p>
   </div>
   <div class='ocr_carea' id='block_1_108' title="bbox 2262 4678 3766 4760">
    <p class='ocr_par' dir='ltr' id='par_1_108' title="bbox 2262 4678 3766 4760">
     <span class='ocr_line' id='line_1_108' title="bbox 2262 4678 3766 4760; baseline -0.002 -19"><span class='ocrx_word' id='word_1_843' title='bbox 2262 4688 2362 4741; x_wconf 91' lang='lat' dir='ltr'><strong>sita</strong></span> <span class='ocrx_word' id='word_1_844' title='bbox 2393 4697 2476 4743; x_wconf 89' lang='lat' dir='ltr'><strong>est</strong></span> <span class='ocrx_word' id='word_1_845' title='bbox 2519 4703 2679 4758; x_wconf 90' lang='lat' dir='ltr'><strong>super</strong></span> <span class='ocrx_word' id='word_1_846' title='bbox 2706 4688 3085 4746; x_wconf 87' lang='lat' dir='ltr'><strong>candelabrum</strong></span> <span class='ocrx_word' id='word_1_847' title='bbox 3109 4729 3124 4755; x_wconf 94' lang='lat'><strong>,</strong></span> <span class='ocrx_word' id='word_1_848' title='bbox 3155 4705 3276 4760; x_wconf 72' lang='lat' dir='ltr'><strong>qua:</strong></span> <span class='ocrx_word' id='word_1_849' title='bbox 3304 4690 3445 4746; x_wconf 90' lang='lat' dir='ltr'><strong>lucet</strong></span> <span class='ocrx_word' id='word_1_850' title='bbox 3468 4687 3680 4745; x_wconf 88' lang='lat' dir='ltr'><strong>omnibus</strong></span> <span class='ocrx_word' id='word_1_851' title='bbox 3705 4678 3766 4750; x_wconf 84' lang='lat' dir='ltr'><strong>qui</strong></span> 
     </span>
    </p>
   </div>
   <div class='ocr_carea' id='block_1_109' title="bbox 2265 4774 3766 4854">
    <p class='ocr_par' dir='ltr' id='par_1_109' title="bbox 2265 4774 3766 4854">
     <span class='ocr_line' id='line_1_109' title="bbox 2265 4774 3766 4854; baseline -0.004 -18"><span class='ocrx_word' id='word_1_852' title='bbox 2265 4781 2316 4836; x_wconf 93' lang='lat' dir='ltr'><strong>in</strong></span> <span class='ocrx_word' id='word_1_853' title='bbox 2340 4781 2500 4836; x_wconf 89' lang='lat' dir='ltr'><strong>domo</strong></span> <span class='ocrx_word' id='word_1_854' title='bbox 2522 4791 2645 4836; x_wconf 89' lang='lat' dir='ltr'><strong>sunt</strong></span> <span class='ocrx_word' id='word_1_855' title='bbox 2678 4781 2886 4852; x_wconf 77' lang='lat' dir='ltr'><strong>(Matth.</strong></span> <span class='ocrx_word' id='word_1_856' title='bbox 2917 4799 2981 4850; x_wconf 91' lang='lat' dir='ltr'><strong>v,</strong></span> <span class='ocrx_word' id='word_1_857' title='bbox 3015 4782 3116 4850; x_wconf 72' lang='grc'><strong>14,</strong></span> <span class='ocrx_word' id='word_1_858' title='bbox 3149 4784 3262 4854; x_wconf 83' lang='grc'><strong>15).</strong></span> <span class='ocrx_word' id='word_1_859' title='bbox 3295 4784 3394 4842; x_wconf 88' lang='lat' dir='ltr'><strong>Ubi</strong></span> <span class='ocrx_word' id='word_1_860' title='bbox 3420 4784 3554 4841; x_wconf 89' lang='lat' dir='ltr'><strong>enim</strong></span> <span class='ocrx_word' id='word_1_861' title='bbox 3578 4781 3678 4836; x_wconf 86' lang='lat' dir='ltr'><strong>latet</strong></span> <span class='ocrx_word' id='word_1_862' title='bbox 3697 4774 3766 4830; x_wconf 82' lang='lat' dir='ltr'><strong>Ec-</strong></span> 
     </span>
    </p>
   </div>
   <div class='ocr_carea' id='block_1_110' title="bbox 2262 4869 3766 4935">
    <p class='ocr_par' dir='ltr' id='par_1_110' title="bbox 2262 4869 3766 4935">
     <span class='ocr_line' id='line_1_110' title="bbox 2262 4869 3766 4935; baseline -0.007 -5"><span class='ocrx_word' id='word_1_863' title='bbox 2262 4875 2421 4930; x_wconf 87' lang='lat' dir='ltr'><strong>clcsia</strong></span> <span class='ocrx_word' id='word_1_864' title='bbox 2447 4874 2683 4930; x_wconf 81' lang='lat' dir='ltr'><strong>Christi?</strong></span> <span class='ocrx_word' id='word_1_865' title='bbox 2729 4874 2813 4928; x_wconf 91' lang='lat' dir='ltr'><strong>ubi</strong></span> <span class='ocrx_word' id='word_1_866' title='bbox 2849 4875 2978 4930; x_wconf 86' lang='lat' dir='ltr'><strong>latet</strong></span> <span class='ocrx_word' id='word_1_867' title='bbox 3021 4876 3216 4931; x_wconf 87' lang='lat' dir='ltr'><strong>veritas</strong></span> <span class='ocrx_word' id='word_1_868' title='bbox 3242 4875 3476 4932; x_wconf 78' lang='lat' dir='ltr'><strong>Christi?</strong></span> <span class='ocrx_word' id='word_1_869' title='bbox 3500 4873 3658 4930; x_wconf 82' lang='lat' dir='ltr'><strong>Nonne</strong></span> <span class='ocrx_word' id='word_1_870' title='bbox 3687 4869 3766 4935; x_wconf 76' lang='lat' dir='ltr'><strong>ipse</strong></span> 
     </span>
    </p>
   </div>
   <div class='ocr_carea' id='block_1_111' title="bbox 2263 4955 3766 5039">
    <p class='ocr_par' dir='ltr' id='par_1_111' title="bbox 2263 4955 3766 5039">
     <span class='ocr_line' id='line_1_111' title="bbox 2263 4955 3766 5039; baseline -0.009 -17"><span class='ocrx_word' id='word_1_871' title='bbox 2263 4975 2347 5022; x_wconf 89' lang='lat' dir='ltr'><strong>est</strong></span> <span class='ocrx_word' id='word_1_872' title='bbox 2371 4981 2522 5021; x_wconf 90' lang='lat' dir='ltr'><strong>mons</strong></span> <span class='ocrx_word' id='word_1_873' title='bbox 2545 4966 2633 5037; x_wconf 91' lang='lat' dir='ltr'><strong>qui</strong></span> <span class='ocrx_word' id='word_1_874' title='bbox 2657 4967 2826 5022; x_wconf 89' lang='lat' dir='ltr'><strong>crevit</strong></span> <span class='ocrx_word' id='word_1_875' title='bbox 2851 4981 2917 5021; x_wconf 83' lang='lat' dir='ltr'><strong>ex</strong></span> <span class='ocrx_word' id='word_1_876' title='bbox 2946 4967 3166 5023; x_wconf 91' lang='lat' dir='ltr'><strong>minimo</strong></span> <span class='ocrx_word' id='word_1_877' title='bbox 3195 4968 3388 5039; x_wconf 86' lang='lat' dir='ltr'><strong>lapide,</strong></span> <span class='ocrx_word' id='word_1_878' title='bbox 3406 4977 3458 5024; x_wconf 91' lang='lat' dir='ltr'><strong>et</strong></span> <span class='ocrx_word' id='word_1_879' title='bbox 3473 4961 3674 5036; x_wconf 59' lang='lat' dir='ltr'><strong>implevit</strong></span> <span class='ocrx_word' id='word_1_880' title='bbox 3693 4955 3766 5011; x_wconf 88' lang='lat' dir='ltr'><strong>uni-</strong></span> 
     </span>
    </p>
   </div>
   <div class='ocr_carea' id='block_1_112' title="bbox 2263 5056 3766 5132">
    <p class='ocr_par' dir='ltr' id='par_1_112' title="bbox 2263 5056 3766 5132">
     <span class='ocr_line' id='line_1_112' title="bbox 2263 5056 3766 5132; baseline -0.01 -17"><span class='ocrx_word' id='word_1_881' title='bbox 2263 5076 2472 5115; x_wconf 86' lang='lat' dir='ltr'><strong>versam</strong></span> <span class='ocrx_word' id='word_1_882' title='bbox 2519 5059 2703 5114; x_wconf 83' lang='lat' dir='ltr'><strong>faciem</strong></span> <span class='ocrx_word' id='word_1_883' title='bbox 2750 5069 2905 5114; x_wconf 74' lang='lat' dir='ltr'><strong>terrte</strong></span> <span class='ocrx_word' id='word_1_884' title='bbox 2949 5059 3109 5132; x_wconf 90' lang='lat' dir='ltr'><strong>(Dan.</strong></span> <span class='ocrx_word' id='word_1_885' title='bbox 3157 5077 3233 5127; x_wconf 85' lang='grc' dir='ltr'><strong>ιι,</strong></span> <span class='ocrx_word' id='word_1_886' title='bbox 3279 5061 3404 5130; x_wconf 79' lang='lat'><strong>35)?</strong></span> <span class='ocrx_word' id='word_1_887' title='bbox 3451 5056 3766 5114; x_wconf 85' lang='lat' dir='ltr'><strong>Convincuntur</strong></span> 
     </span>
    </p>
   </div>
   <div class='ocr_carea' id='block_1_113' title="bbox 2265 5137 3763 5222">
    <p class='ocr_par' dir='ltr' id='par_1_113' title="bbox 2265 5137 3763 5222">
     <span class='ocr_line' id='line_1_113' title="bbox 2265 5137 3763 5222; baseline -0.011 -15"><span class='ocrx_word' id='word_1_888' title='bbox 2265 5153 2410 5216; x_wconf 88' lang='lat' dir='ltr'><strong>hinc,</strong></span> <span class='ocrx_word' id='word_1_889' title='bbox 2458 5168 2564 5208; x_wconf 92' lang='lat' dir='ltr'><strong>non</strong></span> <span class='ocrx_word' id='word_1_890' title='bbox 2607 5151 2802 5206; x_wconf 87' lang='lat' dir='ltr'><strong>habent</strong></span> <span class='ocrx_word' id='word_1_891' title='bbox 2825 5151 2966 5222; x_wconf 89' lang='lat' dir='ltr'><strong>quod</strong></span> <span class='ocrx_word' id='word_1_892' title='bbox 2994 5151 3172 5208; x_wconf 87' lang='lat' dir='ltr'><strong>dicant</strong></span> <span class='ocrx_word' id='word_1_893' title='bbox 3207 5161 3389 5209; x_wconf 89' lang='lat' dir='ltr'><strong>contra</strong></span> <span class='ocrx_word' id='word_1_894' title='bbox 3416 5149 3684 5208; x_wconf 66' lang='lat' dir='ltr'><strong>Ecclesium.</strong></span> <span class='ocrx_word' id='word_1_895' title='bbox 3721 5137 3763 5192; x_wconf 81' lang='lat' dir='ltr'><strong>Et</strong></span> 
     </span>
    </p>
   </div>
   <div class='ocr_carea' id='block_1_114' title="bbox 2265 5232 3759 5317">
    <p class='ocr_par' dir='ltr' id='par_1_114' title="bbox 2265 5232 3759 5317">
     <span class='ocr_line' id='line_1_114' title="bbox 2265 5232 3759 5317; baseline -0.009 -16"><span class='ocrx_word' id='word_1_896' title='bbox 2265 5247 2389 5316; x_wconf 87' lang='lat' dir='ltr'><strong>quid</strong></span> <span class='ocrx_word' id='word_1_897' title='bbox 2414 5246 2493 5302; x_wconf 89' lang='lat' dir='ltr'><strong>eis</strong></span> <span class='ocrx_word' id='word_1_898' title='bbox 2513 5245 2806 5302; x_wconf 85' lang='lat' dir='ltr'><strong>remansit?</strong></span> <span class='ocrx_word' id='word_1_899' title='bbox 2827 5243 2961 5312; x_wconf 84' lang='lat' dir='ltr'><strong>Quid</strong></span> <span class='ocrx_word' id='word_1_900' title='bbox 2984 5259 3082 5300; x_wconf 89' lang='lat' dir='ltr'><strong>nos</strong></span> <span class='ocrx_word' id='word_1_901' title='bbox 3106 5245 3380 5316; x_wconf 68' lang='lat' dir='ltr'><strong>qumritis?</strong></span> <span class='ocrx_word' id='word_1_902' title='bbox 3397 5243 3514 5317; x_wconf 91' lang='lat' dir='ltr'><strong>quid</strong></span> <span class='ocrx_word' id='word_1_903' title='bbox 3535 5255 3617 5297; x_wconf 90' lang='lat' dir='ltr'><strong>nos</strong></span> <span class='ocrx_word' id='word_1_904' title='bbox 3634 5232 3759 5288; x_wconf 74' lang='lat' dir='ltr'><strong>vultis.</strong></span> 
     </span>
    </p>
   </div>
   <div class='ocr_carea' id='block_1_115' title="bbox 2264 5325 3762 5394">
    <p class='ocr_par' dir='ltr' id='par_1_115' title="bbox 2264 5325 3762 5394">
     <span class='ocr_line' id='line_1_115' title="bbox 2264 5325 3762 5394; baseline -0.009 0"><span class='ocrx_word' id='word_1_905' title='bbox 2264 5338 2486 5394; x_wconf 78' lang='lat' dir='ltr'><strong>dicunt?</strong></span> <span class='ocrx_word' id='word_1_906' title='bbox 2511 5337 2744 5394; x_wconf 81' lang='lat' dir='ltr'><strong>recedite</strong></span> <span class='ocrx_word' id='word_1_907' title='bbox 2762 5354 2791 5390; x_wconf 91' lang='lat' dir='ltr'><strong>a</strong></span> <span class='ocrx_word' id='word_1_908' title='bbox 2823 5336 2994 5392; x_wconf 89' lang='lat' dir='ltr'><strong>nobis.</strong></span> <span class='ocrx_word' id='word_1_909' title='bbox 3019 5337 3212 5393; x_wconf 91' lang='lat' dir='ltr'><strong>Dicunt</strong></span> <span class='ocrx_word' id='word_1_910' title='bbox 3236 5347 3409 5394; x_wconf 84' lang='lat' dir='ltr'><strong>autem</strong></span> <span class='ocrx_word' id='word_1_911' title='bbox 3429 5346 3480 5392; x_wconf 89' lang='lat' dir='ltr'><strong>et</strong></span> <span class='ocrx_word' id='word_1_912' title='bbox 3501 5333 3626 5389; x_wconf 88' lang='lat' dir='ltr'><strong>suis:</strong></span> <span class='ocrx_word' id='word_1_913' title='bbox 3646 5325 3762 5380; x_wconf 71' lang='lat' dir='ltr'><strong>Nemo</strong></span> 
     </span>
    </p>
   </div>
   <div class='ocr_carea' id='block_1_116' title="bbox 2263 5413 3761 5502">
    <p class='ocr_par' dir='ltr' id='par_1_116' title="bbox 2263 5413 3761 5502">
     <span class='ocr_line' id='line_1_116' title="bbox 2263 5413 3761 5502; baseline -0.012 -13"><span class='ocrx_word' id='word_1_914' title='bbox 2263 5447 2384 5489; x_wconf 90' lang='lat' dir='ltr'><strong>cum</strong></span> <span class='ocrx_word' id='word_1_915' title='bbox 2411 5433 2517 5488; x_wconf 92' lang='lat' dir='ltr'><strong>illis</strong></span> <span class='ocrx_word' id='word_1_916' title='bbox 2545 5431 2805 5502; x_wconf 88' lang='lat' dir='ltr'><strong>loquatur,</strong></span> <span class='ocrx_word' id='word_1_917' title='bbox 2838 5444 2996 5486; x_wconf 88' lang='lat' dir='ltr'><strong>nemo</strong></span> <span class='ocrx_word' id='word_1_918' title='bbox 3022 5429 3124 5485; x_wconf 89' lang='lat' dir='ltr'><strong>illis</strong></span> <span class='ocrx_word' id='word_1_919' title='bbox 3145 5429 3502 5499; x_wconf 72' lang='lat' dir='ltr'><strong>coniungatur,</strong></span> <span class='ocrx_word' id='word_1_920' title='bbox 3531 5434 3660 5480; x_wconf 83' lang='lat' dir='ltr'><strong>aetna</strong></span> <span class='ocrx_word' id='word_1_921' title='bbox 3680 5413 3761 5469; x_wconf 70' lang='lat' dir='ltr'><strong>illos</strong></span> 
     </span>
    </p>
   </div>
   <div class='ocr_carea' id='block_1_117' title="bbox 2263 5512 3762 5612">
    <p class='ocr_par' dir='ltr' id='par_1_117' title="bbox 2263 5512 3762 5612">
     <span class='ocr_line' id='line_1_117' title="bbox 2263 5512 3762 5612; baseline -0.015 -29"><span class='ocrx_word' id='word_1_922' title='bbox 2263 5526 2460 5583; x_wconf 89' lang='lat' dir='ltr'><strong>audiat.</strong></span> <span class='ocrx_word' id='word_1_923' title='bbox 2513 5524 2806 5596; x_wconf 75' lang='lat' dir='ltr'><strong>indignatio</strong></span> <span class='ocrx_word' id='word_1_924' title='bbox 2849 5537 3076 5592; x_wconf 89' lang='lat' dir='ltr'><strong>eorum,</strong></span> <span class='ocrx_word' id='word_1_925' title='bbox 3134 5523 3418 5596; x_wconf 76' lang='lat' dir='ltr'><strong>indignatio</strong></span> <span class='ocrx_word' id='word_1_926' title='bbox 3463 5512 3762 5612; x_wconf 70' lang='lat' dir='ltr'><strong>serpentium:</strong></span> 
     </span>
    </p>
   </div>
   <div class='ocr_carea' id='block_1_118' title="bbox 2327 5622 3757 5709">
    <p class='ocr_par' dir='ltr' id='par_1_118' title="bbox 2327 5622 3757 5709">
     <span class='ocr_line' id='line_1_118' title="bbox 2327 5622 3757 5709; baseline -0.016 -17"><span class='ocrx_word' id='word_1_927' title='bbox 2327 5645 2345 5676; x_wconf 75' lang='grc' dir='ltr'><strong><em>ι</em></strong></span> <span class='ocrx_word' id='word_1_928' title='bbox 2379 5643 2452 5691; x_wconf 86' lang='lat' dir='ltr'><strong>Sic</strong></span> <span class='ocrx_word' id='word_1_929' title='bbox 2471 5647 2576 5690; x_wconf 82' lang='lat' dir='ltr'><strong>Mss.</strong></span> <span class='ocrx_word' id='word_1_930' title='bbox 2593 5645 2658 5709; x_wconf 73' lang='lat' dir='ltr'><strong>_Al.</strong></span> <span class='ocrx_word' id='word_1_931' title='bbox 2679 5636 2882 5709; x_wconf 76' lang='lat' dir='ltr'><strong>Edd.,_et</strong></span> <span class='ocrx_word' id='word_1_932' title='bbox 2902 5649 2994 5709; x_wconf 69' lang='lat' dir='ltr'><strong>non</strong></span> <span class='ocrx_word' id='word_1_933' title='bbox 3013 5635 3170 5709; x_wconf 74' lang='lat' dir='ltr'><strong>solum</strong></span> <span class='ocrx_word' id='word_1_934' title='bbox 3191 5649 3286 5688; x_wconf 88' lang='lat' dir='ltr'><strong>non</strong></span> <span class='ocrx_word' id='word_1_935' title='bbox 3303 5633 3546 5691; x_wconf 83' lang='lat' dir='ltr'><strong>audientes,</strong></span> <span class='ocrx_word' id='word_1_936' title='bbox 3567 5622 3640 5678; x_wconf 80' lang='lat' dir='ltr'><strong>sed</strong></span> <span class='ocrx_word' id='word_1_937' title='bbox 3653 5626 3757 5670; x_wconf 64' lang='lat' dir='ltr'><strong>mw</strong></span> 
     </span>
    </p>
   </div>
   <div class='ocr_carea' id='block_1_119' title="bbox 2261 5699 3169 5761">
    <p class='ocr_par' dir='ltr' id='par_1_119' title="bbox 2261 5699 3169 5761">
     <span class='ocr_line' id='line_1_119' title="bbox 2261 5699 3169 5761; baseline -0.01 -4"><span class='ocrx_word' id='word_1_938' title='bbox 2261 5717 2324 5758; x_wconf 82' lang='lat' dir='ltr'><strong>no</strong></span> <span class='ocrx_word' id='word_1_939' title='bbox 2341 5711 2391 5754; x_wconf 88' lang='lat' dir='ltr'><strong>ut</strong></span> <span class='ocrx_word' id='word_1_940' title='bbox 2413 5716 2506 5754; x_wconf 88' lang='lat' dir='ltr'><strong>non</strong></span> <span class='ocrx_word' id='word_1_941' title='bbox 2527 5699 2711 5752; x_wconf 82' lang='lat' dir='ltr'><strong>valeant</strong></span> <span class='ocrx_word' id='word_1_942' title='bbox 2732 5699 2905 5750; x_wconf 84' lang='lat' dir='ltr'><strong>audire</strong></span> <span class='ocrx_word' id='word_1_943' title='bbox 2927 5699 3169 5761; x_wconf 82' lang='lat' dir='ltr'><strong>facientes.</strong></span> 
     </span>
    </p>
   </div>
   <div class='ocr_carea' id='block_1_120' title="bbox 2325 5743 3756 5825">
    <p class='ocr_par' dir='ltr' id='par_1_120' title="bbox 2325 5743 3756 5825">
     <span class='ocr_line' id='line_1_120' title="bbox 2325 5743 3756 5825; baseline -0.008 -9"><span class='ocrx_word' id='word_1_944' title='bbox 2325 5743 2861 5825; x_wconf 61' lang='lat' dir='ltr'><strong>-“&#39;p&#39;5i~iiciit§;&quot;ih,“tiuiil</strong></span> <span class='ocrx_word' id='word_1_945' title='bbox 2878 5743 3257 5822; x_wconf 61' lang='grc' dir='ltr'><strong>ᾗιῗᾶξιῗὶἱῖεὲωι,</strong></span> <span class='ocrx_word' id='word_1_946' title='bbox 3283 5762 3375 5813; x_wconf 83' lang='lat' dir='ltr'><strong>huc</strong></span> <span class='ocrx_word' id='word_1_947' title='bbox 3395 5743 3756 5810; x_wconf 60' lang='grc' dir='ltr'><strong>τθνοωιιινοιιευ</strong></span> 
     </span>
    </p>
   </div>
   <div class='ocr_carea' id='block_1_121' title="bbox 2331 5827 2722 5892">
    <p class='ocr_par' dir='ltr' id='par_1_121' title="bbox 2331 5827 2722 5892">
     <span class='ocr_line' id='line_1_121' title="bbox 2331 5827 2722 5892; baseline -0.018 -12"><span class='ocrx_word' id='word_1_948' title='bbox 2331 5829 2401 5892; x_wconf 84' lang='lat' dir='ltr'><strong>(tt)</strong></span> <span class='ocrx_word' id='word_1_949' title='bbox 2436 5827 2722 5879; x_wconf 76' lang='lat' dir='ltr'><strong>mnatistas.</strong></span> 
     </span>
    </p>
   </div>
   <div class='ocr_carea' id='block_1_122' title="bbox 3841 1514 3924 6302">
    <p class='ocr_par' dir='ltr' id='par_1_122' title="bbox 3875 5613 3893 6302">
     <span class='ocr_line' id='line_1_122' title="bbox 3875 5613 3893 6302; baseline 0.222 -4"><span class='ocrx_word' id='word_1_950' title='bbox 3875 5657 3888 6298; x_wconf 81' lang='grc' dir='ltr'>ι</span> 
     </span>
    </p>
   </div>
  </div>
