3942 6438
179 328 284 394 αι

191 447 306 506 sicut
332 443 524 515 aspidis
569 441 738 498 surda:
779 451 825 497 et
867 443 1145 500 obturantis
1171 457 1316 500 aures
1354 461 1494 509 suus,
1534 460 1772 514 qucenon

194 536 410 596 exaudiet
437 551 603 591 uocem
633 535 1000 590 incantantium
1026 575 1041 600 ,
1072 544 1118 589 et
1147 535 1493 590 medicamenti
1517 577 1533 602 ,
1567 534 1667 590 hoc
1691 545 1774 590 est

194 645 367 689 vocem
395 627 805 692 medicamenti,
837 629 1074 682 medicati
1095 646 1127 683 a
1152 630 1395 700 sapiente.
1422 629 1610 683 Nonne
1649 628 1772 684 hinc

190 725 292 797 jam
315 720 620 790 intelligitur
645 719 803 791 quale
832 719 1307 788 medicamentum,
1336 719 1552 790 quando
1576 715 1764 776 vocem

195 814 348 872 dicitl
386 811 650 880 Numquid
703 810 1151 868 medicamentum
1204 811 1365 868 habet
1403 813 1627 868 vocem?
1679 813 1774 868 Est

192 902 439 977 quoddam
465 902 911 959 medicamentum
941 901 1084 974 quod
1115 902 1275 958 habet
1298 917 1507 959 vocem.
1538 901 1774 960 Medica-

191 1004 413 1052 mentum
443 1002 755 1065 portamus;
784 1009 971 1050 vocem
996 994 1112 1065 ejus
1135 993 1314 1050 audite
1333 1035 1348 1061 ,
1373 1010 1478 1050 non
1504 994 1774 1066 quomodo

191 1087 389 1159 aspides
413 1085 610 1142 surdae.
642 1085 704 1142 Si
729 1102 842 1141 vere
865 1086 1038 1156 utique
1064 1086 1310 1155 iustitiam
1337 1086 1620 1156 loquimini,
1639 1096 1776 1142 recta

186 1181 430 1250 iudicate,
463 1179 558 1247 ﬁlii
588 1179 868 1233 hominum.
902 1178 1018 1234 Vox
1046 1186 1129 1234 est
1156 1178 1546 1248 medicamenti,
1575 1189 1632 1236 et
1674 1180 1776 1236 hoc

188 1271 408 1325 ntedicati
451 1286 485 1324 a
506 1271 755 1337 sapiente.
784 1269 902 1325 Jam
942 1269 1084 1326 enim
1111 1270 1258 1326 venit
1281 1269 1525 1327 Christus
1553 1272 1640 1344 qui
1671 1271 1771 1328 im-

184 1361 346 1434 ploret
374 1359 571 1431 Legem
593 1368 649 1416 ct
676 1359 972 1430 PrOphetas
1001 1359 1220 1431 (Matth.
1253 1376 1286 1415 v
1309 1402 1325 1428 ,
1357 1360 1447 1432 Π)
1471 1403 1486 1428 ,
1513 1364 1604 1434 qui
1628 1362 1773 1417 veri-

182 1461 338 1506 tatem
383 1452 554 1520 ipsum
595 1449 831 1505 firmaret
872 1468 884 1504 :
934 1450 987 1504 in
1026 1451 1217 1520 quibus
1257 1450 1466 1508 duobus
1496 1455 1776 1524 praeceptis

179 1549 282 1596 tota
310 1540 416 1596 Lex
448 1538 648 1610 pendet
671 1547 726 1596 et
753 1537 1032 1611 Pr0phetae
1058 1537 1172 1611 (Id.
1201 1556 1310 1596 χχιι
1329 1582 1346 1608 ,
1377 1539 1490 1614 40).

243 1635 334 1690 10.
372 1633 457 1690 An
489 1633 624 1688 forte
641 1632 930 1704 quaerimus
953 1631 1149 1703 aliquid
1183 1641 1238 1688 et
1259 1633 1312 1688 in
1333 1647 1399 1689 eo
1418 1632 1562 1704 quod
1581 1632 1776 1689 dicitur

175 1727 319 1798 aspis
355 1726 428 1781 ita
466 1740 626 1782 aures
652 1723 922 1792 claudere,
964 1733 1024 1779 ut
1065 1740 1222 1780 unam
1261 1739 1446 1780 earum
1483 1726 1537 1780 in
1578 1733 1774 1782 terram

176 1827 402 1894 premat,
433 1819 660 1875 alteram
689 1817 852 1874 cauda
876 1817 1081 1889 oppilet
1099 1818 1124 1872 ?
1143 1817 1279 1887 Quid
1306 1818 1406 1873 sibi
1426 1818 1540 1873 vult
1559 1817 1698 1875 hoc?
1719 1818 1775 1874 1n

176 1915 338 1972 cauda
355 1956 370 1982 ,
401 1914 700 1986 posteriora
722 1914 903 1984 utique
931 1913 1331 1985 intelliguntur;
1353 1927 1481 1983 ergo
1512 1914 1528 1944 ί
1550 1921 1777 1983 praeter-

179 2010 268 2076 ita,
305 2023 411 2079 quo
452 2006 566 2078 jam
615 2015 820 2078 tergum
864 2014 1076 2076 oportet
1110 2020 1344 2076 ponere,
1371 2013 1430 2060 ut
1471 2005 1525 2062 in
1563 2020 1626 2061 ea
1651 2022 1774 2078 qua:

181 2101 334 2157 nobis
370 2100 756 2172 promittuntur
781 2096 1155 2154 intendamus:
1181 2112 1311 2170 ergo
1335 2111 1437 2153 nec
1461 2112 1527 2154 ex
1550 2107 1779 2168 praeter-

181 2194 249 2248 ita
297 2193 403 2248 vita
445 2200 625 2248 nostra
649 2233 665 2258 ,
700 2205 800 2247 nec
820 2206 890 2247 ex
928 2190 1180 2262 prresenti
1210 2189 1466 2247 delectari
1493 2190 1773 2248 debemus.

183 2282 291 2340 Hoc
327 2284 472 2341 enim
507 2282 797 2354 Apostolus
837 2290 1021 2336 monet
1055 2281 1261 2346 dicens,
1313 2279 1477 2347 Quem
1517 2296 1637 2353 ergo
1679 2281 1778 2337 ali-

182 2374 378 2444 quando
406 2377 630 2446 [rnctum
669 2373 916 2427 habuistis
950 2375 1002 2426 in
1046 2373 1125 2426 his
1167 2374 1219 2427 in
1261 2373 1439 2444 quibus
1485 2390 1618 2428 nunc
1659 2390 1777 2429 eru-

183 2467 373 2522 bescitis
414 2466 593 2536 (itaut.
624 2479 712 2526 vt,
740 2463 874 2534 ειη
915 2463 1153 2519 Revoeat
1195 2479 1227 2518 a
1269 2464 1617 2520 recordandis
1655 2480 1778 2521 cum

182 2559 529 2616 delectatione
551 2556 855 2630 prmteritis,
877 2564 1074 2612 etcum
1094 2556 1322 2626 quadam
1347 2557 1780 2628 concupiscentia

183 2653 384 2709 fruendi
413 2654 469 2717 ³,
503 2666 571 2706 ne
592 2649 876 2706 redeamus
901 2648 1064 2704 corde
1095 2649 1144 2702 in
1176 2646 1487 2722 Egyptum.
1527 2648 1666 2718 Quid
1709 2649 1778 2704 de

185 2741 563 2814 pnesentibus?
606 2738 874 2812 quomodo
908 2738 1062 2810 jubet
1093 2738 1253 2794 etiam
1302 2740 1417 2809 ipsa
1460 2739 1778 2795 contemni?

187 2834 307 2891 Non
331 2832 705 2905 respicientibus
723 2873 740 2899 ,
767 2831 969 2901 inquit,
997 2846 1110 2902 qua:
1134 2829 1365 2884 videntur
1384 2870 1402 2898 ,
1433 2829 1522 2886 sed
1542 2847 1656 2902 quae
1675 2847 1778 2886 non

182 2926 428 2980 videntur.
479 2923 608 2992 Qua:
641 2923 776 2978 enim
811 2921 1064 2986 videntur,
1115 2921 1411 2991 temporalia
1457 2931 1619 2976 sunt:
1666 2936 1780 2992 quat

183 3027 348 3072 autem
375 3033 473 3072 non
501 3015 768 3084 videntur,
796 3023 984 3069 (eterna
1008 3011 1086 3082 (11
1115 3011 1235 3068 Cor.
1263 3029 1350 3080 tv,
1383 3012 1516 3084 18).
1547 3011 1679 3070 Item
1709 3013 1778 3070 de

181 3109 428 3181 praesenti
457 3107 566 3162 vita
603 3105 770 3162 dicit:
816 3103 877 3161 Si
901 3104 954 3158 in
983 3103 1080 3157 hac
1108 3105 1211 3158 vita
1248 3111 1442 3158 tantum
1480 3103 1534 3159 in
1577 3103 1778 3158 Christo

185 3212 444 3272 sperantes
467 3216 662 3266 sumus,
693 3197 1080 3253 miserabiliores
1104 3213 1276 3250 sumus
1302 3196 1529 3252 omnibus
1558 3195 1778 3251 homini-

180 3292 277 3348 bus
315 3289 510 3364 (lCor.
577 3305 676 3355 xv,
733 3287 864 3361 l9).
915 3287 1245 3345 Obliviscere
1289 3302 1418 3358 ergo
1469 3287 1776 3358 praeterita,

187 3386 376 3457 quibus
417 3385 557 3442 male
617 3382 836 3449 vixisti;
885 3392 1172 3439 contemne
1222 3381 1540 3453 prmsentia,
1583 3381 1778 3453 quibus

184 3476 545 3546 temporaliter
586 3473 759 3542 vivis,
803 3487 872 3528 ne
913 3480 965 3528 te
1007 3471 1295 3544 alligando,
1339 3474 1620 3542 praesentia
1669 3488 1778 3528 non

184 3569 490 3638 permittant
524 3565 802 3639 pervenire
828 3563 894 3620 ad
923 3563 1118 3620 futura.
1146 3563 1202 3620 Si
1236 3564 1379 3620 enim
1407 3579 1646 3634 praesens
1669 3564 1780 3620 vita

184 3666 240 3713 te
262 3658 487 3714 delectat
505 3699 520 3722 ,
548 3671 732 3712 aurem
755 3655 807 3710 in
835 3663 980 3711 terra
1005 3651 1266 3726 posuisti:
1296 3652 1340 3708 si
1363 3653 1467 3708 tuis
1494 3653 1780 3724 przeteritis

182 3751 343 3806 etiam
385 3761 531 3806 retro
574 3747 874 3806 labentibus
920 3746 1225 3814 delectaris,
1271 3761 1455 3803 aurem
1497 3747 1568 3804 de
1609 3747 1777 3804 cauda

181 3843 460 3901 obturasti.
484 3843 653 3900 Debes
676 3856 804 3913 ergo
826 3840 906 3896 ire
933 3841 988 3894 in
1014 3839 1208 3907 lucem,
1239 3839 1387 3895 exire
1410 3839 1480 3896 dc
1505 3839 1740 3896 tenebris
1759 3881 1776 3907 ,

176 3935 360 3993 audita
386 3950 517 3991 voce
542 3932 919 3991 medicamenti
949 3931 1198 3988 medicati
1223 3946 1255 3986 a
1281 3931 1553 4000 sapiente;
1589 3937 1646 3985 ut
1665 3930 1776 4001 jam

169 4029 228 4083 in
256 4029 376 4083 lucc
401 4025 702 4093 ambulans,
731 4033 787 4080 et
809 4024 1086 4080 exsultans
1116 4021 1265 4078 dicas
1289 4038 1303 4075 :
1337 4021 1465 4087 Quae
1490 4031 1624 4077 retro
1643 4021 1776 4076 obli-

166 4131 282 4185 tus,
312 4119 368 4173 in
395 4134 455 4174 ea
481 4133 594 4189 qua:
617 4126 734 4172 ante
755 4124 872 4172 sunt
899 4122 1127 4170 extentus
1144 4111 1404 4186 (Philipp.
1429 4112 1636 4185 ut,i3).
1664 4113 1778 4169 Non

163 4213 352 4270 dixit:
382 4211 512 4280 Qua:
553 4219 701 4266 retro
733 4207 961 4275 oblitus,
999 4215 1055 4262 et
1078 4221 1146 4260 ex
1173 4204 1525 4276 praesentibus
1544 4204 1780 4260 delecta-

165 4317 285 4361 tus.
308 4303 447 4358 Cum
468 4300 615 4365 dicit,
642 4300 770 4368 Qua:
788 4308 920 4354 retro
941 4296 1146 4362 oblitus,
1175 4311 1279 4351 non
1302 4293 1572 4352 obturavit
1592 4309 1778 4350 aurem

160 4398 242 4454 de
270 4394 475 4459 cauda;
502 4407 622 4448 cum
647 4391 792 4458 dicit,
821 4389 888 4444 In
915 4406 974 4444 ea
997 4403 1109 4460 qua:
1127 4397 1242 4443 ante
1267 4396 1382 4442 sunt
1409 4394 1659 4454 extentus,
1692 4385 1778 4443 his

161 4499 225 4545 et
255 4483 608 4558 praesentibus
629 4499 734 4538 non
763 4480 1078 4536 obsurduit:
1106 4478 1298 4535 merito
1319 4478 1562 4546 audiens,
1586 4479 1779 4535 merito

164 4578 504 4650 prmdicans,
533 4573 724 4630 merito
745 4572 974 4628 exsultat
998 4570 1175 4640 lingua
1200 4569 1338 4641 ejus,
1371 4568 1667 4640 praedicans
1689 4586 1780 4625 ve-

163 4671 398 4726 ritatem
437 4667 490 4721 in
521 4665 639 4723 luce
677 4677 835 4731 nova,
885 4662 1126 4732 deposita
1168 4671 1348 4718 vetere
1377 4661 1570 4718 tunica.
1605 4661 1671 4717 Et
1709 4661 1777 4718 ad

163 4762 283 4817 hoc
311 4759 458 4817 enim
483 4757 625 4812 valet
644 4755 836 4811 astutia
866 4751 1148 4824 serpentis,
1172 4751 1239 4806 ad
1263 4767 1422 4823 quant
1445 4766 1544 4807 nos
1569 4752 1782 4807 imitan-

165 4853 303 4909 dam
330 4848 588 4906 Dominns
609 4847 936 4903 exhortatur.
965 4844 1053 4899 Ait
1071 4844 1248 4900 enim:
1279 4843 1454 4899 Estote
1473 4844 1629 4898 astuti
1648 4845 1779 4900 sicut

166 4951 436 5014 serpentes
465 4938 674 5011 (Matth.
704 4953 765 5005 Χ,
799 4937 909 5008 16).
935 4935 1073 5004 Quid
1102 4943 1203 5002 est,
1235 4935 1392 4989 astuti
1414 4936 1542 4990 sicut
1569 4952 1778 5008 serpen-

169 5037 296 5093 tes?
325 5032 472 5090 Oll'er
507 5030 684 5086 omnia
710 5027 949 5085 membra
982 5037 1067 5082 tua
1096 5026 1446 5097 percutienti,
1487 5025 1779 5082 dummodo

170 5133 344 5197 caput
387 5125 651 5194 integrum
700 5135 899 5176 serves.
941 5115 1108 5186 Caput
1147 5117 1260 5182 viri,
1306 5114 1536 5172 Christus
1580 5115 1624 5186 (I
1656 5115 1774 5171 Cor.

175 5237 238 5276 ιι
263 5263 278 5284 ,
310 5219 390 5290 '5).
438 5215 545 5272 Sed
571 5221 757 5286 gravat
793 5212 941 5284 quasi
985 5209 1194 5281 pondus
1236 5208 1365 5264 corii
1404 5206 1678 5278 cujusdam
1720 5215 1779 5263 et

173 5311 337 5384 quasi
362 5315 574 5364 senecta
600 5304 797 5361 veteris
821 5302 1072 5358 hominis.
1097 5299 1232 5355 Audi
1262 5295 1576 5369 Apostolum
1596 5297 1778 5354 dicen-

177 5412 318 5460 tem.
365 5397 618 5453 Exuentes
653 5411 739 5450 vos
767 5401 976 5448 veterem
1001 5391 1273 5454 hominem,
1306 5399 1352 5443 et
1395 5390 1656 5444 induentes
1679 5405 1776 5443 no.

177 5508 300 5547 vum
331 5489 547 5563 (Coloss.
576 5504 632 5542 ut
651 5529 668 5554 ,
694 5485 729 5542 9
749 5528 765 5554 ,
800 5484 912 5554 10).
944 5483 1014 5539 Et
1058 5481 1328 5554 quomodo
1353 5496 1525 5546 exuo,
1560 5481 1735 5552 inquis
1756 5522 1774 5548 ,

175 5593 424 5640 veterem
449 5578 763 5636 hominem?
795 5575 1007 5632 Imitare
1041 5575 1290 5631 astutiam
1328 5572 1612 5644 serpentis.
1638 5571 1777 5640 Quid

244 5763 265 5796 ⁸
300 5759 378 5811 sic
400 5765 504 5809 Mss.
538 5757 649 5808 Edd.
673 5769 812 5819 vero,
835 5765 1063 5819 ergonon
1079 5751 1129 5804 in
1150 5749 1416 5817 praterita.

243 5825 268 5857 ⁸
299 5821 376 5872 sic
398 5828 487 5870 Mss
527 5827 584 5870 At
605 5819 737 5879 Erkl.,
768 5815 1003 5879 puerulis.

435 5904 658 5966 Sum.
712 5904 752 5964 Α
768 5917 966 5961 ιῖοιτςτ
981 5926 1002 5956 .-
1037 5899 1140 5959 IV.

1288 329 1691 387 ENARRATIO
1727 329 1793 385 ΙΝ
1833 330 2150 393 PSALMUM
2189 336 2344 392 LV".

3360 343 3467 401 689

1877 450 2020 505 enim
2069 451 2194 508 facit
2237 467 2478 525 serpens,
2523 463 2582 509 ut
2603 465 2762 512 exuat
2806 469 2865 512 se
2910 467 3147 514 veterem
3192 461 3468 519 tunicam!

1875 540 2122 598 Coarctat
2148 557 2208 599 sc
2243 560 2339 616 per
2367 545 2605 602 foramen
2646 557 2950 619 angustum.
2992 549 3061 606 Et
3089 551 3196 617 ubi,
3248 552 3423 623 inquis
3448 595 3466 620 ,

1879 631 2092 690 invenio
2119 635 2220 692 hoc
2247 635 2485 694 foramen
2514 641 2840 711 angustum?
2875 641 3012 696 Audi
3048 659 3060 694 :
3102 643 3259 696 Arcta
3300 653 3347 698 et
3376 660 3472 699 an-

1878 727 2199 794 gustacstvia
2217 742 2330 797 qua:
2349 727 2486 782 ducit
2508 729 2575 782 ad
2597 731 2767 798 vitam,
2797 740 2842 784 et
2869 732 3020 800 pauci
3045 741 3162 785 sunt
3186 735 3273 802 qui
3297 733 3470 804 ingre-

1878 815 2087 870 diuntur
2109 833 2198 886 per
2224 833 2335 872 eam
2355 817 2566 888 (Matth.
2599 836 2672 875 vn
2693 862 2706 886 ,
2737 821 2851 893 14).
2880 821 3215 878 Reformidas
3240 839 3380 892 eam,
3411 836 3467 880 et

1879 919 1988 960 non
2014 907 2094 961 vis
2135 906 2410 965 ambulare
2430 951 2444 975 ,
2467 910 2774 981 quia'pauci
2797 913 2960 966 sunt?
2994 913 3066 969 lbi
3097 915 3342 984 ponenda
3382 924 3473 972 est

1879 1005 2030 1052 vetus
2060 998 2260 1065 tunica,
2290 1009 2345 1055 et
2369 1001 2496 1055 alibi
2532 1003 2656 1071 poni
2685 1018 2789 1058 non
2819 1013 3010 1074 potest.
3039 1008 3144 1060 Aut
3188 1007 3230 1061 si
3261 1009 3343 1063 vis
3369 1024 3473 1065 ve-

1882 1095 2076 1144 tustate
2106 1089 2374 1161 impediri,
2414 1093 2660 1162 gravari,
2688 1094 2892 1164 premi,
2923 1096 3032 1150 noli
3061 1097 3136 1153 ire
3164 1111 3258 1168 per
3301 1114 3469 1169 angu-

1879 1189 2034 1236 stam.
2060 1180 2116 1237 Si
2144 1190 2320 1238 autem
2349 1185 2587 1255 gravaris
2607 1194 2871 1242 vetustate
2895 1187 3120 1258 quadam
3150 1191 3350 1259 peccati
3397 1193 3474 1248 tui

1879 1288 1934 1334 et
1960 1279 2241 1349 prteteritae
2269 1279 2392 1336 vitae
2411 1322 2426 1347 ,
2456 1281 2681 1337 transire
2701 1298 2806 1338 non
2830 1292 3000 1352 potes.
3031 1284 3164 1352 Quia
3192 1301 3319 1357 ergo
3348 1301 3476 1341 eor-

1879 1387 1980 1442 pus
1999 1371 2140 1442 quod
2159 1375 2537 1444 corrumpitur,
2561 1385 2810 1447 aggravat
2829 1377 3058 1431 animam
3083 1376 3330 1447 (Sap.1x,
3358 1379 3470 1450 15);

1879 1462 1965 1517 vel
2005 1463 2321 1534 cupiditates
2354 1466 2659 1536 corporales
2699 1482 2805 1522 non
2834 1479 3098 1538 premant,
3148 1470 3229 1524 vel
3269 1486 3473 1526 concu-

1879 1551 2154 1621 piscentia:
2182 1555 2359 1612 carnis
2385 1565 2663 1612 exuuntur.
2689 1557 2844 1614 Unde
2890 1572 3158 1615 exuuntur
3176 1603 3189 1626 ,
3216 1562 3319 1616 nisi
3346 1561 3474 1619 ieris

1880 1658 1978 1712 per
1999 1653 2274 1714 angustam
2304 1647 2345 1714 ⁸,
2377 1647 2477 1701 nisi
2510 1647 2672 1703 fueris
2697 1657 2904 1704 astutus
2931 1659 2992 1704 ut
3016 1654 3278 1721 serpens?

1953 1734 2040 1788 1-1.
2082 1732 2257 1808 [uers.
2291 1736 2344 1789 7.
2374 1734 2394 1810 ]
2424 1736 2564 1791 Deus
2608 1739 2839 1793 contrivit
2880 1739 3052 1796 dentes
3098 1758 3270 1796 eorum
3299 1745 3353 1796 in
3388 1759 3478 1799 ore

1880 1822 2128 1894 ipsorum.
2156 1823 2433 1892 Quorum?
2460 1826 2661 1894 Quibus
2687 1828 2978 1898 indignatio
3015 1839 3096 1885 est
3125 1832 3262 1886 sicut
3281 1832 3475 1888 simili-

1882 1914 2010 1970 tudo
2035 1916 2299 1986 serpentis
2322 1957 2337 1983 ,
2369 1925 2426 1972 et
2450 1918 2652 1986 aSpidis
2680 1919 2979 1975 obturantis
3006 1936 3164 1976 aures
3192 1937 3317 1977 suas
3343 1963 3360 1990 ,
3406 1939 3477 1979 ne

1882 2010 2059 2066 audiat
2091 2025 2277 2066 vocem
2302 2011 2703 2076 incantantium,
2740 2024 2791 2068 et
2827 2014 3197 2071 medicamenti
3226 2015 3477 2072 medicati

1881 2117 1913 2156 a
1939 2102 2196 2172 sapiente.
2225 2103 2360 2171 Quid
2385 2103 2488 2158 illis
2519 2102 2641 2158 fecit
2675 2105 2967 2160 Dominus?
3003 2104 3250 2161 Contrivit
3298 2109 3476 2163 dentes

1881 2208 2058 2247 eorum
2092 2194 2146 2247 in
2177 2209 2262 2246 ore
2284 2193 2528 2264 ipsorum.
2562 2195 2779 2249 Factum
2806 2205 2920 2261 est;
2950 2195 3052 2252 hoc
3080 2199 3253 2266 primo
3275 2197 3474 2254 factum

1882 2294 1985 2351 est,
2005 2294 2059 2341 et
2073 2284 2234 2341 modo
2254 2286 2329 2340 iit.
2348 2286 2452 2343 Sed
2470 2285 2758 2350 sufﬁceret.
2779 2287 2968 2343 fratres
2983 2290 3472 2359 mei,utdiceretur,

1886 2375 2023 2432 Deus
2061 2378 2291 2432 contrivit
2318 2378 2490 2434 dentes
2528 2396 2724 2434 eorum.
2767 2380 2944 2449 Quare
2969 2424 2983 2447 ,
3015 2383 3068 2435 in
3095 2399 3178 2438 ore
3203 2385 3429 2454 ipsorum
3449 2388 3477 2441 .’

1882 2461 2151 2519 Nolcbant
2174 2465 2358 2520 audire
2381 2465 2574 2536 legem,
2605 2467 2856 2522 nolebant
2874 2469 3058 2523 audire
3085 2481 3348 2540 prtem-pta
3378 2487 3476 2527 ve-

1882 2557 2056 2613 ritatis
2109 2574 2140 2612 a
2187 2558 2400 2614 Christo
2454 2559 2755 2626 Pharisaei,
2801 2561 3003 2616 similes
3052 2565 3284 2633 serpenti
3317 2563 3389 2617 illi
3419 2573 3475 2620 et

1882 2648 2076 2720 aspidi.
2123 2648 2414 2705 Prteteritis
2441 2651 2583 2704 enim
2614 2652 2726 2706 suis
2771 2653 3006 2721 peccatis
3048 2652 3474 2723 delecrabantur,

1883 2749 1934 2797 et
1956 2748 2276 2812 praesentem
2301 2740 2464 2796 vitam
2496 2741 2747 2802 nobbant
2776 2743 3022 2798 amittere
3045 2785 3058 2808 ,
3089 2745 3140 2799 id
3169 2754 3251 2800 est
3279 2746 3473 2817 gaudia

1885 2838 2097 2887 terrena
2121 2846 2220 2901 pro
2243 2831 2451 2902 gaudiis
2478 2833 2711 2887 :eternis.
2745 2832 2915 2890 Unam
2943 2850 3127 2890 aurem
3156 2837 3476 2893 claudebant

1882 2938 1950 2978 ex
1969 2918 2322 2979 delectatione
2341 2924 2755 2994 prteteritorum,
2779 2924 3001 2980 alteram
3030 2941 3096 2982 ex
3119 2925 3476 2983 delectatione

1884 3015 2222 3084 praesentium
2247 3014 2268 3044 ’
2300 3029 2314 3066 :
2345 3013 2468 3068 ideo
2514 3014 2767 3070 nolebant
2801 3015 3006 3071 audire.
3034 3015 3166 3070 Nam
3214 3018 3354 3073 unde
3393 3026 3476 3076 est

1882 3105 2010 3161 illud
2043 3122 2057 3161 :
2090 3105 2151 3162 Si
2175 3105 2515 3162 dimiserimus
2545 3122 2657 3160 eum
2679 3148 2693 3170 ,
2723 3107 2916 3162 venient
2941 3108 3195 3176 Romani,
3223 3121 3269 3164 et
3297 3109 3476 3167 tollent

1880 3197 2024 3252 nobis
2071 3207 2118 3251 et
2168 3198 2333 3252 locum
2372 3206 2420 3253 et
2448 3197 2697 3269 gentem(
2734 3197 2890 3254 Joan.
2917 3216 2976 3256 ιι
2999 3243 3014 3267 ,
3070 3201 3138 3257 48
3165 3200 3229 3274 )‘l
3279 3201 3477 3274 Utique

1884 3289 2142 3347 uolebant
2212 3289 2436 3360 perdere
2487 3289 2665 3345 locum
2699 3333 2714 3357 ,
2773 3291 2840 3345 ad
2903 3301 3100 3347 terram
3168 3293 3478 3350 colliserant

1881 3395 2063 3437 aurem
2111 3395 2296 3446 suam;
2343 3389 2398 3437 et
2454 3379 2573 3436 ideo
2625 3379 2912 3437 noluerunt
2967 3381 3151 3438 audire
3181 3383 3339 3438 verba
3386 3384 3477 3441 illa

1881 3471 2145 3528 medicata
2191 3486 2221 3526 a
2271 3471 2534 3542 sapiente.
2589 3471 2797 3528 Dictum
2847 3483 2930 3528 est
2972 3473 3039 3527 de
3081 3473 3186 3529 illis
3228 3486 3282 3529 et
3328 3475 3474 3545 quod

1859 3562 2027 3617 avari
2073 3571 2225 3616 erant
2270 3569 2324 3616 et
2373 3571 2641 3617 amatores
2697 3562 2934 3632 pecunia:
2968 3579 2982 3617 :
3013 3573 3068 3617 et
3124 3565 3298 3619 omnis
3367 3566 3476 3621 vita

1885 3669 2113 3718 eorum,
2165 3654 2326 3708 etiam
2375 3655 2684 3723 praeterita,
2735 3653 3000 3726 descripta
3051 3665 3134 3710 est
3185 3672 3214 3710 a
3246 3658 3473 3714 Domino

1882 3745 1934 3799 in
1963 3744 2264 3816 Evangelia.
2291 3743 2391 3812 Qui
2421 3745 2544 3814 legit
2571 3744 2851 3814 diligenter
2872 3745 3241 3814 Evangelium,
3267 3747 3474 3803 invenit

1881 3837 2022 3892 unde
2050 3836 2122 3890 illi
2163 3837 2349 3891 ambas
2377 3851 2535 3891 aures
2564 3836 2903 3892 obturabant.
2935 3837 3179 3892 intendat
3223 3839 3472 3898 Charitas

1887 3926 2070 3982 Vestra
2104 3946 2117 3982 :
2155 3926 2409 3982 Dominus
2430 3927 2557 3996 quid
2585 3927 2749 3983 fecit?
2769 3927 3011 3984 Contritn't
3033 3929 3204 3984 dentes
3225 3949 3394 3986 eorum
3416 3933 3472 3989 in

1882 4036 1968 4075 ore
2002 4020 2250 4091 ipsorum.
2286 4018 2424 4087 Quid
2468 4029 2572 4086 est,
2617 4020 2672 4074 in
2711 4036 2798 4074 ore
2825 4022 3094 4092 ipsorum?
3123 4021 3193 4078 Ut
3230 4041 3326 4078 ore
3375 4040 3474 4082 suo

1882 4121 2070 4168 contra
2109 4126 2168 4166 se
2200 4110 2647 4181 pronuntiarent:
2678 4112 2854 4180 coegit
2897 4111 3020 4166 illos
3049 4128 3144 4168 ore
3188 4127 3286 4168 suo
3327 4113 3378 4168 in
3411 4129 3473 4171 se

1881 4202 2200 4259 sententiam
2247 4201 2446 4258 dicere.
2493 4201 2818 4257 Calumniari
2865 4203 3118 4259 volebant
3157 4207 3206 4259 ei
3255 4215 3475 4276 propter

1882 4294 2140 4350 tributum
2167 4309 2306 4348 :non
2335 4293 2469 4349 dixit
2492 4293 2599 4360 ille,
2629 4293 2779 4350 Licet
2805 4293 3032 4350 reddere
3054 4295 3331 4358 tributum,
3354 4308 3470 4367 aut,

1881 4403 1988 4444 non
2018 4388 2142 4442 licet
2165 4385 2411 4442 reddere.
2444 4386 2513 4441 Et
2555 4386 2767 4441 volebat
2795 4387 2986 4443 dentes
3024 4403 3237 4457 eorum,
3273 4391 3470 4460 quibus

1883 4478 2157 4536 inhiabant
2197 4487 2256 4533 ut
2284 4477 2612 4545 morderent,
2645 4492 2956 4545 conterere;
2997 4480 3091 4536 sed
3120 4482 3171 4535 in
3201 4497 3295 4537 ore
3328 4484 3474 4552 ipso-

1881 4588 2000 4628 rum
2037 4571 2270 4627 volebat.
2307 4570 2361 4626 Si
2394 4571 2615 4633 diceret,
2646 4570 2894 4626 Solvatur
2933 4570 3130 4626 Cmsari
3172 4573 3467 4641 tributum;

1881 4664 2334 4719 calumniarentur
2369 4661 2440 4717 illi
2485 4661 2626 4733 quod
2669 4661 3034 4717 maledixisset
3075 4664 3217 4733 genti
3249 4656 3499 4732 Judmo-f

1881 4770 2023 4822 rum,
2046 4770 2162 4810 eam
2193 4753 2522 4808 tributariam
2556 4751 2816 4806 faciendo.
2848 4753 2924 4806 Ex
2956 4763 3172 4821 peccato
3195 4756 3336 4809 enim
3370 4743 3490 4810 tri?

1882 4847 2069 4904 butum
2101 4845 2395 4901 reddebant
2428 4843 2712 4907 humiliati,
2743 4844 2880 4899 sicut
2910 4843 3016 4898 illis
3069 4844 3119 4898 in
3162 4844 3302 4916 Lege
3330 4861 3468 4915 prm-

1881 4937 2082 4994 dictum
2135 4945 2270 4991 erat.
2315 4935 2584 4989 Tenemus
2624 4933 2792 4997 illum,
2841 4933 3010 4998 aiunt,
3065 4936 3465 4991 maledictorem

1881 5030 2054 5102 gentis
2074 5037 2294 5094 nostrm,
2327 5027 2372 5082 si
2395 5041 2490 5080 nos
2515 5026 2737 5095 jusserit
2762 5024 3018 5080 tributum
3047 5027 3355 5096 persolvere
3381 5045 3394 5080 :
3417 5029 3466 5084 si

1881 5128 2064 5176 autem
2105 5118 2326 5183 dixerit,
2377 5116 2554 5176 Nolite
2595 5114 2827 5180 solvere,
2883 5124 3126 5171 tenemus
3163 5131 3285 5170 eum
3324 5117 3468 5186 quod

1882 5211 2269 5269 contradixerit
2295 5209 2453 5264 nobis
2479 5209 2704 5263 devotos
2730 5222 2850 5264 esse
2875 5208 3092 5264 Cmsari.
3122 5207 3304 5262 Talem
3336 5208 3470 5262 bici-

1881 5308 2048 5377 pitem
2093 5305 2340 5374 laqueum
2381 5302 2532 5368 quasi
2573 5301 2834 5370 capiendo
2888 5301 3110 5354 Domino
3151 5310 3466 5368 posuerunt.

1882 5399 1986 5454 Sed
2008 5398 2073 5454 ad
2099 5412 2256 5468 quem
2285 5394 2578 5449 venerant?
2605 5395 2702 5460 Qui
2731 5402 2950 5449 noverat
2971 5399 3252 5447 conterere
3277 5391 3469 5447 dentes

1881 5505 2066 5546 eorum
2095 5489 2147 5542 in
2195 5501 2292 5541 ore
2327 5487 2581 5555 ipsorum.
2632 5483 2892 5537 Ostendite
2921 5481 3039 5535 mihi
3069 5498 3348 5550 nummunt,
3383 5483 3468 5537 in-

1946 5625 1962 5655 ³
1998 5623 2071 5673 sic
2092 5629 2208 5686 Mss._
2226 5626 2273 5670 Al
2297 5619 2409 5668 ald.
2437 5619 2528 5686 hoc
2549 5617 2674 5677 loco,
2704 5629 2790 5679 per
2813 5621 3083 5686 angustum.
3107 5682 3116 5686 Δ
3269 5674 3280 5686 ⁸

1944 5687 1967 5716 θ
2001 5691 2127 5742 Mss,
2154 5682 2208 5732 id
2231 5687 2300 5744 est
2333 5680 2515 5744 gaudia
2538 5677 2746 5744 terrena.
2769 5685 2841 5727 Ea:
2878 5677 3076 5744 gaudiis
3098 5677 3304 5744 terrenis
3325 5688 3474 5728 unam

1880 5759 2050 5797 aurem
2065 5737 2370 5803 claudebam,
2393 5756 2459 5794 ex
2481 5740 2790 5792 delectatione
2823 5737 3176 5801 pratteritorum
3210 5737 3416 5790 alterum
3449 5771 3469 5790 .

1882 5809 2008 5868 ideo,
2034 5815 2130 5858 etc.

2638 5883 3150 5963 (Viam—deum.)
