3942 6428
421 9 572 20 ,ην--

474 5940 523 5998 ,θ

623 9 682 18 η.-
701 5 1728 20 -ηψνσν-α-ρο---ν--ς--φη--φρ-
1755 13 1758 16 ,
1787 11 1792 16 .
1837 15 1842 20 ,
1873 17 1876 20 ,
1939 15 1944 18 ,

567 423 677 484 683

566 535 704 609 quit.
730 533 866 603 Quid
887 549 966 589 me
984 532 1203 597 tentatis,
1227 531 1543 603 hypocrita?
1571 531 1647 588 De
1677 531 1876 588 tributo
1895 529 2150 587 solvendo

569 627 856 700 cogitatis?
876 626 1134 696 justitiam
1167 625 1343 680 facere
1361 626 1379 658 ⁸
1408 625 1600 680 vultis?
1625 626 1905 680 consilium
1932 624 2150 695 justitizn

567 718 843 792 quaeritis?
871 717 934 772 Si
978 733 1089 771 vere
1114 717 1365 786 justitiam
1405 716 1687 786 loquimini,
1739 726 1874 770 recta
1898 715 2146 785 jndicate,

567 811 666 882 ﬁlii
691 811 968 863 hominum.
1009 807 1163 864 Nune
1202 819 1381 862 autem
1413 808 1536 877 quia
1574 809 1678 862 alia
1719 806 2016 880 loquimini,
2046 806 2148 858 alia

563 902 834 974 iudicatis,
887 899 1182 972 hypocrita:
1218 899 1391 954 estis:
1421 899 1543 970 quid
1595 914 1673 954 me
1717 898 1956 952 tentatis.’
1997 895 2149 951 Nunc

565 1003 838 1052 Conteram
867 993 1056 1048 dentes
1083 1001 1289 1047 vestros
1315 991 1365 1045 in
1393 1007 1488 1047 ore
1509 999 1687 1047 vestro
1714 1008 1727 1044 :
1758 989 2001 1044 ostendite
2025 988 2148 1041 mihi

566 1101 850 1142 nummum.
887 1083 954 1138 Et
981 1083 1490 1139 demonstraverunt
1529 1082 1602 1138 ei.
1639 1082 1706 1136 Et
1749 1082 1837 1136 ille
1860 1096 1965 1136 non
1995 1079 2145 1146 dicit,

564 1177 795 1234 thsaris
841 1185 957 1240 est;
1003 1175 1096 1230 sed
1143 1176 1453 1246 interrogat,
1505 1173 1662 1245 Cujus
1708 1175 1822 1228 est?
1865 1177 1924 1227 ut
1961 1186 2146 1226 eorum

565 1268 754 1324 dentes
784 1268 838 1322 in
864 1282 959 1322 ore
984 1266 1220 1336 ipsorum
1246 1274 1610 1322 conterantur.
1639 1264 1922 1330 Quaerente
1951 1264 2147 1331 quippe

565 1357 660 1414 illo
698 1358 852 1426 cujus
899 1356 1120 1412 haberet
1169 1357 1452 1428 imaginem
1505 1365 1560 1410 et
1601 1355 2023 1425 inscriptionem,
2070 1353 2145 1407 illi

567 1449 794 1507 Cmsaris
823 1448 1091 1503 dixerunt.
1123 1447 1241 1503 Jam
1284 1462 1426 1503 nunc
1455 1447 1709 1502 Dominus
1739 1455 1982 1501 conteret
2011 1444 2146 1499 den-

566 1550 649 1597 tes
695 1556 878 1596 eorum
919 1541 972 1595 in
1013 1555 1108 1596 ore
1157 1541 1414 1610 ipsorum.
1461 1540 1578 1595 Jam
1626 1539 1998 1609 respondistis,
2036 1537 2144 1606 jam

564 1635 782 1692 contriti
807 1641 934 1689 sunt
955 1633 1144 1688 dentes
1171 1634 1333 1688 vestri
1364 1635 1416 1689 in
1450 1647 1543 1688 ore
1565 1641 1764 1687 vestro.
1795 1630 2011 1684 Reddite
2037 1629 2146 1683 Cte-

561 1729 668 1784 sari
681 1743 794 1797 qua:
813 1727 1025 1781 (.‘maris
1039 1736 1175 1793 eum,
1198 1735 1244 1780 et
1266 1725 1371 1780 Deo
1391 1741 1504 1794 quas
1522 1723 1613 1778 Dei
1637 1734 1750 1778 sitttl
1775 1722 1988 1793 (Matth.
2011 1733 2140 1785 sx",

563 1818 775 1891 i7-2l).
827 1818 1030 1884 Quterit
1078 1817 1260 1873 (lassor
1309 1817 1595 1888 imaginem
1650 1831 1840 1880 suam;
1892 1812 2141 1868 reddite:

561 1911 756 1982 qurerit
781 1911 922 1966 Deus
945 1909 1227 1980 imaginem
1256 1923 1438 1974 suam;
1471 1908 1698 1964 reddite.
1730 1907 1843 1962 Non
1869 1906 2054 1977 perdat
2079 1919 2144 1958 ex

559 2003 716 2060 vobis
738 2002 921 2058 Caesar
939 2017 1210 2056 nummum
1233 2016 1386 2056 suum
1413 2019 1426 2055 :
1457 2017 1562 2056 non
1591 1999 1775 2071 perdat
1801 1999 1943 2054 Deus
1972 1998 2022 2051 in
2051 2011 2147 2051 vo-

559 2095 644 2152 bis
669 2109 944 2150 nummum
973 2107 1150 2147 suum.
1183 2092 1252 2146 Et
1297 2092 1372 2146 illi
1402 2107 1508 2146 non
1539 2094 1860 2146 invenerunt
1897 2088 2024 2158 quid
2069 2102 2144 2142 re-

557 2185 905 2256 sponderent.
938 2183 1082 2238 Missi
1126 2183 1268 2237 enim
1297 2193 1449 2237 erant
1475 2193 1532 2238 ut
1571 2183 2024 2238 calumniarentur
2048 2180 2095 2236 ei
2126 2197 2140 2233 :

557 2285 615 2334 et
644 2276 920 2332 redierunt
956 2273 1198 2328 dicentes
1225 2273 1367 2343 quod
1417 2287 1577 2330 nemo
1624 2273 1791 2343 possit
1835 2271 1884 2327 ei
1922 2286 2145 2341 respon-

559 2368 708 2424 dere.
731 2365 919 2423 Unde?
942 2364 1076 2433 Quia
1101 2365 1314 2419 contriti
1351 2373 1506 2421 erant
1532 2364 1722 2420 dentes
1761 2377 1945 2420 eorum
1973 2364 2026 2419 in
2052 2372 2143 2418 ore

557 2472 870 2603 Ῥῖοξῗῖὶιξξιθ
888 2552 971 2601 est
996 2553 1051 2599 et
1079 2542 1208 2599 illud
1236 2560 1250 2598 :
1278 2542 1346 2598 In
1369 2558 1468 2614 qua
1501 2554 1742 2614 potestate
1762 2546 1859 2600 ista
1885 2546 2051 2617 focis?
2081 2545 2142 2600 Et

558 2656 652 2712 ego
676 2637 992 2709 interrogabo
1029 2652 1115 2692 sos
1140 2653 1296 2691 unum
1322 2651 1640 2702 sermonem;
1668 2638 1961 2708 respondete
1997 2638 2140 2692 mihi.

559 2730 630 2787 Et
676 2728 1023 2798 interrogavit
1065 2727 1132 2782 de
1183 2727 1430 2793 Joanne,
1486 2727 1626 2784 unde
1673 2737 1818 2783 esset
1853 2728 2144 2796 baptismns

558 2823 814 2889 Joannis,
853 2821 920 2876 de
943 2821 1120 2886 eicio,
1148 2835 1216 2876 an
1254 2837 1318 2876 ex
1361 2821 1699 2884 hominibus;
1729 2829 1788 2875 ut
1833 2823 1876 2875 si
1907 2821 2032 2890 quid
2061 2834 2146 2875 re-

558 2914 921 2986 sponderent,
951 2921 1134 2966 contra
1164 2912 1281 2967 Illos
1308 2923 1470 2968 esset.
1498 2912 1792 2967 Noluernnt
1818 2912 1997 2967 dicere
2017 2953 2033 2976 ,
2065 2912 2142 2966 Ex

557 3006 864 3062 hominibus
881 3039 898 3070 ,
925 3004 1176 3060 timentes
1202 3003 1446 3059 homines
1475 3019 1541 3058 ne
1566 3003 1925 3073 lapidarentur
1949 3005 2017 3057 ab
2042 3005 2140 3068 eis,

558 3113 626 3156 eo
663 3096 806 3169 quod
836 3095 1096 3152 Joannem
1141 3094 1454 3166 prophetam
1497 3094 1789 3150 haberent:
1819 3095 2025 3162 dicere,
2069 3095 2144 3151 De

556 3191 698 3248 coelo
725 3189 848 3260 plus
872 3187 1242 3251 formidabant,
1262 3201 1327 3241 ne
1345 3187 1634 3242 faterentur
1658 3187 1831 3255 ipsum
1855 3186 2141 3254 Christum,

557 3281 682 3352 quia
709 3278 942 3334 Joannes
973 3277 1354 3346 [indicaverat
1377 3276 1668 3332 Christum.
1690 3276 1954 3332 Coarctati
1977 3277 2145 3332 utrin-

557 3383 694 3442 que,
715 3385 782 3424 ex
803 3369 1080 3438 haeparte
1111 3375 1168 3423 et
1185 3382 1251 3424 ex
1280 3368 1378 3421 hae
1401 3376 1578 3436 parte,
1605 3368 1695 3437 qui
1724 3367 1982 3438 parabant
2003 3368 2142 3438 obji-

555 3477 682 3519 cere
722 3461 926 3516 crimen
975 3458 1367 3529 responderunt
1410 3459 1799 3530 ignorantiam;
1848 3460 2139 3517 dixerunt:

556 3552 831 3609 Nescimus
861 3549 1048 3623 (Marc.
1073 3561 1160 3616 xl,
1185 3549 1397 3621 28-33).
1425 3551 1754 3606 Calumniam
1786 3553 1806 3584 ³
1833 3553 1976 3607 enim
2004 3568 2143 3622 pra:-

557 3644 848 3718 parabant,
880 3641 1095 3712 quando
1123 3641 1410 3707 dixerunt,
1442 3639 1506 3695 In
1533 3659 1633 3713 qua
1659 3652 1900 3712 potestate
1922 3644 2018 3697 ista
2061 3647 2143 3717 fa-

554 3736 668 3792 cis?
697 3745 754 3789 nt
789 3735 834 3789 si
860 3733 1096 3797 diceret,
1122 3733 1366 3788 Christus
1392 3748 1506 3788 smn
1528 3773 1544 3797 ,
1588 3735 1738 3804 quasi
1767 3745 2138 3806 arrogantem,

554 3825 882 3895 superbum,
935 3825 1252 3894 sacrilegum
1302 3823 1629 3878 invaderent.
1686 3823 1865 3880 Noluit
1913 3826 2136 3894 dicere,

555 3917 799 3974 Christus
836 3930 984 3980 sum;
1025 3916 1118 3971 sed
1155 3917 1399 3986 quresivit
1437 3915 1502 3971 de
1529 3914 1773 3983 Joanne,
1812 3918 1900 3986 qui
1934 3918 2140 3974 dixerat

554 4007 697 4080 quod
726 4007 838 4075 ipse
858 4016 1001 4061 esset
1025 4005 1289 4061 Christus.
1318 4005 1393 4061 llli
1424 4022 1527 4061 non
1556 4019 1681 4062 sunt
1705 4008 1819 4062 ausi
1851 4009 2140 4076 reprehen-

552 4100 686 4159 dere
721 4099 982 4156 Joannem
1006 4139 1021 4164 ,
1049 4098 1299 4154 timentes
1327 4114 1394 4154 ne
1433 4114 1462 4152 a
1495 4101 1691 4168 populo
1717 4100 2088 4156 occiderentur
2119 4120 2134 4156 :

553 4209 664 4251 non
684 4193 938 4248 suntausi
959 4191 1168 4256 dicere,
1200 4191 1396 4246 Verum
1420 4193 1557 4247 dixit
1587 4192 1854 4262 Joannes,
1897 4211 1964 4251 ne
1989 4195 2135 4252 dice-

553 4293 706 4343 retur
731 4282 831 4348 eis,
858 4281 1072 4338 Credite
1101 4283 1197 4338 illi.
1229 4281 1641 4348 Obmutuerunt,
1667 4287 1876 4340 nescire
1900 4301 1960 4341 sc
1988 4287 2138 4343 dise-

551 4385 681 4435 tunt
723 4393 738 4429 :
779 4375 891 4444 jam
935 4375 1180 4430 mordere
1216 4389 1322 4429 non
1364 4374 1627 4430 valebant.
1657 4375 1808 4433 Unde
1850 4395 1954 4432 non
1990 4380 2136 4436 vale-

552 4469 730 4529 bant?
755 4469 874 4525 Jam
903 4468 1135 4523 occurrit
1178 4467 1368 4533 vobis;
1413 4467 1628 4523 contriti
1653 4479 1804 4525 erant
1829 4469 2017 4526 dentes
2043 4486 2138 4527 eo-

552 4580 672 4622 rum
702 4564 755 4619 in
791 4577 885 4616 ore
923 4562 1178 4630 ipsorum.

629 4654 717 4709 i3.
746 4651 1019 4706 Pbarismo
1047 4648 1320 4718 displicuit
1344 4648 1598 4706 Dominus
1632 4651 1707 4708 illi
1749 4653 1842 4724 qui
1879 4654 1947 4709 ad
1985 4670 2136 4724 pran.

553 4744 702 4802 dium
735 4748 1054 4806 vocaverat,
1079 4739 1219 4809 quod
1263 4741 1531 4810 peccatrix
1558 4744 1750 4799 mulier
1773 4747 2058 4802 accesserit
2081 4748 2131 4802 ei

551 4835 621 4891 sd
663 4833 867 4906 pedes;
907 4841 962 4888 et
997 4832 1351 4888 murmurarit
1388 4832 1643 4890 adversus
1668 4851 1788 4891 cum
1815 4837 1996 4894 dicens
2029 4856 2042 4893 :
2071 4840 2135 4896 Si

552 4934 680 4983 esset
723 4925 803 4979 ltic
850 4923 1094 4994 propheta
1115 4963 1132 4988 ,
1173 4923 1318 4978 sciret
1345 4940 1457 4994 qua:
1484 4927 1664 4982 mulier
1699 4929 1777 4982 illi
1817 4931 2022 4985 accessit
2065 4931 2134 4986 ad

553 5017 727 5090 pedes.
774 5014 819 5071 Ο
850 5024 904 5069 ιιι
944 5029 1050 5070 non
1092 5015 1346 5085 propheta
1369 5055 1384 5080 ,
1418 5017 1557 5074 unde
1581 5019 1688 5075 scis
1716 5021 1855 5092 quod
1883 5025 2132 5080 nescierit

550 5122 674 5182 quae
699 5108 892 5164 tnulier
920 5107 992 5162 illi
1013 5109 1234 5164 accessit
1260 5108 1326 5163 ad
1358 5110 1561 5178 pedes?
1589 5112 1723 5180 Quia
1750 5131 1854 5170 non
1886 5117 2132 5174 servabat

551 5199 801 5255 videlicet
839 5198 1150 5253 munditiam
1190 5198 1528 5270 Judzrorum,
1571 5220 1690 5273 qua:
1729 5219 1759 5260 ει
1803 5205 1933 5261 foris
1978 5209 2129 5280 quasi

549 5290 952 5348 custodiebatur
974 5290 1024 5344 in
1053 5304 1246 5358 carne,
1273 5298 1332 5346 et
1353 5294 1629 5350 exsulabat
1654 5295 1675 5328 ³
1704 5312 1771 5351 ex
1803 5299 1964 5354 corde
1982 5341 1996 5364 ,
2030 5301 2130 5356 hoc

547 5379 620 5438 de
663 5381 890 5436 Domino
921 5380 1220 5452 suSpicatus
1254 5391 1357 5437 est.
1395 5383 1650 5441 Dominus
1679 5396 1855 5443 autem
1896 5391 1986 5460 qui
2017 5408 2130 5462 pec-

547 5483 665 5531 cata
691 5473 932 5530 mulieris
959 5483 1181 5529 noverat
1197 5513 1212 5542 ,
1244 5475 1404 5530 etiam
1426 5479 1774 5548 cogitationes
1801 5481 2024 5552 hospitis
2043 5501 2129 5541 au-

545 5565 765 5636 diebat,
809 5575 864 5624 et
893 5567 1168 5636 respondit
1194 5583 1312 5639 qua:
1339 5571 1528 5627 nostis.
1575 5573 1644 5628 Et
1670 5591 1737 5632 ne
1776 5576 1868 5633 diu
1907 5578 2030 5636 hinc
2058 5582 2133 5637 loc

607 5747 629 5812 ξ
653 5746 727 5812 sic
761 5751 865 5795 ttss.
889 5751 942 5795 tt
961 5744 1093 5812 rdd_.,
1109 5745 1354 5812 justitiam
1372 5749 1536 5812 facere
1555 5761 1650 5802 non
1673 5751 1828 5808 mritis.

607 5808 632 5838 ‘
654 5811 730 5853 Er.
763 5813 814 5855 et
838 5815 961 5863 Mss,
987 5806 1287 5858 calwimiari.
1343 5832 1345 5834 -
1372 5806 1384 5812 '
1700 5830 1702 5832 τ

609 5866 634 5899 ³
653 5867 725 5917 sic
744 5873 847 5915 Mss.
873 5874 928 5915 At
949 5867 1080 5929 Edd.,
1105 5874 1149 5917 ct
1170 5881 1263 5920 non
1285 5870 1526 5923 colebatur
1549 5888 1613 5926 ex
1627 5876 1793 5928 corde.

1769 413 1828 471 S.
1867 403 2235 470 AUGUSTINI
2274 405 2577 465 EPISCOPI

3699 423 3772 484 6N

2259 541 2411 598 qnar,
2444 536 2618 582 tamen
2647 529 2699 583 in
2721 541 2816 584 ore
2843 527 2962 599 ejus
2985 529 3154 586 voluit
3179 539 3472 589 conterere
3497 533 3662 595 dentes
3677 542 3760 610 ejus

2255 619 2538 688 Proposuit
2554 621 2693 674 enim
2718 640 2732 676 :
2759 621 2871 676 Duo
2891 623 3136 678 debitores
3153 636 3305 680 erant
3323 627 3523 678 cuidam
3540 631 3777 699 fauerunt:

2254 728 2385 766 unus
2425 714 2720 783 quingentos
2746 714 2948 769 debebat
2990 716 3230 772 denarios
3251 755 3267 781 ,
3301 718 3438 772 alius
3468 719 3776 794 quinquaginta.

2257 802 2376 857 Non
2417 805 2660 859 habebant
2685 806 2830 859 ambo
2857 807 2989 860 unde
3019 809 3291 862 redderent
3315 824 3336 872 ,°
3364 810 3550 864 dimisit
3583 817 3776 871 amboin.

2257 897 2382 962 Quis
2407 911 2519 950 eum
2554 898 2668 966 plus
2693 897 2924 954 dilexit!
2953 901 3030 955 Ad
3061 900 3162 956 hoc
3191 903 3497 972 interrogat
3526 903 3628 968 illo,
3655 917 3700 960 ut
3722 910 3779 964 ille

2253 987 2571 1058 respondeat
2599 1006 2613 1044 :
2645 989 2712 1043 ad
2742 989 2846 1046 hoe
2884 991 2973 1047 ille
3002 993 3332 1063 respondet,
3367 1005 3425 1048 ut
3447 995 3622 1052 dentes
3640 1001 3728 1066 eius
3747 1006 3780 1055 in

2253 1093 2348 1134 ore
2376 1079 2492 1150 ejus
2523 1087 2889 1137 conterantur.
2921 1083 3220 1154 Respondit
3266 1085 3554 1154 confusus,
3595 1091 3781 1146 exclusus

2251 1177 2335 1225 est
2364 1186 2380 1224 :
2407 1170 2637 1226 admissa
2659 1183 2743 1228 est
2772 1174 2858 1228 illa
2887 1175 2952 1228 ad
2983 1175 3388 1244 percipiendam
3413 1179 3779 1248 misericordiam,

2251 1275 2371 1331 qua:
2402 1262 2661 1333 irruperat
2699 1264 2753 1318 in
2782 1265 3137 1321 habitaculum
3168 1268 3416 1323 alienum
3443 1297 3456 1332 ς
3487 1269 3577 1323 sed
3612 1283 3694 1326 non
3720 1288 3780 1328 sc-

2251 1362 2487 1408 cesserat
2510 1354 2578 1408 ad
2624 1355 2790 1410 Deum
2821 1357 3052 1412 alienum
3089 1358 3260 1428 (Luc.
3298 1369 3409 1422 ΠΗ
3459 1355 3630 1434 59-50)
3656 1363 3780 1419 :Cort-

2251 1444 2384 1497 trivit
2411 1443 2654 1500 Dominus
2679 1445 2849 1501 dentes
2878 1463 3052 1503 eorum
3082 1450 3134 1504 in
3163 1459 3255 1505 are
3275 1450 3529 1520 ipsorum.

2325 1536 2411 1590 14.
2445 1534 2613 1590 Malas
2643 1538 2843 1592 leonum
2882 1542 3128 1613 confregit
3173 1540 3456 1596 Domitius.
3490 1541 3596 1598 Non
3629 1537 3778 1602 tioium

2251 1625 2514 1694 aspidum.
2559 1628 2694 1696 Quid
2725 1629 2795 1685 de
2838 1631 3153 1702 aspidibus?
3179 1634 3425 1705 Aspides
3464 1637 3698 1692 lttsidioslc
3717 1655 3779 1694 vo-

2252 1715 2368 1771 lunt
2401 1732 2603 1773 venena
2648 1720 2935 1778 immittere
2961 1763 2975 1786 ,
3019 1733 3075 1778 et
3116 1735 3414 1796 Spargere,
3455 1736 3511 1782 et
3551 1723 3777 1786 insililsre.

2251 1810 2602 1878 Apertissime
2637 1813 2927 1867 stevierunt
2967 1826 3150 1884 gentes
3173 1853 3188 1883 ,
3227 1827 3289 1872 et
3341 1818 3656 1872 [minuerunt
3685 1822 3781 1875 sicut

2249 1899 2452 1955 leones.
2487 1902 2657 1969 Quare
2698 1903 3008 1971 fremuerunt
3054 1917 3225 1977 gentes
3248 1948 3266 1974 ,
3310 1918 3362 1963 et
3407 1910 3576 1980 populi
3613 1911 3777 1964 meditati

2249 2005 2363 2048 sunt
2393 1995 2567 2048 inania
2609 1993 2781 2066 (l’sal.
2812 2013 2847 2052 ιι
2868 2037 2882 2060 ,
2913 1998 2969 2070 1)
2991 2001 3016 2053 't
3041 1999 3271 2068 Quando
3321 2003 3682 2058 insidiabantur
3709 2005 3779 2059 Do-

2249 2088 2414 2149 mino,
2438 2086 2574 2142 Licet
2603 2089 2726 2143 dare
2744 2091 2985 2145 tributum
3005 2093 3211 2157 Caneri,
3231 2110 3303 2149 an
3331 2107 3434 2150 non
3459 2095 3602 2150 licet?
3623 2099 3774 2167 aspltles

2247 2189 2422 2244 erant,
2452 2191 2728 2250 serpentes
2748 2187 2900 2239 erant
2928 2201 2942 2238 ι
2965 2186 3176 2240 contriti
3203 2198 3339 2242 sunt
3366 2187 3551 2243 dentes
3577 2199 3723 2244 conm:
3741 2191 3774 2244 in

2247 2283 2342 2326 ere
2367 2274 2619 2343 ipsorum.
2649 2275 2836 2332 Postea
2865 2277 3229 2335 clamarerunt
3250 2317 3266 2344 ,
3295 2279 3575 2352 (ἔται-ΜΨ,
3597 2283 3772 2352 autem:
3858 2305 3859 2352 ξ

2251 2363 2465 2434 (Matth.
2490 2381 2672 2430 um,
2699 2368 2803 2435 25,
2832 2379 2880 2423 et
2901 2369 3056 2424 Joan.
3085 2379 3200 2433 ιιι.
3232 2371 3293 2438 6)
3325 2375 3472 2441 :jam
3500 2383 3596 2426 non
3622 2381 3686 2427 est
3704 2375 3772 2426 lin-

2246 2470 2346 2526 gua
2384 2458 2582 2526 aspidis
2599 2499 2614 2524 ,
2639 2459 2732 2515 sed
2763 2461 3003 2516 fremitus
3032 2461 3225 2518 leonis.
3251 2464 3364 2520 Sed
3390 2474 3444 2520 et
3469 2463 3768 2519 molestum

2246 2554 2490 2624 confregit
2509 2554 2774 2610 Dominus.
2801 2557 2961 2612 Forte
2989 2559 3076 2614 hic
3103 2573 3207 2614 non
3253 2565 3412 2615 tabat
3439 2559 3573 2630 quod
3599 2569 3684 2614 non
3710 2559 3769 2614 stl-
3858 2567 3859 2630 ἦ

2246 2643 2398 2708 didit,
2423 2647 2476 2700 ln
2505 2662 2598 2702 ore
2619 2657 2827 2704 eorum.
2862 2650 3174 2708 insidiantes
3199 2655 3354 2708 enim
3382 2654 3620 2723 CtlllliOSiS
3653 2654 3764 2707 lmen
3858 2643 3859 2708 ἔ

2247 2739 2642 2807 rogationibus,
2672 2743 2994 2812 cogebantur
3023 2747 3382 2815 responsione
3418 2757 3509 2800 sua
3542 2745 3659 2798 vinci
3681 2759 3690 2797 :
3711 2745 3766 2798 isti

2246 2843 2424 2889 autem
2445 2835 2532 2905 qui
2562 2841 2742 2904 aperte
2768 2835 3082 2902 saeviebant,
3115 2839 3379 2909 nutnqnid
3413 2835 3761 2909 ittterrogttlmi

2247 2923 2346 2980 bus
2373 2927 2716 2982 com-incendi
2747 2931 2936 2983 erant?
2959 2929 3157 2984 Tamen
3185 2937 3244 2985 et
3284 2935 3475 2986 cdrttm
3518 2929 3651 2983 tuoin:
3678 2941 3758 2982 m-

2248 3013 2386 3070 irita:
2412 3029 2533 3074 sunt
2568 3037 2580 3072 :
2604 3020 2890 3076 cruciﬁxus
2911 3023 3231 3088 resurrekit,
3257 3021 3499 3077 ascendit
3520 3021 3569 3076 in
3594 3020 3758 3082 catum,

2246 3107 2568 3177 gloriﬁcatur)
2595 3113 2679 3165 est
2703 3109 2945 3166 Christus
2969 3154 2983 3178 ,
3013 3111 3275 3167 adorator
3303 3115 3374 3166 Μ)
3397 3112 3627 3166 omnibus
3647 3109 3760 3188 genti-

2247 3195 2376 3265 bus,
2407 3201 2657 3257 tid‘ol‘hltlt‘
2679 3203 2747 3256 ab
2774 3205 3016 3259 omnibus
3043 3206 3282 3276 regibus.
3306 3205 3532 3261 Stl‘Yittm
3560 3203 3687 3259 tundo
3702 3200 3760 3253 ln-

2247 3290 2347 3347 dmi
2369 3333 2384 3357 ,
2415 3293 2459 3348 si
2485 3301 2722 3362 possunt.
2745 3293 2860 3351 Non
2889 3297 3134 3351 smviunt.
3165 3295 3342 3353 Malas
3372 3296 3563 3352 (sopiunt
3584 3291 3761 3363 τὸιιίηιςίι

2246 3381 2514 3440 Dominus.

2320 3476 2407 3530 15.
2451 3475 2714 3534 Habemus
2750 3487 2805 3532 et
2851 3479 2904 3533 in
2951 3479 3215 3535 bzrreticls
3255 3481 3360 3536 hoc
3384 3479 3759 3535 documentuntt

2243 3569 2686 3636 experimentum,
2703 3571 2822 3639 quin
2852 3581 2904 3624 ct
2933 3571 3076 3640 ipsos-
3094 3571 3403 3627 invenimus
3421 3583 3539 3628 esse
3553 3575 3758 3637 serpentes

2245 3657 2604 3730 indignatione
2627 3662 2968 3728 obsiti-datos,
2992 3663 3232 3718 nolentes
3257 3665 3446 3718 audire
3474 3659 3755 3717 meditamen-

2245 3757 2355 3805 tum
2383 3753 2697 3807 medicaturo
2724 3770 2752 3807 a
2777 3756 3014 3824 sapiente
3046 3775 3059 3810 :
3088 3765 3139 3813 et
3171 3757 3220 3811 in
3242 3769 3344 3812 Ore
3372 3757 3592 3827 ipsorum
3613 3747 3755 3806 contri-

2243 3842 2319 3898 vit
2369 3845 2620 3898 Dominus
2661 3846 2844 3900 dentes
2873 3861 3075 3902 eorum.
3122 3849 3405 3918 Qnmnodo
3445 3845 3690 3904 vaiclant
3720 3841 3754 3892 in

2242 3945 2362 3999 nos,
2382 3936 2819 4003 reprehendendo
2843 3939 2981 4007 quod
3001 3941 3148 4006 qUuSi
3178 3949 3542 4008 persecutores
3557 3945 3751 3992 essetnm,

2243 4026 2576 4082 excludendo
2617 4027 2734 4082 illas
2769 4029 2836 4082 de
2867 4031 3132 4087 basilicis?
3175 4035 3331 4088 Modo
3362 4035 3476 4087 illos
3509 4033 3751 4094 interriti“

2245 4117 2450 4172 Debent
2475 4120 2680 4174 excludi
2719 4117 2950 4177 lizeretici
2977 4123 3045 4176 de
3071 4124 3337 4187 basilicis.
3367 4139 3432 4179 an
3464 4129 3558 4178 non
3579 4112 3752 4174 ddunt?

2241 4209 2619 4280 Respoudeant
2662 4213 2839 4267 modo.
2889 4215 3072 4270 Dicant
3117 4221 3224 4274 non
3271 4221 3465 4275 debere
3511 4236 3522 4271 :
3565 4214 3748 4281 repetunt

2240 4303 2639 4360 Maximianistm
2668 4307 2929 4361 basilicas.
2962 4309 3037 4363 Ne
3065 4317 3240 4367 autem
3274 4319 3504 4382 repetant
3539 4301 3746 4363 Maximia-

2237 4395 2392 4449 nistze
2439 4395 2720 4461 basilicas,
2761 4397 2944 4454 dicunt
2969 4401 3179 4456 debere.
3211 4401 3348 4471 Quid
3394 4411 3471 4457 est
3513 4413 3619 4468 ergo
3644 4388 3743 4463 ‘l"nd

2237 4484 2496 4542 dicebatis
2525 4487 2802 4544 advorsum
2835 4491 2972 4546 nos?
2997 4493 3074 4547 An
3115 4499 3325 4552 contriti
3354 4505 3470 4551 sunt
3496 4491 3652 4548 dentes
3682 4497 3744 4535 νῦν

2237 4580 2332 4635 stri
2363 4581 2413 4634 in
2441 4595 2535 4636 ore
2564 4585 2780 4638 vestro?
2805 4585 2938 4652 Quid
2987 4587 3138 4642 nobis
3164 4599 3216 4643 et
3257 4591 3462 4662 regibus
3481 4629 3495 4648 .
3524 4571 3740 4652 inquiunt?

2237 4670 2362 4742 quid
2391 4672 2543 4727 nobis
2583 4684 2636 4729 ct
2675 4676 3122 4744 itnpemtoribm.’
3154 4681 3256 4736 Vos
3301 4685 3368 4738 de
3410 4669 3739 4748 imperatoribus

2223 4768 2574 4836 praesumitis.
2607 4770 2798 4835 Qttzltro
2822 4779 2876 4824 et
2903 4787 3000 4841 ego
3031 4789 3046 4826 :
3074 4771 3207 4841 Quid
3237 4776 3383 4829 Vobs
3408 4771 3470 4828 ad
3510 4774 3733 4841 promnt—

2238 4858 2334 4921 les,
2365 4873 2497 4929 quos
2519 4861 2779 4916 miserunt
2805 4862 3191 4932 imperatores!
3217 4867 3339 4937 quid
3372 4859 3507 4919 vobis
3527 4857 3581 4913 :nl
3604 4857 3732 4922 leges.

2237 4961 2369 5023 quas
2407 4962 2590 5006 contra
2617 4969 2710 5006 vos
2749 4953 3008 5009 dederunt
3049 4957 3430 5026 imperatores?
3456 4953 3729 5020 Imperatores

2235 5042 2622 5098 communionis
2651 5055 2844 5099 nostra:
2873 5045 3014 5116 leges
3043 5043 3297 5104 adversus
3326 5062 3497 5102 οηιηος
3518 5036 3729 5098 Ιιιτυίίεοδ

2235 5131 2495 5190 dederunt
2527 5152 2539 5188 :
2577 5149 2669 5189 cos
2694 5136 2873 5206 utique
2910 5137 3180 5208 appellant
3224 5139 3514 5200 limi-elisos,
3547 5128 3616 5199 qui
3651 5132 3724 5175 non

2233 5226 2359 5281 Sutll
2387 5227 2772 5281 communionis
2805 5241 3019 5296 eorum,
3055 5230 3190 5288 inter
3231 5235 3362 5303 quos
3402 5229 3559 5296 utique
3592 5225 3633 5270 et
3659 5223 3724 5263 γωδ

2235 5319 2382 5374 estis.
2416 5315 2470 5373 Si
2498 5331 2635 5371 vene
2663 5328 2784 5372 sunt
2811 5319 2971 5388 leges,
3004 5323 3212 5378 vah-ant
3235 5335 3288 5380 et
3310 5327 3356 5378 in
3383 5335 3466 5375 vus
3493 5307 3718 5370 hereticos;

2234 5409 2278 5464 si
2301 5409 2444 5462 falsa:
2469 5417 2592 5464 sunt
2617 5411 2785 5481 leges,
2813 5427 2974 5480 quare
3005 5415 3174 5468 valent
3197 5425 3373 5470 contra
3401 5417 3577 5463 ve~trus
3599 5399 3718 5481 luere;

2231 5503 2409 5558 tiens?
2434 5478 2962 5574 Fratres—paululum
2991 5505 3266 5576 advertite,
3294 5517 3344 5564 et
3372 5478 3715 5580 intciligiteqw’tl

2231 5595 2463 5651 diximus
2492 5613 2505 5649 :
2534 5599 2745 5667 quando
2773 5609 2994 5671 egerunt
3014 5611 3199 5659 causas
3221 5615 3339 5660 suas
3359 5595 3580 5656 adt-crinis
3599 5577 3716 5671 ii:th

2215 5690 2505 5745 [mianistas
2525 5733 2537 5754 ,
2567 5701 2624 5745 ut
2651 5708 2742 5748 cos
2766 5709 2796 5748 a
2823 5709 2880 5748 se
2908 5695 3184 5751 damnatos
3222 5707 3274 5754 et
3309 5687 3617 5752 scitismaticos
3635 5679 3710 5727 sm!

2230 5783 2486 5854 ejicerent
2514 5784 2581 5839 de
2620 5781 2750 5841 locis
2772 5827 2788 5853 ,
2815 5803 2933 5858 qua:
2963 5790 3034 5844 illi
3065 5791 3178 5847 loca
3206 5793 3441 5848 tenebant
3462 5771 3707 5845 antiqtliwso

2231 5882 2286 5930 et
2312 5885 2677 5932 successerant
2703 5878 2967 5950 episcopis
2993 5880 3356 5943 decessoribus
3376 5873 3496 5940 suis;
3532 5860 3706 5922 volente!
