3942 6440
206 487 316 544 illa!
346 479 462 538 inde
500 473 827 543 exeiudere,
869 480 1096 547 egerunt
1136 471 1345 544 legibus
1392 472 1618 543 publicis
1641 513 1656 537 ,
1705 471 1775 527 ad

204 578 389 650 iudices
430 579 691 630 venerunt
709 611 726 633 ,
753 569 1002 626 dixerunt
1026 583 1085 622 se
1110 568 1401 622 catholicos
1423 609 1438 634 ,
1469 577 1529 624 ut
1555 577 1775 637 possent

205 665 472 727 excludere
513 662 815 719 haereticos.
847 660 1028 729 Quare
1058 669 1110 716 te
1139 661 1271 716 dicis
1312 659 1634 716 catholicum
1655 703 1671 728 ,
1716 670 1774 716 ut

202 759 494 819 excludatur
519 756 825 821 haereticus,
857 764 910 810 et
934 769 1042 810 non
1065 754 1241 825 potius
1269 768 1330 809 es
1357 754 1674 817 catholicus,
1709 769 1777 809 ne

201 857 267 912 sis
290 851 527 910 exclusus
549 849 834 905 luereticus
853 847 882 902 τ
907 847 1062 903 Modo
1090 846 1387 903 catholicus
1414 860 1493 910 es,
1523 857 1581 903 ut
1602 848 1779 903 valeas

199 947 258 1002 ad
283 943 660 1002 excludendum
707 942 1036 998 lizereticum.
1072 939 1246 997 Jutlex
1275 941 1415 996 enim
1448 955 1552 995 non
1599 949 1779 1012 posset

201 1039 287 1096 nisi
315 1037 512 1108 legibus
534 1035 647 1091 suis
665 1034 926 1106 judicare.
955 1033 1213 1088 Dixerunt
1242 1047 1301 1087 se
1321 1031 1643 1094 catholicos;
1675 1031 1774 1087 ad-

198 1131 334 1188 missi
368 1140 492 1185 sunt
517 1143 677 1201 agere
711 1147 727 1182 :
766 1127 1017 1183 dixerunt
1041 1126 1160 1180 illos
1189 1123 1503 1188 haereticos;
1533 1123 1779 1194 qumsivit

199 1223 324 1278 unde
347 1221 698 1292 probaretur:
731 1219 924 1274 lectum
955 1225 1039 1273 est
1061 1215 1346 1272 concilium
1386 1215 1731 1286 Bagaitanum
1756 1258 1773 1283 ,

198 1315 274 1370 ubi
317 1313 546 1369 damnati
579 1321 703 1366 sunt
727 1309 1167 1374 Maximianistac;
1215 1308 1476 1363 insertum
1502 1317 1586 1364 est
1626 1308 1774 1366 Actis

196 1405 682 1477 proconsularibus,
716 1403 996 1474 probatum
1031 1409 1114 1455 est
1147 1399 1287 1471 quod
1311 1400 1382 1454 illi
1405 1398 1642 1455 damnati
1668 1414 1775 1455 non

193 1497 640 1553 deberenttcuere
676 1491 956 1559 basilicas,
998 1501 1053 1548 et
1092 1490 1452 1562 pronuntiavit
1491 1490 1774 1559 proconsul

191 1604 247 1644 ex
275 1589 405 1659 lege.
431 1587 509 1642 Ex
539 1602 642 1659 qua
673 1586 826 1657 lege?
846 1585 984 1653 Quae
1013 1584 1117 1638 lata
1149 1591 1232 1638 est
1256 1589 1438 1637 contra
1470 1580 1772 1637 haereticos.

190 1679 241 1738 Si
275 1688 456 1736 contra
484 1679 788 1744 luereticos,
814 1685 869 1733 et
896 1687 1079 1731 contra
1107 1684 1178 1731 te.
1208 1676 1406 1744 Quare,
1427 1675 1617 1745 inquit,
1645 1687 1774 1730 con-

191 1781 262 1829 tra
278 1769 395 1829 me?
421 1781 528 1827 neu
555 1773 700 1827 enim
724 1783 824 1839 ego
850 1769 1137 1824 hmreticus
1157 1783 1296 1823 sum.
1321 1766 1376 1823 Si
1406 1777 1461 1822 tu
1490 1766 1782 1822 litrrcticus

189 1873 284 1922 non
309 1875 387 1930 es,
419 1857 571 1920 falsae
594 1873 723 1918 sunt
753 1861 858 1919 illa:
881 1863 1028 1934 leges
1056 1877 1070 1916 :
1099 1860 1168 1917 ab
1198 1860 1281 1916 bis
1311 1859 1452 1915 enim
1486 1860 1774 1930 imperato-

185 1956 322 2010 ribus
340 1954 462 2011 lata:
486 1961 636 2020 sunt,
663 1954 750 2024 qui
781 1967 886 2009 non
916 1961 1041 2008 sunt
1063 1952 1463 2009 communionis
1484 1961 1623 2016 tum;
1653 1965 1770 2005 om-

183 2057 270 2102 nes
293 2046 380 2117 qui
417 2057 527 2101 non
567 2054 698 2101 sunt
725 2045 1116 2101 communionis
1155 2059 1372 2110 eorum,
1415 2043 1622 2115 legibus
1659 2043 1771 2100 Suis

182 2138 446 2195 hereticos
470 2135 695 2195 vocant.
737 2137 853 2196 Non
894 2153 1075 2210 quer
1101 2147 1277 2194 utrum
1309 2153 1450 2195 vera:
1484 2154 1550 2193 an
1588 2138 1769 2206 falsa};

185 2237 501 2302 sequestrata
534 2229 627 2288 illa
652 2233 720 2287 sit
747 2233 971 2303 qumStio
991 2275 1006 2298 ,
1029 2233 1071 2287 si
1094 2231 1267 2288 adhuc
1295 2233 1518 2302 quaestio
1539 2242 1620 2288 est
1647 2249 1660 2286 :
1685 2233 1770 2289 in-

179 2324 320 2377 terim
349 2323 657 2379 secundum
685 2333 738 2379 te
761 2323 920 2379 modo
940 2325 1231 2394 interrogo,
1265 2323 1419 2379 Vera:
1446 2323 1595 2395 leges
1622 2335 1768 2393 sunt,

177 2419 238 2468 an
265 2409 410 2469 falsa:
453 2415 612 2486 leges
637 2413 800 2471 sunt?
825 2416 882 2470 Si
912 2430 1053 2470 verte
1078 2422 1203 2470 sunt
1226 2457 1241 2484 ,
1273 2415 1520 2470 credatur
1557 2415 1636 2471 eis
1679 2435 1691 2470 :
1724 2417 1770 2472 si

174 2499 310 2562 Msa:
328 2515 490 2576 sum,
522 2521 694 2578 quare
721 2508 884 2563 uteris
910 2503 1028 2564 eis?
1055 2505 1238 2564 Dixisti
1289 2508 1590 2577 proconsuli
1622 2527 1636 2563 :
1668 2509 1772 2563 Ca-

175 2597 392 2654 tholicus
418 2613 541 2654 sum
565 2641 585 2667 ,
617 2599 840 2654 exclude
867 2599 1194 2654 luercticum.
1228 2597 1484 2665 Quaesivit
1514 2598 1602 2654 ille
1631 2599 1771 2655 unde

171 2691 482 2762 probaretur
533 2691 826 2748 haereticus
875 2709 887 2747 :

172 2783 611 2854 ostendiSti-quod
633 2797 754 2840 eum
780 2785 1140 2839 damnareris.
1175 2783 1267 2839 Ille
1293 2785 1377 2840 vel
1402 2785 1694 2840 connivens
1727 2787 1767 2853 ι,

170 2874 245 2931 νει
268 2885 372 2930 non
402 2875 719 2946 intelligens
744 2917 758 2940 ,
790 2885 916 2930 usus
944 2885 1122 2931 taineu
1145 2884 1230 2930 est
1256 2875 1372 2946 lege
1399 2875 1536 2930 sicut
1559 2875 1720 2946 judex
1752 2894 1767 2932 :

169 2975 214 3020 et
238 2964 404 3022 fecisti
429 2966 500 3023 de
525 2967 716 3039 judice
744 2965 885 3038 quod
915 2968 982 3022 de
1009 2978 1061 3022 te
1085 2982 1188 3023 non
1216 2967 1296 3022 vis
1317 2967 1511 3024 facere.
1542 2968 1597 3025 Si
1625 2970 1768 3024 enim

163 3055 316 3126 iudex
341 3065 478 3115 usus
507 3069 619 3115 'eSt
648 3059 765 3130 lege
794 3060 1133 3128 imperatoris
1173 3059 1239 3114 ad
1283 3070 1427 3114 tuam
1471 3061 1770 3132 suggestio-

168 3161 280 3203 nem
305 3193 320 3216 ,
365 3153 469 3207 cur
511 3165 584 3207 ea
615 3159 672 3204 tu
717 3165 821 3205 non
865 3137 1123 3204 uteris'ad
1155 3158 1301 3205 tuam
1338 3152 1770 3208 correctionem?

165 3236 294 3295 Ecce
317 3239 484 3311 eiecit
510 3240 827 3295 luereticum
859 3249 1005 3295 tuum
1035 3243 1102 3296 'ex
1129 3241 1245 3312 lege
1275 3241 1610 3312 imperatoris
1635 3243 1718 3298 sui
1748 3260 1763 3299 :

165 3341 321 3398 quare
341 3340 394 3387 te
407 3346 481 3389 ex
498 3332 696 3388 eadem
713 3331 833 3403 lege
859 3347 962 3388 non
989 3333 1072 3386 vis
1105 3343 1162 3388 ut
1198 3332 1408 3402 cjiciat!
1428 3333 1770 3404 Replicamus

165 3422 298 3492 quod
345 3424 600 3481 fecistis:
634 3439 760 3481 cccc
797 3420 1032 3480 basilica:
1061 3426 1381 3482 tenebantur
1419 3442 1452 3482 a
1493 3427 1771 3484 Maximia—

163 3512 347 3581 nistis,
400 3515 578 3570 modo
625 3531 655 3570 a
684 3515 836 3570 vobis
885 3527 1167 3582 tenentur;
1213 3517 1416 3573 exclusi
1447 3528 1572 3573 sunt
1595 3535 1659 3574 ex
1687 3521 1767 3577 eis

155 3603 578 3664 Maximiauista‘.
598 3625 612 3663 :
633 3608 1118 3679 exstantjussiones
1136 3608 1535 3679 proconsulum,
1555 3620 1769 3667 exstant

155 3695 426 3756 mentm-ia:
447 3699 774 3763 Creatorem;
797 3701 1130 3770 apparitores
1149 3702 1501 3772 accipiuntur,
1525 3703 1768 3776 civitates

158 3791 460 3847 excitantur
479 3834 507 3857 ,
533 3793 807 3861 pelluntur
837 3790 1080 3846 homines
1106 3790 1174 3848 de
1217 3793 1348 3848 locis
1373 3793 1506 3849 suis.
1547 3792 1767 3860 Quare?

153 3881 282 3950 Quia
320 3883 576 3940 luereliei
604 3891 749 3938 sunt.
778 3882 893 3952 Qua
931 3883 1048 3954 lege
1089 3882 1402 3955 pelluntur?
1441 3882 1762 3955 Responde:

151 3967 436 4032 videamus
462 3976 517 4031 si
545 3974 779 4030 nondum
801 3976 1014 4031 contriti
1043 3985 1168 4030 sunt
1188 3974 1378 4033 dentes
1403 3977 1565 4032 vestri
1594 3978 1645 4033 in
1670 3993 1766 4034 ore

154 4078 362 4124 vestro.
385 4068 560 4124 Falsa
583 4067 669 4122 lex
695 4066 816 4122 est?
842 4065 956 4122 Non
981 4067 1151 4123 valeat
1177 4069 1228 4121 in
1257 4068 1565 4125 barreticum
1589 4079 1760 4126 tuum.

157 4156 295 4216 Vera
325 4162 413 4216 lex
441 4159 574 4218 cst?
601 4159 787 4215 Valeat
808 4168 863 4215 et
890 4159 943 4214 in
975 4169 1047 4215 te.
1085 4159 1315 4216 Nonest
1352 4161 1494 4232 quod
1531 4176 1760 4233 respon-

155 4247 348 4314 deant;
402 4251 554 4306 Deus
594 4250 824 4304 contrivit
866 4250 1039 4305 dentes
1084 4267 1257 4306 eorum
1293 4252 1346 4306 in
1392 4269 1478 4307 ore
1512 4254 1760 4324 ipsarum.

155 4339 391 4414 ideoque
419 4342 516 4397 ubi
559 4356 665 4396 non
708 4351 926 4411 possunt
969 4341 1169 4396 lubrica
1199 4342 1402 4398 fallacia
1444 4359 1664 4415 serpere
1707 4355 1765 4402 ut

152 4436 396 4505 aspides,
425 4445 616 4506 aperta
638 4435 888 4490 violentia
915 4433 1146 4490 fremunt
1169 4444 1227 4490 ut
1249 4436 1451 4492 leones.
1473 4437 1766 4495 Prosiliuut

154 4535 212 4582 et
233 4533 478 4584 sieviunt
500 4539 717 4583 armata:
739 4529 905 4583 turba:
925 4527 1449 4595 Circumcellionum;
1479 4531 1606 4586 dant
1627 4543 1764 4588 stra-

152 4633 272 4689 gem
304 4631 571 4693 quantam
602 4629 852 4691 possunt,
883 4630 1366 4694 quantamcumque
1387 4635 1625 4694 possunt.
1654 4622 1762 4681 Sed

153 4722 205 4766 ct
236 4712 410 4768 motas
437 4715 640 4768 {conum
666 4712 911 4784 confregit
936 4710 1206 4767 Dominus.

225 4805 318 4861 16.
354 4805 535 4880 [τρι-ε.
568 4803 668 4878 8.]
701 4804 1020 4876 Spernentur
1044 4816 1283 4878 tanquam
1309 4821 1442 4877 aqua
1463 4806 1757 4864 decurrens.

150 4894 268 4951 Non
301 4912 409 4952 vos
438 4906 712 4965 terreant,
757 4895 950 4952 fratres
970 4940 985 4965 ,
1015 4897 1230 4968 quidam
1263 4897 1409 4952 ﬂuvii
1435 4899 1523 4970 qui
1553 4899 1746 4954 dicun-

148 4996 238 5041 tur
275 4997 588 5052 torreutcs;
622 4989 937 5046 hiemalibus
966 4989 1120 5060 aquis
1147 4989 1467 5062 implentur:
1498 4990 1662 5047 nolite
1689 4991 1757 5046 ti-

150 5093 350 5146 mere;
405 5090 525 5149 post
571 5081 841 5151 paululum
892 5085 1124 5151 transit,
1176 5082 1414 5138 decurrit
1477 5097 1649 5154 aqua,
1689 5084 1758 5140 ad

1329 357 1730 419 unauana)
1765 354 1832 415 ta
1870 354 2193 420 PSALMUM
2233 348 2389 421 Lvu.

939 2691 1201 2761 protulisti
1248 2693 1533 2747 concilium
1579 2705 1766 2761 tuum,
1809 2711 1812 2715 λ

3374 383 3480 445 686

1890 475 2139 543 superbi,
2171 485 2424 532 sonantes
2463 477 2534 532 ad
2557 492 2686 534 saxa
2715 477 2980 550 superbia:
3009 498 3126 542 suae
3151 473 3302 560 quasi
3327 499 3482 566 aquis

1888 563 2213 623 irruentibus
2240 579 2294 624 et
2320 570 2712 628 confluentibus
2738 615 2752 640 ,
2786 591 2894 632 non
2925 593 3021 634 vos
3051 589 3322 653 terreant;
3355 563 3478 647 liie-

1887 656 2053 712 malus
2079 674 2231 730 aquce
2259 670 2422 729 sunt,
2453 678 2668 734 semper
2696 682 2915 725 manare
2939 685 3048 726 non
3077 686 3301 743 possunt
3329 697 3342 733 :
3377 696 3476 737 ne-

1885 761 2038 804 cesse
2067 760 2146 804 est
2173 751 2457 809 decurrant
2486 756 2539 810 in
2572 757 2746 814 locum
2772 775 2927 818 suum
2951 805 2966 828 ,
2999 764 3057 819 in
3087 766 3246 823 linem
3292 764 3490 886 suum.)

1885 838 1954 886 Et
1982 850 2158 886 [amem
2182 843 2251 886 de
2277 847 2381 886 ictu
2408 854 2646 886 inn-emta
2674 854 2853 886 amnes"
2884 854 3013 886 κλει
3049 858 3301 886 “Anan---
3350 865 3446 886 η--

1884 838 1954 893 Et
1982 850 2158 897 tamen
2182 843 2251 900 de
2277 847 2381 900 isto
2408 854 2646 906 torrente
2673 854 2854 908 δείξουιί
2884 854 3018 911 bibit
3048 858 3320 919 Dominus.
3345 865 3472 922 Pas~

1885 947 1976 988 sus
2006 944 2088 989 est
2127 936 2270 991 enim
2300 937 2388 993 hie
2408 980 2424 1005 ,
2458 940 2629 1010 ipsum
2663 950 2954 1001 torrentem
2980 948 3150 1018 bibit;
3182 953 3280 1009 sed
3305 919 3368 1010 in
3390 919 3490 1013 viai

1885 1025 2038 1093 bibit,
2069 1026 2161 1082 sed
2189 1027 2242 1083 in
2274 1036 2604 1097 transcursu,
2635 1035 2759 1105 quia
2798 1036 2850 1092 in
2880 1038 2964 1093 via
2993 1051 3333 1110 peccatorum
3365 1027 3490 1103 non,

1883 1121 2028 1175 stetit
2059 1120 2077 1184 ‹
2101 1119 2248 1176 Psat.
2278 1139 2332 1190 ι,
2362 1123 2447 1194 1).
2479 1125 2586 1181 Sed
2634 1128 2760 1197 quid
2803 1133 2878 1184 ait
2919 1131 2986 1187 de
3031 1134 3124 1189 illo
3152 1135 3424 1208 Scriptura
3451 1141 3477 1197 2

1881 1209 1961 1265 De
1984 1222 2202 1267 torrente
2224 1214 2276 1268 in
2301 1215 2381 1268 via
2398 1215 2544 1281 bibet,
2567 1230 2836 1290 propterea
2862 1224 3102 1279 exaltabit
3124 1239 3277 1298 caput
3298 1229 3472 1304 (Psal.

1881 1315 1967 1358 tax
1985 1345 1999 1370 ,
2029 1304 2095 1375 7)
2121 1322 2136 1359 :
2164 1305 2216 1360 id
2243 1315 2361 1370 est,
2393 1316 2672 1379 propterea
2694 1311 3018 1382 glorificatus
3044 1327 3148 1386 est,
3178 1295 3512 1410 quia‘mor-i

1880 1403 2001 1450 tuus
2046 1407 2159 1460 est;
2193 1407 2472 1469 propterea
2517 1404 2848 1472 resurrexit,
2896 1408 3019 1477 quia
3067 1425 3254 1479 passus
3282 1423 3386 1470 est.
3414 1415 3475 1472 Si

1880 1489 2045 1544 nollet
2072 1491 2255 1547 bibere
2284 1491 2338 1547 in
2382 1500 2464 1548 vta
2491 1494 2558 1550 de
2591 1505 2830 1555 torrente
2852 1541 2868 1567 ,
2911 1516 3016 1556 non
3047 1513 3384 1575 moreretur;
3413 1508 3466 1565 si

1879 1597 1987 1639 non
2017 1594 2351 1655 moreretur,
2385 1603 2490 1644 non
2517 1601 2865 1663 resurgeret;
2917 1595 2962 1650 si
2989 1611 3094 1652 non
3128 1609 3474 1673 resurgeret,

1877 1689 1985 1730 non
2035 1677 2442 1747 glorificarctur.
2476 1681 2650 1753 Ergo,
2693 1683 2758 1739 de
2808 1695 3028 1743 torrente
3069 1689 3124 1744 in
3173 1692 3257 1745 aia
3305 1691 3474 1764 bibet,

1877 1778 2144 1840 propterea
2169 1771 2410 1827 exaltabit
2439 1788 2610 1846 caput.
2632 1775 2931 1833 Exaltatum
2959 1780 3173 1846 estiam
3193 1793 3351 1853 caput
3375 1799 3476 1840 τιον

1876 1867 2047 1916 strum
2079 1879 2091 1915 :
2124 1875 2418 1931 sequantur
2446 1881 2568 1921 eum
2597 1867 2835 1923 membra
2863 1884 2978 1925 sua.
3005 1870 3326 1942 Spernentur
3350 1885 3472 1932 tan-

1875 1967 2026 2021 quam
2048 1968 2180 2025 aqua
2202 1955 2489 2012 decurrens.
2511 1957 2739 2014 Intendit
2761 1977 2935 2016 areum
2953 1979 3120 2032 suum,
3139 1964 3298 2021 donec
3318 1969 3433 2037 inﬁt

1876 2057 2094 2101 meumr.
2125 2045 2278 2102 Minae
2297 2047 2395 2104 Dei
2421 2065 2526 2104 non
2551 2060 2764 2106 cessant
2788 2069 2803 2108 :
2833 2067 2989 2110 arcus
3017 2054 3140 2123 Dei,
3165 2057 3323 2112 minae
3347 2059 3466 2116 Dei.

1829 2151 1833 2154 ·
1878 2134 2171 2192 Intenditur
2195 2152 2372 2205 arcus,
2408 2140 2644 2196 nondum
2673 2143 2811 2198 ferit.
2844 2143 3070 2200 Intendit
3097 2164 3270 2217 arcum
3293 2167 3464 2219 suum,

1875 2227 2034 2283 donec
2061 2230 2400 2298 inﬁrmentur.
2432 2231 2496 2286 Et
2527 2232 2680 2288 multi
2723 2234 2971 2290 infirmati
3001 2247 3126 2293 sunt
3155 2239 3172 2270 ⁸
3201 2239 3365 2314 ipsius
3390 2243 3473 2297 in-

1879 2320 2117 2376 tentione
2160 2337 2317 2377 arcus
2345 2323 2537 2378 territi.
2585 2321 2715 2379 Nam
2747 2325 2873 2382 hinc
2915 2325 3212 2387 inﬁrmatus
3255 2343 3336 2388 est
3382 2335 3472 2392 illo

1875 2413 1964 2488 qui
2006 2407 2177 2468 dixit:
2213 2412 2351 2482 Quid
2379 2431 2458 2470 me
2496 2416 2648 2487 jubes
2695 2420 2909 2490 facere?
2939 2419 3052 2494 Ego
3089 2439 3236 2492 sum,
3266 2427 3470 2497 inquit,

1873 2501 2025 2557 Iesus
2057 2503 2388 2573 Nazarenus,
2421 2524 2568 2577 quem
2597 2517 2649 2562 tu
2675 2514 2988 2580 persequeris
3015 2512 3165 2586 (Act.
3198 2531 3250 2570 tx
3271 2558 3286 2583 ,
3313 2517 3367 2585 6,
3392 2519 3470 2589 5).

1873 2593 1976 2661 Qui
2019 2595 2282 2651 clamabat
2309 2597 2376 2652 de
2401 2601 2538 2655 caelo
2561 2641 2578 2666 ,
2621 2613 2805 2657 arcum
2853 2602 3126 2660 tendebat.
3155 2605 3307 2662 Multi
3338 2623 3469 2681 ergo

1874 2690 1962 2760 qui
1993 2688 2206 2745 fuerunt
2249 2692 2486 2759 inimici,
2519 2692 2774 2750 inﬁrmati
2802 2704 2968 2764 sunt,
3001 2705 3056 2752 et
3096 2701 3344 2755 conversi
3375 2716 3472 2758 no-

1875 2779 2090 2836 luerunt
2120 2783 2328 2858 erigere
2373 2783 2463 2839 diu
2499 2787 2735 2842 cervices
2779 2802 2903 2844 suas
2940 2789 3198 2846 adversus
3222 2807 3468 2862 perseve-

1874 2876 2099 2929 rantiam
2125 2875 2328 2932 extenti
2354 2891 2532 2933 arcus.
2575 2877 2710 2934 Nam
2740 2879 2819 2936 sic
2863 2881 3165 2938 infirmatus
3191 2892 3274 2939 est
3301 2897 3352 2942 et
3380 2887 3468 2944 ille

1872 2967 1961 3036 qui
1983 2968 2076 3033 ait,
2101 2969 2460 3024 netimeamus
2485 2970 2742 3026 infirmari
2772 2989 2786 3026 :
2812 2971 3030 3038 Quando
3069 2975 3321 3044 inﬁrmor,
3349 2969 3467 3034 tunc

1873 3068 2050 3129 potens
2072 3073 2204 3114 sum.
2231 3059 2298 3114 Et
2322 3075 2444 3116 cum
2471 3072 2650 3118 oraret
2678 3078 2708 3116 a
2731 3077 2791 3118 se
2822 3065 2936 3120 tolli
2965 3065 3236 3122 Stimulmn
3264 3071 3461 3138 carnis,

1871 3150 1998 3219 quid
2026 3153 2073 3206 ei
2102 3145 2417 3222 responsum
2448 3152 2566 3208 est?
2613 3151 2781 3209 Virtus
2809 3155 2862 3209 in
2887 3155 3180 3224 inﬁrmitate
3209 3161 3467 3229 perﬁcitur

1873 3239 1946 3311 (ll
1976 3241 2092 3296 Cor.
2127 3258 2235 3310 xu,
2271 3245 2370 3312 l0,
2399 3245 2493 3316 9).
2516 3240 2746 3301 lntendit
2775 3263 2954 3302 arcum
2979 3265 3159 3320 suum,
3187 3250 3348 3308 donec
3381 3255 3466 3310 in-

1869 3333 2156 3402 [inuentum

1944 3426 2033 3480 i7.
2062 3422 2212 3500 [vers
2229 3423 2311 3500 9.]
2339 3426 2486 3483 Sicut
2514 3443 2631 3483 cera
2654 3427 2922 3501 liquefacta
2948 3432 3261 3502 auferantur.
3281 3434 3464 3493 Dictu-

1868 3529 1964 3571 rus
1991 3518 2132 3572 enim
2163 3535 2281 3574 eras
2306 3537 2318 3573 :
2351 3517 2468 3575 Non
2496 3536 2682 3576 omnes
2707 3521 2784 3575 sic
2814 3521 3170 3592 in‘iirmautur,
3195 3527 3464 3596 quomodo

1869 3621 1989 3681 ego,
2023 3618 2082 3663 ut
2107 3610 2359 3675 credant;
2390 3619 2736 3680 perseverant
2763 3612 2911 3667 multi
2945 3614 2999 3670 in
3028 3616 3171 3670 malo
3200 3632 3299 3677 suo
3330 3625 3382 3674 et
3408 3620 3465 3676 in

1864 3693 2071 3748 malitia
2096 3709 2210 3750 sua.
2232 3695 2297 3749 Et
2316 3695 2384 3750 de
2414 3696 2542 3765 ipsis
2571 3697 2703 3751 nihil
2732 3698 2919 3754 timeas
2944 3717 2956 3751 :
2992 3699 3141 3754 Sicut
3167 3719 3282 3756 cera
3309 3703 3466 3769 lique~

1871 3789 2006 3858 facta
2030 3785 2482 3856 auferentur.-Non
2511 3801 2696 3842 contra
2725 3797 2776 3844 te
2805 3792 3039 3857 stabunt,
3067 3806 3174 3847 non
3203 3793 3463 3864 perdura-

1870 3876 2004 3932 bunt
2033 3895 2046 3930 :
2077 3876 2198 3948 igne
2225 3877 2455 3948 quodam
2484 3877 3040 3948 concupiscentiarum
3087 3896 3306 3938 suarum
3335 3899 3463 3954 per-

1869 3970 2040 4027 ibunt.
2075 3970 2171 4027 Est
2196 3973 2339 4026 enim
2371 3971 2458 4026 hic
2500 3969 2746 4041 quaedam
2776 3979 2946 4042 pcena'
2978 3974 3184 4029 occulta
3223 3992 3237 4028 :
3277 3976 3346 4032 de
3370 3979 3464 4036 illa

1868 4064 2109 4120 dicturus
2134 4071 2214 4119 est
2238 4063 2396 4119 modo
2411 4061 2659 4119 Psalmus
2679 4079 2853 4135 usque
2885 4064 2936 4119 in
2960 4064 3141 4121 tinem.
3157 4065 3315 4122 Pauci
3338 4078 3463 4128 sunt

1866 4173 2100 4214 versus:
2137 4151 2326 4212 intenti
2365 4165 2557 4212 estote.
2602 4155 2698 4211 Est
2741 4157 2982 4226 qutedam
3030 4173 3192 4229 pmua
3235 4156 3457 4230 futura,

1867 4251 2124 4323 gehenna:
2169 4251 2308 4323 ignis
2335 4292 2350 4318 ,
2402 4250 2540 4322 ignis
2582 4259 2833 4306 :etcruus.
2859 4249 3062 4306 Futura
3109 4252 3252 4308 enim
3301 4265 3460 4324 pmna

1867 4345 1998 4400 duas
2043 4345 2249 4415 species
2277 4343 2455 4399 habet.
2479 4343 2586 4398 Aut
2615 4342 2905 4397 inferorum
2955 4353 3072 4409 est,
3115 4343 3204 4399 ubi
3237 4345 3461 4403 ardebat

1865 4436 2014 4493 dives
2045 4437 2162 4504 ille,
2182 4435 2268 4506 qui
2300 4435 2511 4491 volebat
2537 4434 2640 4490 sibi
2667 4433 2867 4490 stillam
2893 4449 3043 4506 aqua:
3066 4434 3255 4490 stillari
3279 4437 3330 4491 in
3355 4435 3481 4497 lin-i

1864 4544 2023 4602 gnam
2052 4529 2118 4584 de
2143 4528 2305 4600 digito
2347 4527 2626 4598 pauperis,
2673 4541 2831 4597 quem
2871 4535 2995 4581 ante
3040 4526 3257 4596 januam
3303 4543 3456 4584 suam

1865 4629 2292 4692 contempserat,
2325 4619 2538 4691 quando
2583 4619 2702 4673 ait:
2755 4619 3010 4684 Quoniam
3050 4619 3248 4674 crucior
3277 4619 3331 4674 in
3361 4619 3458 4675 hac

1863 4717 2074 4787 ﬂamma
2107 4713 2258 4786 (Luc.
2284 4727 2373 4768 xvi
2396 4755 2412 4782 ,
2441 4711 2560 4781 24).
2585 4711 2652 4766 Et
2677 4713 2843 4766 altera
2889 4721 2969 4766 est
2997 4709 3085 4766 illa
3111 4710 3170 4766 in
3201 4710 3306 4768 fine
3326 4754 3342 4784 ,
3386 4712 3458 4770 de

1863 4824 1966 4883 qua
1998 4807 2226 4862 audituri
2252 4815 2374 4860 sunt
2403 4823 2415 4859 :
2449 4805 2539 4876 qui
2578 4804 2645 4859 ad
2689 4805 2961 4860 sinistram
3007 4805 3237 4874 ponendi
3285 4815 3408 4862 sunt
3437 4825 3452 4862 :

1865 4898 1946 4955 Ite
1982 4904 2033 4954 in
2070 4900 2236 4972 ignem
2282 4911 2544 4964 internum,
2585 4898 2672 4967 qui
2712 4893 3034 4968 prwparatus
3062 4909 3132 4954 est
3158 4901 3363 4954 diabolo
3408 4911 3455 4956 et

1861 4993 2053 5067 augetis
2081 4994 2188 5065 ejus
2230 4989 2454 5062 (Matth.
2482 5005 2616 5057 xxv,
2642 4990 2704 5045 4i
2725 4993 2770 5061 ').
2801 4989 2910 5045 Illae
2939 5005 3112 5062 poenae
3152 4993 3453 5048 manifesta:

1861 5093 2021 5143 erunt
2043 5100 2108 5140 eo
2136 5097 2373 5154 tempore
2396 5125 2412 5150 ,
2442 5083 2653 5153 quando
2679 5082 2880 5137 exitum
2912 5083 3070 5138 fttcrit
3095 5099 3159 5139 ex
3190 5085 3290 5140 hac
3318 5088 3446 5150 vita,

1863 5190 1954 5234 aut
1983 5178 2132 5232 (inito
2162 5176 2359 5231 δτιτοιιιο
2389 5182 2701 5245 perventum
2729 5172 2793 5228 ad
2827 5175 3274 5230 resurrectionem
3303 5189 3448 5234 mor-

1857 5281 2092 5328 tuorum.
2117 5269 2273 5326 Modo
2299 5285 2427 5339 ergo
2448 5268 2591 5322 nulla
2621 5281 2775 5337 poena
2805 5277 2884 5322 est
2909 5309 2920 5330 ,
2947 5277 3002 5322 et
3028 5281 3247 5338 prorsus
3275 5269 3446 5338 impu-

1863 5366 1969 5420 nita
2000 5363 2127 5418 sinit
2151 5363 2294 5416 "Deus
2325 5371 2536 5431 peccata
2569 5375 2738 5430 usque
2767 5360 2832 5413 ad
2877 5359 3024 5413 illum
3056 5359 3244 5414 diem?
3273 5359 3368 5413 Est
3394 5372 3445 5415 et

69 5161 142 5228 Γ
140 5175 379 5241 tempus
412 5175 722 5245 perstrepit,
754 5189 880 5230 mox
907 5175 1174 5240 cessabit;
1204 5175 1294 5229 diu
1321 5185 1464 5229 stare
1493 5190 1598 5230 non
1629 5191 1756 5246 pos-

57 5259 300 5339 '\-_\sunt.
318 5265 503 5323 Mulae
529 5266 766 5324 hri-eses
786 5269 896 5339 jam
923 5279 1182 5326 emortua:
1207 5278 1373 5324 sunt:
1401 5278 1757 5324 cucurrerunt

77 5357 130 5418 ελ
141 5357 198 5410 in
233 5359 380 5413 rivis
412 5360 520 5416 suis
551 5374 806 5432 quantum
839 5370 1161 5432 potuerunt,
1204 5361 1596 5428 decurrerunt,
1643 5361 1753 5417 sic-

73 5435 82 5450 ”
136 5451 251 5504 cati
281 5462 428 5508 sunt
449 5453 595 5521 rivi,
645 5456 730 5510 vix
777 5467 964 5510 eorum
1018 5455 1275 5511 memoria
1321 5457 1628 5525 reperitur,
1669 5456 1752 5509 vel

130 5541 266 5612 quia
289 5541 525 5601 fueriiit.
561 5545 874 5617 Spernentur
893 5555 1141 5616 tanquam
1170 5561 1302 5618 aqua
1330 5546 1619 5601 decurrens.
1643 5544 1753 5602 Sed

131 5648 252 5689 non
287 5635 481 5694 solum
511 5639 608 5709 ipsi
639 5658 652 5694 :
685 5648 855 5695 totum
887 5639 986 5694 hoc
1017 5637 1268 5695 smeulum
1295 5641 1359 5696 ad
1389 5653 1594 5710 tempus
1624 5658 1748 5711 per-

131 5727 355 5799 strepit
383 5770 400 5796 ,
427 5739 481 5787 et
506 5734 693 5804 qiuerit
717 5747 874 5804 quem
904 5733 1094 5788 trahat.
1119 5729 1317 5788 Omnes
1347 5734 1495 5803 impii
1519 5776 1533 5801 ,
1564 5748 1752 5790 omnes

213 5865 231 5898 ι
275 5871 335 5914 tu
362 5865 526 5919 multis
547 5874 674 5934 Mss,
699 5866 972 5920 conhibens.
993 5875 1040 5922 In
1054 5868 1163 5921 aliis
1183 5878 1232 5923 et
1252 5870 1376 5930 apud
1401 5877 1494 5933 tua,
1515 5868 1748 5922 cohibens.

1855 5456 1947 5512 "hic
1977 5457 2216 5528 quzedam
2243 5470 2398 5526 poena
2427 5453 2672 5517 occulta;
2720 5451 2785 5506 de
2815 5451 2925 5522 ipsa
2957 5452 3118 5505 modo
3163 5461 3443 5508 tractatur.

1859 5549 2008 5606 Hanc
2037 5549 2146 5603 vult
2172 5546 2544 5603 commendare
2572 5544 2800 5615 Spiritus
2828 5543 2918 5596 Dei
2957 5559 2970 5597 :
3003 5542 3146 5598 hanc
3180 5543 3446 5616 intelliga-

1851 5649 2018 5707 mus,
2065 5639 2199 5693 hanc
2239 5652 2554 5701 caveamus,
2608 5637 2744 5689 hanc
2791 5632 3088 5699 evitemus,
3121 5643 3174 5690 et
3217 5635 3274 5688 in
3327 5629 3447 5690 illas

1858 5735 2081 5790 multum
2117 5730 2382 5790 terribiles
2414 5745 2520 5786 non
2562 5727 2882 5784 incidentes.
2925 5723 3454 5785 Forted'ianrusest

1923 5867 1940 5899 ¹
1968 5869 2019 5916 in
2042 5862 2222 5927 aliquot
2246 5868 2350 5921 Mss.
2379 5861 2586 5923 additur,
2610 5864 2655 5910 et
2674 5857 2892 5913 conversi
2911 5865 3036 5913 sunt.
