  <div class='ocr_page' id='page_1' title='image "/cluster/home/n/w/nwhite01/storage/ocr_20150623/36/uva.x000827105/357.png"; bbox 0 0 3942 6440; ppageno 0'>
   <div class='ocr_carea' id='block_1_1' title="bbox 562 346 668 405">
    <p class='ocr_par' dir='ltr' id='par_1_1' title="bbox 562 346 668 405">
     <span class='ocr_line' id='line_1_1' title="bbox 562 346 668 405; baseline 0 -3"><span class='ocrx_word' id='word_1_1' title='bbox 562 346 668 405; x_wconf 66' lang='grc' dir='ltr'><strong>υτ</strong></span> 
     </span>
    </p>
   </div>
   <div class='ocr_carea' id='block_1_2' title="bbox 566 437 2153 526">
    <p class='ocr_par' dir='ltr' id='par_1_2' title="bbox 566 437 2153 526">
     <span class='ocr_line' id='line_1_2' title="bbox 566 437 2153 526; baseline -0.014 -14"><span class='ocrx_word' id='word_1_2' title='bbox 566 456 699 512; x_wconf 82' lang='lat' dir='ltr'><strong>mihi</strong></span> <span class='ocrx_word' id='word_1_3' title='bbox 741 453 970 526; x_wconf 73' lang='lat' dir='ltr'><strong>aliquis:</strong></span> <span class='ocrx_word' id='word_1_4' title='bbox 1000 450 1135 508; x_wconf 99' lang='lat' dir='ltr'><strong>Sunt</strong></span> <span class='ocrx_word' id='word_1_5' title='bbox 1157 454 1213 506; x_wconf 91' lang='lat' dir='ltr'><strong>et</strong></span> <span class='ocrx_word' id='word_1_6' title='bbox 1253 437 1340 504; x_wconf 87' lang='lat' dir='ltr'><strong>bie</strong></span> <span class='ocrx_word' id='word_1_7' title='bbox 1365 459 1537 518; x_wconf 67' lang='lat' dir='ltr'><strong>pana:</strong></span> <span class='ocrx_word' id='word_1_8' title='bbox 1561 483 1577 509; x_wconf 90' lang='lat'><strong>,</strong></span> <span class='ocrx_word' id='word_1_9' title='bbox 1614 457 1859 499; x_wconf 88' lang='lat' dir='ltr'><strong>carceres</strong></span> <span class='ocrx_word' id='word_1_10' title='bbox 1880 483 1897 510; x_wconf 96' lang='lat'><strong>,</strong></span> <span class='ocrx_word' id='word_1_11' title='bbox 1924 438 2110 495; x_wconf 78' lang='lat' dir='ltr'><strong>exsilia</strong></span> <span class='ocrx_word' id='word_1_12' title='bbox 2137 477 2153 502; x_wconf 94' lang='lat'><strong>,</strong></span> 
     </span>
    </p>
   </div>
   <div class='ocr_carea' id='block_1_3' title="bbox 567 531 2152 612">
    <p class='ocr_par' dir='ltr' id='par_1_3' title="bbox 567 531 2152 612">
     <span class='ocr_line' id='line_1_3' title="bbox 567 531 2152 612; baseline -0.012 -8"><span class='ocrx_word' id='word_1_13' title='bbox 567 557 837 604; x_wconf 84' lang='lat' dir='ltr'><strong>tormenta</strong></span> <span class='ocrx_word' id='word_1_14' title='bbox 860 587 875 612; x_wconf 91' lang='lat'><strong>,</strong></span> <span class='ocrx_word' id='word_1_15' title='bbox 908 551 1109 601; x_wconf 89' lang='lat' dir='ltr'><strong>mortes</strong></span> <span class='ocrx_word' id='word_1_16' title='bbox 1129 582 1146 609; x_wconf 92' lang='lat'><strong>,</strong></span> <span class='ocrx_word' id='word_1_17' title='bbox 1173 540 1382 596; x_wconf 89' lang='lat' dir='ltr'><strong>diversa</strong></span> <span class='ocrx_word' id='word_1_18' title='bbox 1411 552 1607 611; x_wconf 87' lang='lat' dir='ltr'><strong>genera</strong></span> <span class='ocrx_word' id='word_1_19' title='bbox 1631 535 1876 592; x_wconf 92' lang='lat' dir='ltr'><strong>dolorum</strong></span> <span class='ocrx_word' id='word_1_20' title='bbox 1899 540 1957 590; x_wconf 88' lang='lat' dir='ltr'><strong>et</strong></span> <span class='ocrx_word' id='word_1_21' title='bbox 1979 531 2152 588; x_wconf 88' lang='lat' dir='ltr'><strong>tribu-</strong></span> 
     </span>
    </p>
   </div>
   <div class='ocr_carea' id='block_1_4' title="bbox 566 626 2157 708">
    <p class='ocr_par' dir='ltr' id='par_1_4' title="bbox 566 626 2157 708">
     <span class='ocr_line' id='line_1_4' title="bbox 566 626 2157 708; baseline -0.013 -7"><span class='ocrx_word' id='word_1_22' title='bbox 566 644 846 701; x_wconf 85' lang='lat' dir='ltr'><strong>lationum.</strong></span> <span class='ocrx_word' id='word_1_23' title='bbox 869 639 1004 696; x_wconf 89' lang='lat' dir='ltr'><strong>Sunt</strong></span> <span class='ocrx_word' id='word_1_24' title='bbox 1026 635 1240 708; x_wconf 87' lang='lat' dir='ltr'><strong>quidem</strong></span> <span class='ocrx_word' id='word_1_25' title='bbox 1270 643 1327 692; x_wconf 91' lang='lat' dir='ltr'><strong>et</strong></span> <span class='ocrx_word' id='word_1_26' title='bbox 1347 635 1481 699; x_wconf 87' lang='lat' dir='ltr'><strong>ista,</strong></span> <span class='ocrx_word' id='word_1_27' title='bbox 1501 641 1557 688; x_wconf 90' lang='lat' dir='ltr'><strong>et</strong></span> <span class='ocrx_word' id='word_1_28' title='bbox 1587 629 1681 687; x_wconf 87' lang='lat' dir='ltr'><strong>Dei</strong></span> <span class='ocrx_word' id='word_1_29' title='bbox 1707 628 1910 701; x_wconf 86' lang='lat' dir='ltr'><strong>judicio</strong></span> <span class='ocrx_word' id='word_1_30' title='bbox 1937 626 2157 697; x_wconf 87' lang='lat' dir='ltr'><strong>dispen-</strong></span> 
     </span>
    </p>
   </div>
   <div class='ocr_carea' id='block_1_5' title="bbox 567 715 2152 798">
    <p class='ocr_par' dir='ltr' id='par_1_5' title="bbox 567 715 2152 798">
     <span class='ocr_line' id='line_1_5' title="bbox 567 715 2152 798; baseline -0.011 -10"><span class='ocrx_word' id='word_1_31' title='bbox 567 739 756 789; x_wconf 83' lang='lat' dir='ltr'><strong>sautur</strong></span> <span class='ocrx_word' id='word_1_32' title='bbox 777 748 794 798; x_wconf 88' lang='lat'><strong>;</strong></span> <span class='ocrx_word' id='word_1_33' title='bbox 819 728 915 786; x_wconf 86' lang='lat' dir='ltr'><strong>sed</strong></span> <span class='ocrx_word' id='word_1_34' title='bbox 942 727 1126 785; x_wconf 90' lang='lat' dir='ltr'><strong>multis</strong></span> <span class='ocrx_word' id='word_1_35' title='bbox 1171 723 1240 782; x_wconf 92' lang='lat' dir='ltr'><strong>ad</strong></span> <span class='ocrx_word' id='word_1_36' title='bbox 1287 723 1657 796; x_wconf 76' lang='lat' dir='ltr'><strong>probationem</strong></span> <span class='ocrx_word' id='word_1_37' title='bbox 1679 761 1694 788; x_wconf 92' lang='lat'><strong>,</strong></span> <span class='ocrx_word' id='word_1_38' title='bbox 1727 717 1907 775; x_wconf 91' lang='lat' dir='ltr'><strong>multis</strong></span> <span class='ocrx_word' id='word_1_39' title='bbox 1953 716 2021 772; x_wconf 92' lang='lat' dir='ltr'><strong>ad</strong></span> <span class='ocrx_word' id='word_1_40' title='bbox 2055 715 2152 771; x_wconf 81' lang='lat' dir='ltr'><strong>da-</strong></span> 
     </span>
    </p>
   </div>
   <div class='ocr_carea' id='block_1_6' title="bbox 573 809 2158 888">
    <p class='ocr_par' dir='ltr' id='par_1_6' title="bbox 573 809 2158 888">
     <span class='ocr_line' id='line_1_6' title="bbox 573 809 2158 888; baseline -0.011 -7"><span class='ocrx_word' id='word_1_41' title='bbox 573 824 921 881; x_wconf 89' lang='lat' dir='ltr'><strong>mnationem.</strong></span> <span class='ocrx_word' id='word_1_42' title='bbox 960 821 1214 876; x_wconf 81' lang='lat' dir='ltr'><strong>Videmus</strong></span> <span class='ocrx_word' id='word_1_43' title='bbox 1239 828 1416 874; x_wconf 89' lang='lat' dir='ltr'><strong>tamen</strong></span> <span class='ocrx_word' id='word_1_44' title='bbox 1467 814 1756 888; x_wconf 81' lang='lat' dir='ltr'><strong>aliquando</strong></span> <span class='ocrx_word' id='word_1_45' title='bbox 1784 814 1838 868; x_wconf 92' lang='lat' dir='ltr'><strong>in</strong></span> <span class='ocrx_word' id='word_1_46' title='bbox 1874 810 1959 867; x_wconf 88' lang='lat' dir='ltr'><strong>his</strong></span> <span class='ocrx_word' id='word_1_47' title='bbox 1984 809 2158 882; x_wconf 64' lang='lat' dir='ltr'><strong>penis</strong></span> 
     </span>
    </p>
   </div>
   <div class='ocr_carea' id='block_1_7' title="bbox 531 903 2154 986">
    <p class='ocr_par' dir='ltr' id='par_1_7' title="bbox 531 903 2154 986">
     <span class='ocr_line' id='line_1_7' title="bbox 531 903 2154 986; baseline -0.006 -20"><span class='ocrx_word' id='word_1_48' title='bbox 531 962 533 966; x_wconf 89' lang='lat'><strong>.</strong></span> <span class='ocrx_word' id='word_1_49' title='bbox 571 917 742 986; x_wconf 78' lang='lat' dir='ltr'><strong>iustos</strong></span> <span class='ocrx_word' id='word_1_50' title='bbox 766 912 929 984; x_wconf 81' lang='lat' dir='ltr'><strong>afﬂigi</strong></span> <span class='ocrx_word' id='word_1_51' title='bbox 953 954 968 976; x_wconf 87' lang='lat'><strong>,</strong></span> <span class='ocrx_word' id='word_1_52' title='bbox 999 921 1053 968; x_wconf 90' lang='lat' dir='ltr'><strong>et</strong></span> <span class='ocrx_word' id='word_1_53' title='bbox 1077 911 1146 968; x_wconf 88' lang='lat' dir='ltr'><strong>ab</strong></span> <span class='ocrx_word' id='word_1_54' title='bbox 1177 911 1258 966; x_wconf 82' lang='lat' dir='ltr'><strong>liis</strong></span> <span class='ocrx_word' id='word_1_55' title='bbox 1287 909 1462 980; x_wconf 64' lang='lat' dir='ltr'><strong>pinnis</strong></span> <span class='ocrx_word' id='word_1_56' title='bbox 1507 906 1737 976; x_wconf 85' lang='lat' dir='ltr'><strong>iujustos</strong></span> <span class='ocrx_word' id='word_1_57' title='bbox 1762 920 1883 962; x_wconf 91' lang='lat' dir='ltr'><strong>esse</strong></span> <span class='ocrx_word' id='word_1_58' title='bbox 1909 903 2154 958; x_wconf 90' lang='lat' dir='ltr'><strong>alienos:</strong></span> 
     </span>
    </p>
   </div>
   <div class='ocr_carea' id='block_1_8' title="bbox 568 993 2156 1074">
    <p class='ocr_par' dir='ltr' id='par_1_8' title="bbox 568 993 2156 1074">
     <span class='ocr_line' id='line_1_8' title="bbox 568 993 2156 1074; baseline -0.009 -12"><span class='ocrx_word' id='word_1_59' title='bbox 568 1005 714 1062; x_wconf 89' lang='lat' dir='ltr'><strong>unde</strong></span> <span class='ocrx_word' id='word_1_60' title='bbox 739 1011 1058 1061; x_wconf 84' lang='lat' dir='ltr'><strong>notaverunt</strong></span> <span class='ocrx_word' id='word_1_61' title='bbox 1080 1002 1242 1074; x_wconf 85' lang='lat' dir='ltr'><strong>pedes</strong></span> <span class='ocrx_word' id='word_1_62' title='bbox 1272 1001 1346 1056; x_wconf 92' lang='lat' dir='ltr'><strong>illi</strong></span> <span class='ocrx_word' id='word_1_63' title='bbox 1373 1043 1388 1066; x_wconf 94' lang='lat'><strong>,</strong></span> <span class='ocrx_word' id='word_1_64' title='bbox 1415 999 1507 1070; x_wconf 86' lang='lat' dir='ltr'><strong>qui</strong></span> <span class='ocrx_word' id='word_1_65' title='bbox 1536 1006 1719 1068; x_wconf 87' lang='lat' dir='ltr'><strong>postea</strong></span> <span class='ocrx_word' id='word_1_66' title='bbox 1745 996 2037 1069; x_wconf 88' lang='lat' dir='ltr'><strong>gratulatus</strong></span> <span class='ocrx_word' id='word_1_67' title='bbox 2061 993 2156 1060; x_wconf 85' lang='lat' dir='ltr'><strong>ait,</strong></span> 
     </span>
    </p>
   </div>
   <div class='ocr_carea' id='block_1_9' title="bbox 573 1091 2158 1167">
    <p class='ocr_par' dir='ltr' id='par_1_9' title="bbox 573 1091 2158 1167">
     <span class='ocr_line' id='line_1_9' title="bbox 573 1091 2158 1167; baseline -0.007 -14"><span class='ocrx_word' id='word_1_68' title='bbox 573 1100 744 1167; x_wconf 87' lang='lat' dir='ltr'><strong>Quam</strong></span> <span class='ocrx_word' id='word_1_69' title='bbox 767 1098 927 1152; x_wconf 86' lang='lat' dir='ltr'><strong>bonus</strong></span> <span class='ocrx_word' id='word_1_70' title='bbox 953 1095 1117 1151; x_wconf 79' lang='lat' dir='ltr'><strong>Israel</strong></span> <span class='ocrx_word' id='word_1_71' title='bbox 1145 1095 1279 1151; x_wconf 87' lang='lat' dir='ltr'><strong>Deus</strong></span> <span class='ocrx_word' id='word_1_72' title='bbox 1305 1095 1452 1150; x_wconf 79' lang='lat' dir='ltr'><strong>rectis</strong></span> <span class='ocrx_word' id='word_1_73' title='bbox 1477 1092 1672 1148; x_wconf 88' lang='lat' dir='ltr'><strong>corde!</strong></span> <span class='ocrx_word' id='word_1_74' title='bbox 1702 1091 1758 1146; x_wconf 79' lang='grc' dir='ltr'><em>Μ</em></span> <span class='ocrx_word' id='word_1_75' title='bbox 1763 1091 1806 1146; x_wconf 92' lang='lat' dir='ltr'><strong>ei</strong></span> <span class='ocrx_word' id='word_1_76' title='bbox 1834 1099 2007 1144; x_wconf 82' lang='lat' dir='ltr'><strong>autent</strong></span> <span class='ocrx_word' id='word_1_77' title='bbox 2032 1102 2158 1158; x_wconf 81' lang='lat' dir='ltr'><strong>pene</strong></span> 
     </span>
    </p>
   </div>
   <div class='ocr_carea' id='block_1_10' title="bbox 571 1182 2160 1257">
    <p class='ocr_par' dir='ltr' id='par_1_10' title="bbox 571 1182 2160 1257">
     <span class='ocr_line' id='line_1_10' title="bbox 571 1182 2160 1257; baseline -0.009 -11"><span class='ocrx_word' id='word_1_78' title='bbox 571 1191 810 1246; x_wconf 79' lang='lat' dir='ltr'><strong>commoti</strong></span> <span class='ocrx_word' id='word_1_79' title='bbox 833 1199 952 1246; x_wconf 86' lang='lat' dir='ltr'><strong>sunt</strong></span> <span class='ocrx_word' id='word_1_80' title='bbox 976 1189 1154 1255; x_wconf 87' lang='lat' dir='ltr'><strong>pedes,</strong></span> <span class='ocrx_word' id='word_1_81' title='bbox 1185 1188 1304 1257; x_wconf 89' lang='lat' dir='ltr'><strong>quia</strong></span> <span class='ocrx_word' id='word_1_82' title='bbox 1331 1186 1491 1242; x_wconf 63' lang='grc' dir='ltr'><strong>κειαυὶ</strong></span> <span class='ocrx_word' id='word_1_83' title='bbox 1517 1186 1570 1240; x_wconf 87' lang='lat' dir='ltr'><strong>in</strong></span> <span class='ocrx_word' id='word_1_84' title='bbox 1594 1182 1959 1254; x_wconf 76' lang='lat' dir='ltr'><strong>peccatoribus,</strong></span> <span class='ocrx_word' id='word_1_85' title='bbox 1987 1195 2160 1252; x_wconf 89' lang='lat' dir='ltr'><strong>pacem</strong></span> 
     </span>
    </p>
   </div>
   <div class='ocr_carea' id='block_1_11' title="bbox 574 1273 2158 1354">
    <p class='ocr_par' dir='ltr' id='par_1_11' title="bbox 574 1273 2158 1354">
     <span class='ocr_line' id='line_1_11' title="bbox 574 1273 2158 1354; baseline -0.008 -15"><span class='ocrx_word' id='word_1_86' title='bbox 574 1291 898 1354; x_wconf 74' lang='lat' dir='ltr'><strong>peccatorum</strong></span> <span class='ocrx_word' id='word_1_87' title='bbox 922 1279 1365 1337; x_wconf 84' lang='lat' dir='ltr'><strong>intuens.Viderat</strong></span> <span class='ocrx_word' id='word_1_88' title='bbox 1381 1278 1524 1334; x_wconf 90' lang='lat' dir='ltr'><strong>enim</strong></span> <span class='ocrx_word' id='word_1_89' title='bbox 1548 1277 1852 1332; x_wconf 87' lang='lat' dir='ltr'><strong>felicitatem</strong></span> <span class='ocrx_word' id='word_1_90' title='bbox 1874 1273 2158 1338; x_wconf 90' lang='lat' dir='ltr'><strong>malorum,</strong></span> 
     </span>
    </p>
   </div>
   <div class='ocr_carea' id='block_1_12' title="bbox 573 1365 2159 1438">
    <p class='ocr_par' dir='ltr' id='par_1_12' title="bbox 573 1365 2159 1438">
     <span class='ocr_line' id='line_1_12' title="bbox 573 1365 2159 1438; baseline -0.008 -6"><span class='ocrx_word' id='word_1_91' title='bbox 573 1384 631 1432; x_wconf 84' lang='lat' dir='ltr'><strong>et</strong></span> <span class='ocrx_word' id='word_1_92' title='bbox 656 1375 954 1432; x_wconf 84' lang='lat' dir='ltr'><strong>delectatus</strong></span> <span class='ocrx_word' id='word_1_93' title='bbox 981 1383 1098 1429; x_wconf 91' lang='lat' dir='ltr'><strong>erat</strong></span> <span class='ocrx_word' id='word_1_94' title='bbox 1118 1387 1239 1430; x_wconf 88' lang='lat' dir='ltr'><strong>esse</strong></span> <span class='ocrx_word' id='word_1_95' title='bbox 1268 1371 1442 1428; x_wconf 90' lang='lat' dir='ltr'><strong>malus</strong></span> <span class='ocrx_word' id='word_1_96' title='bbox 1459 1413 1473 1437; x_wconf 91' lang='lat'><strong>,</strong></span> <span class='ocrx_word' id='word_1_97' title='bbox 1504 1370 1692 1426; x_wconf 86' lang='lat' dir='ltr'><strong>videns</strong></span> <span class='ocrx_word' id='word_1_98' title='bbox 1718 1382 1943 1438; x_wconf 88' lang='lat' dir='ltr'><strong>regnare</strong></span> <span class='ocrx_word' id='word_1_99' title='bbox 1967 1365 2159 1431; x_wconf 88' lang='lat' dir='ltr'><strong>malos,</strong></span> 
     </span>
    </p>
   </div>
   <div class='ocr_carea' id='block_1_13' title="bbox 576 1461 2161 1532">
    <p class='ocr_par' dir='ltr' id='par_1_13' title="bbox 576 1461 2161 1532">
     <span class='ocr_line' id='line_1_13' title="bbox 576 1461 2161 1532; baseline -0.008 -8"><span class='ocrx_word' id='word_1_100' title='bbox 576 1469 718 1525; x_wconf 86' lang='lat' dir='ltr'><strong>bene</strong></span> <span class='ocrx_word' id='word_1_101' title='bbox 744 1468 847 1523; x_wconf 85' lang='lat' dir='ltr'><strong>illis</strong></span> <span class='ocrx_word' id='word_1_102' title='bbox 875 1482 994 1523; x_wconf 88' lang='lat' dir='ltr'><strong>esse</strong></span> <span class='ocrx_word' id='word_1_103' title='bbox 1014 1508 1030 1532; x_wconf 93' lang='lat'><strong>,</strong></span> <span class='ocrx_word' id='word_1_104' title='bbox 1077 1464 1351 1521; x_wconf 89' lang='lat' dir='ltr'><strong>abundare</strong></span> <span class='ocrx_word' id='word_1_105' title='bbox 1383 1479 1477 1521; x_wconf 91' lang='lat' dir='ltr'><strong>eos</strong></span> <span class='ocrx_word' id='word_1_106' title='bbox 1510 1464 1561 1519; x_wconf 91' lang='lat' dir='ltr'><strong>in</strong></span> <span class='ocrx_word' id='word_1_107' title='bbox 1607 1462 1753 1522; x_wconf 88' lang='lat' dir='ltr'><strong>omni</strong></span> <span class='ocrx_word' id='word_1_108' title='bbox 1799 1461 1950 1531; x_wconf 89' lang='lat' dir='ltr'><strong>copia</strong></span> <span class='ocrx_word' id='word_1_109' title='bbox 1982 1472 2161 1514; x_wconf 88' lang='lat' dir='ltr'><strong>rerum</strong></span> 
     </span>
    </p>
   </div>
   <div class='ocr_carea' id='block_1_14' title="bbox 579 1551 2165 1630">
    <p class='ocr_par' dir='ltr' id='par_1_14' title="bbox 579 1551 2165 1630">
     <span class='ocr_line' id='line_1_14' title="bbox 579 1551 2165 1630; baseline -0.006 -15"><span class='ocrx_word' id='word_1_110' title='bbox 579 1559 976 1630; x_wconf 85' lang='lat' dir='ltr'><strong>temporalium,</strong></span> <span class='ocrx_word' id='word_1_111' title='bbox 1004 1557 1179 1628; x_wconf 85' lang='lat' dir='ltr'><strong>qualia</strong></span> <span class='ocrx_word' id='word_1_112' title='bbox 1205 1556 1378 1611; x_wconf 89' lang='lat' dir='ltr'><strong>adhuc</strong></span> <span class='ocrx_word' id='word_1_113' title='bbox 1407 1557 1522 1626; x_wconf 91' lang='lat' dir='ltr'><strong>ipse</strong></span> <span class='ocrx_word' id='word_1_114' title='bbox 1551 1554 1803 1625; x_wconf 82' lang='lat' dir='ltr'><strong>parvulus</strong></span> <span class='ocrx_word' id='word_1_115' title='bbox 1825 1551 2165 1608; x_wconf 83' lang='lat' dir='ltr'><strong>desiderabat</strong></span> 
     </span>
    </p>
   </div>
   <div class='ocr_carea' id='block_1_15' title="bbox 579 1641 2164 1718">
    <p class='ocr_par' dir='ltr' id='par_1_15' title="bbox 579 1641 2164 1718">
     <span class='ocr_line' id='line_1_15' title="bbox 579 1641 2164 1718; baseline -0.005 -12"><span class='ocrx_word' id='word_1_116' title='bbox 579 1668 609 1706; x_wconf 83' lang='lat' dir='ltr'><strong>a</strong></span> <span class='ocrx_word' id='word_1_117' title='bbox 638 1651 865 1706; x_wconf 93' lang='lat' dir='ltr'><strong>Domino</strong></span> <span class='ocrx_word' id='word_1_118' title='bbox 891 1667 903 1704; x_wconf 94' lang='lat'><strong>:</strong></span> <span class='ocrx_word' id='word_1_119' title='bbox 932 1658 984 1705; x_wconf 92' lang='lat' dir='ltr'><strong>et</strong></span> <span class='ocrx_word' id='word_1_120' title='bbox 1009 1658 1332 1706; x_wconf 84' lang='lat' dir='ltr'><strong>notaverunt</strong></span> <span class='ocrx_word' id='word_1_121' title='bbox 1356 1647 1430 1702; x_wconf 92' lang='lat' dir='ltr'><strong>illi</strong></span> <span class='ocrx_word' id='word_1_122' title='bbox 1459 1647 1625 1718; x_wconf 84' lang='lat' dir='ltr'><strong>pedes</strong></span> <span class='ocrx_word' id='word_1_123' title='bbox 1649 1689 1663 1714; x_wconf 93' lang='lat'><strong>,</strong></span> <span class='ocrx_word' id='word_1_124' title='bbox 1694 1659 1970 1716; x_wconf 87' lang='lat' dir='ltr'><strong>usquequo</strong></span> <span class='ocrx_word' id='word_1_125' title='bbox 2011 1641 2164 1700; x_wconf 87' lang='lat' dir='ltr'><strong>vide-</strong></span> 
     </span>
    </p>
   </div>
   <div class='ocr_carea' id='block_1_16' title="bbox 580 1734 2160 1812">
    <p class='ocr_par' dir='ltr' id='par_1_16' title="bbox 580 1734 2160 1812">
     <span class='ocr_line' id='line_1_16' title="bbox 580 1734 2160 1812; baseline -0.006 -14"><span class='ocrx_word' id='word_1_126' title='bbox 580 1749 667 1798; x_wconf 78' lang='lat' dir='ltr'><strong>ret</strong></span> <span class='ocrx_word' id='word_1_127' title='bbox 693 1740 820 1812; x_wconf 89' lang='lat' dir='ltr'><strong>quid</strong></span> <span class='ocrx_word' id='word_1_128' title='bbox 848 1740 901 1794; x_wconf 93' lang='lat' dir='ltr'><strong>in</strong></span> <span class='ocrx_word' id='word_1_129' title='bbox 934 1739 1094 1796; x_wconf 83' lang='lat' dir='ltr'><strong>tinem</strong></span> <span class='ocrx_word' id='word_1_130' title='bbox 1133 1740 1216 1796; x_wconf 91' lang='lat' dir='ltr'><strong>vel</strong></span> <span class='ocrx_word' id='word_1_131' title='bbox 1255 1738 1577 1810; x_wconf 88' lang='lat' dir='ltr'><strong>sperandum</strong></span> <span class='ocrx_word' id='word_1_132' title='bbox 1617 1738 1703 1792; x_wconf 88' lang='lat' dir='ltr'><strong>vel</strong></span> <span class='ocrx_word' id='word_1_133' title='bbox 1751 1736 2042 1792; x_wconf 89' lang='lat' dir='ltr'><strong>timendum</strong></span> <span class='ocrx_word' id='word_1_134' title='bbox 2071 1734 2160 1790; x_wconf 86' lang='lat' dir='ltr'><strong>sit.</strong></span> 
     </span>
    </p>
   </div>
   <div class='ocr_carea' id='block_1_17' title="bbox 577 1828 2162 1902">
    <p class='ocr_par' dir='ltr' id='par_1_17' title="bbox 577 1828 2162 1902">
     <span class='ocr_line' id='line_1_17' title="bbox 577 1828 2162 1902; baseline -0.004 -16"><span class='ocrx_word' id='word_1_135' title='bbox 577 1831 670 1888; x_wconf 78' lang='lat' dir='ltr'><strong>Ait</strong></span> <span class='ocrx_word' id='word_1_136' title='bbox 696 1831 841 1886; x_wconf 89' lang='lat' dir='ltr'><strong>enim</strong></span> <span class='ocrx_word' id='word_1_137' title='bbox 870 1830 923 1884; x_wconf 92' lang='lat' dir='ltr'><strong>in</strong></span> <span class='ocrx_word' id='word_1_138' title='bbox 950 1831 1140 1887; x_wconf 90' lang='lat' dir='ltr'><strong>eodem</strong></span> <span class='ocrx_word' id='word_1_139' title='bbox 1168 1830 1374 1902; x_wconf 84' lang='lat' dir='ltr'><strong>psalmo</strong></span> <span class='ocrx_word' id='word_1_140' title='bbox 1407 1849 1422 1886; x_wconf 91' lang='lat'><strong>:</strong></span> <span class='ocrx_word' id='word_1_141' title='bbox 1456 1828 1568 1884; x_wconf 81' lang='lat' dir='ltr'><strong>Hoc</strong></span> <span class='ocrx_word' id='word_1_142' title='bbox 1606 1829 1750 1884; x_wconf 89' lang='lat' dir='ltr'><strong>labor</strong></span> <span class='ocrx_word' id='word_1_143' title='bbox 1790 1837 1865 1883; x_wconf 83' lang='lat' dir='ltr'><strong>est</strong></span> <span class='ocrx_word' id='word_1_144' title='bbox 1901 1837 2019 1882; x_wconf 85' lang='lat' dir='ltr'><strong>ante</strong></span> <span class='ocrx_word' id='word_1_145' title='bbox 2043 1842 2124 1880; x_wconf 89' lang='lat' dir='ltr'><strong>nte</strong></span> <span class='ocrx_word' id='word_1_146' title='bbox 2146 1867 2162 1892; x_wconf 94' lang='lat'><strong>,</strong></span> 
     </span>
    </p>
   </div>
   <div class='ocr_carea' id='block_1_18' title="bbox 578 1917 2169 1990">
    <p class='ocr_par' dir='ltr' id='par_1_18' title="bbox 578 1917 2169 1990">
     <span class='ocr_line' id='line_1_18' title="bbox 578 1917 2169 1990; baseline -0.004 -13"><span class='ocrx_word' id='word_1_147' title='bbox 578 1923 741 1979; x_wconf 85' lang='lat' dir='ltr'><strong>donec</strong></span> <span class='ocrx_word' id='word_1_148' title='bbox 787 1924 1033 1976; x_wconf 85' lang='lat' dir='ltr'><strong>introeant</strong></span> <span class='ocrx_word' id='word_1_149' title='bbox 1076 1925 1130 1976; x_wconf 89' lang='lat' dir='ltr'><strong>in</strong></span> <span class='ocrx_word' id='word_1_150' title='bbox 1179 1922 1522 1977; x_wconf 88' lang='lat' dir='ltr'><strong>sanctuarium</strong></span> <span class='ocrx_word' id='word_1_151' title='bbox 1553 1919 1686 1987; x_wconf 88' lang='lat' dir='ltr'><strong>Dei,</strong></span> <span class='ocrx_word' id='word_1_152' title='bbox 1719 1929 1765 1974; x_wconf 88' lang='lat' dir='ltr'><strong>et</strong></span> <span class='ocrx_word' id='word_1_153' title='bbox 1808 1917 2088 1990; x_wconf 81' lang='lat' dir='ltr'><strong>intelligant</strong></span> <span class='ocrx_word' id='word_1_154' title='bbox 2115 1918 2169 1971; x_wconf 88' lang='lat' dir='ltr'><strong>in</strong></span> 
     </span>
    </p>
   </div>
   <div class='ocr_carea' id='block_1_19' title="bbox 581 2009 2170 2084">
    <p class='ocr_par' dir='ltr' id='par_1_19' title="bbox 581 2009 2170 2084">
     <span class='ocr_line' id='line_1_19' title="bbox 581 2009 2170 2084; baseline -0.003 -15"><span class='ocrx_word' id='word_1_155' title='bbox 581 2014 855 2069; x_wconf 83' lang='lat' dir='ltr'><strong>novissima</strong></span> <span class='ocrx_word' id='word_1_156' title='bbox 879 2013 899 2084; x_wconf 91' lang='lat'><strong>(</strong></span> <span class='ocrx_word' id='word_1_157' title='bbox 921 2011 1066 2068; x_wconf 87' lang='lat' dir='ltr'><strong>Psal.</strong></span> <span class='ocrx_word' id='word_1_158' title='bbox 1092 2029 1235 2069; x_wconf 78' lang='lat' dir='ltr'><strong>Lxxn</strong></span> <span class='ocrx_word' id='word_1_159' title='bbox 1257 2054 1274 2080; x_wconf 95' lang='lat'><strong>,</strong></span> <span class='ocrx_word' id='word_1_160' title='bbox 1305 2015 1329 2068; x_wconf 80' lang='grc'><strong>1</strong></span> <span class='ocrx_word' id='word_1_161' title='bbox 1357 2055 1372 2080; x_wconf 87' lang='grc'><em>,</em></span> <span class='ocrx_word' id='word_1_162' title='bbox 1396 2012 1433 2068; x_wconf 75' lang='lat'><strong>2</strong></span> <span class='ocrx_word' id='word_1_163' title='bbox 1456 2055 1471 2080; x_wconf 92' lang='lat'><strong>,</strong></span> <span class='ocrx_word' id='word_1_164' title='bbox 1504 2013 1538 2068; x_wconf 80' lang='lat'><strong>3</strong></span> <span class='ocrx_word' id='word_1_165' title='bbox 1557 2053 1572 2078; x_wconf 95' lang='lat'><strong>,</strong></span> <span class='ocrx_word' id='word_1_166' title='bbox 1605 2012 1674 2071; x_wconf 77' lang='lat' dir='ltr'><strong>l6</strong></span> <span class='ocrx_word' id='word_1_167' title='bbox 1696 2053 1711 2078; x_wconf 92' lang='lat'><strong>,</strong></span> <span class='ocrx_word' id='word_1_168' title='bbox 1737 2012 1802 2066; x_wconf 79' lang='lat' dir='ltr'><strong>l7</strong></span> <span class='ocrx_word' id='word_1_169' title='bbox 1826 2009 1869 2084; x_wconf 90' lang='lat'><strong>).</strong></span> <span class='ocrx_word' id='word_1_170' title='bbox 1898 2010 2011 2065; x_wconf 87' lang='lat' dir='ltr'><strong>Non</strong></span> <span class='ocrx_word' id='word_1_171' title='bbox 2039 2023 2170 2080; x_wconf 85' lang='lat' dir='ltr'><strong>ergo</strong></span> 
     </span>
    </p>
   </div>
   <div class='ocr_carea' id='block_1_20' title="bbox 578 2104 2171 2180">
    <p class='ocr_par' dir='ltr' id='par_1_20' title="bbox 578 2104 2171 2180">
     <span class='ocr_line' id='line_1_20' title="bbox 578 2104 2171 2180; baseline -0.004 -18"><span class='ocrx_word' id='word_1_172' title='bbox 578 2121 772 2180; x_wconf 70' lang='lat' dir='ltr'><strong>poenas</strong></span> <span class='ocrx_word' id='word_1_173' title='bbox 798 2104 1091 2160; x_wconf 81' lang='lat' dir='ltr'><strong>inferorum</strong></span> <span class='ocrx_word' id='word_1_174' title='bbox 1117 2146 1132 2170; x_wconf 92' lang='lat'><strong>,</strong></span> <span class='ocrx_word' id='word_1_175' title='bbox 1160 2119 1266 2160; x_wconf 90' lang='lat' dir='ltr'><strong>non</strong></span> <span class='ocrx_word' id='word_1_176' title='bbox 1297 2119 1480 2176; x_wconf 65' lang='lat' dir='ltr'><strong>prunas</strong></span> <span class='ocrx_word' id='word_1_177' title='bbox 1507 2104 1646 2160; x_wconf 92' lang='lat' dir='ltr'><strong>illius</strong></span> <span class='ocrx_word' id='word_1_178' title='bbox 1677 2113 1796 2174; x_wconf 87' lang='lat' dir='ltr'><strong>post</strong></span> <span class='ocrx_word' id='word_1_179' title='bbox 1823 2104 2171 2158; x_wconf 88' lang='lat' dir='ltr'><strong>resurrectio-</strong></span> 
     </span>
    </p>
   </div>
   <div class='ocr_carea' id='block_1_21' title="bbox 577 2190 2172 2267">
    <p class='ocr_par' dir='ltr' id='par_1_21' title="bbox 577 2190 2172 2267">
     <span class='ocr_line' id='line_1_21' title="bbox 577 2190 2172 2267; baseline -0.003 -15"><span class='ocrx_word' id='word_1_180' title='bbox 577 2211 707 2252; x_wconf 87' lang='lat' dir='ltr'><strong>nem</strong></span> <span class='ocrx_word' id='word_1_181' title='bbox 749 2196 888 2267; x_wconf 90' lang='lat' dir='ltr'><strong>ignis</strong></span> <span class='ocrx_word' id='word_1_182' title='bbox 913 2196 1120 2262; x_wconf 79' lang='lat' dir='ltr'><strong>:eterni,</strong></span> <span class='ocrx_word' id='word_1_183' title='bbox 1138 2209 1244 2250; x_wconf 89' lang='lat' dir='ltr'><strong>non</strong></span> <span class='ocrx_word' id='word_1_184' title='bbox 1267 2209 1454 2263; x_wconf 73' lang='lat' dir='ltr'><strong>poenas</strong></span> <span class='ocrx_word' id='word_1_185' title='bbox 1480 2194 1609 2249; x_wconf 90' lang='lat' dir='ltr'><strong>istas</strong></span> <span class='ocrx_word' id='word_1_186' title='bbox 1633 2209 1752 2264; x_wconf 78' lang='lat' dir='ltr'><strong>qua:</strong></span> <span class='ocrx_word' id='word_1_187' title='bbox 1775 2193 1950 2247; x_wconf 87' lang='lat' dir='ltr'><strong>adhuc</strong></span> <span class='ocrx_word' id='word_1_188' title='bbox 1991 2191 2047 2246; x_wconf 90' lang='lat' dir='ltr'><strong>in</strong></span> <span class='ocrx_word' id='word_1_189' title='bbox 2068 2190 2172 2248; x_wconf 86' lang='lat' dir='ltr'><strong>hoc</strong></span> 
     </span>
    </p>
   </div>
   <div class='ocr_carea' id='block_1_22' title="bbox 578 2282 2173 2357">
    <p class='ocr_par' dir='ltr' id='par_1_22' title="bbox 578 2282 2173 2357">
     <span class='ocr_line' id='line_1_22' title="bbox 578 2282 2173 2357; baseline -0.003 -14"><span class='ocrx_word' id='word_1_190' title='bbox 578 2286 782 2343; x_wconf 65' lang='lat' dir='ltr'><strong>smcttlo</strong></span> <span class='ocrx_word' id='word_1_191' title='bbox 814 2287 1127 2357; x_wconf 66' lang='lat' dir='ltr'><strong>promiscua:</strong></span> <span class='ocrx_word' id='word_1_192' title='bbox 1156 2294 1278 2340; x_wconf 90' lang='lat' dir='ltr'><strong>sunt</strong></span> <span class='ocrx_word' id='word_1_193' title='bbox 1299 2285 1458 2356; x_wconf 86' lang='lat' dir='ltr'><strong>justis</strong></span> <span class='ocrx_word' id='word_1_194' title='bbox 1486 2293 1540 2340; x_wconf 88' lang='lat' dir='ltr'><strong>et</strong></span> <span class='ocrx_word' id='word_1_195' title='bbox 1570 2284 1812 2355; x_wconf 86' lang='lat' dir='ltr'><strong>injustis,</strong></span> <span class='ocrx_word' id='word_1_196' title='bbox 1848 2293 1904 2338; x_wconf 91' lang='lat' dir='ltr'><strong>et</strong></span> <span class='ocrx_word' id='word_1_197' title='bbox 1937 2282 2173 2354; x_wconf 55' lang='lat' dir='ltr'><strong>plerum.</strong></span> 
     </span>
    </p>
   </div>
   <div class='ocr_carea' id='block_1_23' title="bbox 577 2373 2174 2447">
    <p class='ocr_par' dir='ltr' id='par_1_23' title="bbox 577 2373 2174 2447">
     <span class='ocr_line' id='line_1_23' title="bbox 577 2373 2174 2447; baseline -0.001 -17"><span class='ocrx_word' id='word_1_198' title='bbox 577 2390 687 2447; x_wconf 81' lang='lat' dir='ltr'><strong>que</strong></span> <span class='ocrx_word' id='word_1_199' title='bbox 710 2376 982 2446; x_wconf 75' lang='lat' dir='ltr'><strong>graviores</strong></span> <span class='ocrx_word' id='word_1_200' title='bbox 999 2376 1265 2447; x_wconf 73' lang='lat' dir='ltr'><strong>iustorum</strong></span> <span class='ocrx_word' id='word_1_201' title='bbox 1292 2390 1448 2444; x_wconf 88' lang='lat' dir='ltr'><strong>quam</strong></span> <span class='ocrx_word' id='word_1_202' title='bbox 1481 2373 1832 2444; x_wconf 82' lang='lat' dir='ltr'><strong>injusterum:</strong></span> <span class='ocrx_word' id='word_1_203' title='bbox 1865 2373 1960 2430; x_wconf 89' lang='lat' dir='ltr'><strong>sed</strong></span> <span class='ocrx_word' id='word_1_204' title='bbox 1991 2373 2174 2429; x_wconf 90' lang='lat' dir='ltr'><strong>nescio</strong></span> 
     </span>
    </p>
   </div>
   <div class='ocr_carea' id='block_1_24' title="bbox 581 2463 2173 2538">
    <p class='ocr_par' dir='ltr' id='par_1_24' title="bbox 581 2463 2173 2538">
     <span class='ocr_line' id='line_1_24' title="bbox 581 2463 2173 2538; baseline 0 -18"><span class='ocrx_word' id='word_1_205' title='bbox 581 2482 745 2537; x_wconf 89' lang='lat' dir='ltr'><strong>quam</strong></span> <span class='ocrx_word' id='word_1_206' title='bbox 774 2482 986 2537; x_wconf 70' lang='lat' dir='ltr'><strong>pmuam</strong></span> <span class='ocrx_word' id='word_1_207' title='bbox 1028 2465 1310 2538; x_wconf 72' lang='lat' dir='ltr'><strong>prmsentis</strong></span> <span class='ocrx_word' id='word_1_208' title='bbox 1354 2465 1474 2521; x_wconf 69' lang='lat' dir='ltr'><strong>vita:</strong></span> <span class='ocrx_word' id='word_1_209' title='bbox 1500 2467 1614 2519; x_wconf 89' lang='lat' dir='ltr'><strong>vult</strong></span> <span class='ocrx_word' id='word_1_210' title='bbox 1643 2465 2020 2521; x_wconf 86' lang='lat' dir='ltr'><strong>commendare</strong></span> <span class='ocrx_word' id='word_1_211' title='bbox 2048 2463 2173 2535; x_wconf 82' lang='lat' dir='ltr'><strong>Spi-</strong></span> 
     </span>
    </p>
   </div>
   <div class='ocr_carea' id='block_1_25' title="bbox 583 2557 2171 2628">
    <p class='ocr_par' dir='ltr' id='par_1_25' title="bbox 583 2557 2171 2628">
     <span class='ocr_line' id='line_1_25' title="bbox 583 2557 2171 2628; baseline -0.003 -10"><span class='ocrx_word' id='word_1_212' title='bbox 583 2562 723 2618; x_wconf 79' lang='lat' dir='ltr'><strong>ritus</strong></span> <span class='ocrx_word' id='word_1_213' title='bbox 748 2561 860 2616; x_wconf 89' lang='lat' dir='ltr'><strong>Dei.</strong></span> <span class='ocrx_word' id='word_1_214' title='bbox 907 2561 1188 2616; x_wconf 80' lang='lat' dir='ltr'><strong>Advertite</strong></span> <span class='ocrx_word' id='word_1_215' title='bbox 1209 2601 1223 2624; x_wconf 95' lang='lat'><strong>,</strong></span> <span class='ocrx_word' id='word_1_216' title='bbox 1265 2559 1446 2614; x_wconf 85' lang='lat' dir='ltr'><strong>audite</strong></span> <span class='ocrx_word' id='word_1_217' title='bbox 1476 2558 1578 2614; x_wconf 84' lang='lat' dir='ltr'><strong>hoc</strong></span> <span class='ocrx_word' id='word_1_218' title='bbox 1609 2574 1696 2613; x_wconf 90' lang='lat' dir='ltr'><strong>me</strong></span> <span class='ocrx_word' id='word_1_219' title='bbox 1725 2557 1991 2614; x_wconf 90' lang='lat' dir='ltr'><strong>dicturum</strong></span> <span class='ocrx_word' id='word_1_220' title='bbox 2029 2557 2171 2628; x_wconf 88' lang='lat' dir='ltr'><strong>quod</strong></span> 
     </span>
    </p>
   </div>
   <div class='ocr_carea' id='block_1_26' title="bbox 585 2648 2172 2716">
    <p class='ocr_par' dir='ltr' id='par_1_26' title="bbox 585 2648 2172 2716">
     <span class='ocr_line' id='line_1_26' title="bbox 585 2648 2172 2716; baseline -0.003 -9"><span class='ocrx_word' id='word_1_221' title='bbox 585 2651 899 2707; x_wconf 84' lang='lat' dir='ltr'><strong>noveratis:</strong></span> <span class='ocrx_word' id='word_1_222' title='bbox 929 2651 1024 2707; x_wconf 89' lang='lat' dir='ltr'><strong>sed</strong></span> <span class='ocrx_word' id='word_1_223' title='bbox 1054 2650 1258 2706; x_wconf 91' lang='lat' dir='ltr'><strong>dulcius</strong></span> <span class='ocrx_word' id='word_1_224' title='bbox 1281 2660 1364 2706; x_wconf 86' lang='lat' dir='ltr'><strong>est</strong></span> <span class='ocrx_word' id='word_1_225' title='bbox 1391 2665 1511 2705; x_wconf 92' lang='lat' dir='ltr'><strong>cum</strong></span> <span class='ocrx_word' id='word_1_226' title='bbox 1539 2651 1591 2704; x_wconf 91' lang='lat' dir='ltr'><strong>in</strong></span> <span class='ocrx_word' id='word_1_227' title='bbox 1610 2649 1824 2704; x_wconf 88' lang='lat' dir='ltr'><strong>Psalmo</strong></span> <span class='ocrx_word' id='word_1_228' title='bbox 1850 2648 2172 2716; x_wconf 90' lang='lat' dir='ltr'><strong>ostenditur,</strong></span> 
     </span>
    </p>
   </div>
   <div class='ocr_carea' id='block_1_27' title="bbox 590 2741 2177 2815">
    <p class='ocr_par' dir='ltr' id='par_1_27' title="bbox 590 2741 2177 2815">
     <span class='ocr_line' id='line_1_27' title="bbox 590 2741 2177 2815; baseline -0.001 -15"><span class='ocrx_word' id='word_1_229' title='bbox 590 2747 683 2814; x_wconf 90' lang='lat' dir='ltr'><strong>qui</strong></span> <span class='ocrx_word' id='word_1_230' title='bbox 709 2746 968 2802; x_wconf 85' lang='lat' dir='ltr'><strong>obscurus</strong></span> <span class='ocrx_word' id='word_1_231' title='bbox 990 2754 1272 2815; x_wconf 81' lang='lat' dir='ltr'><strong>antequam</strong></span> <span class='ocrx_word' id='word_1_232' title='bbox 1303 2743 1698 2808; x_wconf 87' lang='lat' dir='ltr'><strong>ostenderetur,</strong></span> <span class='ocrx_word' id='word_1_233' title='bbox 1727 2741 2177 2814; x_wconf 85' lang='lat' dir='ltr'><strong>putabatur.Ecce</strong></span> 
     </span>
    </p>
   </div>
   <div class='ocr_carea' id='block_1_28' title="bbox 585 2832 2174 2906">
    <p class='ocr_par' dir='ltr' id='par_1_28' title="bbox 585 2832 2174 2906">
     <span class='ocr_line' id='line_1_28' title="bbox 585 2832 2174 2906; baseline 0 -16"><span class='ocrx_word' id='word_1_234' title='bbox 585 2836 732 2890; x_wconf 70' lang='lat' dir='ltr'><strong>attint</strong></span> <span class='ocrx_word' id='word_1_235' title='bbox 767 2835 977 2906; x_wconf 84' lang='lat' dir='ltr'><strong>profero</strong></span> <span class='ocrx_word' id='word_1_236' title='bbox 1005 2852 1121 2904; x_wconf 71' lang='lat' dir='ltr'><strong>quze</strong></span> <span class='ocrx_word' id='word_1_237' title='bbox 1145 2839 1256 2904; x_wconf 75' lang='lat' dir='ltr'><strong>jam</strong></span> <span class='ocrx_word' id='word_1_238' title='bbox 1284 2835 1587 2889; x_wconf 89' lang='lat' dir='ltr'><strong>noveratis:</strong></span> <span class='ocrx_word' id='word_1_239' title='bbox 1617 2832 1712 2889; x_wconf 90' lang='lat' dir='ltr'><strong>sed</strong></span> <span class='ocrx_word' id='word_1_240' title='bbox 1739 2835 1864 2905; x_wconf 87' lang='lat' dir='ltr'><strong>quia</strong></span> <span class='ocrx_word' id='word_1_241' title='bbox 1895 2835 2020 2891; x_wconf 89' lang='lat' dir='ltr'><strong>inde</strong></span> <span class='ocrx_word' id='word_1_242' title='bbox 2047 2850 2174 2906; x_wconf 85' lang='lat' dir='ltr'><strong>pro-</strong></span> 
     </span>
    </p>
   </div>
   <div class='ocr_carea' id='block_1_29' title="bbox 589 2924 2177 2994">
    <p class='ocr_par' dir='ltr' id='par_1_29' title="bbox 589 2924 2177 2994">
     <span class='ocr_line' id='line_1_29' title="bbox 589 2924 2177 2994; baseline 0 -13"><span class='ocrx_word' id='word_1_243' title='bbox 589 2926 866 2994; x_wconf 80' lang='lat' dir='ltr'><strong>feruntur,</strong></span> <span class='ocrx_word' id='word_1_244' title='bbox 905 2926 992 2980; x_wconf 89' lang='lat' dir='ltr'><strong>ubi</strong></span> <span class='ocrx_word' id='word_1_245' title='bbox 1023 2927 1256 2981; x_wconf 87' lang='lat' dir='ltr'><strong>nondum</strong></span> <span class='ocrx_word' id='word_1_246' title='bbox 1283 2941 1344 2980; x_wconf 89' lang='lat' dir='ltr'><strong>ea</strong></span> <span class='ocrx_word' id='word_1_247' title='bbox 1372 2924 1660 2990; x_wconf 79' lang='lat' dir='ltr'><strong>videbatis,</strong></span> <span class='ocrx_word' id='word_1_248' title='bbox 1692 2926 1750 2980; x_wconf 89' lang='lat' dir='ltr'><strong>lit</strong></span> <span class='ocrx_word' id='word_1_249' title='bbox 1777 2935 1833 2980; x_wconf 92' lang='lat' dir='ltr'><strong>ut</strong></span> <span class='ocrx_word' id='word_1_250' title='bbox 1860 2926 2019 2981; x_wconf 88' lang='lat' dir='ltr'><strong>etiam</strong></span> <span class='ocrx_word' id='word_1_251' title='bbox 2053 2936 2177 2982; x_wconf 89' lang='lat' dir='ltr'><strong>nota</strong></span> 
     </span>
    </p>
   </div>
   <div class='ocr_carea' id='block_1_30' title="bbox 586 3016 2172 3090">
    <p class='ocr_par' dir='ltr' id='par_1_30' title="bbox 586 3016 2172 3090">
     <span class='ocr_line' id='line_1_30' title="bbox 586 3016 2172 3090; baseline -0.001 -19"><span class='ocrx_word' id='word_1_252' title='bbox 586 3027 842 3088; x_wconf 87' lang='lat' dir='ltr'><strong>tanquam</strong></span> <span class='ocrx_word' id='word_1_253' title='bbox 869 3032 1007 3073; x_wconf 89' lang='lat' dir='ltr'><strong>nova</strong></span> <span class='ocrx_word' id='word_1_254' title='bbox 1035 3016 1323 3073; x_wconf 90' lang='lat' dir='ltr'><strong>delectent.</strong></span> <span class='ocrx_word' id='word_1_255' title='bbox 1365 3017 1561 3072; x_wconf 78' lang='lat' dir='ltr'><strong>Audite</strong></span> <span class='ocrx_word' id='word_1_256' title='bbox 1598 3033 1808 3087; x_wconf 85' lang='lat' dir='ltr'><strong>poenam</strong></span> <span class='ocrx_word' id='word_1_257' title='bbox 1843 3018 2126 3090; x_wconf 91' lang='lat' dir='ltr'><strong>impiorum</strong></span> <span class='ocrx_word' id='word_1_258' title='bbox 2157 3031 2172 3068; x_wconf 89' lang='lat'><strong>:</strong></span> 
     </span>
    </p>
   </div>
   <div class='ocr_carea' id='block_1_31' title="bbox 588 3107 2180 3180">
    <p class='ocr_par' dir='ltr' id='par_1_31' title="bbox 588 3107 2180 3180">
     <span class='ocr_line' id='line_1_31' title="bbox 588 3107 2180 3180; baseline 0 -16"><span class='ocrx_word' id='word_1_259' title='bbox 588 3108 740 3164; x_wconf 82' lang='lat' dir='ltr'><strong>Sicut</strong></span> <span class='ocrx_word' id='word_1_260' title='bbox 780 3125 925 3176; x_wconf 87' lang='lat' dir='ltr'><strong>cera,</strong></span> <span class='ocrx_word' id='word_1_261' title='bbox 973 3109 1184 3179; x_wconf 89' lang='lat' dir='ltr'><strong>inquit,</strong></span> <span class='ocrx_word' id='word_1_262' title='bbox 1226 3109 1496 3180; x_wconf 86' lang='lat' dir='ltr'><strong>liquefacta</strong></span> <span class='ocrx_word' id='word_1_263' title='bbox 1557 3110 1866 3178; x_wconf 78' lang='lat' dir='ltr'><strong>auferentur.</strong></span> <span class='ocrx_word' id='word_1_264' title='bbox 1917 3107 2038 3162; x_wconf 83' lang='lat' dir='ltr'><strong>Dixi</strong></span> <span class='ocrx_word' id='word_1_265' title='bbox 2081 3121 2180 3178; x_wconf 86' lang='lat' dir='ltr'><strong>per</strong></span> 
     </span>
    </p>
   </div>
   <div class='ocr_carea' id='block_1_32' title="bbox 586 3199 2177 3272">
    <p class='ocr_par' dir='ltr' id='par_1_32' title="bbox 586 3199 2177 3272">
     <span class='ocr_line' id='line_1_32' title="bbox 586 3199 2177 3272; baseline 0.001 -17"><span class='ocrx_word' id='word_1_266' title='bbox 586 3200 1048 3272; x_wconf 88' lang='lat' dir='ltr'><strong>concupiscentias</strong></span> <span class='ocrx_word' id='word_1_267' title='bbox 1095 3214 1220 3255; x_wconf 91' lang='lat' dir='ltr'><strong>suas</strong></span> <span class='ocrx_word' id='word_1_268' title='bbox 1261 3199 1364 3255; x_wconf 90' lang='lat' dir='ltr'><strong>hoc</strong></span> <span class='ocrx_word' id='word_1_269' title='bbox 1413 3201 1492 3254; x_wconf 89' lang='lat' dir='ltr'><strong>eis</strong></span> <span class='ocrx_word' id='word_1_270' title='bbox 1541 3201 1674 3255; x_wconf 79' lang='lat' dir='ltr'><strong>fieri.</strong></span> <span class='ocrx_word' id='word_1_271' title='bbox 1731 3199 2177 3270; x_wconf 85' lang='lat' dir='ltr'><strong>Concupiscentia</strong></span> 
     </span>
    </p>
   </div>
   <div class='ocr_carea' id='block_1_33' title="bbox 593 3291 2178 3362">
    <p class='ocr_par' dir='ltr' id='par_1_33' title="bbox 593 3291 2178 3362">
     <span class='ocr_line' id='line_1_33' title="bbox 593 3291 2178 3362; baseline -0.001 -15"><span class='ocrx_word' id='word_1_272' title='bbox 593 3293 738 3348; x_wconf 81' lang='lat' dir='ltr'><strong>mala</strong></span> <span class='ocrx_word' id='word_1_273' title='bbox 762 3333 779 3360; x_wconf 96' lang='lat'><strong>,</strong></span> <span class='ocrx_word' id='word_1_274' title='bbox 821 3292 971 3362; x_wconf 89' lang='lat' dir='ltr'><strong>quasi</strong></span> <span class='ocrx_word' id='word_1_275' title='bbox 1012 3291 1176 3346; x_wconf 90' lang='lat' dir='ltr'><strong>ardor</strong></span> <span class='ocrx_word' id='word_1_276' title='bbox 1200 3300 1282 3346; x_wconf 87' lang='lat' dir='ltr'><strong>est</strong></span> <span class='ocrx_word' id='word_1_277' title='bbox 1308 3301 1364 3346; x_wconf 90' lang='lat' dir='ltr'><strong>et</strong></span> <span class='ocrx_word' id='word_1_278' title='bbox 1383 3293 1400 3322; x_wconf 85' lang='grc'>¹</span> <span class='ocrx_word' id='word_1_279' title='bbox 1432 3292 1588 3362; x_wconf 80' lang='lat' dir='ltr'><strong>ignis.</strong></span> <span class='ocrx_word' id='word_1_280' title='bbox 1618 3292 1758 3362; x_wconf 89' lang='lat' dir='ltr'><strong>Ignis</strong></span> <span class='ocrx_word' id='word_1_281' title='bbox 1788 3291 2054 3346; x_wconf 89' lang='lat' dir='ltr'><strong>consumit</strong></span> <span class='ocrx_word' id='word_1_282' title='bbox 2081 3306 2178 3346; x_wconf 82' lang='lat' dir='ltr'><strong>ve-</strong></span> 
     </span>
    </p>
   </div>
   <div class='ocr_carea' id='block_1_34' title="bbox 588 3380 2181 3450">
    <p class='ocr_par' dir='ltr' id='par_1_34' title="bbox 588 3380 2181 3450">
     <span class='ocr_line' id='line_1_34' title="bbox 588 3380 2181 3450; baseline -0.001 -10"><span class='ocrx_word' id='word_1_283' title='bbox 588 3396 753 3450; x_wconf 82' lang='lat' dir='ltr'><strong>stem,</strong></span> <span class='ocrx_word' id='word_1_284' title='bbox 782 3381 947 3437; x_wconf 89' lang='lat' dir='ltr'><strong>libido</strong></span> <span class='ocrx_word' id='word_1_285' title='bbox 983 3380 1228 3438; x_wconf 89' lang='lat' dir='ltr'><strong>adulterii</strong></span> <span class='ocrx_word' id='word_1_286' title='bbox 1259 3395 1364 3437; x_wconf 90' lang='lat' dir='ltr'><strong>non</strong></span> <span class='ocrx_word' id='word_1_287' title='bbox 1389 3383 1657 3436; x_wconf 88' lang='lat' dir='ltr'><strong>consumit</strong></span> <span class='ocrx_word' id='word_1_288' title='bbox 1683 3382 1958 3437; x_wconf 77' lang='lat' dir='ltr'><strong>animam?</strong></span> <span class='ocrx_word' id='word_1_289' title='bbox 1984 3383 2061 3438; x_wconf 94' lang='lat' dir='ltr'><strong>De</strong></span> <span class='ocrx_word' id='word_1_290' title='bbox 2089 3396 2181 3439; x_wconf 82' lang='lat' dir='ltr'><strong>co-</strong></span> 
     </span>
    </p>
   </div>
   <div class='ocr_carea' id='block_1_35' title="bbox 589 3471 2180 3550">
    <p class='ocr_par' dir='ltr' id='par_1_35' title="bbox 589 3471 2180 3550">
     <span class='ocr_line' id='line_1_35' title="bbox 589 3471 2180 3550; baseline 0.001 -23"><span class='ocrx_word' id='word_1_291' title='bbox 589 3475 759 3550; x_wconf 80' lang='lat' dir='ltr'><strong>gitato</strong></span> <span class='ocrx_word' id='word_1_292' title='bbox 801 3471 1061 3528; x_wconf 90' lang='lat' dir='ltr'><strong>adulterio</strong></span> <span class='ocrx_word' id='word_1_293' title='bbox 1099 3489 1221 3529; x_wconf 90' lang='lat' dir='ltr'><strong>cum</strong></span> <span class='ocrx_word' id='word_1_294' title='bbox 1259 3473 1567 3544; x_wconf 88' lang='lat' dir='ltr'><strong>loqueretur</strong></span> <span class='ocrx_word' id='word_1_295' title='bbox 1591 3471 1868 3542; x_wconf 90' lang='lat' dir='ltr'><strong>Scriptura</strong></span> <span class='ocrx_word' id='word_1_296' title='bbox 1898 3473 1974 3530; x_wconf 86' lang='lat' dir='ltr'><strong>ait</strong></span> <span class='ocrx_word' id='word_1_297' title='bbox 2004 3491 2019 3526; x_wconf 93' lang='lat'><strong>:</strong></span> <span class='ocrx_word' id='word_1_298' title='bbox 2049 3473 2180 3529; x_wconf 84' lang='lat' dir='ltr'><strong>Alli-</strong></span> 
     </span>
    </p>
   </div>
   <div class='ocr_carea' id='block_1_36' title="bbox 592 3564 2179 3639">
    <p class='ocr_par' dir='ltr' id='par_1_36' title="bbox 592 3564 2179 3639">
     <span class='ocr_line' id='line_1_36' title="bbox 592 3564 2179 3639; baseline 0.001 -20"><span class='ocrx_word' id='word_1_299' title='bbox 592 3565 730 3639; x_wconf 71' lang='lat' dir='ltr'><strong>gabit</strong></span> <span class='ocrx_word' id='word_1_300' title='bbox 768 3564 881 3635; x_wconf 81' lang='lat' dir='ltr'><strong>quis</strong></span> <span class='ocrx_word' id='word_1_301' title='bbox 921 3565 1086 3636; x_wconf 86' lang='lat' dir='ltr'><strong>ignem</strong></span> <span class='ocrx_word' id='word_1_302' title='bbox 1108 3565 1163 3618; x_wconf 88' lang='lat' dir='ltr'><strong>in</strong></span> <span class='ocrx_word' id='word_1_303' title='bbox 1201 3564 1318 3618; x_wconf 88' lang='lat' dir='ltr'><strong>sinu</strong></span> <span class='ocrx_word' id='word_1_304' title='bbox 1355 3580 1449 3618; x_wconf 89' lang='lat' dir='ltr'><strong>suo</strong></span> <span class='ocrx_word' id='word_1_305' title='bbox 1472 3606 1488 3630; x_wconf 96' lang='lat'><strong>,</strong></span> <span class='ocrx_word' id='word_1_306' title='bbox 1517 3574 1566 3618; x_wconf 87' lang='lat' dir='ltr'><strong>et</strong></span> <span class='ocrx_word' id='word_1_307' title='bbox 1605 3565 1899 3619; x_wconf 80' lang='lat' dir='ltr'><strong>uestimenta</strong></span> <span class='ocrx_word' id='word_1_308' title='bbox 1942 3582 2035 3621; x_wconf 89' lang='lat' dir='ltr'><strong>sua</strong></span> <span class='ocrx_word' id='word_1_309' title='bbox 2076 3583 2179 3622; x_wconf 88' lang='lat' dir='ltr'><strong>non</strong></span> 
     </span>
    </p>
   </div>
   <div class='ocr_carea' id='block_1_37' title="bbox 597 3655 2175 3728">
    <p class='ocr_par' dir='ltr' id='par_1_37' title="bbox 597 3655 2175 3728">
     <span class='ocr_line' id='line_1_37' title="bbox 597 3655 2175 3728; baseline -0.002 -14"><span class='ocrx_word' id='word_1_310' title='bbox 597 3657 850 3714; x_wconf 85' lang='lat' dir='ltr'><strong>comburet</strong></span> <span class='ocrx_word' id='word_1_311' title='bbox 869 3656 894 3710; x_wconf 81' lang='lat'><strong><em>?</em></strong></span> <span class='ocrx_word' id='word_1_312' title='bbox 915 3655 1104 3713; x_wconf 84' lang='lat' dir='ltr'><strong>Gestas</strong></span> <span class='ocrx_word' id='word_1_313' title='bbox 1129 3657 1182 3712; x_wconf 89' lang='lat' dir='ltr'><strong>in</strong></span> <span class='ocrx_word' id='word_1_314' title='bbox 1213 3657 1332 3712; x_wconf 88' lang='lat' dir='ltr'><strong>sinu</strong></span> <span class='ocrx_word' id='word_1_315' title='bbox 1365 3671 1592 3727; x_wconf 88' lang='lat' dir='ltr'><strong>prunas,</strong></span> <span class='ocrx_word' id='word_1_316' title='bbox 1623 3657 1926 3728; x_wconf 79' lang='lat' dir='ltr'><strong>perforatur</strong></span> <span class='ocrx_word' id='word_1_317' title='bbox 1957 3658 2132 3714; x_wconf 87' lang='lat' dir='ltr'><strong>tunica</strong></span> <span class='ocrx_word' id='word_1_318' title='bbox 2159 3673 2175 3711; x_wconf 92' lang='lat'><strong>:</strong></span> 
     </span>
    </p>
   </div>
   <div class='ocr_carea' id='block_1_38' title="bbox 597 3749 2177 3823">
    <p class='ocr_par' dir='ltr' id='par_1_38' title="bbox 597 3749 2177 3823">
     <span class='ocr_line' id='line_1_38' title="bbox 597 3749 2177 3823; baseline -0.001 -16"><span class='ocrx_word' id='word_1_319' title='bbox 597 3759 775 3823; x_wconf 84' lang='lat' dir='ltr'><strong>gestas</strong></span> <span class='ocrx_word' id='word_1_320' title='bbox 805 3751 856 3805; x_wconf 90' lang='lat' dir='ltr'><strong>in</strong></span> <span class='ocrx_word' id='word_1_321' title='bbox 883 3750 1204 3822; x_wconf 77' lang='lat' dir='ltr'><strong>cogitatione</strong></span> <span class='ocrx_word' id='word_1_322' title='bbox 1225 3751 1246 3781; x_wconf 78' lang='lat'><strong>’</strong></span> <span class='ocrx_word' id='word_1_323' title='bbox 1278 3749 1626 3819; x_wconf 86' lang='lat' dir='ltr'><strong>adulterium,</strong></span> <span class='ocrx_word' id='word_1_324' title='bbox 1653 3760 1708 3806; x_wconf 88' lang='lat' dir='ltr'><strong>et</strong></span> <span class='ocrx_word' id='word_1_325' title='bbox 1732 3752 1935 3823; x_wconf 81' lang='lat' dir='ltr'><strong>integra</strong></span> <span class='ocrx_word' id='word_1_326' title='bbox 1958 3760 2040 3808; x_wconf 89' lang='lat' dir='ltr'><strong>cst</strong></span> <span class='ocrx_word' id='word_1_327' title='bbox 2060 3751 2177 3806; x_wconf 87' lang='lat' dir='ltr'><strong>ani-</strong></span> 
     </span>
    </p>
   </div>
   <div class='ocr_carea' id='block_1_39' title="bbox 593 3841 1281 3916">
    <p class='ocr_par' dir='ltr' id='par_1_39' title="bbox 593 3841 1281 3916">
     <span class='ocr_line' id='line_1_39' title="bbox 593 3841 1281 3916; baseline -0.006 -15"><span class='ocrx_word' id='word_1_328' title='bbox 593 3859 680 3901; x_wconf 85' lang='lat' dir='ltr'><strong>ma</strong></span> <span class='ocrx_word' id='word_1_329' title='bbox 709 3842 896 3916; x_wconf 83' lang='lat' dir='ltr'><strong>(Prov.</strong></span> <span class='ocrx_word' id='word_1_330' title='bbox 925 3859 973 3897; x_wconf 80' lang='lat' dir='ltr'><strong>vr</strong></span> <span class='ocrx_word' id='word_1_331' title='bbox 993 3884 1006 3910; x_wconf 94' lang='lat'><strong>,</strong></span> <span class='ocrx_word' id='word_1_332' title='bbox 1031 3841 1233 3916; x_wconf 71' lang='lat'><strong>27-29)</strong></span> <span class='ocrx_word' id='word_1_333' title='bbox 1257 3844 1281 3897; x_wconf 90' lang='lat'><strong>?</strong></span> 
     </span>
    </p>
   </div>
   <div class='ocr_carea' id='block_1_40' title="bbox 668 3933 2178 4007">
    <p class='ocr_par' dir='ltr' id='par_1_40' title="bbox 668 3933 2178 4007">
     <span class='ocr_line' id='line_1_40' title="bbox 668 3933 2178 4007; baseline 0 -16"><span class='ocrx_word' id='word_1_334' title='bbox 668 3935 756 3993; x_wconf 77' lang='grc'><strong>18.</strong></span> <span class='ocrx_word' id='word_1_335' title='bbox 779 3935 881 3992; x_wconf 87' lang='lat' dir='ltr'><strong>Sed</strong></span> <span class='ocrx_word' id='word_1_336' title='bbox 911 3935 1042 3991; x_wconf 90' lang='lat' dir='ltr'><strong>istas</strong></span> <span class='ocrx_word' id='word_1_337' title='bbox 1073 3949 1259 4006; x_wconf 72' lang='lat' dir='ltr'><strong>poenas</strong></span> <span class='ocrx_word' id='word_1_338' title='bbox 1296 3933 1449 4006; x_wconf 89' lang='lat' dir='ltr'><strong>pauci</strong></span> <span class='ocrx_word' id='word_1_339' title='bbox 1495 3933 1719 3991; x_wconf 87' lang='lat' dir='ltr'><strong>vident:</strong></span> <span class='ocrx_word' id='word_1_340' title='bbox 1769 3944 2047 4007; x_wconf 85' lang='lat' dir='ltr'><strong>propterea</strong></span> <span class='ocrx_word' id='word_1_341' title='bbox 2086 3949 2178 3991; x_wconf 89' lang='lat' dir='ltr'><strong>eas</strong></span> 
     </span>
    </p>
   </div>
   <div class='ocr_carea' id='block_1_41' title="bbox 593 4024 2178 4100">
    <p class='ocr_par' dir='ltr' id='par_1_41' title="bbox 593 4024 2178 4100">
     <span class='ocr_line' id='line_1_41' title="bbox 593 4024 2178 4100; baseline -0.002 -16"><span class='ocrx_word' id='word_1_342' title='bbox 593 4028 826 4084; x_wconf 83' lang='lat' dir='ltr'><strong>maxime</strong></span> <span class='ocrx_word' id='word_1_343' title='bbox 866 4024 1209 4082; x_wconf 89' lang='lat' dir='ltr'><strong>commendat</strong></span> <span class='ocrx_word' id='word_1_344' title='bbox 1247 4024 1477 4096; x_wconf 89' lang='lat' dir='ltr'><strong>Spiritus</strong></span> <span class='ocrx_word' id='word_1_345' title='bbox 1524 4025 1641 4081; x_wconf 88' lang='lat' dir='ltr'><strong>Dei.</strong></span> <span class='ocrx_word' id='word_1_346' title='bbox 1685 4025 1822 4081; x_wconf 78' lang='lat' dir='ltr'><strong>Audi</strong></span> <span class='ocrx_word' id='word_1_347' title='bbox 1863 4026 2178 4100; x_wconf 84' lang='lat' dir='ltr'><strong>Apostolum</strong></span> 
     </span>
    </p>
   </div>
   <div class='ocr_carea' id='block_1_42' title="bbox 593 4117 2173 4190">
    <p class='ocr_par' dir='ltr' id='par_1_42' title="bbox 593 4117 2173 4190">
     <span class='ocr_line' id='line_1_42' title="bbox 593 4117 2173 4190; baseline -0.002 -13"><span class='ocrx_word' id='word_1_348' title='bbox 593 4119 858 4178; x_wconf 84' lang='lat' dir='ltr'><strong>dicentem</strong></span> <span class='ocrx_word' id='word_1_349' title='bbox 889 4137 902 4175; x_wconf 89' lang='lat'><strong>:</strong></span> <span class='ocrx_word' id='word_1_350' title='bbox 949 4118 1187 4174; x_wconf 86' lang='lat' dir='ltr'><strong>Tradidit</strong></span> <span class='ocrx_word' id='word_1_351' title='bbox 1213 4119 1328 4172; x_wconf 85' lang='lat' dir='ltr'><strong>illos</strong></span> <span class='ocrx_word' id='word_1_352' title='bbox 1355 4117 1495 4172; x_wconf 87' lang='lat' dir='ltr'><strong>Deus</strong></span> <span class='ocrx_word' id='word_1_353' title='bbox 1520 4118 1572 4172; x_wconf 88' lang='lat' dir='ltr'><strong>in</strong></span> <span class='ocrx_word' id='word_1_354' title='bbox 1599 4120 2034 4190; x_wconf 69' lang='lat' dir='ltr'><strong>concupiscentia:</strong></span> <span class='ocrx_word' id='word_1_355' title='bbox 2054 4136 2173 4174; x_wconf 86' lang='lat' dir='ltr'><strong>cor-</strong></span> 
     </span>
    </p>
   </div>
   <div class='ocr_carea' id='block_1_43' title="bbox 593 4213 2177 4284">
    <p class='ocr_par' dir='ltr' id='par_1_43' title="bbox 593 4213 2177 4284">
     <span class='ocr_line' id='line_1_43' title="bbox 593 4213 2177 4284; baseline -0.003 -14"><span class='ocrx_word' id='word_1_356' title='bbox 593 4215 676 4270; x_wconf 82' lang='lat' dir='ltr'><strong>dis</strong></span> <span class='ocrx_word' id='word_1_357' title='bbox 694 4231 881 4270; x_wconf 89' lang='lat' dir='ltr'><strong>eorum.</strong></span> <span class='ocrx_word' id='word_1_358' title='bbox 917 4214 1056 4270; x_wconf 81' lang='lat' dir='ltr'><strong>Ecce</strong></span> <span class='ocrx_word' id='word_1_359' title='bbox 1088 4214 1223 4284; x_wconf 91' lang='lat' dir='ltr'><strong>ignis</strong></span> <span class='ocrx_word' id='word_1_360' title='bbox 1243 4254 1258 4280; x_wconf 94' lang='lat'><strong>,</strong></span> <span class='ocrx_word' id='word_1_361' title='bbox 1291 4228 1320 4267; x_wconf 91' lang='lat' dir='ltr'><strong>a</strong></span> <span class='ocrx_word' id='word_1_362' title='bbox 1351 4213 1503 4284; x_wconf 82' lang='lat' dir='ltr'><strong>cujus</strong></span> <span class='ocrx_word' id='word_1_363' title='bbox 1529 4214 1662 4270; x_wconf 85' lang='lat' dir='ltr'><strong>t’acie</strong></span> <span class='ocrx_word' id='word_1_364' title='bbox 1688 4221 1939 4284; x_wconf 86' lang='lat' dir='ltr'><strong>tanquam</strong></span> <span class='ocrx_word' id='word_1_365' title='bbox 1966 4227 2089 4268; x_wconf 86' lang='lat' dir='ltr'><strong>cera</strong></span> <span class='ocrx_word' id='word_1_366' title='bbox 2109 4213 2177 4267; x_wconf 90' lang='lat' dir='ltr'><strong>li-</strong></span> 
     </span>
    </p>
   </div>
   <div class='ocr_carea' id='block_1_44' title="bbox 595 4304 2178 4379">
    <p class='ocr_par' dir='ltr' id='par_1_44' title="bbox 595 4304 2178 4379">
     <span class='ocr_line' id='line_1_44' title="bbox 595 4304 2178 4379; baseline -0.003 -15"><span class='ocrx_word' id='word_1_367' title='bbox 595 4317 888 4379; x_wconf 89' lang='lat' dir='ltr'><strong>quescunt:</strong></span> <span class='ocrx_word' id='word_1_368' title='bbox 931 4307 1206 4362; x_wconf 90' lang='lat' dir='ltr'><strong>solvuntur</strong></span> <span class='ocrx_word' id='word_1_369' title='bbox 1235 4304 1378 4362; x_wconf 90' lang='lat' dir='ltr'><strong>enim</strong></span> <span class='ocrx_word' id='word_1_370' title='bbox 1406 4322 1434 4360; x_wconf 92' lang='lat' dir='ltr'><strong>a</strong></span> <span class='ocrx_word' id='word_1_371' title='bbox 1477 4305 1704 4375; x_wconf 88' lang='lat' dir='ltr'><strong>quadam</strong></span> <span class='ocrx_word' id='word_1_372' title='bbox 1749 4305 2047 4361; x_wconf 87' lang='lat' dir='ltr'><strong>constantia</strong></span> <span class='ocrx_word' id='word_1_373' title='bbox 2085 4320 2178 4360; x_wconf 84' lang='lat' dir='ltr'><strong>ca-</strong></span> 
     </span>
    </p>
   </div>
   <div class='ocr_carea' id='block_1_45' title="bbox 592 4395 2177 4468">
    <p class='ocr_par' dir='ltr' id='par_1_45' title="bbox 592 4395 2177 4468">
     <span class='ocr_line' id='line_1_45' title="bbox 592 4395 2177 4468; baseline -0.004 -12"><span class='ocrx_word' id='word_1_374' title='bbox 592 4398 792 4456; x_wconf 80' lang='lat' dir='ltr'><strong>stitatis</strong></span> <span class='ocrx_word' id='word_1_375' title='bbox 814 4414 829 4464; x_wconf 86' lang='lat'><strong>;</strong></span> <span class='ocrx_word' id='word_1_376' title='bbox 850 4406 1132 4468; x_wconf 87' lang='lat' dir='ltr'><strong>propterea</strong></span> <span class='ocrx_word' id='word_1_377' title='bbox 1148 4406 1201 4452; x_wconf 89' lang='lat' dir='ltr'><strong>et</strong></span> <span class='ocrx_word' id='word_1_378' title='bbox 1215 4398 1313 4467; x_wconf 91' lang='lat' dir='ltr'><strong>ipsi</strong></span> <span class='ocrx_word' id='word_1_379' title='bbox 1326 4396 1577 4452; x_wconf 89' lang='lat' dir='ltr'><strong>euntesin</strong></span> <span class='ocrx_word' id='word_1_380' title='bbox 1589 4395 1837 4451; x_wconf 89' lang='lat' dir='ltr'><strong>libidines</strong></span> <span class='ocrx_word' id='word_1_381' title='bbox 1854 4409 2001 4461; x_wconf 89' lang='lat' dir='ltr'><strong>suas,</strong></span> <span class='ocrx_word' id='word_1_382' title='bbox 2019 4396 2177 4450; x_wconf 90' lang='lat' dir='ltr'><strong>soluti</strong></span> 
     </span>
    </p>
   </div>
   <div class='ocr_carea' id='block_1_46' title="bbox 594 4487 2180 4560">
    <p class='ocr_par' dir='ltr' id='par_1_46' title="bbox 594 4487 2180 4560">
     <span class='ocr_line' id='line_1_46' title="bbox 594 4487 2180 4560; baseline -0.002 -12"><span class='ocrx_word' id='word_1_383' title='bbox 594 4501 653 4548; x_wconf 79' lang='lat' dir='ltr'><strong>et</strong></span> <span class='ocrx_word' id='word_1_384' title='bbox 681 4490 806 4546; x_wconf 81' lang='lat' dir='ltr'><strong>fluxi</strong></span> <span class='ocrx_word' id='word_1_385' title='bbox 851 4489 1114 4545; x_wconf 90' lang='lat' dir='ltr'><strong>dicuntur.</strong></span> <span class='ocrx_word' id='word_1_386' title='bbox 1140 4489 1294 4546; x_wconf 90' lang='lat' dir='ltr'><strong>Unde</strong></span> <span class='ocrx_word' id='word_1_387' title='bbox 1321 4489 1483 4543; x_wconf 83' lang='lat' dir='ltr'><strong>ﬂuxi?</strong></span> <span class='ocrx_word' id='word_1_388' title='bbox 1523 4487 1665 4544; x_wconf 90' lang='lat' dir='ltr'><strong>unde</strong></span> <span class='ocrx_word' id='word_1_389' title='bbox 1693 4487 1894 4543; x_wconf 83' lang='lat' dir='ltr'><strong>soluti?</strong></span> <span class='ocrx_word' id='word_1_390' title='bbox 1937 4489 2018 4544; x_wconf 79' lang='lat' dir='ltr'><strong>Ab</strong></span> <span class='ocrx_word' id='word_1_391' title='bbox 2060 4488 2180 4560; x_wconf 88' lang='lat' dir='ltr'><strong>igne</strong></span> 
     </span>
    </p>
   </div>
   <div class='ocr_carea' id='block_1_47' title="bbox 593 4581 2182 4653">
    <p class='ocr_par' dir='ltr' id='par_1_47' title="bbox 593 4581 2182 4653">
     <span class='ocr_line' id='line_1_47' title="bbox 593 4581 2182 4653; baseline -0.001 -13"><span class='ocrx_word' id='word_1_392' title='bbox 593 4583 1163 4653; x_wconf 85' lang='lat' dir='ltr'><strong>concupiscentiarum.</strong></span> <span class='ocrx_word' id='word_1_393' title='bbox 1193 4581 1424 4637; x_wconf 84' lang='lat' dir='ltr'><strong>Tradidit</strong></span> <span class='ocrx_word' id='word_1_394' title='bbox 1451 4581 1566 4636; x_wconf 88' lang='lat' dir='ltr'><strong>illos</strong></span> <span class='ocrx_word' id='word_1_395' title='bbox 1593 4581 1728 4637; x_wconf 83' lang='lat' dir='ltr'><strong>Deus</strong></span> <span class='ocrx_word' id='word_1_396' title='bbox 1753 4582 1806 4635; x_wconf 89' lang='lat' dir='ltr'><strong>in</strong></span> <span class='ocrx_word' id='word_1_397' title='bbox 1831 4583 2182 4652; x_wconf 84' lang='lat' dir='ltr'><strong>concupiscen-</strong></span> 
     </span>
    </p>
   </div>
   <div class='ocr_carea' id='block_1_48' title="bbox 594 4671 2181 4744">
    <p class='ocr_par' dir='ltr' id='par_1_48' title="bbox 594 4671 2181 4744">
     <span class='ocr_line' id='line_1_48' title="bbox 594 4671 2181 4744; baseline 0.001 -17"><span class='ocrx_word' id='word_1_398' title='bbox 594 4674 694 4728; x_wconf 88' lang='lat' dir='ltr'><strong>tias</strong></span> <span class='ocrx_word' id='word_1_399' title='bbox 716 4672 884 4728; x_wconf 85' lang='lat' dir='ltr'><strong>cordis</strong></span> <span class='ocrx_word' id='word_1_400' title='bbox 914 4687 1090 4726; x_wconf 88' lang='lat' dir='ltr'><strong>eorum</strong></span> <span class='ocrx_word' id='word_1_401' title='bbox 1125 4712 1141 4738; x_wconf 97' lang='lat'><strong>,</strong></span> <span class='ocrx_word' id='word_1_402' title='bbox 1171 4680 1225 4725; x_wconf 90' lang='lat' dir='ltr'><strong>ut</strong></span> <span class='ocrx_word' id='word_1_403' title='bbox 1250 4671 1443 4744; x_wconf 86' lang='lat' dir='ltr'><strong>faciant</strong></span> <span class='ocrx_word' id='word_1_404' title='bbox 1466 4687 1579 4741; x_wconf 80' lang='lat' dir='ltr'><strong>qua:</strong></span> <span class='ocrx_word' id='word_1_405' title='bbox 1604 4688 1704 4726; x_wconf 90' lang='lat' dir='ltr'><strong>non</strong></span> <span class='ocrx_word' id='word_1_406' title='bbox 1727 4673 2057 4739; x_wconf 85' lang='lat' dir='ltr'><strong>conveniunt,</strong></span> <span class='ocrx_word' id='word_1_407' title='bbox 2100 4689 2181 4728; x_wconf 80' lang='lat' dir='ltr'><strong>re-</strong></span> 
     </span>
    </p>
   </div>
   <div class='ocr_carea' id='block_1_49' title="bbox 595 4763 2175 4841">
    <p class='ocr_par' dir='ltr' id='par_1_49' title="bbox 595 4763 2175 4841">
     <span class='ocr_line' id='line_1_49' title="bbox 595 4763 2175 4841; baseline 0.003 -21"><span class='ocrx_word' id='word_1_408' title='bbox 595 4763 758 4839; x_wconf 87' lang='lat' dir='ltr'><strong>pletos</strong></span> <span class='ocrx_word' id='word_1_409' title='bbox 781 4766 918 4820; x_wconf 87' lang='lat' dir='ltr'><strong>omni</strong></span> <span class='ocrx_word' id='word_1_410' title='bbox 945 4765 1298 4835; x_wconf 82' lang='lat' dir='ltr'><strong>iniquitate.Et</strong></span> <span class='ocrx_word' id='word_1_411' title='bbox 1323 4774 1601 4822; x_wconf 90' lang='lat' dir='ltr'><strong>enumerat</strong></span> <span class='ocrx_word' id='word_1_412' title='bbox 1625 4767 1789 4822; x_wconf 89' lang='lat' dir='ltr'><strong>multa</strong></span> <span class='ocrx_word' id='word_1_413' title='bbox 1816 4781 1934 4840; x_wconf 76' lang='lat' dir='ltr'><strong>qua:</strong></span> <span class='ocrx_word' id='word_1_414' title='bbox 1958 4777 2175 4841; x_wconf 88' lang='lat' dir='ltr'><strong>peccata</strong></span> 
     </span>
    </p>
   </div>
   <div class='ocr_carea' id='block_1_50' title="bbox 594 4850 2181 4930">
    <p class='ocr_par' dir='ltr' id='par_1_50' title="bbox 594 4850 2181 4930">
     <span class='ocr_line' id='line_1_50' title="bbox 594 4850 2181 4930; baseline 0.003 -18"><span class='ocrx_word' id='word_1_415' title='bbox 594 4865 761 4925; x_wconf 86' lang='lat' dir='ltr'><strong>sunt,</strong></span> <span class='ocrx_word' id='word_1_416' title='bbox 805 4866 858 4912; x_wconf 91' lang='lat' dir='ltr'><strong>et</strong></span> <span class='ocrx_word' id='word_1_417' title='bbox 903 4871 1091 4928; x_wconf 87' lang='lat' dir='ltr'><strong>poenas</strong></span> <span class='ocrx_word' id='word_1_418' title='bbox 1132 4857 1260 4914; x_wconf 90' lang='lat' dir='ltr'><strong>dicit</strong></span> <span class='ocrx_word' id='word_1_419' title='bbox 1302 4873 1422 4914; x_wconf 88' lang='lat' dir='ltr'><strong>esse</strong></span> <span class='ocrx_word' id='word_1_420' title='bbox 1469 4850 1995 4930; x_wconf 39' lang='lat' dir='ltr'><strong>peccatorum.’Nam</strong></span> <span class='ocrx_word' id='word_1_421' title='bbox 2050 4860 2181 4916; x_wconf 90' lang='lat' dir='ltr'><strong>dicit</strong></span> 
     </span>
    </p>
   </div>
   <div class='ocr_carea' id='block_1_51' title="bbox 593 4949 2180 5022">
    <p class='ocr_par' dir='ltr' id='par_1_51' title="bbox 593 4949 2180 5022">
     <span class='ocr_line' id='line_1_51' title="bbox 593 4949 2180 5022; baseline 0.002 -18"><span class='ocrx_word' id='word_1_422' title='bbox 593 4949 823 5022; x_wconf 89' lang='lat' dir='ltr'><strong>primam</strong></span> <span class='ocrx_word' id='word_1_423' title='bbox 853 4964 1068 5020; x_wconf 89' lang='lat' dir='ltr'><strong>poenam</strong></span> <span class='ocrx_word' id='word_1_424' title='bbox 1111 4949 1409 5020; x_wconf 86' lang='lat' dir='ltr'><strong>superbiam</strong></span> <span class='ocrx_word' id='word_1_425' title='bbox 1441 4968 1453 5004; x_wconf 91' lang='lat'><strong>:</strong></span> <span class='ocrx_word' id='word_1_426' title='bbox 1502 4950 1612 5005; x_wconf 92' lang='lat' dir='ltr'><strong>imo</strong></span> <span class='ocrx_word' id='word_1_427' title='bbox 1649 4965 1755 5006; x_wconf 90' lang='lat' dir='ltr'><strong>non</strong></span> <span class='ocrx_word' id='word_1_428' title='bbox 1786 4965 1999 5021; x_wconf 77' lang='lat' dir='ltr'><strong>ptenam</strong></span> <span class='ocrx_word' id='word_1_429' title='bbox 2027 4993 2042 5020; x_wconf 96' lang='lat'><strong>,</strong></span> <span class='ocrx_word' id='word_1_430' title='bbox 2083 4950 2180 5007; x_wconf 90' lang='lat' dir='ltr'><strong>sed</strong></span> 
     </span>
    </p>
   </div>
   <div class='ocr_carea' id='block_1_52' title="bbox 594 5039 2181 5112">
    <p class='ocr_par' dir='ltr' id='par_1_52' title="bbox 594 5039 2181 5112">
     <span class='ocr_line' id='line_1_52' title="bbox 594 5039 2181 5112; baseline 0.001 -16"><span class='ocrx_word' id='word_1_431' title='bbox 594 5041 830 5112; x_wconf 91' lang='lat' dir='ltr'><strong>primum</strong></span> <span class='ocrx_word' id='word_1_432' title='bbox 856 5049 1136 5111; x_wconf 89' lang='lat' dir='ltr'><strong>peccatum</strong></span> <span class='ocrx_word' id='word_1_433' title='bbox 1165 5039 1486 5112; x_wconf 87' lang='lat' dir='ltr'><strong>superbiam.</strong></span> <span class='ocrx_word' id='word_1_434' title='bbox 1516 5041 1754 5096; x_wconf 84' lang='lat' dir='ltr'><strong>Primum</strong></span> <span class='ocrx_word' id='word_1_435' title='bbox 1781 5050 2058 5112; x_wconf 88' lang='lat' dir='ltr'><strong>peccatum</strong></span> <span class='ocrx_word' id='word_1_436' title='bbox 2089 5056 2181 5098; x_wconf 86' lang='lat' dir='ltr'><strong>su-</strong></span> 
     </span>
    </p>
   </div>
   <div class='ocr_carea' id='block_1_53' title="bbox 592 5129 2178 5206">
    <p class='ocr_par' dir='ltr' id='par_1_53' title="bbox 592 5129 2178 5206">
     <span class='ocr_line' id='line_1_53' title="bbox 592 5129 2178 5206; baseline 0.003 -21"><span class='ocrx_word' id='word_1_437' title='bbox 592 5130 780 5201; x_wconf 87' lang='lat' dir='ltr'><strong>perbia</strong></span> <span class='ocrx_word' id='word_1_438' title='bbox 812 5139 931 5187; x_wconf 89' lang='lat' dir='ltr'><strong>est:</strong></span> <span class='ocrx_word' id='word_1_439' title='bbox 960 5129 1143 5186; x_wconf 90' lang='lat' dir='ltr'><strong>ultima</strong></span> <span class='ocrx_word' id='word_1_440' title='bbox 1169 5146 1327 5202; x_wconf 64' lang='lat' dir='ltr'><strong>paena</strong></span> <span class='ocrx_word' id='word_1_441' title='bbox 1355 5141 1439 5187; x_wconf 91' lang='lat' dir='ltr'><strong>est</strong></span> <span class='ocrx_word' id='word_1_442' title='bbox 1464 5131 1602 5202; x_wconf 87' lang='lat' dir='ltr'><strong>ignis</strong></span> <span class='ocrx_word' id='word_1_443' title='bbox 1628 5141 1859 5189; x_wconf 82' lang='lat' dir='ltr'><strong>:eternus</strong></span> <span class='ocrx_word' id='word_1_444' title='bbox 1881 5173 1900 5198; x_wconf 94' lang='lat'><strong>,</strong></span> <span class='ocrx_word' id='word_1_445' title='bbox 1928 5143 2021 5189; x_wconf 91' lang='lat' dir='ltr'><strong>aut</strong></span> <span class='ocrx_word' id='word_1_446' title='bbox 2041 5133 2178 5206; x_wconf 87' lang='lat' dir='ltr'><strong>ignis</strong></span> 
     </span>
    </p>
   </div>
   <div class='ocr_carea' id='block_1_54' title="bbox 591 5220 2178 5298">
    <p class='ocr_par' dir='ltr' id='par_1_54' title="bbox 591 5220 2178 5298">
     <span class='ocr_line' id='line_1_54' title="bbox 591 5220 2178 5298; baseline 0.003 -18"><span class='ocrx_word' id='word_1_447' title='bbox 591 5220 868 5290; x_wconf 88' lang='lat' dir='ltr'><strong>infernus;</strong></span> <span class='ocrx_word' id='word_1_448' title='bbox 895 5222 1007 5293; x_wconf 88' lang='lat' dir='ltr'><strong>jam</strong></span> <span class='ocrx_word' id='word_1_449' title='bbox 1032 5221 1174 5277; x_wconf 88' lang='lat' dir='ltr'><strong>enim</strong></span> <span class='ocrx_word' id='word_1_450' title='bbox 1201 5222 1585 5280; x_wconf 91' lang='lat' dir='ltr'><strong>damnatorum.</strong></span> <span class='ocrx_word' id='word_1_451' title='bbox 1614 5224 1759 5282; x_wconf 89' lang='lat' dir='ltr'><strong>Inter</strong></span> <span class='ocrx_word' id='word_1_452' title='bbox 1786 5224 1917 5282; x_wconf 90' lang='lat' dir='ltr'><strong>illud</strong></span> <span class='ocrx_word' id='word_1_453' title='bbox 1947 5226 2178 5298; x_wconf 88' lang='lat' dir='ltr'><strong>primum</strong></span> 
     </span>
    </p>
   </div>
   <div class='ocr_carea' id='block_1_55' title="bbox 591 5313 2176 5392">
    <p class='ocr_par' dir='ltr' id='par_1_55' title="bbox 591 5313 2176 5392">
     <span class='ocr_line' id='line_1_55' title="bbox 591 5313 2176 5392; baseline 0.004 -22"><span class='ocrx_word' id='word_1_454' title='bbox 591 5324 867 5385; x_wconf 85' lang='lat' dir='ltr'><strong>peccatum</strong></span> <span class='ocrx_word' id='word_1_455' title='bbox 892 5324 950 5372; x_wconf 90' lang='lat' dir='ltr'><strong>et</strong></span> <span class='ocrx_word' id='word_1_456' title='bbox 977 5315 1116 5370; x_wconf 87' lang='lat' dir='ltr'><strong>hanc</strong></span> <span class='ocrx_word' id='word_1_457' title='bbox 1142 5313 1381 5371; x_wconf 88' lang='lat' dir='ltr'><strong>ultimam</strong></span> <span class='ocrx_word' id='word_1_458' title='bbox 1411 5333 1619 5386; x_wconf 65' lang='lat' dir='ltr'><strong>pinnam</strong></span> <span class='ocrx_word' id='word_1_459' title='bbox 1641 5358 1658 5385; x_wconf 95' lang='lat'><strong>,</strong></span> <span class='ocrx_word' id='word_1_460' title='bbox 1679 5320 1854 5376; x_wconf 89' lang='lat' dir='ltr'><strong>media</strong></span> <span class='ocrx_word' id='word_1_461' title='bbox 1878 5336 1998 5392; x_wconf 75' lang='lat' dir='ltr'><strong>qua:</strong></span> <span class='ocrx_word' id='word_1_462' title='bbox 2030 5329 2176 5388; x_wconf 89' lang='lat' dir='ltr'><strong>sunt,</strong></span> 
     </span>
    </p>
   </div>
   <div class='ocr_carea' id='block_1_56' title="bbox 591 5409 2179 5488">
    <p class='ocr_par' dir='ltr' id='par_1_56' title="bbox 591 5409 2179 5488">
     <span class='ocr_line' id='line_1_56' title="bbox 591 5409 2179 5488; baseline 0.003 -22"><span class='ocrx_word' id='word_1_463' title='bbox 591 5419 647 5466; x_wconf 87' lang='lat' dir='ltr'><strong>et</strong></span> <span class='ocrx_word' id='word_1_464' title='bbox 672 5419 886 5482; x_wconf 88' lang='lat' dir='ltr'><strong>peccata</strong></span> <span class='ocrx_word' id='word_1_465' title='bbox 921 5418 1047 5466; x_wconf 90' lang='lat' dir='ltr'><strong>sunt</strong></span> <span class='ocrx_word' id='word_1_466' title='bbox 1069 5418 1124 5466; x_wconf 90' lang='lat' dir='ltr'><strong>et</strong></span> <span class='ocrx_word' id='word_1_467' title='bbox 1150 5423 1339 5482; x_wconf 78' lang='lat' dir='ltr'><strong>ptenae.</strong></span> <span class='ocrx_word' id='word_1_468' title='bbox 1367 5409 1497 5466; x_wconf 86' lang='lat' dir='ltr'><strong>Tam</strong></span> <span class='ocrx_word' id='word_1_469' title='bbox 1523 5413 1689 5468; x_wconf 90' lang='lat' dir='ltr'><strong>multa</strong></span> <span class='ocrx_word' id='word_1_470' title='bbox 1718 5413 1860 5470; x_wconf 89' lang='lat' dir='ltr'><strong>enim</strong></span> <span class='ocrx_word' id='word_1_471' title='bbox 1886 5413 2014 5470; x_wconf 90' lang='lat' dir='ltr'><strong>dicit</strong></span> <span class='ocrx_word' id='word_1_472' title='bbox 2034 5415 2179 5488; x_wconf 81' lang='lat' dir='ltr'><strong>Apo-</strong></span> 
     </span>
    </p>
   </div>
   <div class='ocr_carea' id='block_1_57' title="bbox 590 5501 2176 5574">
    <p class='ocr_par' dir='ltr' id='par_1_57' title="bbox 590 5501 2176 5574">
     <span class='ocr_line' id='line_1_57' title="bbox 590 5501 2176 5574; baseline 0.003 -16"><span class='ocrx_word' id='word_1_473' title='bbox 590 5502 760 5559; x_wconf 82' lang='lat' dir='ltr'><strong>stolus</strong></span> <span class='ocrx_word' id='word_1_474' title='bbox 798 5502 916 5559; x_wconf 87' lang='lat' dir='ltr'><strong>fieri</strong></span> <span class='ocrx_word' id='word_1_475' title='bbox 965 5501 1036 5558; x_wconf 88' lang='lat' dir='ltr'><strong>ab</strong></span> <span class='ocrx_word' id='word_1_476' title='bbox 1073 5501 1153 5558; x_wconf 87' lang='lat' dir='ltr'><strong>eis</strong></span> <span class='ocrx_word' id='word_1_477' title='bbox 1177 5543 1194 5568; x_wconf 93' lang='lat'><strong>,</strong></span> <span class='ocrx_word' id='word_1_478' title='bbox 1220 5517 1342 5574; x_wconf 69' lang='lat' dir='ltr'><strong>quae</strong></span> <span class='ocrx_word' id='word_1_479' title='bbox 1374 5512 1596 5574; x_wconf 85' lang='lat' dir='ltr'><strong>peccata</strong></span> <span class='ocrx_word' id='word_1_480' title='bbox 1641 5513 1767 5560; x_wconf 89' lang='lat' dir='ltr'><strong>sunt</strong></span> <span class='ocrx_word' id='word_1_481' title='bbox 1803 5503 2176 5572; x_wconf 85' lang='lat' dir='ltr'><strong>detestabilia;</strong></span> 
     </span>
    </p>
   </div>
   <div class='ocr_carea' id='block_1_58' title="bbox 592 5592 2178 5670">
    <p class='ocr_par' dir='ltr' id='par_1_58' title="bbox 592 5592 2178 5670">
     <span class='ocr_line' id='line_1_58' title="bbox 592 5592 2178 5670; baseline 0.005 -21"><span class='ocrx_word' id='word_1_482' title='bbox 592 5601 652 5649; x_wconf 73' lang='lat' dir='ltr'><strong>et</strong></span> <span class='ocrx_word' id='word_1_483' title='bbox 674 5601 854 5651; x_wconf 86' lang='lat' dir='ltr'><strong>tamen</strong></span> <span class='ocrx_word' id='word_1_484' title='bbox 883 5607 1072 5665; x_wconf 71' lang='lat' dir='ltr'><strong>pmnas</strong></span> <span class='ocrx_word' id='word_1_485' title='bbox 1096 5607 1188 5651; x_wconf 87' lang='lat' dir='ltr'><strong>eas</strong></span> <span class='ocrx_word' id='word_1_486' title='bbox 1211 5592 1358 5650; x_wconf 90' lang='lat' dir='ltr'><strong>dicit.</strong></span> <span class='ocrx_word' id='word_1_487' title='bbox 1394 5592 1615 5666; x_wconf 79' lang='lat' dir='ltr'><strong>Pmpter</strong></span> <span class='ocrx_word' id='word_1_488' title='bbox 1634 5595 1758 5664; x_wconf 84' lang='lat' dir='ltr'><strong>hoc,</strong></span> <span class='ocrx_word' id='word_1_489' title='bbox 1807 5597 2012 5670; x_wconf 89' lang='lat' dir='ltr'><strong>inquit,</strong></span> <span class='ocrx_word' id='word_1_490' title='bbox 2038 5599 2178 5657; x_wconf 88' lang='lat' dir='ltr'><strong>Deus</strong></span> 
     </span>
    </p>
   </div>
   <div class='ocr_carea' id='block_1_59' title="bbox 653 5725 1755 5789">
    <p class='ocr_par' dir='ltr' id='par_1_59' title="bbox 653 5725 1755 5789">
     <span class='ocr_line' id='line_1_59' title="bbox 653 5725 1755 5789; baseline -0.002 -11"><span class='ocrx_word' id='word_1_491' title='bbox 653 5727 673 5761; x_wconf 81' lang='grc' dir='ltr'>ι</span> <span class='ocrx_word' id='word_1_492' title='bbox 705 5726 782 5778; x_wconf 84' lang='lat' dir='ltr'><strong>sic</strong></span> <span class='ocrx_word' id='word_1_493' title='bbox 814 5733 922 5776; x_wconf 74' lang='lat' dir='ltr'><strong>Mss.</strong></span> <span class='ocrx_word' id='word_1_494' title='bbox 951 5732 1005 5776; x_wconf 77' lang='lat' dir='ltr'><strong>At</strong></span> <span class='ocrx_word' id='word_1_495' title='bbox 1025 5727 1089 5776; x_wconf 77' lang='lat' dir='ltr'><strong>ab</strong></span> <span class='ocrx_word' id='word_1_496' title='bbox 1110 5725 1225 5777; x_wconf 66' lang='lat' dir='ltr'><strong>add.</strong></span> <span class='ocrx_word' id='word_1_497' title='bbox 1245 5727 1390 5789; x_wconf 74' lang='lat' dir='ltr'><strong>abest</strong></span> <span class='ocrx_word' id='word_1_498' title='bbox 1420 5726 1671 5789; x_wconf 81' lang='lat' dir='ltr'><strong>particula.</strong></span> <span class='ocrx_word' id='word_1_499' title='bbox 1691 5733 1755 5779; x_wconf 82' lang='lat' dir='ltr'><strong>et.</strong></span> 
     </span>
    </p>
   </div>
   <div class='ocr_carea' id='block_1_60' title="bbox 651 5787 1585 5863">
    <p class='ocr_par' dir='ltr' id='par_1_60' title="bbox 651 5787 1585 5863">
     <span class='ocr_line' id='line_1_60' title="bbox 651 5787 1585 5863; baseline -0.001 -24"><span class='ocrx_word' id='word_1_500' title='bbox 651 5789 673 5822; x_wconf 76' lang='grc'><strong><em>⁸</em></strong></span> <span class='ocrx_word' id='word_1_501' title='bbox 705 5789 778 5839; x_wconf 75' lang='lat' dir='ltr'><strong>sis</strong></span> <span class='ocrx_word' id='word_1_502' title='bbox 798 5798 971 5863; x_wconf 80' lang='lat' dir='ltr'><strong>omnes</strong></span> <span class='ocrx_word' id='word_1_503' title='bbox 990 5793 1095 5838; x_wconf 74' lang='lat' dir='ltr'><strong>llas.</strong></span> <span class='ocrx_word' id='word_1_504' title='bbox 1123 5795 1178 5840; x_wconf 74' lang='lat' dir='ltr'><strong>At</strong></span> <span class='ocrx_word' id='word_1_505' title='bbox 1194 5787 1328 5849; x_wconf 64' lang='lat' dir='ltr'><strong>add,</strong></span> <span class='ocrx_word' id='word_1_506' title='bbox 1355 5801 1407 5840; x_wconf 80' lang='lat' dir='ltr'><strong>ut</strong></span> <span class='ocrx_word' id='word_1_507' title='bbox 1423 5787 1585 5839; x_wconf 77' lang='lat' dir='ltr'><strong>corde.</strong></span> 
     </span>
    </p>
   </div>
   <div class='ocr_carea' id='block_1_61' title="bbox 1803 283 3734 406">
    <p class='ocr_par' dir='ltr' id='par_1_61' title="bbox 1803 283 3734 406">
     <span class='ocr_line' id='line_1_61' title="bbox 1803 283 3734 406; baseline 0.005 -23"><span class='ocrx_word' id='word_1_508' title='bbox 1803 315 1859 384; x_wconf 77' lang='lat' dir='ltr'><strong>s.</strong></span> <span class='ocrx_word' id='word_1_509' title='bbox 1903 307 2268 382; x_wconf 62' lang='lat' dir='ltr'><strong>.t&#39;usigsi‘tat</strong></span> <span class='ocrx_word' id='word_1_510' title='bbox 2311 314 2612 380; x_wconf 69' lang='lat' dir='ltr'><strong>spissum</strong></span> <span class='ocrx_word' id='word_1_511' title='bbox 2821 283 2829 288; x_wconf 65' lang='grc'><em>’</em></span> <span class='ocrx_word' id='word_1_512' title='bbox 2879 283 2888 290; x_wconf 65' lang='grc'><em>’</em></span> <span class='ocrx_word' id='word_1_513' title='bbox 2926 283 2931 285; x_wconf 40' lang='grc'>⁷</span> <span class='ocrx_word' id='word_1_514' title='bbox 2974 283 2994 286; x_wconf 18' lang='lat' dir='ltr'><strong>ﬁ</strong></span> <span class='ocrx_word' id='word_1_515' title='bbox 3662 339 3734 406; x_wconf 67' lang='grc' dir='ltr'><strong>οη</strong></span> 
     </span>
    </p>
   </div>
   <div class='ocr_carea' id='block_1_62' title="bbox 2269 421 3736 517">
    <p class='ocr_par' dir='ltr' id='par_1_62' title="bbox 2269 421 3736 517">
     <span class='ocr_line' id='line_1_62' title="bbox 2269 421 3736 517; baseline 0.014 -29"><span class='ocrx_word' id='word_1_516' title='bbox 2269 436 2478 490; x_wconf 88' lang='lat' dir='ltr'><strong>tradidit</strong></span> <span class='ocrx_word' id='word_1_517' title='bbox 2504 452 2587 492; x_wconf 88' lang='lat' dir='ltr'><strong>cos</strong></span> <span class='ocrx_word' id='word_1_518' title='bbox 2615 437 2671 491; x_wconf 87' lang='lat' dir='ltr'><strong>in</strong></span> <span class='ocrx_word' id='word_1_519' title='bbox 2695 421 3128 512; x_wconf 75' lang='lat' dir='ltr'><strong>concupiscentiae</strong></span> <span class='ocrx_word' id='word_1_520' title='bbox 3151 441 3316 496; x_wconf 86' lang='lat' dir='ltr'><strong>cordis</strong></span> <span class='ocrx_word' id='word_1_521' title='bbox 3339 459 3512 513; x_wconf 73' lang='lat' dir='ltr'><strong>eorum,</strong></span> <span class='ocrx_word' id='word_1_522' title='bbox 3528 449 3573 505; x_wconf 75' lang='lat' dir='ltr'><strong>in</strong></span> <span class='ocrx_word' id='word_1_523' title='bbox 3587 452 3736 517; x_wconf 68' lang='lat' dir='ltr'><strong>im.</strong></span> 
     </span>
    </p>
   </div>
   <div class='ocr_carea' id='block_1_63' title="bbox 2264 528 3739 616">
    <p class='ocr_par' dir='ltr' id='par_1_63' title="bbox 2264 528 3739 616">
     <span class='ocr_line' id='line_1_63' title="bbox 2264 528 3739 616; baseline 0.014 -36"><span class='ocrx_word' id='word_1_524' title='bbox 2264 528 2440 581; x_wconf 81' lang='lat' dir='ltr'><strong>ditium</strong></span> <span class='ocrx_word' id='word_1_525' title='bbox 2466 571 2484 596; x_wconf 93' lang='lat'><strong>,</strong></span> <span class='ocrx_word' id='word_1_526' title='bbox 2533 537 2586 584; x_wconf 83' lang='lat' dir='ltr'><strong>ut</strong></span> <span class='ocrx_word' id='word_1_527' title='bbox 2613 531 2805 602; x_wconf 84' lang='lat' dir='ltr'><strong>faciant</strong></span> <span class='ocrx_word' id='word_1_528' title='bbox 2832 547 2946 603; x_wconf 71' lang='lat' dir='ltr'><strong>qua:</strong></span> <span class='ocrx_word' id='word_1_529' title='bbox 2974 550 3073 587; x_wconf 85' lang='lat' dir='ltr'><strong>non</strong></span> <span class='ocrx_word' id='word_1_530' title='bbox 3097 535 3411 591; x_wconf 80' lang='lat' dir='ltr'><strong>conueniunt.</strong></span> <span class='ocrx_word' id='word_1_531' title='bbox 3438 537 3497 593; x_wconf 83' lang='lat' dir='ltr'><strong>Et</strong></span> <span class='ocrx_word' id='word_1_532' title='bbox 3517 557 3574 598; x_wconf 89' lang='lat' dir='ltr'><strong>ne</strong></span> <span class='ocrx_word' id='word_1_533' title='bbox 3592 558 3739 616; x_wconf 72' lang='lat' dir='ltr'><strong>puum</strong></span> 
     </span>
    </p>
   </div>
   <div class='ocr_carea' id='block_1_64' title="bbox 2263 620 3740 700">
    <p class='ocr_par' dir='ltr' id='par_1_64' title="bbox 2263 620 3740 700">
     <span class='ocr_line' id='line_1_64' title="bbox 2263 620 3740 700; baseline 0.029 -29"><span class='ocrx_word' id='word_1_534' title='bbox 2263 620 2544 690; x_wconf 89' lang='lat' dir='ltr'><strong>quisquam</strong></span> <span class='ocrx_word' id='word_1_535' title='bbox 2576 620 2710 691; x_wconf 88' lang='lat' dir='ltr'><strong>ipsis</strong></span> <span class='ocrx_word' id='word_1_536' title='bbox 2738 622 2914 693; x_wconf 67' lang='lat' dir='ltr'><strong>paenis</strong></span> <span class='ocrx_word' id='word_1_537' title='bbox 2940 631 3144 679; x_wconf 90' lang='lat' dir='ltr'><strong>tantum</strong></span> <span class='ocrx_word' id='word_1_538' title='bbox 3170 624 3415 697; x_wconf 64' lang='grc' dir='ltr'><strong>εοεαιῖεί</strong></span> <span class='ocrx_word' id='word_1_539' title='bbox 3439 629 3601 699; x_wconf 71' lang='lat' dir='ltr'><strong>‘l‘libus</strong></span> <span class='ocrx_word' id='word_1_540' title='bbox 3634 643 3740 700; x_wconf 66' lang='grc' dir='ltr'><strong>πθυάο</strong></span> 
     </span>
    </p>
   </div>
   <div class='ocr_carea' id='block_1_65' title="bbox 2263 712 3740 801">
    <p class='ocr_par' dir='ltr' id='par_1_65' title="bbox 2263 712 3740 801">
     <span class='ocr_line' id='line_1_65' title="bbox 2263 712 3740 801; baseline 0.013 -34"><span class='ocrx_word' id='word_1_541' title='bbox 2263 712 2579 781; x_wconf 88' lang='lat' dir='ltr'><strong>delectatur,</strong></span> <span class='ocrx_word' id='word_1_542' title='bbox 2602 725 2655 770; x_wconf 91' lang='lat' dir='ltr'><strong>et</strong></span> <span class='ocrx_word' id='word_1_543' title='bbox 2681 731 2788 772; x_wconf 91' lang='lat' dir='ltr'><strong>non</strong></span> <span class='ocrx_word' id='word_1_544' title='bbox 2817 717 3026 773; x_wconf 89' lang='lat' dir='ltr'><strong>timeret</strong></span> <span class='ocrx_word' id='word_1_545' title='bbox 3049 719 3191 790; x_wconf 86' lang='lat' dir='ltr'><strong>quod</strong></span> <span class='ocrx_word' id='word_1_546' title='bbox 3219 728 3491 778; x_wconf 82' lang='lat' dir='ltr'><strong>venturum</strong></span> <span class='ocrx_word' id='word_1_547' title='bbox 3509 733 3580 781; x_wconf 91' lang='lat' dir='ltr'><strong>est</strong></span> <span class='ocrx_word' id='word_1_548' title='bbox 3599 727 3638 784; x_wconf 85' lang='lat' dir='ltr'><strong>in</strong></span> <span class='ocrx_word' id='word_1_549' title='bbox 3657 730 3740 801; x_wconf 78' lang='lat' dir='ltr'><strong>line,</strong></span> 
     </span>
    </p>
   </div>
   <div class='ocr_carea' id='block_1_66' title="bbox 2264 808 3744 890">
    <p class='ocr_par' dir='ltr' id='par_1_66' title="bbox 2264 808 3744 890">
     <span class='ocr_line' id='line_1_66' title="bbox 2264 808 3744 890; baseline 0.011 -30"><span class='ocrx_word' id='word_1_550' title='bbox 2264 808 2706 864; x_wconf 75' lang='lat' dir='ltr'><strong>commemoravit</strong></span> <span class='ocrx_word' id='word_1_551' title='bbox 2749 809 2989 864; x_wconf 90' lang='lat' dir='ltr'><strong>ultimam</strong></span> <span class='ocrx_word' id='word_1_552' title='bbox 3023 826 3237 881; x_wconf 69' lang='lat' dir='ltr'><strong>poenam</strong></span> <span class='ocrx_word' id='word_1_553' title='bbox 3268 831 3282 868; x_wconf 92' lang='lat'><strong>:</strong></span> <span class='ocrx_word' id='word_1_554' title='bbox 3315 813 3410 883; x_wconf 85' lang='lat' dir='ltr'><strong>Qui</strong></span> <span class='ocrx_word' id='word_1_555' title='bbox 3435 833 3536 871; x_wconf 82' lang='lat' dir='ltr'><strong>cum</strong></span> <span class='ocrx_word' id='word_1_556' title='bbox 3567 821 3744 890; x_wconf 66' lang='lat' dir='ltr'><strong>justitiam</strong></span> 
     </span>
    </p>
   </div>
   <div class='ocr_carea' id='block_1_67' title="bbox 2265 896 3745 982">
    <p class='ocr_par' dir='ltr' id='par_1_67' title="bbox 2265 896 3745 982">
     <span class='ocr_line' id='line_1_67' title="bbox 2265 896 3745 982; baseline 0.011 -31"><span class='ocrx_word' id='word_1_557' title='bbox 2265 896 2364 952; x_wconf 85' lang='lat' dir='ltr'><strong>Dei</strong></span> <span class='ocrx_word' id='word_1_558' title='bbox 2391 899 2738 971; x_wconf 72' lang='lat' dir='ltr'><strong>cognovissent</strong></span> <span class='ocrx_word' id='word_1_559' title='bbox 2765 941 2778 961; x_wconf 92' lang='lat'><em>.</em></span> <span class='ocrx_word' id='word_1_560' title='bbox 2810 917 2912 955; x_wconf 91' lang='lat' dir='ltr'><strong>non</strong></span> <span class='ocrx_word' id='word_1_561' title='bbox 2941 901 3295 958; x_wconf 73' lang='lat' dir='ltr'><strong>intellexerunt</strong></span> <span class='ocrx_word' id='word_1_562' title='bbox 3320 944 3335 968; x_wconf 90' lang='lat'><strong>,</strong></span> <span class='ocrx_word' id='word_1_563' title='bbox 3371 905 3560 977; x_wconf 88' lang='lat' dir='ltr'><strong>inquit,</strong></span> <span class='ocrx_word' id='word_1_564' title='bbox 3584 916 3745 982; x_wconf 69' lang='lat' dir='ltr'><strong>quoniam</strong></span> 
     </span>
    </p>
   </div>
   <div class='ocr_carea' id='block_1_68' title="bbox 2262 991 3746 1073">
    <p class='ocr_par' dir='ltr' id='par_1_68' title="bbox 2262 991 3746 1073">
     <span class='ocr_line' id='line_1_68' title="bbox 2262 991 3746 1073; baseline 0.01 -30"><span class='ocrx_word' id='word_1_565' title='bbox 2262 991 2350 1061; x_wconf 87' lang='lat' dir='ltr'><strong>qui</strong></span> <span class='ocrx_word' id='word_1_566' title='bbox 2378 1009 2437 1046; x_wconf 87' lang='lat' dir='ltr'><strong>ea</strong></span> <span class='ocrx_word' id='word_1_567' title='bbox 2464 999 2639 1064; x_wconf 86' lang='lat' dir='ltr'><strong>agunt,</strong></span> <span class='ocrx_word' id='word_1_568' title='bbox 2663 991 2804 1062; x_wconf 87' lang='lat' dir='ltr'><strong>digni</strong></span> <span class='ocrx_word' id='word_1_569' title='bbox 2827 1001 2946 1047; x_wconf 90' lang='lat' dir='ltr'><strong>sunt</strong></span> <span class='ocrx_word' id='word_1_570' title='bbox 2968 1003 3160 1060; x_wconf 87' lang='lat' dir='ltr'><strong>morte;</strong></span> <span class='ocrx_word' id='word_1_571' title='bbox 3198 1013 3299 1050; x_wconf 85' lang='lat' dir='ltr'><strong>non</strong></span> <span class='ocrx_word' id='word_1_572' title='bbox 3326 996 3483 1052; x_wconf 87' lang='lat' dir='ltr'><strong>solum</strong></span> <span class='ocrx_word' id='word_1_573' title='bbox 3505 1002 3577 1066; x_wconf 86' lang='lat' dir='ltr'><strong>qui</strong></span> <span class='ocrx_word' id='word_1_574' title='bbox 3597 1006 3746 1073; x_wconf 73' lang='lat' dir='ltr'><strong>facint,</strong></span> 
     </span>
    </p>
   </div>
   <div class='ocr_carea' id='block_1_69' title="bbox 2265 1081 3748 1162">
    <p class='ocr_par' dir='ltr' id='par_1_69' title="bbox 2265 1081 3748 1162">
     <span class='ocr_line' id='line_1_69' title="bbox 2265 1081 3748 1162; baseline 0.011 -27"><span class='ocrx_word' id='word_1_575' title='bbox 2265 1081 2354 1136; x_wconf 89' lang='lat' dir='ltr'><strong>sed</strong></span> <span class='ocrx_word' id='word_1_576' title='bbox 2379 1083 2532 1136; x_wconf 88' lang='lat' dir='ltr'><strong>etiam</strong></span> <span class='ocrx_word' id='word_1_577' title='bbox 2559 1084 2646 1153; x_wconf 84' lang='lat' dir='ltr'><strong>qui</strong></span> <span class='ocrx_word' id='word_1_578' title='bbox 2673 1085 2988 1139; x_wconf 84' lang='lat' dir='ltr'><strong>consentiunt</strong></span> <span class='ocrx_word' id='word_1_579' title='bbox 3017 1086 3336 1158; x_wconf 79' lang='lat' dir='ltr'><strong>facientibus.</strong></span> <span class='ocrx_word' id='word_1_580' title='bbox 3364 1088 3458 1156; x_wconf 87' lang='lat' dir='ltr'><strong>Qui</strong></span> <span class='ocrx_word' id='word_1_581' title='bbox 3481 1107 3533 1143; x_wconf 89' lang='lat' dir='ltr'><strong>ea</strong></span> <span class='ocrx_word' id='word_1_582' title='bbox 3556 1107 3675 1162; x_wconf 78' lang='lat' dir='ltr'><strong>agunt</strong></span> <span class='ocrx_word' id='word_1_583' title='bbox 3701 1099 3748 1152; x_wconf 81' lang='lat' dir='ltr'><strong>di-</strong></span> 
     </span>
    </p>
   </div>
   <div class='ocr_carea' id='block_1_70' title="bbox 2265 1175 3750 1254">
    <p class='ocr_par' dir='ltr' id='par_1_70' title="bbox 2265 1175 3750 1254">
     <span class='ocr_line' id='line_1_70' title="bbox 2265 1175 3750 1254; baseline 0.008 -26"><span class='ocrx_word' id='word_1_584' title='bbox 2265 1175 2355 1246; x_wconf 88' lang='lat' dir='ltr'><strong>gni</strong></span> <span class='ocrx_word' id='word_1_585' title='bbox 2371 1184 2486 1229; x_wconf 88' lang='lat' dir='ltr'><strong>sunt</strong></span> <span class='ocrx_word' id='word_1_586' title='bbox 2503 1187 2692 1231; x_wconf 84' lang='lat' dir='ltr'><strong>morte:</strong></span> <span class='ocrx_word' id='word_1_587' title='bbox 2703 1179 2848 1247; x_wconf 66' lang='lat' dir='ltr'><strong>quae?</strong></span> <span class='ocrx_word' id='word_1_588' title='bbox 2864 1177 2994 1247; x_wconf 80' lang='lat' dir='ltr'><strong>Quae</strong></span> <span class='ocrx_word' id='word_1_589' title='bbox 3009 1179 3253 1249; x_wconf 89' lang='lat' dir='ltr'><strong>superius</strong></span> <span class='ocrx_word' id='word_1_590' title='bbox 3271 1184 3625 1239; x_wconf 84' lang='lat' dir='ltr'><strong>cnumcravilin</strong></span> <span class='ocrx_word' id='word_1_591' title='bbox 3640 1191 3750 1254; x_wconf 66' lang='lat' dir='ltr'><strong>penis</strong></span> 
     </span>
    </p>
   </div>
   <div class='ocr_carea' id='block_1_71' title="bbox 2267 1267 3751 1344">
    <p class='ocr_par' dir='ltr' id='par_1_71' title="bbox 2267 1267 3751 1344">
     <span class='ocr_line' id='line_1_71' title="bbox 2267 1267 3751 1344; baseline 0.005 -22"><span class='ocrx_word' id='word_1_592' title='bbox 2267 1281 2422 1322; x_wconf 86' lang='lat' dir='ltr'><strong>esse:</strong></span> <span class='ocrx_word' id='word_1_593' title='bbox 2456 1282 2578 1322; x_wconf 88' lang='lat' dir='ltr'><strong>nam</strong></span> <span class='ocrx_word' id='word_1_594' title='bbox 2605 1267 2815 1322; x_wconf 89' lang='lat' dir='ltr'><strong>tradidit</strong></span> <span class='ocrx_word' id='word_1_595' title='bbox 2841 1269 2958 1323; x_wconf 86' lang='lat' dir='ltr'><strong>illos</strong></span> <span class='ocrx_word' id='word_1_596' title='bbox 2990 1267 3127 1324; x_wconf 86' lang='lat' dir='ltr'><strong>Deus</strong></span> <span class='ocrx_word' id='word_1_597' title='bbox 3151 1312 3164 1334; x_wconf 91' lang='lat'><strong>,</strong></span> <span class='ocrx_word' id='word_1_598' title='bbox 3195 1270 3332 1325; x_wconf 78' lang='lat' dir='ltr'><strong>dixit</strong></span> <span class='ocrx_word' id='word_1_599' title='bbox 3359 1313 3376 1337; x_wconf 94' lang='lat'><strong>,</strong></span> <span class='ocrx_word' id='word_1_600' title='bbox 3415 1272 3464 1324; x_wconf 87' lang='lat' dir='ltr'><strong>in</strong></span> <span class='ocrx_word' id='word_1_601' title='bbox 3491 1277 3751 1344; x_wconf 75' lang='lat' dir='ltr'><strong>concupiscen-</strong></span> 
     </span>
    </p>
   </div>
   <div class='ocr_carea' id='block_1_72' title="bbox 2269 1358 3755 1432">
    <p class='ocr_par' dir='ltr' id='par_1_72' title="bbox 2269 1358 3755 1432">
     <span class='ocr_line' id='line_1_72' title="bbox 2269 1358 3755 1432; baseline 0.006 -22"><span class='ocrx_word' id='word_1_602' title='bbox 2269 1358 2365 1413; x_wconf 90' lang='lat' dir='ltr'><strong>tias</strong></span> <span class='ocrx_word' id='word_1_603' title='bbox 2389 1358 2557 1412; x_wconf 87' lang='lat' dir='ltr'><strong>cordis</strong></span> <span class='ocrx_word' id='word_1_604' title='bbox 2590 1374 2796 1427; x_wconf 87' lang='lat' dir='ltr'><strong>eorum,</strong></span> <span class='ocrx_word' id='word_1_605' title='bbox 2824 1369 2878 1412; x_wconf 88' lang='lat' dir='ltr'><strong>ut</strong></span> <span class='ocrx_word' id='word_1_606' title='bbox 2906 1361 3097 1431; x_wconf 88' lang='lat' dir='ltr'><strong>faciant</strong></span> <span class='ocrx_word' id='word_1_607' title='bbox 3138 1376 3252 1432; x_wconf 77' lang='lat' dir='ltr'><strong>qua:</strong></span> <span class='ocrx_word' id='word_1_608' title='bbox 3291 1378 3390 1417; x_wconf 86' lang='lat' dir='ltr'><strong>non</strong></span> <span class='ocrx_word' id='word_1_609' title='bbox 3433 1368 3689 1421; x_wconf 78' lang='lat' dir='ltr'><strong>conueniunt.</strong></span> <span class='ocrx_word' id='word_1_610' title='bbox 3712 1370 3755 1426; x_wconf 71' lang='lat' dir='ltr'><strong>Et</strong></span> 
     </span>
    </p>
   </div>
   <div class='ocr_carea' id='block_1_73' title="bbox 2267 1450 3754 1528">
    <p class='ocr_par' dir='ltr' id='par_1_73' title="bbox 2267 1450 3754 1528">
     <span class='ocr_line' id='line_1_73' title="bbox 2267 1450 3754 1528; baseline 0.007 -22"><span class='ocrx_word' id='word_1_611' title='bbox 2267 1450 2477 1507; x_wconf 90' lang='lat' dir='ltr'><strong>adulter</strong></span> <span class='ocrx_word' id='word_1_612' title='bbox 2504 1452 2612 1520; x_wconf 90' lang='lat' dir='ltr'><strong>sit,</strong></span> <span class='ocrx_word' id='word_1_613' title='bbox 2634 1453 2746 1523; x_wconf 88' lang='lat' dir='ltr'><strong>jam</strong></span> <span class='ocrx_word' id='word_1_614' title='bbox 2782 1467 2943 1523; x_wconf 65' lang='lat' dir='ltr'><strong>pinna</strong></span> <span class='ocrx_word' id='word_1_615' title='bbox 2981 1463 3101 1519; x_wconf 86' lang='lat' dir='ltr'><strong>est;</strong></span> <span class='ocrx_word' id='word_1_616' title='bbox 3141 1464 3201 1510; x_wconf 89' lang='lat' dir='ltr'><strong>ut</strong></span> <span class='ocrx_word' id='word_1_617' title='bbox 3242 1456 3471 1512; x_wconf 80' lang='lat' dir='ltr'><strong>mendax</strong></span> <span class='ocrx_word' id='word_1_618' title='bbox 3494 1498 3509 1523; x_wconf 93' lang='lat'><strong>,</strong></span> <span class='ocrx_word' id='word_1_619' title='bbox 3533 1467 3584 1512; x_wconf 90' lang='lat' dir='ltr'><strong>ut</strong></span> <span class='ocrx_word' id='word_1_620' title='bbox 3613 1474 3754 1528; x_wconf 78' lang='lat' dir='ltr'><strong>mnu,</strong></span> 
     </span>
    </p>
   </div>
   <div class='ocr_carea' id='block_1_74' title="bbox 2269 1543 3756 1620">
    <p class='ocr_par' dir='ltr' id='par_1_74' title="bbox 2269 1543 3756 1620">
     <span class='ocr_line' id='line_1_74' title="bbox 2269 1543 3756 1620; baseline 0.005 -22"><span class='ocrx_word' id='word_1_621' title='bbox 2269 1552 2328 1599; x_wconf 91' lang='lat' dir='ltr'><strong>ut</strong></span> <span class='ocrx_word' id='word_1_622' title='bbox 2363 1543 2751 1611; x_wconf 86' lang='lat' dir='ltr'><strong>fraudulentus,</strong></span> <span class='ocrx_word' id='word_1_623' title='bbox 2781 1553 2841 1600; x_wconf 91' lang='lat' dir='ltr'><strong>ut</strong></span> <span class='ocrx_word' id='word_1_624' title='bbox 2867 1543 3133 1601; x_wconf 86' lang='lat' dir='ltr'><strong>homicida</strong></span> <span class='ocrx_word' id='word_1_625' title='bbox 3152 1586 3166 1609; x_wconf 93' lang='lat'><strong>,</strong></span> <span class='ocrx_word' id='word_1_626' title='bbox 3186 1547 3297 1616; x_wconf 88' lang='lat' dir='ltr'><strong>jam</strong></span> <span class='ocrx_word' id='word_1_627' title='bbox 3327 1561 3495 1618; x_wconf 68' lang='lat' dir='ltr'><strong>paena:</strong></span> <span class='ocrx_word' id='word_1_628' title='bbox 3518 1550 3756 1620; x_wconf 79' lang='lat' dir='ltr'><strong>sunt.Cujus</strong></span> 
     </span>
    </p>
   </div>
   <div class='ocr_carea' id='block_1_75' title="bbox 2270 1635 3758 1710">
    <p class='ocr_par' dir='ltr' id='par_1_75' title="bbox 2270 1635 3758 1710">
     <span class='ocr_line' id='line_1_75' title="bbox 2270 1635 3758 1710; baseline 0.005 -20"><span class='ocrx_word' id='word_1_629' title='bbox 2270 1635 2476 1706; x_wconf 90' lang='lat' dir='ltr'><strong>peccati</strong></span> <span class='ocrx_word' id='word_1_630' title='bbox 2503 1637 2720 1708; x_wconf 65' lang='lat' dir='ltr'><strong>patum?</strong></span> <span class='ocrx_word' id='word_1_631' title='bbox 2765 1635 2966 1691; x_wconf 88' lang='lat' dir='ltr'><strong>Prioris</strong></span> <span class='ocrx_word' id='word_1_632' title='bbox 3005 1637 3287 1707; x_wconf 73' lang='lat' dir='ltr'><strong>apostasia:</strong></span> <span class='ocrx_word' id='word_1_633' title='bbox 3314 1679 3331 1705; x_wconf 95' lang='lat'><strong>,</strong></span> <span class='ocrx_word' id='word_1_634' title='bbox 3373 1638 3508 1693; x_wconf 88' lang='lat' dir='ltr'><strong>illius</strong></span> <span class='ocrx_word' id='word_1_635' title='bbox 3539 1640 3758 1710; x_wconf 73' lang='lat' dir='ltr'><strong>superbia:</strong></span> 
     </span>
    </p>
   </div>
   <div class='ocr_carea' id='block_1_76' title="bbox 2271 1725 3761 1799">
    <p class='ocr_par' dir='ltr' id='par_1_76' title="bbox 2271 1725 3761 1799">
     <span class='ocr_line' id='line_1_76' title="bbox 2271 1725 3761 1799; baseline 0.006 -19"><span class='ocrx_word' id='word_1_636' title='bbox 2271 1725 2484 1781; x_wconf 90' lang='lat' dir='ltr'><strong>Initium</strong></span> <span class='ocrx_word' id='word_1_637' title='bbox 2535 1727 2726 1799; x_wconf 85' lang='lat' dir='ltr'><strong>peccati</strong></span> <span class='ocrx_word' id='word_1_638' title='bbox 2770 1727 2988 1782; x_wconf 82' lang='lat' dir='ltr'><strong>hominis</strong></span> <span class='ocrx_word' id='word_1_639' title='bbox 3015 1737 3306 1799; x_wconf 83' lang='lat' dir='ltr'><strong>apostatare</strong></span> <span class='ocrx_word' id='word_1_640' title='bbox 3330 1747 3362 1782; x_wconf 91' lang='lat' dir='ltr'><strong>a</strong></span> <span class='ocrx_word' id='word_1_641' title='bbox 3392 1729 3531 1796; x_wconf 84' lang='lat' dir='ltr'><strong>Deo;</strong></span> <span class='ocrx_word' id='word_1_642' title='bbox 3554 1740 3601 1787; x_wconf 87' lang='lat' dir='ltr'><strong>et</strong></span> <span class='ocrx_word' id='word_1_643' title='bbox 3627 1733 3761 1789; x_wconf 74' lang='lat' dir='ltr'><strong>initium</strong></span> 
     </span>
    </p>
   </div>
   <div class='ocr_carea' id='block_1_77' title="bbox 2271 1817 3762 1894">
    <p class='ocr_par' dir='ltr' id='par_1_77' title="bbox 2271 1817 3762 1894">
     <span class='ocr_line' id='line_1_77' title="bbox 2271 1817 3762 1894; baseline 0.005 -22"><span class='ocrx_word' id='word_1_644' title='bbox 2271 1819 2434 1874; x_wconf 88' lang='lat' dir='ltr'><strong>omnis</strong></span> <span class='ocrx_word' id='word_1_645' title='bbox 2449 1819 2639 1889; x_wconf 85' lang='lat' dir='ltr'><strong>peccati</strong></span> <span class='ocrx_word' id='word_1_646' title='bbox 2653 1818 2885 1890; x_wconf 83' lang='lat' dir='ltr'><strong>superbia</strong></span> <span class='ocrx_word' id='word_1_647' title='bbox 2902 1817 3090 1890; x_wconf 84' lang='lat' dir='ltr'><strong>(Eccli.</strong></span> <span class='ocrx_word' id='word_1_648' title='bbox 3110 1820 3762 1894; x_wconf 69' lang='lat' dir='ltr'><strong>x,ll,15).Proptereaipsnm</strong></span> 
     </span>
    </p>
   </div>
   <div class='ocr_carea' id='block_1_78' title="bbox 2271 1907 3763 1983">
    <p class='ocr_par' dir='ltr' id='par_1_78' title="bbox 2271 1907 3763 1983">
     <span class='ocr_line' id='line_1_78' title="bbox 2271 1907 3763 1983; baseline 0.006 -21"><span class='ocrx_word' id='word_1_649' title='bbox 2271 1917 2546 1978; x_wconf 89' lang='lat' dir='ltr'><strong>peccatum</strong></span> <span class='ocrx_word' id='word_1_650' title='bbox 2575 1909 2721 1978; x_wconf 89' lang='lat' dir='ltr'><strong>prius</strong></span> <span class='ocrx_word' id='word_1_651' title='bbox 2745 1907 2911 1964; x_wconf 82' lang='lat' dir='ltr'><strong>dixit:</strong></span> <span class='ocrx_word' id='word_1_652' title='bbox 2939 1909 3166 1976; x_wconf 87' lang='lat' dir='ltr'><strong>Quicum</strong></span> <span class='ocrx_word' id='word_1_653' title='bbox 3192 1912 3529 1983; x_wconf 82' lang='lat' dir='ltr'><strong>cognovissent</strong></span> <span class='ocrx_word' id='word_1_654' title='bbox 3542 1911 3763 1981; x_wconf 64' lang='lat' dir='ltr'><strong>Damnst</strong></span> 
     </span>
    </p>
   </div>
   <div class='ocr_carea' id='block_1_79' title="bbox 2271 1996 3842 2078">
    <p class='ocr_par' dir='ltr' id='par_1_79' title="bbox 2271 1996 3842 2078">
     <span class='ocr_line' id='line_1_79' title="bbox 2271 1996 3842 2078; baseline 0.007 -24"><span class='ocrx_word' id='word_1_655' title='bbox 2271 2010 2327 2054; x_wconf 87' lang='lat' dir='ltr'><strong>ut</strong></span> <span class='ocrx_word' id='word_1_656' title='bbox 2355 1999 2520 2056; x_wconf 89' lang='lat' dir='ltr'><strong>Deum</strong></span> <span class='ocrx_word' id='word_1_657' title='bbox 2548 2001 2958 2072; x_wconf 76' lang='lat' dir='ltr'><strong>gloriﬁcaverunt</strong></span> <span class='ocrx_word' id='word_1_658' title='bbox 2977 2043 2994 2071; x_wconf 92' lang='lat'><strong>,</strong></span> <span class='ocrx_word' id='word_1_659' title='bbox 3023 2015 3112 2059; x_wconf 86' lang='lat' dir='ltr'><strong>aut</strong></span> <span class='ocrx_word' id='word_1_660' title='bbox 3138 2005 3336 2076; x_wconf 85' lang='lat' dir='ltr'><strong>gratias</strong></span> <span class='ocrx_word' id='word_1_661' title='bbox 3360 2009 3673 2078; x_wconf 76' lang='lat' dir='ltr'><strong>egerunt;sed</strong></span> <span class='ocrx_word' id='word_1_662' title='bbox 3689 2027 3762 2064; x_wconf 75' lang='lat' dir='ltr'><strong>ets-</strong></span> <span class='ocrx_word' id='word_1_663' title='bbox 3835 1996 3842 2078; x_wconf 40' lang='grc' dir='ltr'><em>Ι</em></span> 
     </span>
    </p>
   </div>
   <div class='ocr_carea' id='block_1_80' title="bbox 2273 2095 3765 2165">
    <p class='ocr_par' dir='ltr' id='par_1_80' title="bbox 2273 2095 3765 2165">
     <span class='ocr_line' id='line_1_80' title="bbox 2273 2095 3765 2165; baseline 0.005 -19"><span class='ocrx_word' id='word_1_664' title='bbox 2273 2102 2488 2148; x_wconf 86' lang='lat' dir='ltr'><strong>nuerunt</strong></span> <span class='ocrx_word' id='word_1_665' title='bbox 2518 2095 2572 2146; x_wconf 88' lang='lat' dir='ltr'><strong>in</strong></span> <span class='ocrx_word' id='word_1_666' title='bbox 2601 2095 2990 2165; x_wconf 86' lang='lat' dir='ltr'><strong>cogitationibus</strong></span> <span class='ocrx_word' id='word_1_667' title='bbox 3019 2096 3126 2150; x_wconf 83' lang='lat' dir='ltr'><strong>suis</strong></span> <span class='ocrx_word' id='word_1_668' title='bbox 3144 2136 3160 2161; x_wconf 95' lang='lat'><strong>,</strong></span> <span class='ocrx_word' id='word_1_669' title='bbox 3206 2106 3254 2151; x_wconf 88' lang='lat' dir='ltr'><strong>et</strong></span> <span class='ocrx_word' id='word_1_670' title='bbox 3283 2099 3591 2154; x_wconf 84' lang='lat' dir='ltr'><strong>obscuratum</strong></span> <span class='ocrx_word' id='word_1_671' title='bbox 3613 2111 3666 2156; x_wconf 83' lang='lat' dir='ltr'><strong>est</strong></span> <span class='ocrx_word' id='word_1_672' title='bbox 3690 2102 3765 2154; x_wconf 68' lang='lat' dir='ltr'><strong>insi</strong></span> 
     </span>
    </p>
   </div>
   <div class='ocr_carea' id='block_1_81' title="bbox 2274 2185 3763 2259">
    <p class='ocr_par' dir='ltr' id='par_1_81' title="bbox 2274 2185 3763 2259">
     <span class='ocr_line' id='line_1_81' title="bbox 2274 2185 3763 2259; baseline 0.004 -19"><span class='ocrx_word' id='word_1_673' title='bbox 2274 2185 2416 2255; x_wconf 84' lang='lat' dir='ltr'><strong>piens</strong></span> <span class='ocrx_word' id='word_1_674' title='bbox 2453 2201 2540 2241; x_wconf 87' lang='lat' dir='ltr'><strong>cor</strong></span> <span class='ocrx_word' id='word_1_675' title='bbox 2568 2202 2762 2240; x_wconf 84' lang='lat' dir='ltr'><strong>eorum.</strong></span> <span class='ocrx_word' id='word_1_676' title='bbox 2779 2186 2898 2242; x_wconf 80' lang='lat' dir='ltr'><strong>lam</strong></span> <span class='ocrx_word' id='word_1_677' title='bbox 2926 2187 3022 2242; x_wconf 89' lang='lat' dir='ltr'><strong>ista</strong></span> <span class='ocrx_word' id='word_1_678' title='bbox 3046 2202 3204 2259; x_wconf 71' lang='lat' dir='ltr'><strong>paena</strong></span> <span class='ocrx_word' id='word_1_679' title='bbox 3234 2199 3321 2245; x_wconf 90' lang='lat' dir='ltr'><strong>est</strong></span> <span class='ocrx_word' id='word_1_680' title='bbox 3342 2189 3622 2245; x_wconf 86' lang='lat' dir='ltr'><strong>obscuratio</strong></span> <span class='ocrx_word' id='word_1_681' title='bbox 3638 2191 3763 2246; x_wconf 72' lang='lat' dir='ltr'><strong>cordis.</strong></span> 
     </span>
    </p>
   </div>
   <div class='ocr_carea' id='block_1_82' title="bbox 2275 2273 3763 2351">
    <p class='ocr_par' dir='ltr' id='par_1_82' title="bbox 2275 2273 3763 2351">
     <span class='ocr_line' id='line_1_82' title="bbox 2275 2273 3763 2351; baseline 0.005 -21"><span class='ocrx_word' id='word_1_682' title='bbox 2275 2273 2382 2330; x_wconf 90' lang='lat' dir='ltr'><strong>Sed</strong></span> <span class='ocrx_word' id='word_1_683' title='bbox 2422 2275 2562 2332; x_wconf 89' lang='lat' dir='ltr'><strong>unde</strong></span> <span class='ocrx_word' id='word_1_684' title='bbox 2590 2275 2853 2348; x_wconf 81' lang='lat' dir='ltr'><strong>contigit?</strong></span> <span class='ocrx_word' id='word_1_685' title='bbox 2894 2275 3128 2332; x_wconf 85' lang='lat' dir='ltr'><strong>Dicentes</strong></span> <span class='ocrx_word' id='word_1_686' title='bbox 3170 2279 3307 2332; x_wconf 87' lang='lat' dir='ltr'><strong>enim</strong></span> <span class='ocrx_word' id='word_1_687' title='bbox 3353 2296 3408 2334; x_wconf 91' lang='lat' dir='ltr'><strong>se</strong></span> <span class='ocrx_word' id='word_1_688' title='bbox 3445 2297 3544 2336; x_wconf 86' lang='lat' dir='ltr'><strong>esse</strong></span> <span class='ocrx_word' id='word_1_689' title='bbox 3566 2281 3763 2351; x_wconf 72' lang='lat' dir='ltr'><strong>sapientis,</strong></span> 
     </span>
    </p>
   </div>
   <div class='ocr_carea' id='block_1_83' title="bbox 2276 2368 3768 2442">
    <p class='ocr_par' dir='ltr' id='par_1_83' title="bbox 2276 2368 3768 2442">
     <span class='ocr_line' id='line_1_83' title="bbox 2276 2368 3768 2442; baseline 0.002 -19"><span class='ocrx_word' id='word_1_690' title='bbox 2276 2370 2416 2423; x_wconf 84' lang='lat' dir='ltr'><strong>stulti</strong></span> <span class='ocrx_word' id='word_1_691' title='bbox 2443 2369 2564 2438; x_wconf 87' lang='lat' dir='ltr'><strong>facti</strong></span> <span class='ocrx_word' id='word_1_692' title='bbox 2593 2377 2709 2423; x_wconf 86' lang='lat' dir='ltr'><strong>sunt</strong></span> <span class='ocrx_word' id='word_1_693' title='bbox 2739 2368 2918 2440; x_wconf 81' lang='lat' dir='ltr'><strong>(Rom.</strong></span> <span class='ocrx_word' id='word_1_694' title='bbox 2949 2385 3005 2436; x_wconf 83' lang='grc' dir='ltr'><strong>ι,</strong></span> <span class='ocrx_word' id='word_1_695' title='bbox 3035 2368 3391 2442; x_wconf 73' lang='lat' dir='ltr'><strong>21-29).Quia</strong></span> <span class='ocrx_word' id='word_1_696' title='bbox 3417 2387 3447 2425; x_wconf 93' lang='lat' dir='ltr'><strong>a</strong></span> <span class='ocrx_word' id='word_1_697' title='bbox 3474 2387 3528 2426; x_wconf 92' lang='lat' dir='ltr'><strong>se</strong></span> <span class='ocrx_word' id='word_1_698' title='bbox 3554 2371 3768 2428; x_wconf 79' lang='lat' dir='ltr'><strong>liaberedi-</strong></span> 
     </span>
    </p>
   </div>
   <div class='ocr_carea' id='block_1_84' title="bbox 2277 2459 3768 2537">
    <p class='ocr_par' dir='ltr' id='par_1_84' title="bbox 2277 2459 3768 2537">
     <span class='ocr_line' id='line_1_84' title="bbox 2277 2459 3768 2537; baseline 0.001 -19"><span class='ocrx_word' id='word_1_699' title='bbox 2277 2461 2471 2518; x_wconf 88' lang='lat' dir='ltr'><strong>cebant</strong></span> <span class='ocrx_word' id='word_1_700' title='bbox 2494 2462 2637 2532; x_wconf 88' lang='lat' dir='ltr'><strong>quod</strong></span> <span class='ocrx_word' id='word_1_701' title='bbox 2667 2476 2697 2515; x_wconf 90' lang='lat' dir='ltr'><strong>a</strong></span> <span class='ocrx_word' id='word_1_702' title='bbox 2729 2459 2840 2518; x_wconf 90' lang='lat' dir='ltr'><strong>Deo</strong></span> <span class='ocrx_word' id='word_1_703' title='bbox 2867 2471 3223 2534; x_wconf 88' lang='lat' dir='ltr'><strong>acceperant;</strong></span> <span class='ocrx_word' id='word_1_704' title='bbox 3246 2471 3342 2519; x_wconf 90' lang='lat' dir='ltr'><strong>aut</strong></span> <span class='ocrx_word' id='word_1_705' title='bbox 3367 2463 3412 2520; x_wconf 92' lang='lat' dir='ltr'><strong>si</strong></span> <span class='ocrx_word' id='word_1_706' title='bbox 3439 2473 3768 2537; x_wconf 73' lang='lat' dir='ltr'><strong>cognoverint:</strong></span> 
     </span>
    </p>
   </div>
   <div class='ocr_carea' id='block_1_85' title="bbox 2278 2553 3763 2628">
    <p class='ocr_par' dir='ltr' id='par_1_85' title="bbox 2278 2553 3763 2628">
     <span class='ocr_line' id='line_1_85' title="bbox 2278 2553 3763 2628; baseline 0.003 -22"><span class='ocrx_word' id='word_1_707' title='bbox 2278 2567 2385 2622; x_wconf 91' lang='lat' dir='ltr'><strong>quo</strong></span> <span class='ocrx_word' id='word_1_708' title='bbox 2425 2561 2788 2623; x_wconf 85' lang='lat' dir='ltr'><strong>acceperunt,</strong></span> <span class='ocrx_word' id='word_1_709' title='bbox 2831 2567 2940 2608; x_wconf 91' lang='lat' dir='ltr'><strong>non</strong></span> <span class='ocrx_word' id='word_1_710' title='bbox 2984 2568 3106 2609; x_wconf 91' lang='lat' dir='ltr'><strong>eum</strong></span> <span class='ocrx_word' id='word_1_711' title='bbox 3139 2553 3763 2628; x_wconf 79' lang='lat' dir='ltr'><strong>gloriﬁcaveruntaquost</strong></span> 
     </span>
    </p>
   </div>
   <div class='ocr_carea' id='block_1_86' title="bbox 2279 2643 3767 2715">
    <p class='ocr_par' dir='ltr' id='par_1_86' title="bbox 2279 2643 3767 2715">
     <span class='ocr_line' id='line_1_86' title="bbox 2279 2643 3767 2715; baseline 0.003 -17"><span class='ocrx_word' id='word_1_712' title='bbox 2279 2643 2550 2713; x_wconf 87' lang='lat' dir='ltr'><strong>accepisse</strong></span> <span class='ocrx_word' id='word_1_713' title='bbox 2591 2652 2958 2715; x_wconf 85' lang='lat' dir='ltr'><strong>cognoverunt</strong></span> <span class='ocrx_word' id='word_1_714' title='bbox 3000 2660 3016 2711; x_wconf 89' lang='lat'><strong>;</strong></span> <span class='ocrx_word' id='word_1_715' title='bbox 3067 2643 3170 2700; x_wconf 84' lang='lat' dir='ltr'><strong>ltoc</strong></span> <span class='ocrx_word' id='word_1_716' title='bbox 3214 2654 3340 2712; x_wconf 89' lang='lat' dir='ltr'><strong>est,</strong></span> <span class='ocrx_word' id='word_1_717' title='bbox 3394 2645 3610 2703; x_wconf 83' lang='lat' dir='ltr'><strong>Dicentes</strong></span> <span class='ocrx_word' id='word_1_718' title='bbox 3646 2663 3767 2703; x_wconf 73' lang='lat' dir='ltr'><strong>tectu</strong></span> 
     </span>
    </p>
   </div>
   <div class='ocr_carea' id='block_1_87' title="bbox 2279 2736 3768 2812">
    <p class='ocr_par' dir='ltr' id='par_1_87' title="bbox 2279 2736 3768 2812">
     <span class='ocr_line' id='line_1_87' title="bbox 2279 2736 3768 2812; baseline 0.003 -23"><span class='ocrx_word' id='word_1_719' title='bbox 2279 2737 2547 2808; x_wconf 87' lang='lat' dir='ltr'><strong>sapientes.</strong></span> <span class='ocrx_word' id='word_1_720' title='bbox 2576 2738 2639 2792; x_wconf 82' lang='lat' dir='ltr'><strong>Et</strong></span> <span class='ocrx_word' id='word_1_721' title='bbox 2677 2736 2750 2792; x_wconf 87' lang='lat' dir='ltr'><strong>ibi</strong></span> <span class='ocrx_word' id='word_1_722' title='bbox 2775 2738 2956 2794; x_wconf 87' lang='lat' dir='ltr'><strong>statim</strong></span> <span class='ocrx_word' id='word_1_723' title='bbox 2991 2752 3147 2808; x_wconf 79' lang='lat' dir='ltr'><strong>pcena</strong></span> <span class='ocrx_word' id='word_1_724' title='bbox 3175 2747 3364 2796; x_wconf 81' lang='lat' dir='ltr'><strong>secuta</strong></span> <span class='ocrx_word' id='word_1_725' title='bbox 3391 2749 3474 2797; x_wconf 84' lang='lat' dir='ltr'><strong>est</strong></span> <span class='ocrx_word' id='word_1_726' title='bbox 3501 2759 3514 2795; x_wconf 92' lang='lat'><strong>:</strong></span> <span class='ocrx_word' id='word_1_727' title='bbox 3544 2741 3674 2798; x_wconf 82' lang='lat' dir='ltr'><strong>Stulti</strong></span> <span class='ocrx_word' id='word_1_728' title='bbox 3699 2742 3768 2812; x_wconf 77' lang='lat' dir='ltr'><strong>frui</strong></span> 
     </span>
    </p>
   </div>
   <div class='ocr_carea' id='block_1_88' title="bbox 2279 2831 3768 2902">
    <p class='ocr_par' dir='ltr' id='par_1_88' title="bbox 2279 2831 3768 2902">
     <span class='ocr_line' id='line_1_88' title="bbox 2279 2831 3768 2902; baseline 0.001 -17"><span class='ocrx_word' id='word_1_729' title='bbox 2279 2839 2415 2890; x_wconf 84' lang='lat' dir='ltr'><strong>sunt,</strong></span> <span class='ocrx_word' id='word_1_730' title='bbox 2451 2841 2499 2884; x_wconf 87' lang='lat' dir='ltr'><strong>et</strong></span> <span class='ocrx_word' id='word_1_731' title='bbox 2527 2831 2845 2885; x_wconf 85' lang='lat' dir='ltr'><strong>obscuratum</strong></span> <span class='ocrx_word' id='word_1_732' title='bbox 2869 2840 2941 2885; x_wconf 87' lang='lat' dir='ltr'><strong>est</strong></span> <span class='ocrx_word' id='word_1_733' title='bbox 2965 2831 3208 2902; x_wconf 86' lang='lat' dir='ltr'><strong>insipiens</strong></span> <span class='ocrx_word' id='word_1_734' title='bbox 3233 2849 3327 2888; x_wconf 86' lang='lat' dir='ltr'><strong>cor</strong></span> <span class='ocrx_word' id='word_1_735' title='bbox 3348 2850 3537 2888; x_wconf 87' lang='lat' dir='ltr'><strong>eorum.</strong></span> <span class='ocrx_word' id='word_1_736' title='bbox 3563 2832 3768 2889; x_wconf 69' lang='lat' dir='ltr'><strong>Dicentur:</strong></span> 
     </span>
    </p>
   </div>
   <div class='ocr_carea' id='block_1_89' title="bbox 2281 2920 3766 2994">
    <p class='ocr_par' dir='ltr' id='par_1_89' title="bbox 2281 2920 3766 2994">
     <span class='ocr_line' id='line_1_89' title="bbox 2281 2920 3766 2994; baseline -0.001 -18"><span class='ocrx_word' id='word_1_737' title='bbox 2281 2937 2388 2976; x_wconf 86' lang='lat' dir='ltr'><strong>esse</strong></span> <span class='ocrx_word' id='word_1_738' title='bbox 2417 2921 2689 2992; x_wconf 86' lang='lat' dir='ltr'><strong>sapientes,</strong></span> <span class='ocrx_word' id='word_1_739' title='bbox 2718 2920 2863 2976; x_wconf 88' lang='lat' dir='ltr'><strong>stulti</strong></span> <span class='ocrx_word' id='word_1_740' title='bbox 2891 2922 3013 2992; x_wconf 88' lang='lat' dir='ltr'><strong>facti</strong></span> <span class='ocrx_word' id='word_1_741' title='bbox 3028 2932 3166 2976; x_wconf 86' lang='lat' dir='ltr'><strong>sunt.</strong></span> <span class='ocrx_word' id='word_1_742' title='bbox 3197 2923 3374 2978; x_wconf 88' lang='lat' dir='ltr'><strong>Parva</strong></span> <span class='ocrx_word' id='word_1_743' title='bbox 3419 2925 3511 2980; x_wconf 88' lang='lat' dir='ltr'><strong>ista</strong></span> <span class='ocrx_word' id='word_1_744' title='bbox 3555 2938 3682 2994; x_wconf 62' lang='lat' dir='ltr'><strong>petua</strong></span> <span class='ocrx_word' id='word_1_745' title='bbox 3697 2923 3766 2978; x_wconf 80' lang='lat' dir='ltr'><strong>est?</strong></span> 
     </span>
    </p>
   </div>
   <div class='ocr_carea' id='block_1_90' title="bbox 2281 3013 3767 3085">
    <p class='ocr_par' dir='ltr' id='par_1_90' title="bbox 2281 3013 3767 3085">
     <span class='ocr_line' id='line_1_90' title="bbox 2281 3013 3767 3085; baseline 0.001 -16"><span class='ocrx_word' id='word_1_746' title='bbox 2281 3013 2350 3069; x_wconf 90' lang='lat' dir='ltr'><strong>Ut</strong></span> <span class='ocrx_word' id='word_1_747' title='bbox 2376 3013 2444 3070; x_wconf 91' lang='lat' dir='ltr'><strong>de</strong></span> <span class='ocrx_word' id='word_1_748' title='bbox 2476 3014 2571 3068; x_wconf 85' lang='lat' dir='ltr'><strong>ista</strong></span> <span class='ocrx_word' id='word_1_749' title='bbox 2599 3014 2711 3069; x_wconf 90' lang='lat' dir='ltr'><strong>sola</strong></span> <span class='ocrx_word' id='word_1_750' title='bbox 2743 3013 3026 3085; x_wconf 91' lang='lat' dir='ltr'><strong>loquamur</strong></span> <span class='ocrx_word' id='word_1_751' title='bbox 3057 3054 3075 3081; x_wconf 93' lang='lat'><strong>,</strong></span> <span class='ocrx_word' id='word_1_752' title='bbox 3117 3014 3430 3072; x_wconf 87' lang='lat' dir='ltr'><strong>obscuratio</strong></span> <span class='ocrx_word' id='word_1_753' title='bbox 3452 3016 3613 3072; x_wconf 87' lang='lat' dir='ltr'><strong>cordis</strong></span> <span class='ocrx_word' id='word_1_754' title='bbox 3633 3056 3647 3082; x_wconf 88' lang='lat'><strong>,</strong></span> <span class='ocrx_word' id='word_1_755' title='bbox 3669 3029 3767 3071; x_wconf 74' lang='lat' dir='ltr'><strong>etca-</strong></span> 
     </span>
    </p>
   </div>
   <div class='ocr_carea' id='block_1_91' title="bbox 2280 3105 3768 3178">
    <p class='ocr_par' dir='ltr' id='par_1_91' title="bbox 2280 3105 3768 3178">
     <span class='ocr_line' id='line_1_91' title="bbox 2280 3105 3768 3178; baseline -0.002 -17"><span class='ocrx_word' id='word_1_756' title='bbox 2280 3105 2421 3161; x_wconf 89' lang='lat' dir='ltr'><strong>catio</strong></span> <span class='ocrx_word' id='word_1_757' title='bbox 2447 3105 2643 3161; x_wconf 89' lang='lat' dir='ltr'><strong>mentis</strong></span> <span class='ocrx_word' id='word_1_758' title='bbox 2665 3119 2826 3176; x_wconf 88' lang='lat' dir='ltr'><strong>parva</strong></span> <span class='ocrx_word' id='word_1_759' title='bbox 2853 3113 2937 3160; x_wconf 89' lang='lat' dir='ltr'><strong>est</strong></span> <span class='ocrx_word' id='word_1_760' title='bbox 2965 3107 3166 3175; x_wconf 66' lang='lat' dir='ltr'><strong>paena?</strong></span> <span class='ocrx_word' id='word_1_761' title='bbox 3191 3105 3247 3162; x_wconf 90' lang='lat' dir='ltr'><strong>Si</strong></span> <span class='ocrx_word' id='word_1_762' title='bbox 3275 3107 3400 3178; x_wconf 91' lang='lat' dir='ltr'><strong>quis</strong></span> <span class='ocrx_word' id='word_1_763' title='bbox 3435 3108 3612 3162; x_wconf 89' lang='lat' dir='ltr'><strong>furtum</strong></span> <span class='ocrx_word' id='word_1_764' title='bbox 3630 3105 3768 3167; x_wconf 75' lang='lat' dir='ltr'><strong>faciens,</strong></span> 
     </span>
    </p>
   </div>
   <div class='ocr_carea' id='block_1_92' title="bbox 2282 3194 3773 3267">
    <p class='ocr_par' dir='ltr' id='par_1_92' title="bbox 2282 3194 3773 3267">
     <span class='ocr_line' id='line_1_92' title="bbox 2282 3194 3773 3267; baseline -0.001 -15"><span class='ocrx_word' id='word_1_765' title='bbox 2282 3197 2461 3252; x_wconf 88' lang='lat' dir='ltr'><strong>statim</strong></span> <span class='ocrx_word' id='word_1_766' title='bbox 2488 3195 2702 3252; x_wconf 91' lang='lat' dir='ltr'><strong>oculum</strong></span> <span class='ocrx_word' id='word_1_767' title='bbox 2729 3194 3068 3266; x_wconf 86' lang='lat' dir='ltr'><strong>perdidisset,</strong></span> <span class='ocrx_word' id='word_1_768' title='bbox 3092 3211 3283 3252; x_wconf 90' lang='lat' dir='ltr'><strong>omnes</strong></span> <span class='ocrx_word' id='word_1_769' title='bbox 3297 3196 3534 3254; x_wconf 86' lang='lat' dir='ltr'><strong>dicerent</strong></span> <span class='ocrx_word' id='word_1_770' title='bbox 3549 3198 3679 3255; x_wconf 82' lang='lat' dir='ltr'><strong>Deum</strong></span> <span class='ocrx_word' id='word_1_771' title='bbox 3699 3211 3773 3267; x_wconf 66' lang='lat' dir='ltr'><strong>pra</strong></span> 
     </span>
    </p>
   </div>
   <div class='ocr_carea' id='block_1_93' title="bbox 2282 3288 3774 3358">
    <p class='ocr_par' dir='ltr' id='par_1_93' title="bbox 2282 3288 3774 3358">
     <span class='ocr_line' id='line_1_93' title="bbox 2282 3288 3774 3358; baseline -0.004 -10"><span class='ocrx_word' id='word_1_772' title='bbox 2282 3301 2488 3349; x_wconf 91' lang='lat' dir='ltr'><strong>sentem</strong></span> <span class='ocrx_word' id='word_1_773' title='bbox 2514 3288 2833 3346; x_wconf 82' lang='lat' dir='ltr'><strong>vindicasse.</strong></span> <span class='ocrx_word' id='word_1_774' title='bbox 2889 3289 3114 3346; x_wconf 89' lang='lat' dir='ltr'><strong>Oculum</strong></span> <span class='ocrx_word' id='word_1_775' title='bbox 3166 3290 3350 3346; x_wconf 88' lang='lat' dir='ltr'><strong>cordis</strong></span> <span class='ocrx_word' id='word_1_776' title='bbox 3387 3291 3575 3358; x_wconf 90' lang='lat' dir='ltr'><strong>amisit,</strong></span> <span class='ocrx_word' id='word_1_777' title='bbox 3602 3299 3646 3346; x_wconf 89' lang='lat' dir='ltr'><strong>et</strong></span> <span class='ocrx_word' id='word_1_778' title='bbox 3667 3290 3700 3344; x_wconf 80' lang='lat' dir='ltr'><strong>ei</strong></span> <span class='ocrx_word' id='word_1_779' title='bbox 3719 3304 3774 3358; x_wconf 81' lang='lat' dir='ltr'><strong>pc-</strong></span> 
     </span>
    </p>
   </div>
   <div class='ocr_carea' id='block_1_94' title="bbox 2284 3380 3773 3456">
    <p class='ocr_par' dir='ltr' id='par_1_94' title="bbox 2284 3380 3773 3456">
     <span class='ocr_line' id='line_1_94' title="bbox 2284 3380 3773 3456; baseline -0.004 -16"><span class='ocrx_word' id='word_1_780' title='bbox 2284 3387 2516 3455; x_wconf 85' lang='lat' dir='ltr'><strong>percisse</strong></span> <span class='ocrx_word' id='word_1_781' title='bbox 2545 3389 2758 3454; x_wconf 86' lang='lat' dir='ltr'><strong>putatur</strong></span> <span class='ocrx_word' id='word_1_782' title='bbox 2786 3381 2956 3441; x_wconf 85' lang='lat' dir='ltr'><strong>Deus!</strong></span> <span class='ocrx_word' id='word_1_783' title='bbox 2991 3380 3137 3438; x_wconf 85' lang='lat' dir='ltr'><strong>Sicut</strong></span> <span class='ocrx_word' id='word_1_784' title='bbox 3165 3396 3284 3437; x_wconf 87' lang='lat' dir='ltr'><strong>cera</strong></span> <span class='ocrx_word' id='word_1_785' title='bbox 3330 3384 3592 3456; x_wconf 78' lang='lat' dir='ltr'><strong>liquefacta</strong></span> <span class='ocrx_word' id='word_1_786' title='bbox 3620 3381 3773 3451; x_wconf 62' lang='lat' dir='ltr'><strong>allata</strong></span> 
     </span>
    </p>
   </div>
   <div class='ocr_carea' id='block_1_95' title="bbox 2281 3484 2386 3533">
    <p class='ocr_par' dir='ltr' id='par_1_95' title="bbox 2281 3484 2386 3533">
     <span class='ocr_line' id='line_1_95' title="bbox 2281 3484 2386 3533; baseline -0.029 0"><span class='ocrx_word' id='word_1_787' title='bbox 2281 3484 2386 3533; x_wconf 87' lang='lat' dir='ltr'><strong>tur.</strong></span> 
     </span>
    </p>
   </div>
   <div class='ocr_carea' id='block_1_96' title="bbox 2354 3561 3773 3638">
    <p class='ocr_par' dir='ltr' id='par_1_96' title="bbox 2354 3561 3773 3638">
     <span class='ocr_line' id='line_1_96' title="bbox 2354 3561 3773 3638; baseline -0.004 -15"><span class='ocrx_word' id='word_1_788' title='bbox 2354 3566 2441 3623; x_wconf 74' lang='lat' dir='ltr'><strong>l9.</strong></span> <span class='ocrx_word' id='word_1_789' title='bbox 2484 3565 2830 3638; x_wconf 86' lang='lat' dir='ltr'><strong>Supercecidit</strong></span> <span class='ocrx_word' id='word_1_790' title='bbox 2852 3565 2985 3638; x_wconf 87' lang='lat' dir='ltr'><strong>ignis</strong></span> <span class='ocrx_word' id='word_1_791' title='bbox 3002 3603 3018 3633; x_wconf 93' lang='lat'><strong>,</strong></span> <span class='ocrx_word' id='word_1_792' title='bbox 3049 3573 3218 3621; x_wconf 87' lang='lat' dir='ltr'><strong>etnon</strong></span> <span class='ocrx_word' id='word_1_793' title='bbox 3242 3563 3481 3623; x_wconf 78' lang='lat' dir='ltr'><strong>viderunt</strong></span> <span class='ocrx_word' id='word_1_794' title='bbox 3506 3565 3658 3622; x_wconf 76' lang='lat' dir='ltr'><strong>solent.</strong></span> <span class='ocrx_word' id='word_1_795' title='bbox 3676 3561 3773 3618; x_wconf 67' lang='lat' dir='ltr'><strong>Vide-</strong></span> 
     </span>
    </p>
   </div>
   <div class='ocr_carea' id='block_1_97' title="bbox 2283 3655 3772 3731">
    <p class='ocr_par' dir='ltr' id='par_1_97' title="bbox 2283 3655 3772 3731">
     <span class='ocr_line' id='line_1_97' title="bbox 2283 3655 3772 3731; baseline -0.004 -15"><span class='ocrx_word' id='word_1_796' title='bbox 2283 3662 2350 3716; x_wconf 92' lang='lat' dir='ltr'><strong>tis</strong></span> <span class='ocrx_word' id='word_1_797' title='bbox 2377 3660 2644 3731; x_wconf 89' lang='lat' dir='ltr'><strong>quomodo</strong></span> <span class='ocrx_word' id='word_1_798' title='bbox 2688 3660 2818 3716; x_wconf 92' lang='lat' dir='ltr'><strong>dicit</strong></span> <span class='ocrx_word' id='word_1_799' title='bbox 2863 3658 3149 3731; x_wconf 89' lang='lat' dir='ltr'><strong>quamdam</strong></span> <span class='ocrx_word' id='word_1_800' title='bbox 3194 3673 3416 3730; x_wconf 85' lang='lat' dir='ltr'><strong>poenam</strong></span> <span class='ocrx_word' id='word_1_801' title='bbox 3463 3655 3772 3716; x_wconf 78' lang='lat' dir='ltr'><strong>obscuntionis.</strong></span> 
     </span>
    </p>
   </div>
   <div class='ocr_carea' id='block_1_98' title="bbox 2279 3748 3771 3823">
    <p class='ocr_par' dir='ltr' id='par_1_98' title="bbox 2279 3748 3771 3823">
     <span class='ocr_line' id='line_1_98' title="bbox 2279 3748 3771 3823; baseline 0.003 -19"><span class='ocrx_word' id='word_1_802' title='bbox 2279 3748 2428 3823; x_wconf 83' lang='lat' dir='ltr'><strong>Ignis</strong></span> <span class='ocrx_word' id='word_1_803' title='bbox 2475 3751 2801 3823; x_wconf 86' lang='lat' dir='ltr'><strong>supercecidit</strong></span> <span class='ocrx_word' id='word_1_804' title='bbox 2828 3750 3007 3822; x_wconf 87' lang='lat' dir='ltr'><strong>:ignis</strong></span> <span class='ocrx_word' id='word_1_805' title='bbox 3055 3749 3366 3820; x_wconf 68' lang='lat' dir='ltr'><strong>superbiae,</strong></span> <span class='ocrx_word' id='word_1_806' title='bbox 3411 3750 3542 3823; x_wconf 89' lang='lat' dir='ltr'><strong>ignis</strong></span> <span class='ocrx_word' id='word_1_807' title='bbox 3581 3748 3771 3808; x_wconf 72' lang='lat' dir='ltr'><strong>fumosus.</strong></span> 
     </span>
    </p>
   </div>
   <div class='ocr_carea' id='block_1_99' title="bbox 2283 3837 3775 3916">
    <p class='ocr_par' dir='ltr' id='par_1_99' title="bbox 2283 3837 3775 3916">
     <span class='ocr_line' id='line_1_99' title="bbox 2283 3837 3775 3916; baseline -0.003 -16"><span class='ocrx_word' id='word_1_808' title='bbox 2283 3845 2420 3916; x_wconf 84' lang='lat' dir='ltr'><strong>ignis</strong></span> <span class='ocrx_word' id='word_1_809' title='bbox 2442 3842 2887 3914; x_wconf 79' lang='lat' dir='ltr'><strong>concupiscentiae</strong></span> <span class='ocrx_word' id='word_1_810' title='bbox 2903 3883 2920 3908; x_wconf 93' lang='lat'><strong>,</strong></span> <span class='ocrx_word' id='word_1_811' title='bbox 2959 3841 3095 3913; x_wconf 80' lang='lat' dir='ltr'><strong>ignis</strong></span> <span class='ocrx_word' id='word_1_812' title='bbox 3121 3839 3437 3899; x_wconf 63' lang='lat' dir='ltr'><strong>iracundias.</strong></span> <span class='ocrx_word' id='word_1_813' title='bbox 3467 3844 3674 3912; x_wconf 85' lang='lat' dir='ltr'><strong>Quantus</strong></span> <span class='ocrx_word' id='word_1_814' title='bbox 3693 3837 3775 3908; x_wconf 74' lang='lat' dir='ltr'><strong>ignis</strong></span> 
     </span>
    </p>
   </div>
   <div class='ocr_carea' id='block_1_100' title="bbox 2281 3929 3776 4009">
    <p class='ocr_par' dir='ltr' id='par_1_100' title="bbox 2281 3929 3776 4009">
     <span class='ocr_line' id='line_1_100' title="bbox 2281 3929 3776 4009; baseline -0.007 -14"><span class='ocrx_word' id='word_1_815' title='bbox 2281 3940 2408 3995; x_wconf 87' lang='lat' dir='ltr'><strong>est?</strong></span> <span class='ocrx_word' id='word_1_816' title='bbox 2445 3938 2620 4008; x_wconf 87' lang='lat' dir='ltr'><strong>Super</strong></span> <span class='ocrx_word' id='word_1_817' title='bbox 2646 3951 2804 4009; x_wconf 87' lang='lat' dir='ltr'><strong>quem</strong></span> <span class='ocrx_word' id='word_1_818' title='bbox 2831 3933 3116 4002; x_wconf 86' lang='lat' dir='ltr'><strong>ceciderit,</strong></span> <span class='ocrx_word' id='word_1_819' title='bbox 3150 3951 3257 3990; x_wconf 91' lang='lat' dir='ltr'><strong>non</strong></span> <span class='ocrx_word' id='word_1_820' title='bbox 3288 3935 3495 3991; x_wconf 84' lang='lat' dir='ltr'><strong>videbit</strong></span> <span class='ocrx_word' id='word_1_821' title='bbox 3520 3935 3680 3991; x_wconf 85' lang='lat' dir='ltr'><strong>solem.</strong></span> <span class='ocrx_word' id='word_1_822' title='bbox 3699 3929 3776 3986; x_wconf 75' lang='lat' dir='ltr'><strong>ideo</strong></span> 
     </span>
    </p>
   </div>
   <div class='ocr_carea' id='block_1_101' title="bbox 2281 4027 3776 4099">
    <p class='ocr_par' dir='ltr' id='par_1_101' title="bbox 2281 4027 3776 4099">
     <span class='ocr_line' id='line_1_101' title="bbox 2281 4027 3776 4099; baseline -0.005 -11"><span class='ocrx_word' id='word_1_823' title='bbox 2281 4032 2482 4088; x_wconf 90' lang='lat' dir='ltr'><strong>dictum</strong></span> <span class='ocrx_word' id='word_1_824' title='bbox 2507 4041 2625 4088; x_wconf 88' lang='lat' dir='ltr'><strong>est:</strong></span> <span class='ocrx_word' id='word_1_825' title='bbox 2660 4029 2779 4084; x_wconf 87' lang='lat' dir='ltr'><strong>Non</strong></span> <span class='ocrx_word' id='word_1_826' title='bbox 2801 4029 2996 4084; x_wconf 89' lang='lat' dir='ltr'><strong>occidat</strong></span> <span class='ocrx_word' id='word_1_827' title='bbox 3025 4027 3103 4082; x_wconf 84' lang='lat' dir='ltr'><strong>sol</strong></span> <span class='ocrx_word' id='word_1_828' title='bbox 3130 4043 3284 4099; x_wconf 86' lang='lat' dir='ltr'><strong>super</strong></span> <span class='ocrx_word' id='word_1_829' title='bbox 3315 4029 3616 4082; x_wconf 85' lang='lat' dir='ltr'><strong>iracundiam</strong></span> <span class='ocrx_word' id='word_1_830' title='bbox 3635 4032 3776 4079; x_wconf 72' lang='lat' dir='ltr'><strong>retinui</strong></span> 
     </span>
    </p>
   </div>
   <div class='ocr_carea' id='block_1_102' title="bbox 2286 4110 3778 4198">
    <p class='ocr_par' dir='ltr' id='par_1_102' title="bbox 2286 4110 3778 4198">
     <span class='ocr_line' id='line_1_102' title="bbox 2286 4110 3778 4198; baseline -0.023 1"><span class='ocrx_word' id='word_1_831' title='bbox 2286 4125 2501 4198; x_wconf 71' lang='grc' dir='ltr'><strong>(ΕΡΙιεεο</strong></span> <span class='ocrx_word' id='word_1_832' title='bbox 2530 4141 2602 4191; x_wconf 76' lang='grc' dir='ltr'><strong>ιν,</strong></span> <span class='ocrx_word' id='word_1_833' title='bbox 2646 4123 2764 4194; x_wconf 68' lang='grc'><strong>26).</strong></span> <span class='ocrx_word' id='word_1_834' title='bbox 2794 4123 2964 4194; x_wconf 78' lang='lat' dir='ltr'><strong>Ergo,</strong></span> <span class='ocrx_word' id='word_1_835' title='bbox 2989 4120 3179 4176; x_wconf 86' lang='lat' dir='ltr'><strong>fratres</strong></span> <span class='ocrx_word' id='word_1_836' title='bbox 3198 4159 3213 4185; x_wconf 92' lang='lat'><strong>,</strong></span> <span class='ocrx_word' id='word_1_837' title='bbox 3243 4118 3425 4190; x_wconf 90' lang='lat' dir='ltr'><strong>ignem</strong></span> <span class='ocrx_word' id='word_1_838' title='bbox 3451 4119 3592 4174; x_wconf 77' lang='lat' dir='ltr'><strong>malae</strong></span> <span class='ocrx_word' id='word_1_839' title='bbox 3605 4110 3778 4181; x_wconf 65' lang='lat' dir='ltr'><strong>colicupi-</strong></span> 
     </span>
    </p>
   </div>
   <div class='ocr_carea' id='block_1_103' title="bbox 2282 4210 3778 4281">
    <p class='ocr_par' dir='ltr' id='par_1_103' title="bbox 2282 4210 3778 4281">
     <span class='ocr_line' id='line_1_103' title="bbox 2282 4210 3778 4281; baseline -0.008 -8"><span class='ocrx_word' id='word_1_840' title='bbox 2282 4217 2502 4273; x_wconf 74' lang='lat' dir='ltr'><strong>scentiae</strong></span> <span class='ocrx_word' id='word_1_841' title='bbox 2529 4216 2710 4270; x_wconf 87' lang='lat' dir='ltr'><strong>timete</strong></span> <span class='ocrx_word' id='word_1_842' title='bbox 2731 4255 2746 4280; x_wconf 96' lang='lat'><strong>,</strong></span> <span class='ocrx_word' id='word_1_843' title='bbox 2776 4212 2820 4267; x_wconf 88' lang='lat' dir='ltr'><strong>si</strong></span> <span class='ocrx_word' id='word_1_844' title='bbox 2852 4228 2961 4267; x_wconf 87' lang='lat' dir='ltr'><strong>non</strong></span> <span class='ocrx_word' id='word_1_845' title='bbox 2987 4211 3146 4267; x_wconf 87' lang='lat' dir='ltr'><strong>vultis</strong></span> <span class='ocrx_word' id='word_1_846' title='bbox 3176 4210 3441 4281; x_wconf 82' lang='lat' dir='ltr'><strong>liquefieri</strong></span> <span class='ocrx_word' id='word_1_847' title='bbox 3469 4212 3593 4267; x_wconf 88' lang='lat' dir='ltr'><strong>sicut</strong></span> <span class='ocrx_word' id='word_1_848' title='bbox 3615 4211 3778 4269; x_wconf 66' lang='lat' dir='ltr'><strong>comet</strong></span> 
     </span>
    </p>
   </div>
   <div class='ocr_carea' id='block_1_104' title="bbox 2284 4304 3774 4381">
    <p class='ocr_par' dir='ltr' id='par_1_104' title="bbox 2284 4304 3774 4381">
     <span class='ocr_line' id='line_1_104' title="bbox 2284 4304 3774 4381; baseline -0.007 -16"><span class='ocrx_word' id='word_1_849' title='bbox 2284 4309 2462 4381; x_wconf 89' lang='lat' dir='ltr'><strong>perire</strong></span> <span class='ocrx_word' id='word_1_850' title='bbox 2493 4322 2523 4362; x_wconf 90' lang='lat' dir='ltr'><strong>a</strong></span> <span class='ocrx_word' id='word_1_851' title='bbox 2549 4307 2682 4362; x_wconf 86' lang='lat' dir='ltr'><strong>facie</strong></span> <span class='ocrx_word' id='word_1_852' title='bbox 2714 4306 2826 4360; x_wconf 87' lang='lat' dir='ltr'><strong>Dei.</strong></span> <span class='ocrx_word' id='word_1_853' title='bbox 2852 4304 3166 4375; x_wconf 84' lang='lat' dir='ltr'><strong>Supcrcadit</strong></span> <span class='ocrx_word' id='word_1_854' title='bbox 3193 4305 3338 4360; x_wconf 81' lang='lat' dir='ltr'><strong>enim</strong></span> <span class='ocrx_word' id='word_1_855' title='bbox 3373 4305 3507 4376; x_wconf 85' lang='lat' dir='ltr'><strong>ignis</strong></span> <span class='ocrx_word' id='word_1_856' title='bbox 3534 4305 3632 4364; x_wconf 90' lang='lat' dir='ltr'><strong>iste,</strong></span> <span class='ocrx_word' id='word_1_857' title='bbox 3656 4309 3696 4355; x_wconf 84' lang='lat' dir='ltr'><strong>et</strong></span> <span class='ocrx_word' id='word_1_858' title='bbox 3715 4311 3774 4349; x_wconf 85' lang='lat' dir='ltr'><strong>so-</strong></span> 
     </span>
    </p>
   </div>
   <div class='ocr_carea' id='block_1_105' title="bbox 2283 4395 3778 4465">
    <p class='ocr_par' dir='ltr' id='par_1_105' title="bbox 2283 4395 3778 4465">
     <span class='ocr_line' id='line_1_105' title="bbox 2283 4395 3778 4465; baseline -0.008 -9"><span class='ocrx_word' id='word_1_859' title='bbox 2283 4401 2387 4458; x_wconf 89' lang='lat' dir='ltr'><strong>lem</strong></span> <span class='ocrx_word' id='word_1_860' title='bbox 2412 4415 2516 4456; x_wconf 89' lang='lat' dir='ltr'><strong>non</strong></span> <span class='ocrx_word' id='word_1_861' title='bbox 2547 4397 2811 4454; x_wconf 83' lang='lat' dir='ltr'><strong>videbitis.</strong></span> <span class='ocrx_word' id='word_1_862' title='bbox 2831 4396 2998 4465; x_wconf 82' lang='lat' dir='ltr'><strong>Quem</strong></span> <span class='ocrx_word' id='word_1_863' title='bbox 3025 4397 3238 4451; x_wconf 84' lang='lat' dir='ltr'><strong>solent?</strong></span> <span class='ocrx_word' id='word_1_864' title='bbox 3267 4395 3386 4452; x_wconf 78' lang='lat' dir='ltr'><strong>Non</strong></span> <span class='ocrx_word' id='word_1_865' title='bbox 3420 4398 3564 4451; x_wconf 89' lang='lat' dir='ltr'><strong>istum</strong></span> <span class='ocrx_word' id='word_1_866' title='bbox 3588 4406 3709 4464; x_wconf 84' lang='lat' dir='ltr'><strong>quem</strong></span> <span class='ocrx_word' id='word_1_867' title='bbox 3731 4399 3778 4439; x_wconf 84' lang='lat' dir='ltr'><strong>Ic-</strong></span> 
     </span>
    </p>
   </div>
   <div class='ocr_carea' id='block_1_106' title="bbox 2282 4479 3774 4559">
    <p class='ocr_par' dir='ltr' id='par_1_106' title="bbox 2282 4479 3774 4559">
     <span class='ocr_line' id='line_1_106' title="bbox 2282 4479 3774 4559; baseline -0.009 -11"><span class='ocrx_word' id='word_1_868' title='bbox 2282 4507 2405 4548; x_wconf 91' lang='lat' dir='ltr'><strong>cum</strong></span> <span class='ocrx_word' id='word_1_869' title='bbox 2428 4490 2606 4545; x_wconf 90' lang='lat' dir='ltr'><strong>vident</strong></span> <span class='ocrx_word' id='word_1_870' title='bbox 2649 4499 2701 4544; x_wconf 86' lang='lat' dir='ltr'><strong>et</strong></span> <span class='ocrx_word' id='word_1_871' title='bbox 2737 4503 2926 4559; x_wconf 89' lang='lat' dir='ltr'><strong>pecora</strong></span> <span class='ocrx_word' id='word_1_872' title='bbox 2947 4529 2962 4552; x_wconf 90' lang='lat'><strong>,</strong></span> <span class='ocrx_word' id='word_1_873' title='bbox 2994 4498 3049 4542; x_wconf 91' lang='lat' dir='ltr'><strong>et</strong></span> <span class='ocrx_word' id='word_1_874' title='bbox 3080 4504 3275 4541; x_wconf 46' lang='lat' dir='ltr'><strong>musae</strong></span> <span class='ocrx_word' id='word_1_875' title='bbox 3302 4531 3318 4552; x_wconf 91' lang='lat'><strong>,</strong></span> <span class='ocrx_word' id='word_1_876' title='bbox 3375 4499 3430 4542; x_wconf 84' lang='lat' dir='ltr'><strong>ct</strong></span> <span class='ocrx_word' id='word_1_877' title='bbox 3457 4486 3570 4541; x_wconf 86' lang='lat' dir='ltr'><strong>boui</strong></span> <span class='ocrx_word' id='word_1_878' title='bbox 3595 4492 3640 4539; x_wconf 88' lang='lat' dir='ltr'><strong>ct</strong></span> <span class='ocrx_word' id='word_1_879' title='bbox 3669 4479 3774 4534; x_wconf 76' lang='lat' dir='ltr'><strong>mali;</strong></span> 
     </span>
    </p>
   </div>
   <div class='ocr_carea' id='block_1_107' title="bbox 2281 4570 3776 4656">
    <p class='ocr_par' dir='ltr' id='par_1_107' title="bbox 2281 4570 3776 4656">
     <span class='ocr_line' id='line_1_107' title="bbox 2281 4570 3776 4656; baseline -0.01 -16"><span class='ocrx_word' id='word_1_880' title='bbox 2281 4585 2405 4656; x_wconf 89' lang='lat' dir='ltr'><strong>quia</strong></span> <span class='ocrx_word' id='word_1_881' title='bbox 2452 4581 2576 4637; x_wconf 88' lang='lat' dir='ltr'><strong>facit</strong></span> <span class='ocrx_word' id='word_1_882' title='bbox 2617 4581 2784 4636; x_wconf 88' lang='lat' dir='ltr'><strong>solem</strong></span> <span class='ocrx_word' id='word_1_883' title='bbox 2827 4594 2981 4635; x_wconf 90' lang='lat' dir='ltr'><strong>suum</strong></span> <span class='ocrx_word' id='word_1_884' title='bbox 3027 4578 3156 4633; x_wconf 92' lang='lat' dir='ltr'><strong>oriri</strong></span> <span class='ocrx_word' id='word_1_885' title='bbox 3191 4594 3356 4651; x_wconf 86' lang='lat' dir='ltr'><strong>super</strong></span> <span class='ocrx_word' id='word_1_886' title='bbox 3399 4579 3561 4641; x_wconf 80' lang='lat' dir='ltr'><strong>bonos</strong></span> <span class='ocrx_word' id='word_1_887' title='bbox 3593 4584 3636 4632; x_wconf 84' lang='lat' dir='ltr'><strong>et</strong></span> <span class='ocrx_word' id='word_1_888' title='bbox 3666 4570 3776 4627; x_wconf 69' lang='lat' dir='ltr'><strong>malm</strong></span> 
     </span>
    </p>
   </div>
   <div class='ocr_carea' id='block_1_108' title="bbox 2289 4665 3776 4748">
    <p class='ocr_par' dir='ltr' id='par_1_108' title="bbox 2289 4665 3776 4748">
     <span class='ocr_line' id='line_1_108' title="bbox 2289 4665 3776 4748; baseline -0.015 -13"><span class='ocrx_word' id='word_1_889' title='bbox 2289 4677 2498 4748; x_wconf 75' lang='lat' dir='ltr'><strong>(Matth.</strong></span> <span class='ocrx_word' id='word_1_890' title='bbox 2531 4691 2584 4742; x_wconf 91' lang='lat' dir='ltr'><strong>v,</strong></span> <span class='ocrx_word' id='word_1_891' title='bbox 2612 4675 2726 4745; x_wconf 75' lang='grc'><strong>45).</strong></span> <span class='ocrx_word' id='word_1_892' title='bbox 2755 4673 2857 4729; x_wconf 87' lang='lat' dir='ltr'><strong>Sed</strong></span> <span class='ocrx_word' id='word_1_893' title='bbox 2886 4682 2968 4728; x_wconf 90' lang='lat' dir='ltr'><strong>est</strong></span> <span class='ocrx_word' id='word_1_894' title='bbox 2997 4673 3135 4727; x_wconf 88' lang='lat' dir='ltr'><strong>alius</strong></span> <span class='ocrx_word' id='word_1_895' title='bbox 3161 4672 3263 4737; x_wconf 90' lang='lat' dir='ltr'><strong>sol,</strong></span> <span class='ocrx_word' id='word_1_896' title='bbox 3297 4672 3367 4730; x_wconf 88' lang='lat' dir='ltr'><strong>de</strong></span> <span class='ocrx_word' id='word_1_897' title='bbox 3395 4688 3497 4744; x_wconf 89' lang='lat' dir='ltr'><strong>quo</strong></span> <span class='ocrx_word' id='word_1_898' title='bbox 3523 4665 3680 4724; x_wconf 86' lang='lat' dir='ltr'><strong>dicturi</strong></span> <span class='ocrx_word' id='word_1_899' title='bbox 3697 4671 3776 4716; x_wconf 63' lang='lat' dir='ltr'><strong>sum</strong></span> 
     </span>
    </p>
   </div>
   <div class='ocr_carea' id='block_1_109' title="bbox 2283 4753 3775 4836">
    <p class='ocr_par' dir='ltr' id='par_1_109' title="bbox 2283 4753 3775 4836">
     <span class='ocr_line' id='line_1_109' title="bbox 2283 4753 3775 4836; baseline -0.016 -10"><span class='ocrx_word' id='word_1_900' title='bbox 2283 4767 2391 4836; x_wconf 87' lang='lat' dir='ltr'><strong>illi,</strong></span> <span class='ocrx_word' id='word_1_901' title='bbox 2423 4767 2484 4822; x_wconf 86' lang='lat' dir='ltr'><strong>Et</strong></span> <span class='ocrx_word' id='word_1_902' title='bbox 2508 4765 2588 4822; x_wconf 87' lang='lat' dir='ltr'><strong>sol</strong></span> <span class='ocrx_word' id='word_1_903' title='bbox 2629 4783 2729 4820; x_wconf 89' lang='lat' dir='ltr'><strong>non</strong></span> <span class='ocrx_word' id='word_1_904' title='bbox 2753 4775 2892 4820; x_wconf 86' lang='lat' dir='ltr'><strong>ortus</strong></span> <span class='ocrx_word' id='word_1_905' title='bbox 2920 4774 2992 4819; x_wconf 85' lang='lat' dir='ltr'><strong>est</strong></span> <span class='ocrx_word' id='word_1_906' title='bbox 3028 4764 3204 4830; x_wconf 86' lang='lat' dir='ltr'><strong>nobis;</strong></span> <span class='ocrx_word' id='word_1_907' title='bbox 3247 4766 3548 4830; x_wconf 76' lang='lat' dir='ltr'><strong>transierunt</strong></span> <span class='ocrx_word' id='word_1_908' title='bbox 3572 4757 3700 4815; x_wconf 73' lang='lat' dir='ltr'><strong>omnia</strong></span> <span class='ocrx_word' id='word_1_909' title='bbox 3721 4753 3775 4804; x_wconf 62' lang='lat' dir='ltr'><strong>illa</strong></span> 
     </span>
    </p>
   </div>
   <div class='ocr_carea' id='block_1_110' title="bbox 2283 4847 3774 4930">
    <p class='ocr_par' dir='ltr' id='par_1_110' title="bbox 2283 4847 3774 4930">
     <span class='ocr_line' id='line_1_110' title="bbox 2283 4847 3774 4930; baseline -0.009 -16"><span class='ocrx_word' id='word_1_910' title='bbox 2283 4869 2520 4930; x_wconf 77' lang='lat' dir='ltr'><strong>tanquam</strong></span> <span class='ocrx_word' id='word_1_911' title='bbox 2548 4858 2743 4913; x_wconf 88' lang='lat' dir='ltr'><strong>umbra.</strong></span> <span class='ocrx_word' id='word_1_912' title='bbox 2775 4855 2916 4926; x_wconf 86' lang='lat' dir='ltr'><strong>Ergo</strong></span> <span class='ocrx_word' id='word_1_913' title='bbox 2946 4856 3221 4912; x_wconf 85' lang='lat' dir='ltr'><strong>erravimus</strong></span> <span class='ocrx_word' id='word_1_914' title='bbox 3249 4876 3280 4909; x_wconf 79' lang='grc' dir='ltr'><strong>ιι</strong></span> <span class='ocrx_word' id='word_1_915' title='bbox 3313 4858 3396 4911; x_wconf 78' lang='lat' dir='ltr'><strong>riu</strong></span> <span class='ocrx_word' id='word_1_916' title='bbox 3427 4852 3650 4912; x_wconf 72' lang='lat' dir='ltr'><strong>actitatis,</strong></span> <span class='ocrx_word' id='word_1_917' title='bbox 3675 4847 3774 4914; x_wconf 64' lang='lat' dir='ltr'><strong>rtjtt&#39;</strong></span> 
     </span>
    </p>
   </div>
   <div class='ocr_carea' id='block_1_111' title="bbox 2283 4935 3774 5013">
    <p class='ocr_par' dir='ltr' id='par_1_111' title="bbox 2283 4935 3774 5013">
     <span class='ocr_line' id='line_1_111' title="bbox 2283 4935 3774 5013; baseline -0.015 -4"><span class='ocrx_word' id='word_1_918' title='bbox 2283 4954 2432 5008; x_wconf 79' lang='lat' dir='ltr'><strong>stitia:</strong></span> <span class='ocrx_word' id='word_1_919' title='bbox 2461 4953 2627 5006; x_wconf 87' lang='lat' dir='ltr'><strong>lumen</strong></span> <span class='ocrx_word' id='word_1_920' title='bbox 2656 4967 2754 5004; x_wconf 92' lang='lat' dir='ltr'><strong>non</strong></span> <span class='ocrx_word' id='word_1_921' title='bbox 2783 4948 2910 5003; x_wconf 76' lang='lat' dir='ltr'><strong>luxit</strong></span> <span class='ocrx_word' id='word_1_922' title='bbox 2955 4948 3094 5002; x_wconf 87' lang='lat' dir='ltr'><strong>nobis</strong></span> <span class='ocrx_word' id='word_1_923' title='bbox 3113 4990 3128 5013; x_wconf 93' lang='lat'><strong>,</strong></span> <span class='ocrx_word' id='word_1_924' title='bbox 3161 4958 3205 5002; x_wconf 88' lang='lat' dir='ltr'><strong>et</strong></span> <span class='ocrx_word' id='word_1_925' title='bbox 3231 4951 3306 5004; x_wconf 85' lang='lat' dir='ltr'><strong>so!</strong></span> <span class='ocrx_word' id='word_1_926' title='bbox 3328 4965 3429 5004; x_wconf 87' lang='lat' dir='ltr'><strong>non</strong></span> <span class='ocrx_word' id='word_1_927' title='bbox 3455 4956 3580 5002; x_wconf 83' lang='lat' dir='ltr'><strong>ortus</strong></span> <span class='ocrx_word' id='word_1_928' title='bbox 3599 4949 3656 4997; x_wconf 84' lang='lat' dir='ltr'><strong>est</strong></span> <span class='ocrx_word' id='word_1_929' title='bbox 3683 4935 3774 4990; x_wconf 65' lang='lat' dir='ltr'><strong>acii:</strong></span> 
     </span>
    </p>
   </div>
   <div class='ocr_carea' id='block_1_112' title="bbox 2287 5033 3771 5119">
    <p class='ocr_par' dir='ltr' id='par_1_112' title="bbox 2287 5033 3771 5119">
     <span class='ocr_line' id='line_1_112' title="bbox 2287 5033 3771 5119; baseline 0.004 -30"><span class='ocrx_word' id='word_1_930' title='bbox 2287 5046 2443 5119; x_wconf 75' lang='lat' dir='ltr'><strong>(sap.</strong></span> <span class='ocrx_word' id='word_1_931' title='bbox 2474 5062 2528 5112; x_wconf 78' lang='grc' dir='ltr'><strong>ν,</strong></span> <span class='ocrx_word' id='word_1_932' title='bbox 2557 5044 2692 5115; x_wconf 80' lang='grc'><strong>6,9).</strong></span> <span class='ocrx_word' id='word_1_933' title='bbox 2727 5041 2908 5111; x_wconf 80' lang='lat' dir='ltr'><strong>Quare</strong></span> <span class='ocrx_word' id='word_1_934' title='bbox 2929 5083 2943 5106; x_wconf 90' lang='lat'><strong>,</strong></span> <span class='ocrx_word' id='word_1_935' title='bbox 2992 5043 3090 5096; x_wconf 88' lang='lat' dir='ltr'><strong>nisi</strong></span> <span class='ocrx_word' id='word_1_936' title='bbox 3115 5044 3236 5113; x_wconf 82' lang='lat' dir='ltr'><strong>quia</strong></span> <span class='ocrx_word' id='word_1_937' title='bbox 3264 5039 3578 5112; x_wconf 64' lang='lat' dir='ltr'><strong>superi-ccidit</strong></span> <span class='ocrx_word' id='word_1_938' title='bbox 3598 5033 3771 5119; x_wconf 37' lang='lat' dir='ltr'><strong>igniti&quot;:</strong></span> 
     </span>
    </p>
   </div>
   <div class='ocr_carea' id='block_1_113' title="bbox 2286 5117 3766 5206">
    <p class='ocr_par' dir='ltr' id='par_1_113' title="bbox 2286 5117 3766 5206">
     <span class='ocr_line' id='line_1_113' title="bbox 2286 5117 3766 5206; baseline -0.015 -11"><span class='ocrx_word' id='word_1_939' title='bbox 2286 5117 2386 5195; x_wconf 85' lang='lat' dir='ltr'><strong>non</strong></span> <span class='ocrx_word' id='word_1_940' title='bbox 2405 5138 2634 5194; x_wconf 82' lang='lat' dir='ltr'><strong>viderunt</strong></span> <span class='ocrx_word' id='word_1_941' title='bbox 2672 5135 2870 5192; x_wconf 83' lang='lat' dir='ltr'><strong>solent?</strong></span> <span class='ocrx_word' id='word_1_942' title='bbox 2901 5133 3039 5191; x_wconf 85' lang='lat' dir='ltr'><strong>Vicit</strong></span> <span class='ocrx_word' id='word_1_943' title='bbox 3066 5135 3185 5190; x_wconf 87' lang='lat' dir='ltr'><strong>illos</strong></span> <span class='ocrx_word' id='word_1_944' title='bbox 3207 5130 3612 5206; x_wconf 82' lang='lat' dir='ltr'><strong>concupiscentia</strong></span> <span class='ocrx_word' id='word_1_945' title='bbox 3638 5117 3766 5181; x_wconf 65' lang='lat' dir='ltr'><strong>carnis.</strong></span> 
     </span>
    </p>
   </div>
   <div class='ocr_carea' id='block_1_114' title="bbox 2285 5218 3768 5300">
    <p class='ocr_par' dir='ltr' id='par_1_114' title="bbox 2285 5218 3768 5300">
     <span class='ocr_line' id='line_1_114' title="bbox 2285 5218 3768 5300; baseline -0.01 -13"><span class='ocrx_word' id='word_1_946' title='bbox 2285 5232 2352 5287; x_wconf 87' lang='lat' dir='ltr'><strong>Et</strong></span> <span class='ocrx_word' id='word_1_947' title='bbox 2376 5231 2477 5286; x_wconf 85' lang='lat' dir='ltr'><strong>ista</strong></span> <span class='ocrx_word' id='word_1_948' title='bbox 2501 5227 2929 5300; x_wconf 88' lang='lat' dir='ltr'><strong>concupiscentia</strong></span> <span class='ocrx_word' id='word_1_949' title='bbox 2957 5226 3100 5284; x_wconf 90' lang='lat' dir='ltr'><strong>unde</strong></span> <span class='ocrx_word' id='word_1_950' title='bbox 3117 5227 3303 5282; x_wconf 87' lang='lat' dir='ltr'><strong>venit?</strong></span> <span class='ocrx_word' id='word_1_951' title='bbox 3331 5221 3601 5282; x_wconf 80' lang='lat' dir='ltr'><strong>Attendite.</strong></span> <span class='ocrx_word' id='word_1_952' title='bbox 3625 5218 3682 5272; x_wconf 78' lang='lat' dir='ltr'><strong>De</strong></span> <span class='ocrx_word' id='word_1_953' title='bbox 3703 5223 3768 5264; x_wconf 69' lang='grc' dir='ltr'><strong>ιη’</strong></span> 
     </span>
    </p>
   </div>
   <div class='ocr_carea' id='block_1_115' title="bbox 2283 5308 3765 5390">
    <p class='ocr_par' dir='ltr' id='par_1_115' title="bbox 2283 5308 3765 5390">
     <span class='ocr_line' id='line_1_115' title="bbox 2283 5308 3765 5390; baseline -0.013 -13"><span class='ocrx_word' id='word_1_954' title='bbox 2283 5321 2421 5378; x_wconf 90' lang='lat' dir='ltr'><strong>duce</strong></span> <span class='ocrx_word' id='word_1_955' title='bbox 2440 5328 2596 5376; x_wconf 90' lang='lat' dir='ltr'><strong>natus</strong></span> <span class='ocrx_word' id='word_1_956' title='bbox 2635 5335 2695 5376; x_wconf 91' lang='lat' dir='ltr'><strong>es</strong></span> <span class='ocrx_word' id='word_1_957' title='bbox 2723 5334 2843 5375; x_wconf 91' lang='lat' dir='ltr'><strong>cum</strong></span> <span class='ocrx_word' id='word_1_958' title='bbox 2871 5333 2938 5373; x_wconf 93' lang='lat' dir='ltr'><strong>eo</strong></span> <span class='ocrx_word' id='word_1_959' title='bbox 2970 5317 3113 5390; x_wconf 92' lang='lat' dir='ltr'><strong>quod</strong></span> <span class='ocrx_word' id='word_1_960' title='bbox 3145 5317 3330 5374; x_wconf 85' lang='lat' dir='ltr'><strong>vincas</strong></span> <span class='ocrx_word' id='word_1_961' title='bbox 3358 5335 3370 5372; x_wconf 92' lang='lat'><strong>:</strong></span> <span class='ocrx_word' id='word_1_962' title='bbox 3399 5315 3504 5373; x_wconf 92' lang='lat' dir='ltr'><strong>noli</strong></span> <span class='ocrx_word' id='word_1_963' title='bbox 3539 5311 3616 5368; x_wconf 87' lang='lat' dir='ltr'><strong>tibi</strong></span> <span class='ocrx_word' id='word_1_964' title='bbox 3648 5308 3765 5360; x_wconf 56' lang='lat' dir='ltr'><strong>hoste.1</strong></span> 
     </span>
    </p>
   </div>
   <div class='ocr_carea' id='block_1_116' title="bbox 2285 5394 3763 5482">
    <p class='ocr_par' dir='ltr' id='par_1_116' title="bbox 2285 5394 3763 5482">
     <span class='ocr_line' id='line_1_116' title="bbox 2285 5394 3763 5482; baseline -0.011 -12"><span class='ocrx_word' id='word_1_965' title='bbox 2285 5413 2483 5471; x_wconf 88' lang='lat' dir='ltr'><strong>addere</strong></span> <span class='ocrx_word' id='word_1_966' title='bbox 2503 5454 2520 5480; x_wconf 93' lang='lat'><strong>,</strong></span> <span class='ocrx_word' id='word_1_967' title='bbox 2547 5412 2701 5468; x_wconf 89' lang='lat' dir='ltr'><strong>vince</strong></span> <span class='ocrx_word' id='word_1_968' title='bbox 2727 5426 2850 5468; x_wconf 92' lang='lat' dir='ltr'><strong>cum</strong></span> <span class='ocrx_word' id='word_1_969' title='bbox 2881 5426 2987 5482; x_wconf 92' lang='lat' dir='ltr'><strong>quo</strong></span> <span class='ocrx_word' id='word_1_970' title='bbox 3034 5420 3190 5468; x_wconf 88' lang='lat' dir='ltr'><strong>natus</strong></span> <span class='ocrx_word' id='word_1_971' title='bbox 3230 5426 3311 5466; x_wconf 86' lang='lat' dir='ltr'><strong>es.</strong></span> <span class='ocrx_word' id='word_1_972' title='bbox 3354 5410 3433 5465; x_wconf 82' lang='lat' dir='ltr'><strong>Ad</strong></span> <span class='ocrx_word' id='word_1_973' title='bbox 3467 5404 3658 5464; x_wconf 81' lang='lat' dir='ltr'><strong>stadium</strong></span> <span class='ocrx_word' id='word_1_974' title='bbox 3688 5394 3763 5445; x_wconf 63' lang='lat' dir='ltr'><strong>vilit-</strong></span> 
     </span>
    </p>
   </div>
   <div class='ocr_carea' id='block_1_117' title="bbox 2285 5491 3761 5577">
    <p class='ocr_par' dir='ltr' id='par_1_117' title="bbox 2285 5491 3761 5577">
     <span class='ocr_line' id='line_1_117' title="bbox 2285 5491 3761 5577; baseline -0.014 -15"><span class='ocrx_word' id='word_1_975' title='bbox 2285 5504 2444 5577; x_wconf 87' lang='lat' dir='ltr'><strong>bujus</strong></span> <span class='ocrx_word' id='word_1_976' title='bbox 2463 5519 2585 5562; x_wconf 89' lang='lat' dir='ltr'><strong>cum</strong></span> <span class='ocrx_word' id='word_1_977' title='bbox 2615 5505 2707 5561; x_wconf 91' lang='lat' dir='ltr'><strong>illo</strong></span> <span class='ocrx_word' id='word_1_978' title='bbox 2733 5502 2948 5569; x_wconf 86' lang='lat' dir='ltr'><strong>venlsti,</strong></span> <span class='ocrx_word' id='word_1_979' title='bbox 2971 5501 3303 5575; x_wconf 85' lang='lat' dir='ltr'><strong>congredere</strong></span> <span class='ocrx_word' id='word_1_980' title='bbox 3331 5515 3450 5559; x_wconf 88' lang='lat' dir='ltr'><strong>cum</strong></span> <span class='ocrx_word' id='word_1_981' title='bbox 3474 5513 3534 5556; x_wconf 90' lang='lat' dir='ltr'><strong>eo</strong></span> <span class='ocrx_word' id='word_1_982' title='bbox 3555 5491 3627 5566; x_wconf 87' lang='lat' dir='ltr'><strong>qui</strong></span> <span class='ocrx_word' id='word_1_983' title='bbox 3647 5495 3761 5544; x_wconf 74' lang='lat' dir='ltr'><strong>tecum</strong></span> 
     </span>
    </p>
   </div>
   <div class='ocr_carea' id='block_1_118' title="bbox 2285 5585 3762 5670">
    <p class='ocr_par' dir='ltr' id='par_1_118' title="bbox 2285 5585 3762 5670">
     <span class='ocr_line' id='line_1_118' title="bbox 2285 5585 3762 5670; baseline -0.009 -16"><span class='ocrx_word' id='word_1_984' title='bbox 2285 5599 2562 5670; x_wconf 82' lang='lat' dir='ltr'><strong>processit.</strong></span> <span class='ocrx_word' id='word_1_985' title='bbox 2611 5596 2731 5668; x_wconf 87' lang='lat' dir='ltr'><strong>ipso</strong></span> <span class='ocrx_word' id='word_1_986' title='bbox 2772 5610 2875 5651; x_wconf 86' lang='lat' dir='ltr'><strong>non</strong></span> <span class='ocrx_word' id='word_1_987' title='bbox 2923 5595 3099 5661; x_wconf 88' lang='lat' dir='ltr'><strong>victo,</strong></span> <span class='ocrx_word' id='word_1_988' title='bbox 3150 5609 3315 5665; x_wconf 85' lang='lat' dir='ltr'><strong>quare</strong></span> <span class='ocrx_word' id='word_1_989' title='bbox 3343 5602 3579 5664; x_wconf 75' lang='lat' dir='ltr'><strong>provocas</strong></span> <span class='ocrx_word' id='word_1_990' title='bbox 3597 5585 3762 5642; x_wconf 66' lang='lat' dir='ltr'><strong>enim”</strong></span> 
     </span>
    </p>
   </div>
   <div class='ocr_carea' id='block_1_119' title="bbox 2285 5674 3760 5763">
    <p class='ocr_par' dir='ltr' id='par_1_119' title="bbox 2285 5674 3760 5763">
     <span class='ocr_line' id='line_1_119' title="bbox 2285 5674 3760 5763; baseline -0.008 -16"><span class='ocrx_word' id='word_1_991' title='bbox 2285 5688 2867 5762; x_wconf 81' lang='lat' dir='ltr'><strong>concupiscentiarutn?</strong></span> <span class='ocrx_word' id='word_1_992' title='bbox 2896 5687 3185 5744; x_wconf 83' lang='lat' dir='ltr'><strong>Delectatio</strong></span> <span class='ocrx_word' id='word_1_993' title='bbox 3206 5689 3344 5743; x_wconf 83' lang='lat' dir='ltr'><strong>enim</strong></span> <span class='ocrx_word' id='word_1_994' title='bbox 3370 5682 3602 5748; x_wconf 74' lang='lat' dir='ltr'><strong>carnalis,</strong></span> <span class='ocrx_word' id='word_1_995' title='bbox 3612 5674 3760 5763; x_wconf 62' lang='grc' dir='ltr'><strong>Ῐηιΐεξν</strong></span> 
     </span>
    </p>
   </div>
   <div class='ocr_carea' id='block_1_120' title="bbox 2285 5763 3759 5852">
    <p class='ocr_par' dir='ltr' id='par_1_120' title="bbox 2285 5763 3759 5852">
     <span class='ocr_line' id='line_1_120' title="bbox 2285 5763 3759 5852; baseline -0.012 -14"><span class='ocrx_word' id='word_1_996' title='bbox 2285 5797 2408 5841; x_wconf 86' lang='lat' dir='ltr'><strong>cum</strong></span> <span class='ocrx_word' id='word_1_997' title='bbox 2437 5783 2652 5841; x_wconf 83' lang='lat' dir='ltr'><strong>homine</strong></span> <span class='ocrx_word' id='word_1_998' title='bbox 2678 5782 2932 5838; x_wconf 79' lang='lat' dir='ltr'><strong>nascitur.</strong></span> <span class='ocrx_word' id='word_1_999' title='bbox 2957 5781 3060 5836; x_wconf 78' lang='lat' dir='ltr'><strong>Sed</strong></span> <span class='ocrx_word' id='word_1_1000' title='bbox 3088 5782 3173 5852; x_wconf 82' lang='lat' dir='ltr'><strong>qui</strong></span> <span class='ocrx_word' id='word_1_1001' title='bbox 3199 5780 3331 5835; x_wconf 71' lang='lat' dir='ltr'><strong>bene</strong></span> <span class='ocrx_word' id='word_1_1002' title='bbox 3359 5775 3600 5837; x_wconf 75' lang='lat' dir='ltr'><strong>eruditur,</strong></span> <span class='ocrx_word' id='word_1_1003' title='bbox 3619 5763 3759 5822; x_wconf 72' lang='lat' dir='ltr'><strong>citoﬂ‘</strong></span> 
     </span>
    </p>
   </div>
  </div>
