3942 6404
188 360 311 421 689

190 475 293 532 det
326 476 533 531 hostem
558 490 751 544 suum,
784 485 839 547 et
862 477 1170 548 aggreditur
1195 484 1250 532 et
1278 476 1542 541 luctatur,
1586 486 1642 530 et
1684 475 1795 529 cito

192 568 370 622 vincit
397 583 413 621 :
437 566 660 623 idoneus
697 576 781 623 est
807 569 950 623 enim
978 566 1214 624 nondum
1240 567 1605 624 crescentibus
1623 566 1796 621 hosti-

188 659 327 716 bus.
357 657 459 725 Qui
488 668 667 714 autem
695 659 840 714 illam
880 660 1367 730 concupiscentiam
1391 702 1406 726 ,
1435 675 1557 716 cum
1586 675 1690 731 qua
1729 658 1802 715 de

195 750 410 823 peccati
440 750 729 821 prepagine
758 760 912 806 natus
936 760 1050 818 est,
1100 752 1396 807 contemnit
1437 752 1655 807 vincere
1679 792 1695 818 ,
1745 761 1804 807 et

196 840 402 898 nullas
418 837 605 895 ‘adbuc
630 841 830 895 excitat
866 842 1174 911 exseritque
1204 840 1481 908 libidines,
1513 840 1803 896 difficulter

196 948 304 990 eas
333 938 578 1003 superat,
617 940 673 987 et
699 933 959 988 adversus
978 946 1038 988 se
1071 932 1187 1003 ipse
1231 931 1469 1001 divisus,
1514 933 1637 1003 igne
1677 948 1805 1002 pro-

202 1028 331 1099 prio
354 1035 740 1081 concrematur.
772 1024 849 1081 Ne
887 1027 1068 1097 itaque
1106 1040 1292 1096 speres
1319 1026 1470 1096 quasi
1513 1025 1634 1081 illas
1659 1025 1805 1081 solas

208 1132 399 1189 pinnas
417 1116 655 1181 futuras;
682 1125 979 1189 praesentes
1004 1116 1144 1171 vide.
1175 1116 1528 1189 Supercecidit
1557 1117 1720 1188 ignis,
1754 1126 1803 1171 et

212 1218 318 1255 ιιωι
341 1201 564 1255 viderunt
591 1201 767 1255 solem.

282 1293 373 1351 20.
397 1290 669 1367 [versJO]
692 1291 1000 1365 Priusquam
1026 1292 1269 1363 producat
1287 1293 1461 1363 spinas
1479 1301 1668 1348 vestras
1680 1292 1806 1346 rha-

217 1402 383 1452 mnus,
398 1394 632 1455 tanquam
652 1385 869 1440 viventes
888 1394 1129 1455 tanquam
1143 1385 1192 1438 in
1204 1386 1282 1439 ira
1294 1385 1534 1439 combibet
1547 1399 1651 1439 eos.
1666 1383 1806 1453 Quid

218 1478 557 1535 estsbamnus
571 1477 595 1531 ?
611 1477 896 1545 Spinarum
911 1492 1079 1549 genus
1102 1486 1205 1541 est,
1220 1476 1806 1547 densissimzequaedam

215 1568 380 1642 spina:
422 1584 539 1625 esse
578 1568 845 1623 dicuntur.
874 1568 1056 1624 Primo
1082 1568 1244 1624 herba
1268 1577 1352 1623 est
1375 1585 1389 1635 ;
1416 1576 1616 1623 etcum
1643 1566 1808 1623 herba

158 1684 161 1687 ν
218 1662 530 1727 est,mollis
585 1672 639 1716 ct
674 1660 896 1732 pulchra
945 1669 1027 1715 est
1058 1678 1073 1713 :
1106 1660 1177 1716 ibi
1229 1668 1355 1716 sunt
1407 1670 1583 1716 tamen
1638 1660 1810 1731 spinae

222 1760 403 1823 postea
448 1766 798 1822 processum.
825 1750 981 1807 Modo
1000 1766 1131 1822 ergo
1152 1751 1421 1807 delectant
1463 1758 1680 1823 peccata
1700 1793 1716 1816 ,
1756 1761 1810 1808 et

215 1845 363 1915 quasi
389 1858 491 1898 non
519 1852 901 1914 compungunt.
934 1841 1115 1898 Herba
1144 1850 1227 1898 est
1256 1841 1537 1910 rhamnus,
1569 1852 1624 1897 et
1648 1842 1810 1898 modo

218 1943 387 1990 tamen
414 1943 494 1989 est
522 1936 693 2005 spina.
721 1933 1031 2003 Priusquam
1060 1934 1307 2005 producat
1332 1934 1505 2005 spinas
1526 1933 1769 1987 rbamnus
1790 1949 1811 1988 :

215 2028 515 2102 priusquam
563 2028 881 2085 miserarum
924 2026 1339 2082 delectationum
1387 2036 1441 2082 et
1480 2026 1819 2097 voluptatum

214 2120 488 2177 manifesta
517 2128 785 2176 tormenta
815 2118 1127 2192 procedant.
1158 2118 1489 2189 lnterrogent
1514 2132 1575 2174 se
1600 2117 1689 2188 qui
1714 2117 1813 2172 ali-

213 2212 333 2285 quid
356 2222 574 2278 amant,
607 2221 661 2266 et
686 2211 753 2265 ad
780 2210 831 2267 id
861 2211 1142 2281 pervenire
1168 2225 1275 2265 non
1302 2218 1563 2281 possunt;
1594 2208 1813 2264 videant

213 2306 256 2362 si
293 2321 399 2361 non
443 2305 753 2361 cruciantur
792 2304 1061 2361 desiderio
1091 2322 1104 2360 :
1139 2314 1340 2360 etcum
1373 2304 1715 2375 pervenerint
1741 2302 1812 2359 ad

214 2397 263 2451 id
290 2395 430 2468 quod
462 2396 647 2452 illicite
676 2395 1021 2461 desiderant,
1049 2394 1328 2451 attendant
1351 2394 1397 2450 si
1428 2410 1534 2451 non
1562 2396 1810 2453 crucian-

213 2496 295 2543 tur
335 2489 543 2544 timore.
578 2487 809 2543 Videant
850 2502 977 2561 ergo
1006 2486 1095 2544 hic
1124 2502 1310 2557 ptenas
1340 2501 1492 2551 suas,
1520 2497 1811 2559 antequam

212 2580 385 2635 veniat
412 2580 496 2635 illa
524 2579 880 2649 resurrectio,
908 2595 1030 2636 cum
1058 2579 1113 2635 in
1143 2594 1305 2635 carne
1330 2588 1671 2649 resurgentes
1701 2595 1808 2636 non

214 2669 642 2726 immutabuntur.
690 2670 890 2727 Omnes
936 2670 1082 2727 enim
1129 2685 1516 2742 resurgemus,
1562 2669 1659 2726 sed
1700 2687 1810 2728 non

216 2779 392 2820 omnes
418 2765 820 2820 immutabimur
847 2765 889 2836 (l
916 2764 1038 2821 Cor.
1061 2781 1149 2829 xv,
1174 2762 1287 2838 5i).
1313 2764 1595 2820 Habebunt
1613 2766 1811 2837 quippe

220 2861 598 2930 corruptionem
638 2859 817 2915 carnis
854 2859 907 2913 in
936 2873 1040 2931 qua
1069 2858 1320 2924 doleant,
1350 2872 1455 2913 non
1484 2858 1538 2914 in
1565 2873 1665 2930 qua
1691 2874 1807 2915 mo-

220 2949 405 3004 riantur
432 2966 447 3017 ;
475 2950 675 3021 alioqui
704 2959 761 3006 ει
788 2948 862 3005 illi
891 2947 1107 3005 dolores
1133 2947 1435 3003 (inirentur.
1463 2947 1613 3005 Tunc
1638 2948 1807 3020 Spince

219 3038 349 3094 illius
368 3039 596 3107 rhamni,
630 3039 681 3095 id
712 3048 814 3105 est,
843 3038 1057 3095 dolores
1081 3053 1269 3093 omnes
1290 3048 1341 3093 et
1368 3039 1807 3108 compunctiones

220 3141 587 3189 tormentorum
641 3132 1020 3203 producentur.
1066 3130 1262 3201 Quales
1306 3131 1488 3202 spinas
1539 3132 1808 3202 patientur

221 3223 285 3280 illi
312 3226 395 3295 qui
423 3226 613 3281 dicturi
645 3234 769 3280 sunt
798 3242 812 3278 :
846 3222 919 3278 Hi
948 3233 1061 3278 sunt
1089 3239 1215 3295 quos
1242 3224 1516 3293 aliquando
1542 3224 1806 3280 habuimus

215 3316 263 3371 in
288 3320 435 3374 risum
463 3319 621 3388 (Sap.
652 3335 682 3373 v
702 3361 719 3383 ,
750 3318 846 3390 5)?
868 3317 1060 3389 Spinas
1089 3318 1513 3387 compunctionis
1541 3319 1807 3388 paeniten-

215 3409 293 3465 tia:
310 3452 324 3475 ,
363 3409 457 3466 sed
482 3427 618 3467 serae
647 3421 701 3466 et
729 3410 1071 3465 infructuosa:
1096 3450 1111 3475 ,
1138 3410 1277 3464 sicut
1304 3408 1576 3479 Spinarum
1602 3409 1801 3465 sterili-

213 3510 303 3556 tas.
351 3500 670 3557 Pinnitentia
715 3500 873 3570 hujus
919 3501 1221 3569 temporis,
1268 3500 1423 3556 dolor
1467 3501 1801 3558 medicinalis

210 3601 286 3646 est
330 3610 343 3646 :
391 3593 703 3663 paenitentia
752 3591 894 3647 illius
938 3593 1228 3662 temporis,
1257 3591 1412 3647 dolor
1439 3593 1666 3663 pmnalis
1694 3602 1797 3650 est.

212 3682 315 3738 Non
346 3685 425 3738 vis
455 3685 572 3739 illas
599 3683 705 3752 pati
732 3683 951 3756 spinas?
982 3682 1079 3739 Hic
1103 3698 1463 3755 compungere
1492 3684 1660 3755 spinis
1682 3700 1802 3756 pm-

212 3773 465 3841 nitentite,
509 3782 569 3829 ut
602 3775 768 3830 facias
811 3773 953 3846 quod
994 3774 1196 3831 dictum
1226 3784 1310 3830 εει
1342 3791 1354 3831 :
1388 3775 1666 3831 Conversus
1690 3793 1802 3831 sum

212 3867 259 3921 in
296 3884 555 3934 azrumna,
601 3883 716 3922 cum
753 3868 1088 3938 conﬁgeretur
1128 3867 1296 3937 spina.
1339 3865 1611 3921 Peccatum
1637 3884 1803 3923 meum

212 3960 407 4028 cognovi
425 4000 440 4023 ,
481 3967 527 4013 et
562 3957 878 4026 iniquitatem
922 3973 1085 4011 meam
1115 3974 1215 4013 non
1243 3958 1437 4028 aperui.
1470 3957 1593 4013 Dixi
1619 3976 1639 4016 :
1662 3958 1801 4016 Pro-

211 4052 439 4106 nuntiabo
479 4051 719 4106 adversus
760 4066 838 4105 me
878 4051 1117 4105 delictum
1152 4067 1317 4105 meum
1349 4050 1617 4117 Domino;
1659 4063 1706 4107 et
1746 4063 1801 4108 tu

208 4144 434 4198 remisisti
456 4143 761 4215 impietatem
785 4143 951 4199 cordis
972 4143 1070 4198 mei
1098 4143 1266 4216 (Psal.
1292 4159 1440 4210 xxxi,
1465 4144 1607 4216 4-6).
1635 4145 1793 4202 Modo

202 4234 320 4300 fac,
368 4234 528 4289 modo
565 4249 964 4307 compungere;
1010 4250 1116 4290 non
1152 4235 1206 4291 in
1235 4243 1287 4290 te
1316 4236 1407 4290 flat
1434 4238 1575 4307 quod
1600 4236 1799 4294 dictum

200 4336 283 4383 est
326 4325 392 4381 de
434 4325 750 4397 quibusdam
789 4325 1229 4394 detestabilibus,
1264 4324 1479 4381 Discissi
1520 4338 1671 4396 sunt,
1710 4348 1801 4385 nec

198 4420 484 4490 compuncti
519 4428 637 4474 sunt
680 4417 850 4491 (Psal.
891 4435 1089 4487 xxnv,
1122 4419 1232 4490 16).
1267 4420 1541 4476 Attendite
1577 4422 1665 4493 qui
1694 4422 1800 4477 dis-

196 4511 317 4569 cissi
355 4522 501 4577 sunt,
544 4529 634 4566 nec
660 4505 960 4583 ’compuncti
1000 4521 1135 4567 sunt.
1179 4511 1382 4569 Videtis
1424 4513 1673 4569 discissos
1698 4556 1714 4582 ,
1746 4525 1800 4571 et

200 4620 308 4661 non
328 4602 520 4658 videtis
542 4612 911 4673 compunctus.
942 4601 1079 4657 Ecce
1104 4612 1300 4673 praeter
1328 4603 1620 4660 Ecclesium
1651 4615 1796 4675 sunt,

200 4704 263 4752 et
301 4710 404 4749 non
446 4709 541 4749 eos
578 4694 834 4766 panitet,
874 4703 932 4748 ut
971 4692 1184 4748 rideant
1222 4695 1361 4752 unde
1399 4696 1609 4753 discissi
1651 4709 1794 4754 sunt.

204 4786 464 4845 Producet
491 4799 679 4857 postea
708 4787 889 4856 spinas
914 4802 1100 4842 eorum
1123 4788 1398 4843 rbamnus.
1422 4789 1619 4846 Nolunt
1638 4793 1799 4848 modo

205 4881 400 4937 habere
440 4882 900 4952 compunctionem
920 4879 1290 4936 medicinalem
1314 4897 1331 4946 ;
1358 4882 1626 4937 habebunt
1653 4894 1800 4954 post-

206 4984 272 5027 ea
316 4971 599 5042 ptenalem.
632 4969 741 5028 Sed
793 4971 955 5027 etiam
982 4971 1143 5026 modo
1166 5013 1182 5039 ,
1214 4973 1519 5043 priusquam
1543 4974 1799 5044 producat

209 5060 383 5133 spinas
419 5060 675 5117 rbamnus
696 5104 711 5127 ,
758 5061 1112 5133 supercecidit
1137 5062 1274 5133 ignis
1298 5063 1388 5133 qui
1416 5078 1512 5119 eos
1536 5080 1643 5122 non
1674 5082 1793 5136 per-

210 5150 365 5207 mittit
397 5149 581 5207 videre
624 5151 793 5207 solem
818 5193 832 5219 ,
879 5151 969 5222 qui
1018 5167 1111 5206 eos
1150 5151 1325 5209 adhuc
1364 5154 1605 5211 viventes
1640 5156 1794 5212 inira

212 5239 302 5297 Dei
326 5240 578 5298 combibit
605 5257 621 5296 :
649 5242 786 5314 ignis
805 5244 1355 5315 concupiscentiarum
1380 5248 1639 5303 malarum
1658 5289 1674 5315 ,
1700 5250 1795 5306 ho-

214 5348 391 5389 norum
433 5348 721 5401 vanorum,
766 5334 1030 5405 superbia:
1052 5378 1067 5402 ,
1111 5336 1347 5391 avaritiae.
1373 5352 1523 5404 suas;
1555 5348 1609 5393 et
1636 5339 1794 5411 quid-

216 5423 331 5496 quid
368 5439 463 5481 eos
486 5427 503 5457 ⁸
545 5424 738 5495 premit
777 5440 845 5479 ne
889 5436 1212 5497 cognoscant
1233 5428 1547 5495 veritatem,
1576 5445 1644 5485 ne
1673 5431 1793 5487 \icti

215 5515 518 5583 videantur,
562 5532 631 5573 ne
678 5516 928 5588 subjiciat
972 5519 1094 5575 illos
1130 5520 1215 5575 vel
1258 5519 1370 5591 ipsa
1410 5522 1627 5577 veritas.
1656 5524 1792 5593 Quid

216 5607 345 5667 enim
368 5607 653 5680 gloriosius
672 5652 687 5678 ,
717 5609 927 5677 fratres,
948 5625 1107 5681 quant
1136 5609 1322 5682 subjici
1350 5620 1403 5668 et
1433 5613 1573 5669 vinci
1597 5629 1625 5669 a
1649 5616 1790 5670 veri-

214 5698 356 5757 tatei
392 5698 620 5771 Superet
661 5708 715 5755 te
754 5701 951 5756 veritas
988 5701 1295 5768 volentem;
1336 5719 1458 5759 nam
1488 5714 1542 5760 et
1568 5705 1789 5762 invitum

276 5836 297 5869 '
328 5844 424 5889 ιω.
452 5842 504 5887 οι
525 5838 687 5900 proba:
714 5848 836 5885 noue
864 5846 987 5898 Mss,
1011 5836 1061 5887 in
1085 5838 1201 5900 quid
1216 5851 1293 5889 eas
1311 5850 1496 5900 premit.

1316 359 1716 425 ENARRATIO
1754 359 1824 418 ιι(
1863 357 2190 421 PSALMUM
2229 366 2390 425 LVII.

3408 371 3517 431 690

1914 477 2028 546 ipsa
2049 481 2340 549 superabit.
2372 483 2512 556 Ergo
2535 485 2625 542 ille
2644 486 2780 558 ignis
2809 472 3508 561 concupiscentiarum-ms.

1912 568 2085 624 larum
2106 613 2123 638 ,
2167 573 2255 643 qui
2287 578 2641 647 supercecidit
2668 589 2725 635 ut
2754 595 2861 637 non
2888 583 3101 639 videant
3131 585 3298 642 solem
3317 627 3334 654 ,
3365 602 3516 646 com.

1913 662 2047 719 bibit
2082 663 2363 722 rhamnum
2387 710 2403 736 ,
2442 670 2749 742 priusquam
2790 674 3045 743 producat
3069 676 3250 748 spinas
3275 693 3461 735 eorum
3492 699 3511 737 ι

1915 753 1971 809 id
2000 763 2115 823 est,
2147 758 2379 814 occultat
2404 773 2590 817 eorum
2617 762 2815 819 malam
2843 767 3004 822 vitam
3028 810 3044 836 ,
3075 768 3384 841 priusquam
3412 786 3517 843 pa-

1914 847 2021 901 riat
2057 848 2244 905 eadem
2281 852 2389 909 vita
2431 855 2741 913 manifestos
2780 858 2837 913 in
2865 859 2970 916 line
2997 864 3305 932 cruciatus;
3333 864 3429 922 sed
3460 867 3516 923 in

1916 937 1995 992 ira
2022 937 2116 995 Dei
2146 943 2381 998 occultat
2407 945 2689 1003 rhamnum
2720 949 2856 1019 ignis
2886 951 3004 1007 iste.
3034 952 3150 1008 Non
3179 956 3321 1011 enim
3350 972 3514 1028 parva

1914 1046 2077 1103 pana
2115 1044 2199 1090 est
2238 1036 2380 1106 quod
2427 1038 2588 1093 modo
2632 1054 2739 1096 non
2768 1041 2949 1098 vident
2973 1044 3177 1114 solem,
3207 1063 3305 1103 nec
3332 1049 3515 1119 spinas

1916 1138 2197 1193 pinnarum
2237 1127 2467 1184 credunt
2504 1145 2570 1186 ex
2614 1130 2713 1187 hac
2745 1132 2851 1188 vita
2881 1134 3020 1189 mala
3045 1135 3145 1193 sibi
3175 1146 3359 1209 postea
3383 1156 3512 1211 pro-

1915 1230 2183 1273 cessuras.
2236 1218 2345 1274 Vos
2386 1221 2567 1290 enim,
2611 1224 2816 1296 inquit,
2857 1226 3113 1286 rbamnus
3150 1232 3317 1300 estis;
3353 1249 3515 1303 quem

1916 1306 2236 1376 rhamnum,
2276 1309 2330 1365 id
2369 1320 2454 1367 est
2493 1328 2591 1369 vos
2626 1314 2808 1386 ipsos,
2853 1318 3122 1388 viventes,
3153 1321 3205 1377 id
3232 1332 3314 1378 est
3339 1324 3514 1383 adhuc

1916 1398 1972 1453 in
2017 1398 2117 1455 hac
2156 1400 2262 1456 vita
2300 1404 2650 1472 constitutos,
2698 1409 3005 1480 priusquam
3036 1413 3087 1467 in
3115 1413 3289 1469 futuro
3312 1415 3514 1484 judicio

1917 1491 2100 1561 spinas
2122 1509 2399 1565 poenarum
2419 1509 2713 1556 vestrarum
2739 1503 3049 1562 manifestas
3070 1506 3347 1576 producat,
3373 1526 3516 1567 nunc

1918 1585 1974 1639 in
2019 1587 2095 1640 ira
2136 1587 2423 1657 combibit,
2469 1592 2522 1647 id
2561 1603 2683 1661 est,
2715 1595 2869 1665 quasi
2891 1596 3230 1654 absorbendo
3257 1616 3516 1672 apparere

1918 1691 2026 1733 non
2052 1679 2196 1735 sinit.
2226 1680 2323 1738 Hic
2349 1683 2526 1755 itaque
2554 1686 2687 1741 ordo
2717 1687 2997 1743 verborum
3020 1732 3033 1754 ,
3066 1702 3321 1759 quantum
3349 1704 3514 1764 puto,

1919 1771 2128 1841 planius
2147 1773 2216 1828 ita
2244 1775 2545 1832 contexitur
2572 1795 2585 1831 :
2611 1777 2958 1848 Supercecidit
2982 1780 3112 1851 ignis
3135 1822 3152 1849 ,
3176 1793 3222 1837 et
3248 1800 3349 1839 non
3370 1786 3515 1841 vide-

1916 1872 2037 1917 runt
2058 1864 2215 1919 solem
2243 1881 2263 1920 :
2288 1866 2377 1937 qui
2403 1866 2539 1938 ignis
2564 1877 2802 1936 tanquam
2830 1871 2881 1923 in
2905 1871 3009 1937 ira,
3040 1880 3280 1943 tanquam
3301 1875 3517 1932 viventes

1911 1969 2005 2012 vos
2036 1956 2305 2011 rhamnum
2331 1958 2596 2026 combibit,
2629 1961 2921 2031 priusquam
2951 1962 3197 2031 producat
3226 1966 3399 2035 spinas
3426 1982 3515 2022 ve-

1918 2057 2049 2103 stras
2075 2064 2094 2103 :
2121 2048 2172 2104 id
2202 2058 2317 2118 est,
2348 2065 2443 2106 vos
2468 2052 2614 2122 ipsos
2638 2068 2769 2123 quos
2795 2053 3079 2111 rhamnum
3106 2056 3339 2127 invenit,
3366 2074 3515 2115 com-

1918 2139 2052 2197 bibit
2083 2151 2207 2198 ante
2247 2152 2473 2199 mortem
2498 2184 2513 2209 ,
2546 2144 2857 2217 priusquam
2887 2146 3028 2203 idem
3054 2148 3307 2206 rbamnus
3333 2152 3516 2222 spinas

1917 2240 2125 2289 vestras
2150 2242 2272 2305 post
2294 2245 2519 2291 mortem
2550 2235 2605 2292 in
2634 2238 2721 2292 illa
2752 2239 2945 2308 poenali
2974 2241 3363 2298 resurrectione
3391 2259 3515 2314 pro-

1916 2323 2094 2381 ducat.
2122 2324 2299 2393 Quare
2325 2336 2503 2384 autem
2532 2342 2639 2384 non
2666 2330 2830 2396 dixit,
2854 2333 3111 2399 viventes,
3134 2336 3248 2400 sed.
3271 2346 3515 2407 tanquam

1916 2416 2167 2484 uiuentes,
2204 2418 2307 2473 nisi
2348 2419 2471 2490 quia
2509 2418 2640 2476 falsa
2668 2430 2752 2476 est
2776 2420 2892 2478 haec
2915 2422 3020 2477 vita
3054 2425 3376 2494 impiorum?
3403 2428 3511 2483 Ne-

1916 2525 2022 2581 que
2059 2513 2201 2567 enim
2244 2513 2458 2581 vivunt,
2486 2514 2581 2570 sed
2612 2515 2792 2570 vivere
2819 2515 2921 2571 sibi
2952 2516 3215 2574 videntur.
3248 2519 3319 2575 Et
3346 2536 3513 2591 quare

1916 2616 2022 2657 non
2048 2644 2062 2667 ,
2096 2604 2147 2657 in
2180 2604 2256 2657 ira
2277 2646 2293 2671 ,
2324 2604 2417 2660 sed
2439 2645 2455 2672 ,
2480 2614 2720 2676 tanquam
2745 2607 2798 2661 in
2826 2608 2937 2676 ira,
2969 2608 3072 2663 nisi
3099 2609 3222 2680 quia
3250 2613 3515 2682 tranquil-

1914 2690 2002 2749 lus
2029 2692 2133 2748 hoc
2154 2692 2279 2749 facit
2307 2695 2488 2751 Deus?
2513 2695 2646 2753 Nam
2676 2707 2730 2753 et
2755 2697 2857 2754 hoc
2884 2700 3140 2771 scriptum
3166 2712 3248 2757 est
3271 2721 3284 2757 :
3309 2702 3390 2757 Tu
3418 2721 3512 2759 au-

1915 2792 2012 2838 tent
2054 2784 2271 2840 Domine
2299 2786 2536 2842 virtutum
2568 2805 2681 2842 cum
2710 2791 3075 2862 tranquillitate
3092 2793 3299 2863 judicas
3350 2796 3511 2868 (Sap.

1912 2892 2019 2944 xu,
2048 2875 2161 2946 i8).
2191 2877 2280 2932 Ille
2299 2893 2427 2950 ergo
2446 2888 2502 2934 et
2528 2894 2647 2935 cum
2679 2881 2912 2937 minatur
2934 2922 2951 2949 ,
2980 2897 3087 2938 non
3114 2884 3378 2940 irascitur.
3401 2886 3511 2943 Ne-

1912 2984 2016 3040 que
2054 2969 2197 3024 enim
2238 2972 2615 3041 perturbatur,
2654 2973 2749 3030 sed
2794 2983 3043 3046 tanquam
3078 2977 3356 3045 irascitur,
3386 2982 3511 3051 quis

1911 3065 2066 3134 punit
2101 3072 2155 3119 et
2178 3063 2432 3120 vindicat.
2463 3065 2530 3121 Et
2557 3066 2647 3137 qui
2672 3066 2866 3137 corrigi
2895 3068 3120 3136 nolunt,
3149 3078 3399 3142 tanquam
3431 3074 3511 3128 vi-

1910 3164 2069 3220 vunt,
2099 3155 2195 3211 sed
2220 3170 2326 3211 non
2354 3158 2555 3212 vivunt.
2573 3157 2816 3214 Vindicta
2844 3159 2987 3214 enim
3014 3161 3170 3232 primi
3191 3165 3395 3234 peccati
3418 3206 3431 3232 ,
3456 3175 3511 3222 et

1909 3263 2096 3305 eorum
2126 3265 2243 3320 qua:
2271 3249 2621 3319 addiderunt,
2653 3261 2832 3308 manet
2854 3268 3016 3325 super
3038 3269 3133 3311 eos
3161 3274 3175 3311 :
3201 3265 3255 3311 et
3284 3257 3395 3327 ipsa
3419 3273 3510 3315 vo-

1908 3348 2069 3423 catur
2098 3341 2174 3397 ira
2206 3341 2301 3397 Dei
2325 3383 2341 3408 ,
2371 3342 2495 3413 quia
2523 3342 2591 3399 de
2613 3343 2813 3413 judicio
2835 3342 2930 3401 Dei
2956 3346 3119 3401 venit.
3155 3345 3305 3403 Unde
3330 3349 3510 3405 Domi-

1907 3450 2011 3491 nus
2035 3435 2102 3490 de
2130 3451 2236 3492 non
2264 3435 2516 3493 credente
2540 3437 2615 3493 ait
2642 3456 2656 3492 :
2686 3437 2791 3494 Sed
2811 3438 2891 3492 ira
2914 3436 3013 3494 Dei
3036 3450 3204 3495 manet
3225 3457 3377 3513 super
3396 3458 3509 3499 eum

1908 3525 2088 3596 (Joan.
2119 3542 2218 3595 ιιι,
2239 3525 2355 3601 '56).
2382 3527 2518 3584 Cum
2541 3529 2617 3583 ira
2638 3530 2780 3585 enim
2809 3529 2905 3586 Dei
2929 3532 3184 3587 mortales
3213 3534 3507 3592 nascimur.

1910 3614 2061 3673 Unde
2104 3617 2235 3673 dicit
2270 3619 2562 3689 Apostolus
2603 3637 2616 3673 :
2656 3618 2873 3674 Fuimus
2909 3631 2957 3675 et
2988 3639 3081 3677 nos
3108 3624 3383 3692 aliquando
3411 3642 3509 3681 na-

1907 3718 2025 3763 tura
2063 3709 2161 3778 ﬁlii
2184 3710 2311 3776 ira,
2338 3712 2466 3766 sicut
2492 3719 2542 3765 et
2565 3712 2733 3765 cwteri
2760 3710 2978 3783 (Ephes.
3004 3727 3077 3779 ιι,
3109 3712 3189 3786 5).
3221 3714 3359 3782 Quid
3382 3726 3467 3773 est
3487 3757 3507 3786 ,

1906 3809 2090 3855 natura
2118 3801 2217 3870 ﬁlii
2240 3801 2364 3870 irae,
2392 3802 2494 3858 nisi
2523 3802 2644 3873 quia
2673 3810 2947 3872 portamus
2975 3804 3253 3860 nobiscum
3284 3822 3506 3877 poenam

1906 3893 2064 3964 primi
2091 3894 2338 3963 peccati?
2361 3893 2465 3950 Sed
2493 3893 2937 3950 siconvertamus
2963 3910 3062 3953 nos
3085 3937 3101 3962 ,
3124 3879 3369 3954 aufertur
3392 3900 3471 3958 ira
3487 3942 3506 3969 ,

1905 3984 2175 4058 prtebetur
2201 3987 2389 4057 gratia.
2416 3985 2534 4042 Non
2562 3985 2644 4040 vis
2668 3988 2906 4043 converti
2931 4030 2947 4056 ,
2977 3988 3129 4045 addis
3154 3991 3313 4045 etiam
3345 4005 3506 4063 super

1906 4076 1959 4132 id
1988 4076 2132 4147 quod
2160 4085 2318 4135 natus
2349 4092 2409 4135 es
2442 4096 2457 4133 :
2486 4088 2737 4147 tanquam
2766 4079 2820 4135 in
2848 4079 2928 4137 ira
2950 4079 3273 4139 combiberis
3292 4082 3345 4138 in
3372 4099 3505 4155 prte-

1908 4170 2045 4224 senti
2076 4178 2338 4239 tempore.

1974 4261 2066 4316 21.
2103 4259 2255 4334 [vers.
2300 4260 2415 4334 ιι.]
2460 4261 2748 4332 Agnoscite
2795 4278 2921 4335 ergo
2966 4264 3120 4319 istam
3160 4280 3408 4336 pinnam,
3449 4278 3506 4325 ει

1904 4352 2131 4424 gaudete
2167 4368 2265 4409 vos
2294 4367 2400 4409 non
2428 4367 2550 4409 esse
2579 4353 2629 4406 in
2660 4353 2758 4410 hac
2781 4368 2940 4425 poena
2963 4369 3151 4411 omnes
3175 4357 3264 4427 qui
3292 4360 3504 4429 profici-

1906 4445 1975 4501 tis
1994 4487 2009 4513 ,
2033 4459 2219 4501 omnes
2238 4445 2328 4516 qui
2350 4445 2641 4517 intelligitis
2665 4454 2719 4501 et
2742 4446 2936 4501 amatis
2960 4446 3239 4503 veritatem
3263 4489 3280 4516 ,
3309 4464 3502 4509 omnes

1901 4536 1994 4610 qui
2033 4537 2150 4609 plus
2192 4536 2247 4592 in
2284 4537 2438 4593 vobis
2467 4538 2625 4592 vultis
2652 4537 2928 4593 victoriam
2955 4537 3192 4595 veritatis
3228 4556 3385 4611 quam
3411 4557 3504 4599 ve-

1901 4638 2067 4685 stram
2090 4670 2105 4695 ,
2131 4630 2220 4702 qui
2244 4643 2351 4685 non
2377 4628 2624 4685 clauditis
2649 4628 2905 4685 adversus
2926 4631 3204 4687 veritatem
3227 4646 3386 4689 aures
3404 4649 3502 4691 ve-

1901 4731 2043 4779 stras
2063 4763 2079 4791 ,
2105 4723 2174 4779 de
2198 4724 2538 4796 prassentium
2564 4724 2919 4781 delectatione
2938 4736 2994 4780 et
3017 4724 3085 4782 de
3107 4729 3501 4798 praeteritorum

1902 4817 2275 4874 recordatione
2294 4858 2311 4885 ,
2352 4833 2421 4874 ne
2455 4818 2573 4874 sitis
2599 4818 2747 4873 cauis
2772 4832 3022 4874 reversus
3046 4818 3114 4875 ad
3143 4834 3298 4876 suum
3326 4823 3500 4878 vomi-

1905 4916 2016 4965 tum
2060 4907 2130 4980 (ιι
2172 4906 2320 4964 Petr.
2362 4925 2434 4977 ιι,
2476 4907 2590 4979 22).
2622 4906 2819 4963 Omnes
2848 4908 2978 4964 tales
3007 4908 3098 4980 qui
3122 4912 3291 4980 estis,
3323 4911 3502 4971 videte

1900 5015 2089 5073 ptenas
2128 5016 2314 5058 eorum
2354 5001 2444 5071 qui
2471 5001 2603 5057 tales
2627 5015 2735 5057 non
2760 5010 2925 5069 sunt,
2953 5012 3006 5057 et
3030 5002 3278 5073 gaudete.
3306 5004 3498 5063 Adhuc

1900 5095 2190 5151 inferorum
2226 5108 2399 5166 paenae
2430 5108 2538 5149 non
2567 5103 2861 5162 venerunt,
2890 5093 3066 5150 adhuc
3099 5094 3237 5166 ignis
3265 5103 3497 5153 aeternus

1899 5201 2006 5243 non
2036 5186 2181 5241 venit
2210 5204 2223 5241 :
2250 5192 2525 5256 comparet
2548 5185 2638 5255 qui
2668 5184 2876 5255 prolicit
2899 5185 2953 5241 in
2980 5184 3091 5241 Deo
3114 5199 3174 5241 se
3193 5185 3354 5242 modo
3373 5202 3494 5242 cum

1898 5278 2065 5349 impio
2086 5318 2104 5345 ,
2143 5292 2344 5336 cazcum
2372 5291 2465 5334 cor
2491 5292 2611 5333 cum
2640 5276 2938 5333 illuminato
2960 5277 3162 5345 corde;
3187 5290 3497 5349 comparate

1899 5371 2066 5439 duos,
2104 5369 2370 5426 videntem
2415 5378 2470 5424 et
2507 5383 2613 5426 non
2655 5369 2925 5424 videntem
2969 5368 3025 5424 in
3061 5383 3241 5426 carne.
3270 5368 3340 5425 Et
3366 5373 3495 5441 quid

1899 5477 2149 5535 magnum
2190 5470 2273 5517 est
2314 5461 2448 5517 visio
2487 5460 2712 5517 carnis?
2745 5460 3011 5531 Numquid
3040 5460 3237 5518 Tobias
3264 5460 3494 5519 habebat

1898 5570 2123 5614 carneos
2148 5555 2332 5612 oculos
2354 5554 2377 5607 ἲ
2399 5553 2565 5611 Filius
2585 5552 2751 5623 ipsius
2780 5551 3009 5609 habebat
3027 5594 3044 5622 ,
3067 5561 3123 5627 et
3147 5553 3235 5609 ille
3263 5569 3370 5610 non
3398 5554 3491 5609 ha-

1897 5649 2092 5713 bebat;
2133 5660 2188 5705 et
2230 5649 2368 5704 viam
2407 5648 2530 5703 vitae
2571 5661 2745 5703 caecus
2774 5645 2972 5702 videnti
3000 5646 3489 5719 ostendebat(Tob.

1898 5759 1951 5797 tv
1975 5785 1989 5810 ,
2016 5744 2092 5811 ι).
2141 5743 2280 5813 Ergo
2317 5743 2470 5797 istam
2515 5754 2726 5812 penam
2765 5740 2978 5810 quando
3002 5740 3230 5808 videtis,
3260 5742 3491 5814 gaudete

1900 5840 2020 5905 quia
2048 5836 2100 5888 in
2126 5834 2209 5888 illa
2241 5848 2344 5889 non
2376 5834 2531 5889 estis.
2565 5834 2851 5902 Propterea
2879 5829 3007 5889 dicit
3027 5832 3299 5906 Scriptura
3331 5835 3491 5892 εισι-
