3942 6408
1991 158 2020 185 τ

486 279 583 342 691

482 397 670 454 tabitur
689 397 892 468 justus,
923 408 1037 449 cum
1065 391 1241 448 viderit
1265 388 1554 445 vindictam.
1597 383 1715 441 Non
1755 380 1899 438 illam
1934 380 2081 438 futu-

480 504 598 546 ram
626 506 642 556 ;
686 501 809 543 nam
843 485 966 542 vide
1001 484 1124 556 quid
1143 478 1392 552 sequitur
1418 497 1431 534 :
1458 478 1791 534 Mamertus
1817 475 2002 530 Iuvabit
2023 477 2082 532 in

482 583 727 656 sanguine
767 579 1061 652 peccatoris.
1094 574 1238 644 Quid
1277 581 1360 629 est
1392 571 1536 626 hoc?
1557 569 1806 626 intendat
1831 569 2080 624 Charitas

482 677 694 732 Vestra.
711 671 981 743 Numquid
1007 669 1221 741 quando
1245 667 1514 722 feriuntur
1527 662 1816 718 'ltomicitlze
1839 704 1852 722 .
1883 661 2082 716 debent

482 772 610 826 illuc
650 771 962 823 innocentes
991 765 1097 829 ire,
1127 772 1179 817 ct
1206 763 1385 817 lavare
1416 774 1604 814 niamts
1625 757 1793 812 suas?
1817 755 1928 811 Sed
1953 754 2080 824 quid

482 871 564 917 est
582 905 596 929 ,
625 863 686 915 in
715 859 962 930 sanguine
981 855 1258 928 peccatoris
1285 853 1469 908 Iuvabit
1496 867 1679 905 manus
1705 865 1824 904 suas
1845 850 1875 903 ἲ
1895 847 2082 903 Justus

483 951 696 1025 quando
739 950 884 1006 videt
925 962 1136 1018 poenam
1188 947 1517 1017 peccatoris,
1561 941 1779 1014 proiicit
1813 942 1930 1010 ipse
1965 957 1986 993 τ
2031 946 2088 993 et

465 1025 630 1122 :mors
670 1045 888 1099 alterius
928 1042 1070 1097 valet
1105 1040 1173 1094 ad
1205 1040 1373 1093 vitam
1397 1037 1639 1092 alterius.
1667 1035 1722 1091 Si
1743 1034 1891 1089 etaim
1915 1031 2085 1102 spiri-

465 1127 698 1193 ‘iualiter
739 1135 957 1205 sanguis
982 1132 1150 1188 currit
1179 1130 1246 1185 de
1271 1130 1355 1183 his
1382 1130 1468 1199 qui
1495 1127 1820 1181 intrinsecus
1849 1123 2087 1178 moriun-

463 1216 600 1295 ‘tur,
635 1236 692 1282 tu
721 1226 906 1282 videns
935 1225 1096 1279 talem
1123 1222 1432 1286 vindictam,
1461 1220 1574 1273 lava
1598 1218 1704 1271 illic
1725 1230 1912 1270 manus
1929 1224 2086 1280 tuas;

483 1322 554 1378 de
589 1329 787 1377 cmtero
824 1317 1075 1374 mundius
1110 1316 1248 1370 vive.
1281 1313 1350 1369 Et
1375 1311 1642 1383 quomodo
1665 1309 1868 1364 'lavabit
1897 1320 2090 1364 manus

486 1426 641 1478 suas,
669 1415 713 1467 si
735 1411 912 1481 justus
940 1408 1059 1463 est?
1083 1405 1222 1475 Quid
1249 1404 1391 1461 enim
1417 1405 1574 1457 habet
1597 1403 1651 1455 in
1682 1400 1926 1455 mnibus
1945 1397 2089 1468 quod

486 1504 698 1560 lavetur
716 1544 734 1570 ,
778 1502 822 1554 si
844 1501 1019 1571 justus
1047 1498 1168 1553 est"?
1197 1495 1301 1552 Sed
1327 1495 1500 1564 just-us
1531 1508 1596 1549 ex
1625 1493 1726 1546 title
1753 1492 1884 1546 vivit
1912 1489 2087 1560 (ﬂent.

488 1611 509 1652 ι
529 1638 544 1662 ,
577 1596 689 1664 Π).
707 1595 887 1650 Justus
915 1608 1042 1663 ergo
1070 1590 1202 1645 dixit
1226 1587 1408 1644 ﬁdeles
1437 1605 1452 1642 :
1482 1597 1537 1641 et
1560 1603 1628 1642 ex
1653 1599 1761 1655 quo
1784 1585 1894 1654 jam
1917 1583 2092 1637 credi-

491 1687 614 1741 disti
632 1727 645 1750 ,
673 1687 782 1756 jam
815 1685 1002 1754 incipis
1021 1681 1197 1737 vocari
1220 1679 1603 1752 justusJ‘acta
1631 1689 1713 1732 est
1733 1677 1878 1732 enim
1897 1675 2087 1730 dimis—

491 1780 576 1835 sio
603 1787 963 1849 peccatorum.
983 1775 1099 1831 Etsi
1131 1775 1198 1830 de
1225 1776 1322 1829 ista
1345 1773 1556 1828 residua
1575 1773 1682 1826 vita
1704 1770 1952 1842 qumdam
1969 1785 2092 1840 pee-

493 1879 609 1926 cata
652 1880 736 1924 tua
777 1878 932 1933 sunt,
975 1882 1094 1937 qua}
1138 1883 1245 1921 non
1283 1874 1508 1936 possunt
1541 1864 1644 1918 nisi
1671 1872 1925 1933 tanquam
1953 1875 2092 1933 aqua

494 1961 562 2016 de
595 1961 727 2015 mari
756 1961 807 2014 in
839 1959 1099 2014 sentinam
1128 1957 1349 2013 inlinere
1378 1974 1391 2011 :
1420 1967 1596 2011 tamen
1627 1955 1747 2025 (mia
1777 1953 2091 2020 credidisti;

494 2069 616 2110 cum
649 2052 842 2108 videris
860 2067 983 2108 eum
1007 2050 1099 2122 qui
1130 2050 1348 2105 omnino
1375 2063 1598 2103 aversus
1623 2054 1708 2102 est
1729 2061 1760 2100 ο
1787 2047 1897 2102 Deo
1923 2045 2094 2103 occidi

494 2148 551 2202 in
579 2146 667 2202 illa
688 2149 954 2213 cmcitate,
981 2145 1367 2216 supercatlente
1399 2144 1491 2197 illo
1518 2142 1639 2213 igne
1659 2140 1974 2196 neti-videre
1997 2153 2095 2195 so-

494 2239 599 2295 lem
623 2280 638 2304 ,
670 2247 726 2294 tu
755 2239 842 2309 qui
869 2239 977 2309 jam
1003 2253 1102 2308 per
1121 2237 1287 2291 tidem
1316 2235 1466 2290 vides
1479 2234 1761 2289 Christum
1786 2274 1801 2299 ,
1827 2241 1892 2287 ut
1916 2232 2096 2288 videas

495 2347 594 2404 per
631 2333 900 2401 speciem,
943 2330 1066 2401 quia
1106 2329 1281 2400 justus
1326 2343 1391 2383 ex
1423 2327 1535 2382 ﬁde
1561 2327 1686 2380 Vivit
1707 2368 1722 2391 ,
1747 2325 1970 2380 attende
1997 2325 2098 2380 im-

495 2426 645 2496 pium
683 2423 998 2479 morientem
1021 2463 1036 2488 ,
1079 2432 1132 2477 et
1159 2435 1323 2492 purga
1363 2429 1416 2475 te
1451 2434 1481 2473 a
1517 2418 1768 2489 peccatis.
1789 2417 1870 2471 tta
1895 2416 2099 2472 iava‘bis

499 2515 892 2588 quodammodo
920 2527 1109 2570 manus
1128 2523 1255 2568 'tuas
1273 2514 1332 2567 in
1359 2511 1616 2581 sanguine
1645 2510 1962 2580 peccatoris.
1979 2507 2100 2561 “Mn-

501 2627 598 2667 nus
617 2624 744 2680 ergo
763 2626 884 2664 suas
913 2608 1097 2663 iuvabit
1111 2608 1178 2661 vin
1204 2606 1451 2677 sanguine
1465 2603 1768 2674 peccatoris.

567 2702 662 2758 22.
681 2701 840 2777 [verm
861 2699 980 2773 12.]
1015 2699 1079 2754 Et
1107 2701 1235 2753 dicet
1255 2699 1406 2752 homo
1433 2713 1452 2752 :
1476 2695 1538 2751 Si
1564 2711 1683 2766 ergo
1708 2702 1779 2748 est
1795 2697 1991 2764 fructus
2003 2694 2099 2764 ju-

500 2803 596 2850 sto.
640 2794 786 2849 ‘Ecce
827 2800 1115 2860 antequam
1161 2790 1341 2846 veniat
1384 2786 1525 2859 quod
1563 2784 1916 2857 promittitur,
1945 2794 2099 2838 mrte-

501 2899 659 2958 quam
685 2884 840 2940 detur
869 2885 973 2938 vita
997 2891 1198 2937 :eterna
1218 2923 1232 2946 ,
1257 2889 1543 2950 antequam
1577 2877 1724 2948 impii
1758 2875 2104 2947 projiciantur

501 2981 556 3034 in
595 2979 768 3050 ignem
807 2985 1065 3032 aeternum
1091 3017 1106 3042 ,
1127 2974 1305 3028 thic-in
1332 2972 1434 3028 hac
1462 2971 1568 3026 vita
1590 2969 1911 3025 cst‘irmtus
1934 2969 2098 3039 justo.

502 3070 603 3138 Qui
643 3068 885 3125 lructus?
927 3067 1036 3139 Spe
1071 3065 1348 3138 gaudentes
1368 3106 1382 3130 ,
1413 3064 1468 3118 in
1507 3063 1830 3117 tribrdntione
1858 3062 2104 3132 patientes

501 3161 591 3216 1d.
615 3177 720 3227 xu,
755 3158 868 3230 η).
913 3159 1018 3226 Qui
1057 3159 1267 3212 'fntetus
1294 3156 1487 3226 justo?
1525 3153 1821 3208 Glorientur
1847 3153 1900 3207 in
1939 3153 2101 3208 tribu-

503 3252 777 3308 lationibus
810 3265 828 3304 :
856 3251 1066 3305 scientes
1089 3250 1209 3320 quia
1236 3248 1492 3303 tribulatio
1517 3247 1813 3318 patientiam
1839 3255 2099 3316 operatur,

509 3345 754 3416 patientia
777 3352 949 3396 autem
984 3341 1330 3413 pmbationem
1351 3339 1624 3411 ,probatio
1642 3353 1763 3392 vero
1785 3351 1930 3407 spem
1944 3380 1959 3405 ,
1990 3354 2104 3408 spes

505 3449 674 3493 autem
709 3453 816 3491 non
848 3436 1154 3509 confundit;
1193 3435 1312 3503 quia
1348 3433 1569 3487 charitas
1606 3431 1704 3485 Bel
1733 3429 1928 3498 diﬂ'su
1953 3433 2106 3486 estin

505 3530 740 3586 cordibus
763 3530 949 3584 nostris
963 3545 1056 3600 per
1083 3527 1338 3598 Spiritum
1354 3533 1584 3579 sanctum
1605 3565 1620 3591 ,
1641 3522 1729 3595 qui
1739 3523 1898 3578 duass
1911 3532 1992 3578 est
2013 3538 2107 3578 uo-

507 3629 582 3682 bis
621 3624 732 3695 (Id.
762 3640 798 3680 v
819 3666 834 3689 ,
857 3622 1009 3696 5-5).
1031 3620 1248 3679 'Gaudet
1270 3620 1515 3674 ebriosus
1537 3659 1552 3684 ,
1583 3625 1639 3673 et
1658 3629 1772 3673 non
1803 3617 1995 3688 gaudet
2016 3617 2107 3687 iu-

507 3719 664 3775 stus?
699 3717 758 3772 in
791 3717 1169 3772 charitatecst
1191 3712 1399 3767 fructus
1422 3709 1587 3782 iusto.
1611 3709 1778 3766 Miser
1797 3709 1916 3777 ille,
1946 3709 2106 3764 etiam

508 3826 630 3866 cum
652 3825 719 3865 se
743 3805 1228 3877 inebriat-beatus
1257 3803 1388 3866 iste,
1415 3802 1574 3857 etiam
1599 3816 1727 3856 cum
1757 3802 1924 3857 esurit
1947 3811 2001 3857 et
2021 3802 2106 3856 si-

507 3905 590 3958 tit.
611 3901 769 3955 ﬂium
791 3898 1086 3969 ingurgitat
1106 3895 1434 3963 t‘indic‘ntia;
1465 3895 1624 3950 istum
1649 3907 1780 3964 spes
1793 3894 1989 3964 pascit.
2013 3893 2109 3950 Vi-

509 3997 632 4052 deat
673 4006 802 4064 ergo
836 3992 986 4046 illius
1022 3997 1266 4061 pmuam,
1311 4002 1466 4043 suum
1510 3986 1798 4057 gaudium,
1825 3997 1886 4041 et
1909 3988 2110 4057 cogitet

507 4090 699 4147 Deum.
719 4069 826 4159 Qui
857 4089 962 4144 tale
986 4087 1233 4159 gaudium
1262 4085 1421 4141 modo
1437 4083 1595 4140 dedit
1621 4082 1688 4139 de
1714 4081 1819 4138 ﬂtle
1838 4082 1952 4151 ,‘de
1981 4095 2105 4153 3pc,

512 4182 579 4239 de
602 4183 863 4239 charitate
888 4225 902 4248 ,
933 4181 1002 4236 de
1022 4181 1247 4235 veritate
1265 4178 1654 4246 Seripturarum
1686 4189 1922 4242 suarum,
1948 4175 2109 4246 quale

511 4282 780 4345 praeparat
813 4273 875 4327 in
915 4273 1074 4327 linem
1101 4272 1115 4325 ι
1158 4269 1219 4323 in
1246 4270 1330 4322 via
1361 4270 1438 4323 sic
1467 4267 1750 4338 pascit,'in
1782 4266 1950 4337 patria
1977 4283 2110 4338 quo-

511 4368 674 4423 modo
699 4366 958 4436 saginabit
975 4367 999 4420 ‘!
1033 4363 1101 4417 Et
1128 4364 1258 4417 (licet
1285 4363 1434 4415 homo
1460 4376 1478 4415 :
1504 4361 1567 4415 Si
1585 4375 1701 4432 ergo
1717 4369 1791 4415 est
1815 4361 2110 4431 fructusju-

512 4469 608 4516 sto.
635 4459 870 4516 Credant
895 4459 984 4529 qui
1007 4457 1219 4523 vident,
1249 4457 1302 4510 et
1329 4455 1544 4508 videant
1567 4463 1619 4508 ct
1649 4453 1964 4525 intelligant.
1995 4453 2111 4508 ιω-

516 4554 703 4607 ιαὺιιαν
738 4554 949 4623 justus,
993 4565 1108 4602 cum
1153 4546 1332 4601 vider-it
1369 4546 1658 4600 vindictam.
1703 4544 1759 4599 Si
1795 4554 1972 4600 autem
2003 4555 2109 4600 nan

515 4643 676 4698 habet
721 4642 905 4697 oculos
940 4638 1083 4694 unde
1113 4629 1289 4693 videat
1317 4637 1602 4692 vindictam
1623 4677 1639 4703 ,
1668 4637 2070 4692 contristabitur
2091 4679 2108 4706 ,

516 4749 617 4790 nec
660 4733 957 4805 corrigetur
992 4748 1056 4788 ex
1095 4732 1211 4787 illa.
1258 4730 1317 4787 Si
1358 4741 1536 4787 autem
1575 4729 1722 4785 videt
1749 4729 1899 4784 illam
1925 4730 2112 4797 ,videt

515 4825 642 4896 quid
671 4825 886 4880 intersit
914 4825 1053 4880 inter
1074 4823 1513 4880 contenebratum
1544 4822 1757 4878 oculum
1779 4823 1959 4878 cordis
1974 4824 2000 4855 ²
2020 4865 2035 4891 ,
2058 4833 2114 4880 et

513 4919 730 4974 oculum
753 4917 1106 4972 illuminatum
1131 4915 1346 4983 cordis;
1375 4913 1514 4972 inter
1539 4914 1871 4987 refrigerium
1892 4916 2111 4972 castita-

513 5013 582 5067 tis
607 5052 623 5076 ,
659 5018 714 5066 et
751 5009 1021 5066 ﬂammam
1043 5007 1322 5075 libidinis;
1351 5008 1491 5074 inter
1505 5007 1853 5064 securitatem
1883 5008 2030 5080 Spei,
2057 5013 2114 5064 ct

515 5105 765 5159 timorem
795 5101 1067 5158 facinoris.
1099 5100 1233 5158 Cum
1261 5101 1456 5157 viderit
1482 5097 1615 5170 hoc,
1645 5102 1913 5158 discernat
1942 5117 2032 5168 se,
2059 5114 2114 5158 ct

515 5195 655 5252 lavet
681 5208 873 5251 manus
899 5209 1022 5250 suas
1048 5194 1104 5248 in
1128 5193 1386 5269 sanguine
1402 5194 1590 5264 ipsius.
1614 5191 1861 5249 Proﬁeiat
1879 5210 1946 5250 es
1963 5209 2111 5250 com-

514 5288 793 5361 paratione
813 5329 828 5353 ,
876 5294 933 5342 et
972 5285 1152 5350 dicat,
1193 5284 1334 5357 Ergo
1375 5295 1446 5340 est
1471 5287 1664 5358 fmctns
1681 5287 1823 5354 justo
1851 5302 1871 5340 :
1896 5302 2015 5358 ergo
2043 5293 2114 5340 est

514 5381 652 5436 Deus
673 5381 918 5451 judicans
947 5393 1031 5435 eos
1058 5379 1113 5432 in
1133 5387 1267 5432 terra
1298 5393 1317 5432 :
1341 5378 1578 5434 nondum
1599 5380 1657 5434 in
1689 5379 1779 5434 illa
1801 5381 1907 5434 vita
1933 5421 1947 5446 ,
1976 5395 2114 5434 non-

515 5474 643 5528 dum
685 5474 737 5527 in
783 5475 906 5544 igne
933 5482 1169 5539 esterno,
1201 5471 1436 5536 nondum
1463 5473 1603 5542 apud
1631 5471 1831 5528 inferos
1855 5515 1871 5537 ,
1902 5472 1996 5527 sed
2025 5471 2112 5527 hic

516 5563 573 5620 in
613 5573 773 5619 terra.
815 5564 956 5620 Ecce
996 5563 1147 5620 dives
1187 5563 1278 5620 ille
1323 5566 1496 5620 adhuc
1542 5565 1776 5621 induitur
1801 5580 2031 5636 purpura
2061 5577 2115 5620 et

517 5651 712 5726 bysso,
763 5664 818 5710 et
853 5654 1030 5711 adhuc
1066 5655 1312 5726 epulatur
1352 5657 1588 5728 quatidie
1624 5638 1920 5729 splendide.
1965 5655 2113 5713 Non-

584 5768 602 5801 ³
634 5768 709 5824 sic
729 5773 836 5820 atas.
859 5773 914 5824 At
931 5767 1045 5824 ΕΜ.
1065 5769 1160 5826 hoc
1179 5769 1302 5836 loco,
1323 5771 1554 5838 corporis.

1725 267 1783 325 s.
1825 265 2198 325 AL'GUSTINI
2236 263 2541 325 Episcopi
2997 232 3015 240 ’
3657 277 3741 340 tn

2196 384 2327 441 dum
2358 381 2610 456 produxit
2651 381 2834 454 spinas
2866 381 3164 453 rhamnus;
3196 386 3434 444 nondum
3466 388 3608 459 dicit,
3640 394 3743 453 πη.

2193 479 2472 533 ciorinlmc
2491 479 2702 547 ﬂamma
2717 474 2868 545 (Luc.
2892 491 3002 543 XVI,
3021 477 3226 550 19,25)
3244 498 3258 536 2
3275 479 3489 551 “illam
3503 495 3576 539 δεῖ
3593 491 3744 545 “mm

2194 569 2408 624 ert-citas
2429 609 2445 636 ,
2486 569 2596 638 jam
2638 568 2827 623 oculus
2857 570 3054 626 mentis
3083 572 3384 627 exstinctus
3413 582 3512 628 est.
3537 574 3588 631 Si
3613 593 3746 638 crtus

2193 663 2363 717 oculis
2391 661 2570 717 carnis
2594 661 2659 716 ad
2687 675 2928 716 mensam
2958 678 3108 716 suam
3127 652 3425 733 quamlibet
3442 667 3651 738 opimam
3669 673 3748 727 dis-

2195 753 2473 808 cumberet
2504 793 2520 819 ,
2563 753 2823 809 miserum
2867 767 2991 809 eum
3031 754 3240 811 diceres
3287 774 3302 810 :
3334 771 3508 812 aecus
3537 760 3747 830 interius,

2194 861 2391 918 panem
2429 842 2704 900 Christum
2747 861 2853 900 non
2893 847 3074 914 videt,
3103 857 3159 903 et
3197 847 3390 904 beatus
3415 832 3654 909 estilloc
3675 873 3751 912 non

2195 937 2328 992 dicit
2369 936 2469 990 nisi
2507 937 2709 1006 pariter
2747 950 2940 992 caecus.
2982 934 3122 1009 Ergo
3159 947 3232 994 est
3257 938 3604 1012 [ructusjusto
3629 960 3751 1016 :ergo

2197 1038 2269 1084 est
2297 1026 2436 1082 Dens
2449 1029 2693 1096 judicans
2723 1045 2808 1084 eos
2833 1031 2888 1083 in
2913 1038 3072 1085 terra.

2267 1121 2360 1175 23.
2387 1120 2443 1175 Si
2475 1120 2745 1192 aliquanto
2781 1121 3102 1192 prolixiores
3147 1121 3383 1188 fuimus,
3419 1121 3541 1178 date
3566 1127 3747 1181 veniam.

2199 1212 2560 1268 Exhortamur
2587 1227 2685 1268 vos
2713 1212 2770 1268 in
2797 1214 3016 1269 nomine
3043 1213 3263 1279 Christi,
3283 1225 3346 1269 ut
3372 1213 3490 1269 inec
3508 1231 3618 1284 qua:
3639 1219 3751 1272 audi-

2198 1303 2316 1368 stis,
2340 1302 2405 1356 ad
2430 1300 2660 1358 fructum
2680 1303 2946 1373 cogitetis.
2971 1303 3104 1372 Quia
3131 1312 3185 1359 ct
3209 1305 3510 1374 praadicare
3529 1309 3749 1364 veritatem

2198 1394 2331 1450 nihil
2359 1405 2442 1450 est
2467 1437 2482 1461 ,
2511 1395 2557 1448 si
2587 1409 2684 1450 cor
2712 1413 2741 1449 a
2768 1395 2948 1466 lingua
2977 1397 3289 1461 dissentiat;
3319 1409 3376 1451 et
3402 1398 3582 1453 audire
3605 1401 3753 1454 veriu-

2201 1497 2305 1541 tem
2331 1529 2346 1552 ,
2375 1485 2506 1540 nihil
2537 1485 2777 1555 prodest,
2809 1489 2854 1542 si
2885 1487 3047 1542 homo
3074 1502 3180 1543 non
3210 1501 3381 1561 super
3406 1500 3603 1561 petram
3628 1492 3751 1547 ωηιξη.

2197 1585 2303 1632 cct.
2331 1577 2430 1645 Qui
2461 1576 2690 1633 tedillcat
2731 1593 2894 1648 super
2921 1589 3126 1650 petram
3150 1619 3167 1645 ,
3197 1581 3313 1652 ipse
3339 1591 3428 1636 est
3464 1582 3551 1652 qui
3579 1584 3756 1640 auditu

2198 1667 2325 1724 facit
2365 1687 2380 1724 :
2425 1669 2517 1741 qui
2559 1679 2738 1725 autem
2768 1670 2915 1726 audit
2943 1681 2998 1727 et
3049 1686 3157 1727 non
3201 1672 3368 1740 facit,
3397 1674 3756 1747 mdillcatsupct

2197 1774 2414 1815 arenam
2442 1759 2464 1832 (
2487 1759 2673 1816 Matth.
2701 1776 2796 1826 vn,
2823 1761 2914 1828 94,
2935 1761 3047 1833 26)
3075 1779 3089 1816 :
3115 1764 3204 1835 qui
3232 1780 3338 1820 nec.
3359 1765 3511 1820 audit
3530 1780 3618 1822 nec
3637 1765 3755 1831 facit,

2199 1851 2330 1908 nihil
2360 1851 2609 1907 :cdilic‘at.
2653 1852 2760 1908 Sed
2792 1855 3061 1924 quomodo
3103 1857 3192 1927 qui
3238 1856 3476 1912 aedificat
3506 1873 3651 1928 super
3668 1873 3757 1914 are-

2199 1957 2323 1998 nam
2346 1984 2361 2007 ,
2395 1943 2605 1997 ruinam
2635 1942 2734 1998 sibi
2767 1943 3032 2010 aedificat;
3063 1946 3144 2002 sic
3186 1946 3276 2002 ille
3308 1947 3402 2018 qui
3454 1961 3556 2002 non
3583 1948 3757 2004 adibat

2201 2046 2363 2104 super
2381 2044 2608 2104 petram,
2632 2034 2882 2091 veniente
2907 2035 3090 2101 ﬂuvio,
3116 2037 3233 2092 sine
3258 2037 3428 2094 domo
3451 2038 3652 2108 rapitur.
3673 2036 3756 2095 Non

2202 2134 2286 2181 est
2313 2127 2455 2197 quod
2504 2125 2716 2194 facere,
2752 2127 2854 2182 nisi
2895 2135 2952 2183 et
3000 2127 3268 2185 mdillcare
3317 2139 3377 2185 et
3419 2145 3578 2202 super
3600 2141 3756 2201 petram

2203 2220 2501 2288 aediﬁcare;
2531 2221 2586 2276 id
2607 2229 2710 2287 est,
2731 2230 2790 2278 et
2816 2221 3001 2278 audire
3027 2221 3303 2280 etfacere.
3337 2223 3451 2281 Nec
3474 2225 3602 2279 alius
3619 2224 3754 2280 dicat:

2202 2312 2399 2386 thuid
2443 2315 2673 2386 procede
2712 2315 2779 2372 ad
2826 2317 3154 2374 ecclesiam?
3196 2331 3327 2374 cccc
3357 2320 3447 2390 qui
3478 2319 3685 2390 quotidie
3710 2317 3754 2375 ad

2203 2408 2484 2464 ecclesiam
2513 2408 2808 2479 procedunt
2831 2449 2847 2475 ,
2882 2423 2991 2464 non
3039 2409 3235 2465 faciunt
3262 2411 3410 2480 quod
3438 2411 3657 2467 audiunt.
3683 2407 3754 2465 Pa-

2205 2499 2354 2556 ciuut
2373 2509 2551 2555 tamen
2579 2508 2638 2555 ut
2661 2500 2919 2567 audiant;
2951 2499 3028 2556 sic
3054 2509 3280 2572 possunt
3309 2499 3490 2559 facere
3515 2510 3570 2557 ut
3591 2501 3753 2557 audiant

2206 2600 2260 2647 et
2285 2589 2484 2646 faciant
2511 2608 2526 2646 :
2560 2599 2615 2647 tu
2644 2605 2822 2648 autem
2868 2601 3125 2663 quantum
3171 2595 3336 2665 longe
3380 2609 3441 2650 es
3468 2610 3498 2650 a
3528 2594 3752 2660 faciendo,

2207 2686 2295 2756 qui
2327 2693 2529 2739 tantum
2560 2683 2702 2756 fugis
2725 2686 2793 2741 ab
2817 2685 3122 2741 audiendo?
3151 2685 3256 2742 Sed
3296 2701 3400 2759 ego
3425 2728 3441 2752 ,
3473 2688 3661 2758 inquit,
3680 2701 3752 2744 non

2206 2778 2417 2834 aediﬁco
2460 2791 2622 2849 super
2645 2793 2884 2835 arenam.
2919 2778 3129 2835 Nudum
3160 2789 3213 2836 te
3238 2781 3557 2837 inventurus
3593 2791 3661 2836 est
3682 2779 3751 2835 llu-

2208 2874 2322 2929 vius
2355 2891 2369 2928 :
2399 2875 2654 2948 nutuquid
2700 2875 2820 2930 ideo
2849 2885 2901 2932 te
2932 2889 3040 2931 non
3081 2875 3363 2933 ablaturus
3391 2876 3511 2933 est?
3555 2871 3750 2947 numquid

2206 2965 2328 3023 idco
2356 2968 2539 3039 pluvia
2587 2981 2695 3022 non
2741 2967 2990 3024 necabit?
3031 2968 3290 3039 numquid
3341 2968 3486 3024 venti
3532 2977 3749 3040 propterea

2207 3074 2314 3114 non
2344 3059 2646 3130 abripient!
2684 3059 2820 3129 Ergo
2849 3060 3056 3114 veniam
3089 3068 3144 3116 et
3171 3055 3408 3115 audiam.
3440 3059 3541 3116 Sed
3567 3074 3667 3114 cum
3687 3071 3748 3111 an-

2207 3151 2390 3219 dicris,
2420 3151 2526 3207 iac.
2556 3150 2690 3208 Nam
2718 3152 2765 3208 si
2787 3151 3046 3219 audieris,
3075 3159 3131 3208 cl.
3157 3166 3262 3207 non
3291 3147 3510 3219 feceris,
3537 3147 3748 3207 aediﬁcata

2206 3243 2421 3316 quidem
2446 3285 2460 3307 .
2492 3242 2588 3298 sed
2633 3258 2792 3314 super
2821 3257 3063 3300 arenam.
3108 3242 3243 3312 Quia
3278 3259 3410 3316 ergo
3439 3248 3550 3299 sine
3579 3238 3748 3298 adiicio

2208 3334 2480 3390 constituti
2503 3375 2519 3402 ,
2550 3333 2674 3389 nudi
2715 3349 2900 3390 sumus
2926 3376 2943 3403 ,
2971 3334 3025 3390 in
3052 3333 3284 3391 :edilicio
3310 3345 3488 3391 autem
3513 3348 3652 3406 super
3668 3345 3748 3386 are-

2209 3445 2332 3486 nam
2364 3430 2534 3500 posito
2563 3430 2663 3485 sub
2688 3432 2843 3485 ruina
2886 3443 3102 3495 sumus;
3142 3439 3304 3490 restat
3343 3438 3401 3486 ut
3427 3445 3576 3502 super
3596 3437 3744 3501 petmn

2209 3519 2534 3577 mdilicemu's
2552 3563 2567 3587 ,
2594 3527 2650 3576 et
2676 3520 2820 3593 quod
2849 3520 3148 3577 audivimus
3175 3519 3456 3577 faciamus.

2623 3687 2714 3752 IN
2747 3688 3134 3754 PBALMUM
3175 3689 3379 3754 LVIII

2799 3785 3223 3847 ENARBA'HO.

2847 3893 3020 3938 suam
3047 3895 3065 3937 ι
3106 3877 3206 3956 (α).

2663 3969 2744 4028 De
2769 3973 2933 4043 prima
2960 3983 3104 4044 parte
3133 3971 3361 4053 I’salml.
3464 3973 3466 3976 ’

2283 4087 2339 4144 I.
2363 4081 2525 4160 Iners.
2567 4082 2647 4161 1.]
2685 4085 2834 4142 Sicut
2861 4069 3000 4144 solet
3028 4083 3301 4159 Scriptura
3338 4073 3636 4143 Psallam-unt
3659 4095 3736 4153 my.

2213 4178 2373 4234 stcria
2393 4178 2452 4236 in
2477 4178 2648 4234 titulis
2678 4192 2900 4248 ponere,
2922 4188 2978 4234 et
3003 4176 3232 4234 frontem
3266 4173 3458 4252 Psalmi
3485 4176 3736 4233 sublimitate

2213 4272 2532 4327 sacramenti
2561 4269 2842 4335 decorare,
2876 4281 2934 4328 ut
2952 4272 3190 4332 sciamus
3213 4273 3301 4344 qui
3334 4255 3562 4330 intraturi
3582 4282 3734 4335 stratus,

2213 4378 2332 4420 cum
2367 4369 2616 4434 tanquam
2642 4379 2804 4434 super
2839 4372 3049 4436 postem
3080 4365 3206 4436 quid
3238 4366 3379 4422 intus
3405 4353 3573 4441 agatur
3596 4355 3732 4432 legeri-

2213 4472 2356 4524 mus,
2381 4456 2463 4511 vel
2485 4455 2637 4530 cujus
2661 4455 2851 4512 domus
2877 4457 2967 4526 sit,
2990 4457 3076 4514 vel
3103 4459 3349 4529 quisnam
3371 4461 3438 4514 sit
3461 4459 3584 4513 illius
3601 4449 3733 4528 νηιξάῘὶ

2213 4564 2535 4620 possessor:
2566 4549 2636 4606 ita
2662 4563 2716 4606 et
2741 4550 2793 4605 in
2824 4549 2925 4608 hoc
2950 4552 3156 4622 psalmo
3183 4552 3413 4623 scriptus
3436 4560 3509 4608 est
3531 4541 3731 4605 titulusde

2215 4641 2386 4696 titulo.
2422 4640 2591 4696 liabet
2611 4641 2790 4708 enim,
2819 4638 2886 4700 In
2909 4643 3088 4712 ﬁnem,
3116 4659 3179 4698 ne
3199 4659 3486 4716 corrumpas
3509 4640 3590 4712 ipsi
3612 4633 3730 4694 David

2214 4734 2266 4788 in
2295 4731 2426 4787 tituli
2451 4733 2851 4806 inscriptionem.
2879 4733 2999 4792 iioe
3045 4743 3129 4791 est
3171 4736 3314 4808 quod
3359 4735 3500 4802 dixi,
3525 4729 3666 4790 titulus
3683 4724 3730 4790 dt.

2214 4825 2391 4880 titulo.
2422 4823 2677 4896 Quaenam
2700 4824 2845 4882 enim
2889 4825 2958 4880 sit
2999 4826 3135 4882 tituli
3168 4827 3326 4897 hujus
3354 4823 3596 4896 inscriptio
3616 4827 3724 4890 quam

2215 4917 2483 4988 corrumpi
2515 4923 2691 4983 vetat,
2725 4913 3073 4989 Evangelium
3101 4915 3255 4975 nobis
3284 4919 3489 4977 indicat.
3512 4913 3622 4976 Nam
3640 4919 3723 4966 Cum

2217 5006 2476 5064 Dominus
2503 5007 2924 5080 cruciﬁgeretur,
2955 5009 3136 5066 titulus
3163 5011 3446 5082 inscriptus
3466 5018 3538 5068 est
3555 5022 3585 5061 a
3605 5002 3721 5059 Pilato

2217 5109 2272 5154 et
2302 5087 2503 5171 positus
2524 5142 2541 5170 ,
2574 5100 2687 5166 Rea:
2727 5098 3028 5156 Judtcorum
3050 5142 3067 5168 ,
3101 5103 3271 5160 tribus
3315 5103 3495 5177 linguis
3533 5095 3715 5158 ltcltt‘ﬂo

2216 5206 2385 5262 graeca
2406 5233 2426 5259 ,
2457 5201 2510 5247 et
2540 5191 2698 5246 latina
2729 5191 2878 5264 (Luc.
2924 5207 3056 5249 xxm
3081 5233 3098 5259 ,
3126 5191 3234 5266 58)
3267 5213 3283 5251 :
3311 5210 3428 5268 qua
3465 5189 3716 5263 lingle

2219 5287 2347 5344 orbe
2373 5288 2604 5346 maxime
2629 5287 2920 5345 excellunt.
2952 5288 3114 5359 igitur
3141 5289 3189 5344 si
3231 5305 3327 5348 rex
3353 5287 3610 5350 intimorum
3626 5289 3710 5333 ω’

2219 5377 2410 5436 cilixus
2436 5390 2518 5437 est
2541 5422 2558 5448 ,
2587 5389 2642 5436 et
2665 5379 2834 5436 Judaei
2861 5395 3040 5450 regem
3065 5395 3225 5438 suum
3251 5380 3712 5440 cruciﬁtcmnlim"

2219 5471 2481 5543 ciﬁgendo
2507 5487 2628 5529 eum
2657 5471 2818 5526 etiam
2850 5487 3032 5543 regem
3061 5470 3313 5532 Gentium
3337 5473 3575 5533 fecerunt,
3597 5454 3706 5526 malit

2219 5579 2378 5635 quam
2407 5561 2736 5619 occiderunt.
2769 5562 2836 5622 Et
2875 5563 3089 5637 quidem
3131 5578 3384 5634 quantum
3423 5566 3471 5620 in
3507 5553 3701 5616 illisit“.

2221 5656 2567 5728 perdiderunt
2591 5655 2902 5728 Christum,
2932 5656 3029 5714 sed
3057 5657 3198 5728 sibi,
3227 5675 3341 5718 non
3364 5656 3524 5722 nobis;
3545 5657 3588 5706 αι
3607 5651 3710 5698 ³⁸η

2287 5774 2360 5836 (η)
2394 5773 2590 5823 “abitus
2611 5778 2719 5836 Ροϐῑ
2739 5781 3044 5838 compertum
3065 5773 3482 5842 Pehg'ii‘mopem,
3513 5779 3562 5820 ex
3577 5753 3681 5813 p.19.
