3942 6406
125 287 213 344 W3

124 422 228 470 tunc.
250 412 328 460 est
353 401 439 456 ille
467 412 560 469 pro
600 394 750 459 nobis
775 435 788 454 ,
817 401 870 445 et
896 387 1152 460 sanguine
1180 400 1276 442 suo
1306 379 1530 437 redemit
1559 392 1675 432 nos.

122 507 176 561 Et
204 495 355 558 modo
375 508 478 546 non
504 499 578 544 est
609 495 889 556 corruptus
934 481 1114 535 titulus
1143 495 1158 530 :
1192 478 1311 548 quia
1340 474 1428 528 ille
1455 487 1546 524 rex
1577 478 1677 532 est,

122 611 210 651 non
242 589 406 644 solum
435 581 684 642 Gentium
711 621 726 652 ,
755 576 847 632 sed
877 577 1036 634 etiam
1081 573 1313 643 ipsorum
1353 565 1678 621 Judgeorum.

120 683 239 755 Quid
280 677 460 735 enim?
501 674 632 744 Quia
661 668 1097 726 contradixerunt
1122 703 1137 731 ,
1165 661 1284 716 ideo
1313 658 1452 728 regis
1481 653 1561 709 sui
1589 652 1684 706 do-

121 750 440 836 mutationem
461 779 699 826 evertere
720 761 1036 838 potuerunt?
1057 760 1169 814 Rex
1186 765 1267 820 est
1289 764 1342 810 et
1361 767 1517 822 supra
1541 750 1680 811 illos.

122 873 233 929 Nam
260 869 348 924 illc
387 881 480 928 rex
511 863 709 932 virgam
754 857 980 916 ferream
1023 852 1194 923 gerit,
1236 855 1421 920 quaet
1461 843 1596 914 regit
1633 849 1688 895 et

123 963 312 1038 frangit.
349 957 457 1038 Ego
481 997 497 1028 ,
529 955 697 1025 inquit
721 993 738 1026 ,
781 953 1075 1006 constitutus
1102 960 1213 997 sum
1237 957 1326 995 rea:
1361 939 1422 994 ab
1451 954 1508 991 eo
1537 951 1688 1038 super

124 1026 736 1124 Siaiintouteinsanctum
765 1045 904 1114 ejus,
933 1039 1214 1111 prtetlicaus
1243 1040 1550 1105 praereptum
1587 1026 1690 1078 Do-

122 1148 246 1204 mini.
275 1142 522 1208 Dominus
551 1139 678 1194 diIit
726 1134 793 1188 ad
838 1149 915 1187 me
960 1146 978 1185 :
1025 1127 1190 1182 Filius
1221 1140 1358 1178 meus
1388 1137 1442 1176 es
1473 1129 1526 1172 tu
1555 1159 1568 1179 ,
1598 1132 1689 1194 ego

123 1238 251 1298 hodie
274 1233 421 1308 genui
448 1242 515 1288 te.
543 1228 758 1295 Postulo
780 1243 811 1280 α
837 1240 915 1280 me
935 1263 953 1290 ,
977 1231 1022 1278 et
1054 1220 1182 1274 dabo
1208 1216 1294 1270 tibi
1328 1222 1497 1308 gentes
1523 1212 1688 1262 luere-

122 1306 303 1388 ditatrut
339 1337 520 1392 mimi,
563 1331 609 1382 et
655 1317 1017 1390 possessionem
1062 1320 1201 1365 tuam
1245 1306 1479 1362 terminos
1521 1312 1685 1355 terrm.

113 1424 262 1495 Reges
278 1437 366 1482 cos
405 1420 460 1474 in
491 1416 631 1490 uirga
658 1418 824 1488 ferrea
850 1450 866 1473 ,
896 1419 943 1463 et
987 1418 1226 1474 tanquam
1273 1417 1361 1454 vas
1398 1397 1540 1472 ﬁguli
1570 1412 1691 1495 con:

124 1485 332 1576 miseos
360 1511 379 1582 (
404 1508 551 1572 Psol.
568 1485 640 1572 ⁷ιι,
658 1485 766 1567 ili-9
788 1506 828 1571 ).
855 1501 1004 1570 Quos
1031 1497 1218 1568 reget?
1243 1508 1374 1565 quos
1403 1485 1691 1582 conteret?

122 1608 266 1678 [teget
287 1577 624 1672 obedientes,
650 1603 893 1654 conteret
923 1591 1248 1647 resistentes.
1281 1585 1441 1678 Erga,
1473 1577 1554 1635 Ne
1573 1595 1688 1678 coli.-

123 1672 304 1768 ruuipas
327 1741 341 1768 ,
370 1697 574 1770 optimc
604 1701 658 1752 et
687 1687 994 1761 prophetice
1028 1701 1040 1738 :
1072 1677 1499 1752 quandoquidem
1531 1672 1689 1770 ct

121 1763 268 1859 Judzri
300 1763 682 1860 stigéesscruut
729 1790 855 1847 tunc
902 1777 1114 1844 Pilato,
1149 1783 1202 1830 ct
1249 1772 1526 1836 dixerunt,
1562 1763 1688 1860 Noli

122 1857 309 1939 scribere
333 1857 424 1936 rea:
455 1877 762 1936 Judwornm
781 1915 798 1938 ,
836 1872 924 1938 sed
952 1867 1126 1934 scribo
1149 1907 1164 1931 ,
1202 1865 1321 1950 quia
1349 1864 1457 1933 ipse
1483 1877 1534 1914 se
1561 1857 1691 1912 dixit

121 1995 263 2052 regem
288 1975 628 2040 Juda'orum;
661 1985 782 2032 nam
815 1968 912 2023 iSIc
937 1965 1141 2033 titulus,
1171 1961 1455 2038 inquiunt,
1489 1955 1688 2024 conﬁr-

121 2050 257 2128 mavit
273 2069 415 2130 illum
435 2080 618 2144 regem
637 2062 810 2124 nobis.
833 2059 899 2122 Et
917 2059 1147 2120 Pilatus:
1171 2053 1319 2126 Quod
1336 2052 1544 2124 scripsi,
1560 2050 1690 2118 scri-

122 2166 186 2235 psi
210 2164 380 2235 (Jaan.
410 2176 536 2228 ius,
556 2158 618 2222 2|
640 2164 680 2229 ).
709 2155 774 2214 Et
794 2153 1066 2226 impletum
1089 2160 1165 2210 cst
1183 2189 1198 2216 ,
1219 2146 1303 2213 Ne
1317 2160 1626 2214 corrumpas.

177 2259 227 2322 2.
262 2258 367 2322 Nec
405 2257 509 2320 istc
539 2254 685 2309 solus
713 2249 947 2319 psalmus
974 2244 1133 2308 habet
1163 2238 1464 2314 hujusmodi
1503 2236 1694 2296 inseri-

121 2355 328 2426 [itionem
351 2356 458 2414 ,ιιι
483 2346 668 2415 titulus
699 2359 804 2400 non
847 2345 1233 2416 corrumpatur.
1268 2333 1480 2403 Aliquot
1504 2328 1694 2426 psalmi

123 2424 186 2512 sic
219 2443 489 2516 monetali
533 2449 659 2506 sunt
689 2437 707 2510 (
733 2435 875 2500 Psal.
929 2449 1012 2496 LVI
1036 2463 1058 2472 -
1079 2446 1204 2494 Lvut
1229 2431 1272 2502 ),
1311 2428 1402 2485 sed
1433 2435 1607 2490 nuncii
1641 2424 1693 2480 in

123 2541 343 2604 omnibus
391 2534 576 2610 passio
621 2529 830 2596 Domini
875 2525 1282 2603 praenuntiatum
1330 2519 1472 2596 Ergo
1517 2527 1572 2574 ct
1610 2517 1696 2610 hic

124 2609 454 2702 intelligamus
505 2621 718 2686 Domini
776 2619 1113 2690 passionem,
1157 2622 1216 2674 et
1253 2614 1498 2684 loquatur
1543 2609 1698 2670 nobis

124 2723 342 2792 Christus
366 2726 534 2794 caput
555 2726 613 2776 et
635 2729 851 2782 corpus.
878 2708 968 2776 Sic
989 2721 1223 2778 semper,
1246 2713 1335 2766 aut
1358 2717 1525 2776 prope
1551 2715 1696 2756 sem-

125 2834 206 2887 per
228 2815 501 2882 audiamus
525 2824 683 2880 voces
708 2804 903 2862 Christi
933 2805 999 2868 dc
1029 2800 1239 2866 Psalqu
1263 2841 1277 2866 ,
1307 2806 1368 2856 ut
1396 2812 1499 2854 non
1525 2794 1697 2855 solum

125 2912 399 2976 intueamur
424 2913 590 2978 caput
627 2901 758 2962 illud
800 2911 965 2954 unum
1012 2894 1359 2962 mediatorem
1392 2891 1486 2957 Dei
1516 2899 1570 2950 et
1597 2889 1698 2946 lto-.-

127 3003 341 3076 minunt,
374 2997 650 3062 hominem
697 2992 963 3064 Christum
1011 2987 1198 3056 δεδιυῖα
1227 2985 1286 3059 (ι
1316 2984 1461 3047 Tim,
1489 2998 1528 3052 μ
1549 3025 1564 3050 ,
1598 2982 1696 3054 5);

127 3095 201 3164 qui
243 3075 399 3157 etiam
439 3084 738 3152 secundum
787 3080 1120 3144 divinitatem
1170 3079 1224 3144 in
1277 3075 1536 3148 principio
1586 3083 1703 3133 erat

127 3186 360 3256 Veritum,
379 3185 529 3254 Deus
545 3179 683 3252 apud
710 3178 898 3246 Deum,
925 3173 1070 3249 quod
1095 3171 1325 3232 Verbum
1356 3187 1482 3227 caro
1505 3169 1699 3226 factum

128 3285 215 3348 est,
236 3289 287 3346 et
312 3273 574 3344 habitavit
600 3273 650 3334 in
684 3268 838 3332 nobis
869 3266 1049 3338 (Joon.
1069 3279 1108 3329 ι,
1142 3265 1195 3329 1,
1224 3262 1347 3334 lt),
1374 3278 1498 3320 caro
1526 3277 1589 3318 ex
1614 3277 1702 3320 sev

131 3371 255 3438 mitte
280 3367 554 3439 Abraham
579 3405 595 3431 ,
630 3378 693 3419 ex
741 3359 947 3420 semine
993 3355 1157 3416 David
1202 3355 1270 3412 de
1311 3355 1473 3424 Maria
1503 3354 1704 3425 virgine

131 3463 342 3533 (Manli.
363 3479 400 3527 ι,
431 3462 459 3516 ί
487 3462 679 3530 )goon
699 3468 828 3526 ergo
855 3452 1002 3512 illum
1025 3449 1198 3516 solum
1227 3449 1316 3519 qui
1338 3457 1417 3510 est
1435 3456 1707 3517 caputno-

131 3549 281 3622 suum
311 3560 612 3630 cogitemus
633 3594 649 3620 ,
681 3548 893 3624 quando
935 3544 1179 3608 audimus
1221 3543 1488 3606 Christum
1519 3541 1662 3610 loqui
1687 3557 1704 3606 ;

131 3651 213 3712 sed
236 3653 533 3724 cogitemus
551 3644 827 3712 Christum
853 3646 1011 3710 Caput
1038 3647 1092 3693 et
1119 3650 1312 3706 corpus
1332 3675 1347 3700 ,
1376 3643 1544 3690 totum
1573 3633 1710 3688 inte.-

132 3763 267 3819 εγω
281 3744 569 3819 quemdam
585 3740 785 3802 virum.
811 3733 974 3794 Nohis
999 3731 1141 3792 enim
1167 3729 1380 3795 dicitur,
1421 3725 1711 3819 Yosautem

134 3817 434 3906 δαῑι-σάνιυιδ
459 3831 649 3899 Christi
665 3839 716 3894 cl
745 3825 965 3888 merum
997 3821 1049 3894 (ι
1072 3819 1190 3886 Cor.
1218 3835 1312 3886 su.
1341 3819 1409 3884 27
1425 3817 1471 3890 ),
1494 3817 1560 3874 ab
1583 3833 1712 3886 apo-

135 3931 260 3993 stolo
289 3928 468 3993 Paulo.
505 3924 574 3984 Et
617 3922 684 3986 de
726 3920 822 3978 illo
871 3915 1065 3980 dicitur
1106 3913 1176 3976 ab
1217 3911 1404 3967 eodem
1453 3908 1712 3980 Apostolo

137 4026 244 4095 quin
263 4032 346 4080 est
360 4026 525 4092 caput
544 4014 807 4084 Ecclesia).
828 4010 1040 4084 (Epher-
1065 4021 1103 4073 ι,
1127 4005 1220 4073 29.,
1241 4015 1286 4060 et
1303 4001 1504 4062 .Cotoss.
1530 4018 1571 4070 ι,
1596 4001 1712 4074 18).

137 4118 185 4174 Si
210 4134 334 4190 ergo
361 4118 454 4174 ille
480 4119 642 4183 eaput
663 4151 679 4176 ,
711 4121 810 4164 nos
851 4117 1087 4174 corpus;
1120 4109 1262 4158 totus
1289 4098 1530 4161 Christus
1557 4105 1716 4166 caput

138 4221 188 4270 et
223 4226 433 4284 corpus.
469 4203 770 4276 Aliquotqu
811 4199 954 4256 enim
998 4195 1204 4254 iuvenis
1243 4193 1404 4255 verba
1445 4208 1566 4263 qua:
1607 4207 1714 4248 non

140 4312 421 4376 etntgrnant
442 4299 625 4369 capiti,
658 4304 712 4352 et
740 4293 842 4352 nisi
863 4307 926 4350 ea
953 4288 1283 4359 conpleveris
1302 4286 1535 4356 corpori,
1559 4292 1716 4340 nuta-

140 4396 213 4452 bit
243 4397 539 4454 intelleotus
577 4401 701 4450 tum
731 4403 746 4446 ι
779 4399 963 4446 rursus
997 4383 1209 4442 inventis
1255 4381 1418 4440 verba
1443 4395 1566 4448 qum
1609 4392 1717 4438 non

143 4506 252 4561 apta
272 4501 395 4546 sunt
413 4485 654 4557 corpori,
681 4490 737 4546 et
762 4477 1004 4536 Christus
1030 4485 1209 4535 mineo
1237 4473 1486 4543 loquitur.
1514 4471 1586 4526 lbi
1612 4484 1716 4528 non

143 4586 423 4642 timetulum
453 4589 536 4637 est
565 4593 633 4634 uo
665 4581 816 4632 erret
837 4570 1096 4641 quisque;
1136 4565 1248 4628 cito
1293 4566 1434 4627 enim
1461 4562 1633 4636 pergit
1661 4571 1721 4626 ut

143 4679 290 4746 capiti
315 4684 468 4745 aptet
507 4670 653 4743 quod
692 4666 837 4723 uidet
875 4661 1083 4731 corpori
1113 4674 1221 4728 non
1264 4656 1568 4716 convenire.
1599 4655 1720 4726 Ipse

144 4769 361 4838 denique
387 4772 440 4822 in
463 4777 628 4822 orum
649 4757 894 4830 pendens
916 4795 930 4816 .
960 4768 1026 4810 ex
1051 4765 1276 4820 persona
1301 4749 1542 4819 corporis
1570 4747 1719 4804 locu-

147 4868 224 4916 tus
243 4870 328 4915 est
357 4875 372 4913 ε
409 4857 546 4916 Dm
569 4867 741 4918 sucus,
776 4847 912 4908 Deus
939 4858 1099 4910 meus,
1130 4841 1321 4912 respice
1344 4840 1398 4898 in
1424 4857 1503 4893 me
1521 4880 1537 4906 ,
1565 4855 1724 4908 quare

149 4949 548 5023 nte-dereliquiin
571 4944 594 5020 (
616 4943 771 5001 Ρωι.
796 4956 915 5000 ut.
944 4937 1001 5002 2,
1031 4946 1076 4992 ct
1121 4933 1308 4990 Matth.
1353 4948 1499 4988 xxvii
1523 4972 1538 4996 ,
1568 4931 1674 5002 46)
1699 4930 1724 4986 ?

150 5044 254 5100 Non
286 5047 428 5102 enim
471 5041 829 5108 dereliquerat
867 5031 1179 5094 Christum,
1218 5041 1249 5081 a
1291 5041 1398 5096 quo
1441 5024 1724 5107 derelictus

153 5152 252 5192 non
274 5148 374 5192 est.
399 5138 501 5189 Aut
521 5145 650 5187 vero
667 5130 745 5184 sic
763 5125 830 5181 ad
852 5139 950 5178 nos
968 5122 1135 5186 venit,
1157 5128 1215 5172 ut
1238 5118 1385 5171 illum
1410 5115 1723 5184 desereret;

152 5238 236 5282 aut
257 5229 334 5283 sic
374 5227 521 5288 illum
561 5221 738 5286 misit,
769 5227 826 5273 ut
850 5215 920 5272 ab
968 5213 1059 5270 illo
1102 5208 1434 5266 discederet?
1473 5207 1578 5266 Sed
1605 5209 1727 5278 quia

159 5318 309 5376 homo
327 5319 568 5378 desertus
587 5324 670 5370 est
692 5328 722 5367 a
751 5311 880 5375 Deo,
909 5305 1078 5364 Adam
1104 5303 1194 5360 ille
1223 5316 1469 5370 peccans,
1492 5300 1581 5370 qui
1605 5315 1726 5358 cum

158 5412 341 5467 soleret
364 5412 594 5482 gaudere
638 5405 706 5461 ad
762 5403 951 5459 faciem
1001 5397 1130 5459 Dei,
1171 5393 1497 5450 conscientia
1529 5395 1727 5463 peccati

163 5501 432 5558 deterritus
460 5497 593 5573 fugit
633 5516 662 5554 a
701 5493 903 5567 gaudio
939 5506 1037 5546 suo
1067 5486 1238 5561 (Gen.
1269 5501 1324 5540 ιιι
1344 5527 1359 5551 ,
1391 5485 1498 5554 8);
1525 5495 1578 5540 et
1609 5500 1730 5540 vere

162 5594 431 5665 dereliquit
469 5597 617 5652 illum
650 5591 827 5652 Deus,
859 5584 980 5656 quia
1011 5584 1125 5652 ipse
1153 5578 1389 5635 deseruit
1418 5578 1584 5634 Deum
1619 5596 1632 5630 :
1666 5592 1732 5633 ex

161 5700 264 5756 quo
291 5686 454 5743 Adam
492 5686 737 5744 Christus
778 5692 901 5736 cum
942 5689 1156 5732 carnem
1185 5671 1478 5741 accepisset
1499 5711 1513 5735 ,
1543 5668 1644 5726 hoc
1666 5684 1734 5730 ex

170 5794 384 5849 persona
410 5782 574 5852 ipsius
597 5775 775 5835 carnis
803 5773 877 5828 sit
898 5813 916 5838 ,
944 5769 1068 5840 quia
1093 5774 1220 5824 tunc
1251 5774 1403 5823 vetus
1443 5763 1605 5822 homo
1631 5776 1731 5820 no.-

1186 261 1581 324 ENARRATIO
1619 259 1683 318 IN
1722 258 2039 328 PSALBMIM
2081 261 2260 320 LVIII.

3263 265 3370 325 69t

1787 387 1896 431 ster
1923 380 2078 434 simul
2109 379 2349 435 conﬁxus
2372 389 2454 434 est
2477 379 2622 435 cruci
2650 394 2769 435 cum
2799 379 2888 436 illo
2915 379 3098 451 (Rom.
3131 400 3205 452 vt,
3237 384 3334 454 6).

1860 471 1911 525 ’5.
1955 471 2243 526 Audiamus
2284 488 2410 544 ergo
2452 455 2933 543 quod'sequitur:
2971 475 3186 542 Quando
3239 478 3376 533 misit

1792 563 1922 619 Satil
1945 605 1961 630 ,
1992 575 2038 618 et
2067 567 2330 620 custodiuit
2378 566 2585 621 domum
2613 569 2722 637 ejus
2741 610 2757 635 ,
2788 577 2844 622 ut
2887 585 3003 624 eum
3049 569 3374 639 interﬁceret.

1793 656 1902 710 Hoc
1930 672 2036 712 non
2060 657 2123 712 ad
2150 674 2360 713 crucem
2393 660 2621 727 Domini,
2648 660 2741 715 sed
2771 670 2944 716 tamen
2975 661 3040 716 ad
3073 661 3377 732 passionem

1795 750 2000 807 Domini
2032 754 2277 822 pertinet.
2310 751 2609 808 Crucilixus
2650 754 2790 810 enim
2821 754 3099 817 Christus,
3139 763 3194 809 et
3228 769 3380 810 mor-

1795 850 1914 897 tuus
1938 884 1952 908 ,
1985 853 2037 897 et
2066 844 2304 916 sepultus
2347 854 2445 899 est.
2499 844 2784 916 Erat-ergo
2813 846 2899 902 illa
2946 847 3218 917 sepultura
3257 856 3382 904 tan-

1795 948 1950 1003 quam
1978 933 2166 998 domus
2199 952 2211 986 :
2241 935 2306 988 ad
2336 951 2494 1006 quam
2540 936 2943 992 custodiendam
2985 938 3130 993 misit
3157 954 3381 1008 regnum

1793 1025 2096 1081 Judzeorum
2121 1069 2134 1090 ,
2165 1027 2376 1102 quando
2421 1029 2672 1084 custodes
2713 1030 2933 1084 adhibiti
2984 1039 3108 1085 sunt
3135 1032 3384 1101 sepulcro

1795 1118 1991 1174 Christi
2022 1119 2247 1190 (Matth.
2283 1137 2423 1175 xxvii
2448 1161 2464 1188 ,
2514 1119 2641 1189 66).
2675 1120 2762 1174 Est
2809 1122 3022 1192 quidem
3067 1123 3288 1178 historia
3329 1121 3386 1180 in

1796 1210 2068 1282 Scriptura
2115 1209 2456 1285 Regnorum,
2499 1210 2712 1284 quando
2754 1212 2900 1266 misit
2935 1211 3062 1267 Saul
3106 1213 3172 1267 ad
3201 1221 3384 1270 custo-

1797 1301 2045 1358 diendam
2076 1301 2328 1369 domum,
2357 1311 2412 1355 ut
2457 1301 2780 1356 interﬁceret
2820 1303 2985 1357 David
3013 1301 3070 1375 (l
3097 1303 3226 1376 Reg.
3255 1320 3342 1362 χιχ
3366 1343 3384 1372 ,

1799 1395 1897 1466 Η)
1935 1409 1950 1448 :
1986 1393 2078 1448 sed
2123 1403 2377 1468 quantum
2416 1393 2538 1448 inde
2577 1397 2802 1464 sumpsit
2829 1395 2918 1464 qui
2949 1375 3216 1450 Psalmum
3254 1395 3386 1452 εει-ἱ-

1797 1487 1923 1558 psit,
1954 1495 2152 1540 tantum
2195 1485 2451 1546 debemus
2477 1485 2741 1540 discutere
2785 1499 2904 1540 cum
2948 1484 3156 1540 titulum
3187 1485 3386 1542 Psalmi

1799 1586 2107 1634 tractamus.
2140 1575 2252 1631 Hoc
2279 1577 2430 1634 nobis
2459 1576 2758 1647 signiﬁcare
2799 1584 3002 1632 tantum
3033 1577 3234 1644 voluit,
3262 1577 3388 1648 quia

1798 1668 2020 1723 missum
2049 1678 2130 1723 est
2155 1668 2220 1722 ad
2249 1668 2462 1732 domum
2494 1677 2552 1722 ut
2578 1667 2954 1733 custodiretur,
2986 1676 3041 1723 et
3069 1669 3156 1725 ille
3183 1667 3388 1727 interli-

1797 1759 2045 1815 ceretur?
2071 1759 2348 1830 Quomodo
2374 1775 2502 1830 ergo
2531 1760 2597 1826 ad
2629 1759 2731 1816 hoc
2755 1759 3018 1820 custodita
3043 1760 3342 1816 estdomus
3367 1803 3385 1832 ,

1797 1852 1843 1909 si
1871 1852 2034 1908 David
2065 1852 2324 1926 ﬁgurabat
2351 1853 2620 1910 Christum
2641 1895 2656 1918 ,
2703 1861 2761 1907 ut
2787 1852 3032 1908 Christus
3062 1853 3387 1911 interﬁcere-

1799 1952 1912 2011 tur;
1956 1943 2167 2016 quando
2203 1945 2254 1998 iu
2301 1944 2573 2016 sepultura
2617 1943 2863 1999 Christus
2895 1945 3099 2014 positus
3135 1959 3243 2000 non
3266 1953 3385 2015 est,

1798 2038 1900 2094 nisi
1933 2039 1983 2092 in
2012 2052 2171 2093 cruce
2199 2035 2548 2095 interfectus?
2593 2036 2752 2092 Refer
2789 2037 2897 2091 hoc
2935 2052 3063 2109 ergo
3103 2036 3172 2092 ad
3196 2051 3389 2109 cerpus

1797 2131 1994 2187 Christi
2036 2148 2051 2192 ;
2099 2129 2222 2204 quia
2260 2128 2559 2190 interﬁcere
2595 2125 2864 2194 Christum
2894 2138 3006 2184 erat
3029 2170 3045 2197 ,
3076 2128 3264 2186 tollere
3288 2143 3390 2186 no-

1800 2239 1921 2279 men
1946 2221 2144 2279 Christi
2176 2238 2242 2277 ne
2268 2221 2575 2276 crederetur
2599 2221 2650 2274 in
2677 2217 2948 2275 Christum
2972 2262 2986 2286 ,
3014 2221 3141 2276 dum
3169 2220 3389 2278 menda-

1800 2317 1938 2371 cium
1968 2315 2283 2387 prmvaleret
2302 2313 2603 2380 custodum,
2631 2315 2721 2385 qui
2747 2315 2981 2385 corrupti
3008 2323 3132 2370 sunt
3156 2323 3215 2370 ut
3241 2315 3394 2380 dice-

1800 2419 1920 2465 rent
1948 2410 2071 2482 quia
2099 2423 2217 2464 cum
2244 2407 2577 2472 dormirent,
2602 2415 2863 2463 venerunt
2886 2406 3131 2480 discipuli
3156 2407 3272 2482 ejus
3295 2450 3310 2475 ,
3337 2416 3395 2464 et

1801 2500 2134 2566 abstulerunt
2175 2515 2295 2555 eum
2325 2497 2549 2573 (Matth.
2581 2513 2744 2562 xxvut
2767 2537 2783 2564 ,
2832 2497 2958 2569 15).
3008 2498 3122 2553 Hoc
3158 2508 3242 2555 est
3265 2513 3394 2556 vere

1803 2592 2072 2649 Christum
2100 2593 2237 2647 velle
2267 2592 2592 2660 interﬁcere,
2619 2606 2812 2648 nomen
2843 2589 3249 2646 resurrectionis
3276 2589 3396 2661 ejus

1801 2686 2175 2754 exsﬁnguere,
2220 2691 2277 2738 ut
2318 2681 2651 2738 mendacium
2695 2681 2983 2752 Evangelia
3027 2681 3388 2752 prtel'erretur.

1805 2777 1911 2833 Sed
1942 2775 2208 2848 quomodo
2250 2775 2377 2830 illud
2425 2790 2528 2834 non
2568 2773 2743 2830 ellecit
2781 2774 2907 2831 Saul
2931 2816 2947 2844 ,
2982 2782 3038 2828 ut
3066 2772 3396 2830 interficeret

1807 2869 1970 2924 David
1993 2886 2008 2940 ;
2037 2869 2113 2923 sic
2139 2867 2240 2923 hoc
2262 2884 2362 2924 nec
2384 2867 2551 2938 potuit
2578 2882 2797 2942 regnum
2824 2865 3131 2921 iudicarunt
3153 2863 3390 2935 efﬁcere,

1805 2972 1863 3018 ut
1889 2964 2007 3034 plus
2034 2961 2238 3017 Valeret
2267 2961 2628 3020 testimonium
2659 2957 2944 3018 custodum
2974 2957 3351 3014 dormientium
3377 2998 3394 3021 .

1807 3070 1968 3126 quam
2019 3053 2393 3124 Apostolorum
2445 3052 2795 3124 vigilantium.
2844 3049 2983 3119 Quid
3025 3049 3167 3106 enim
3218 3048 3398 3106 edocti

1809 3157 1932 3201 sunt
1960 3145 2214 3204 custodes
2259 3152 2319 3200 ut
2359 3143 2637 3200 dicerent?
2669 3144 2863 3204 Damus
2888 3141 3042 3197 vobis
3063 3181 3080 3208 ,
3111 3140 3395 3214 inquiunt,

1809 3248 2066 3311 quantum
2091 3237 2250 3292 vultis
2280 3237 2517 3309 pecunia:
2540 3252 2554 3305 ;
2586 3244 2641 3291 et
2664 3235 2825 3291 dicite
2848 3235 2971 3308 quia
2990 3249 3111 3290 cum
3135 3233 3401 3290 dormire-

1811 3333 1900 3401 tis,
1926 3339 2186 3388 venerunt
2213 3329 2460 3402 discipuli
2487 3329 2618 3402 ejus,
2652 3338 2706 3384 et
2734 3327 3066 3386 abstulerunt
3089 3341 3236 3392 eum.
3259 3325 3400 3383 Ecce

1810 3425 1996 3495 quales
2027 3431 2190 3480 testes
2235 3421 2494 3478 mendacii
2534 3428 2719 3476 contra
2745 3419 3024 3488 veritatem
3064 3426 3120 3474 et
3156 3432 3401 3474 resurre—

1812 3520 2044 3574 ctionem
2073 3517 2272 3573 Christi
2323 3516 2524 3584 inimici
2573 3515 2689 3586 ejus
2731 3530 2829 3593 per
2854 3513 2984 3572 Saﬁl
3028 3513 3237 3586 ﬁgurati
3277 3527 3404 3584 pro-

1815 3609 2102 3672 duxerunt.
2135 3609 2435 3686 interroga,
2465 3607 2746 3668 inﬁdelitas
2781 3608 2820 3682 ί,
2850 3617 3014 3662 testes
3038 3607 3403 3678 dormientes;

1815 3702 2179 3774 respondeant
2205 3701 2297 3756 tibi
2343 3701 2469 3774 quid
2507 3708 2685 3755 actum
2717 3701 2796 3767 sit
2824 3699 2878 3754 in
2925 3699 3197 3770 sepulcro.
3224 3697 3326 3776 Qui
3355 3699 3404 3754 si

1815 3795 2175 3867 dormiebant,
2205 3794 2345 3852 unde
2361 3794 2633 3861 scierunt?
2657 3792 2715 3851 Si
2740 3793 3045 3863 vigilabant,
3071 3791 3215 3849 fures
3239 3806 3409 3868 quare

1817 3905 1932 3946 non
1957 3888 2284 3945 tenuerunt?
2309 3888 2463 3952 Dicat
2488 3901 2615 3962 ergo
2637 3885 2779 3962 quod
2808 3886 3066 3964 sequitur.

1890 3984 1942 4038 4.
1986 3979 2133 4056 [vers.
2164 3978 2246 4054 2.]
2277 3977 2411 4040 Erue
2440 3995 2518 4036 me
2539 3978 2608 4038 de
2633 3977 2847 4040 inimicis
2875 3977 2998 4036 meis
3016 4018 3034 4048 ,
3067 3975 3204 4031 Deus
3227 3992 3369 4032 meus
3386 4018 3407 4058 ν

1820 4084 1865 4129 et
1885 4075 1948 4130 ab
1968 4072 2334 4145 insurgentibus
2355 4087 2506 4141 super
2534 4087 2612 4124 me
2631 4069 2818 4137 redime
2841 4086 2938 4128 me.
2963 4068 3181 4126 Factum
3203 4066 3409 4127 esthoc

1821 4169 1875 4224 in
1913 4183 2072 4224 carne
2099 4165 2334 4238 Christi,
2365 4166 2421 4232 ﬁt
2448 4173 2501 4219 et
2529 4165 2579 4218 io
2613 4163 2782 4226 nobis.
2818 4161 2999 4234 Neque
3027 4162 3169 4218 enim
3194 4168 3412 4222 cessant

1823 4259 2022 4320 inimici
2049 4259 2214 4316 nostri
2239 4298 2256 4324 .
2283 4257 2525 4318 diabolus
2549 4265 2602 4311 ct
2628 4255 2802 4332 angeli
2831 4255 2980 4325 ejus,
3013 4255 3286 4326 insurgere
3314 4269 3408 4313 su-

1824 4369 1920 4424 per
1948 4369 2045 4414 nos
2073 4351 2307 4423 quotidie
2325 4393 2342 4420 ,
2374 4361 2426 4408 et
2448 4350 2670 4406 illudere
2695 4350 2831 4418 velle
2861 4348 3151 4404 inﬁrmitati
3174 4359 3228 4405 et
3248 4347 3410 4422 fragi-

1824 4446 1958 4510 litati
1983 4455 2177 4508 nostra:
2194 4486 2210 4510 ,
2236 4444 2657 4516 deceptionihus,
2685 4439 3131 4516 suggestionibus,
3160 4440 3412 4500 tentatio-

1825 4539 2002 4602 uibus,
2034 4548 2088 4594 et
2104 4537 2529 4608 quibuscumque
2558 4519 2762 4608 laqueis
2781 4533 3017 4604 irretire,
3040 4549 3162 4588 euut
3192 4534 3243 4587 in
3271 4542 3416 4604 terra

1825 4632 1999 4700 adhuc
2034 4632 2278 4698 vivimus.
2307 4627 2415 4695 Sed
2445 4644 2546 4692 vos
2572 4639 2752 4696 nostra
2795 4627 2974 4700 vigilet
3014 4625 3080 4696 ad
3129 4626 3296 4692 Deum
3317 4668 3330 4693 ,
3360 4633 3418 4700 et

1827 4727 2018 4788 clamet
2048 4725 2100 4782 io
2127 4723 2384 4790 membris
2421 4722 2616 4784 Christi
2642 4763 2657 4789 ,
2698 4721 2797 4776 sub
2825 4721 2998 4790 capite
3034 4720 3086 4774 in
3117 4720 3256 4790 caelo
3281 4736 3416 4792 con-

1827 4819 2010 4878 Stituto
2039 4834 2052 4872 :
2085 4814 2218 4870 Erue
2244 4831 2322 4870 rue
2350 4814 2412 4878 de
2439 4813 2652 4879 inimicis
2684 4812 2849 4888 uicis,
2876 4809 3015 4878 Deus
3051 4827 3191 4866 meus
3212 4851 3229 4877 ,
3269 4821 3317 4876 et
3355 4809 3420 4865 ab

1828 4909 2196 4981 insurgentibus
2222 4924 2373 4978 super
2398 4923 2476 4966 me
2509 4905 2699 4972 redime
2725 4921 2822 4974 tne.
3429 4965 3432 4975 ι

1901 5003 1954 5058 5.
1983 5001 2134 5074 Laetis.
2163 4997 2242 5074 5.]
2274 4997 2410 5054 Erae
2437 5014 2516 5061 me
2540 4997 2604 5053 de
2639 4996 2960 5070 operantibus
2986 4995 3299 5068 iniquitatem
3317 5034 3334 5064 ,
3367 5001 3438 5048 et-

1831 5094 1897 5150 de
1928 5093 2047 5151 viris
2075 5090 2380 5168 sanguinum
2410 5088 2605 5152 saluum
2639 5103 2720 5154 {tne
2748 5089 2850 5161 (ac.
2883 5087 3050 5148 Erant
3094 5086 3170 5141 illi
3199 5084 3419 5157 quidem

1834 5187 1934 5243 viri
1963 5184 2280 5256 sanguinum
2301 5224 2318 5252 ,
2343 5183 2436 5254 qui
2477 5181 2681 5253 justum
2701 5173 3050 5248 occiderunt,
3079 5179 3131 5234 in
3158 5192 3264 5249 quo
3293 5177 3418 5238 nul-

1835 5281 1939 5340 lam
1983 5279 2193 5348 culpam
2241 5277 2555 5340 inveuerunt
2589 5285 2792 5342 zerant
2835 5274 2907 5330 illi
2937 5273 3037 5327 viri
3075 5271 3421 5344 sanguinum,

1837 5376 1958 5446 quia
1989 5389 2108 5430 cum
2139 5370 2301 5427 vellet
2349 5371 2648 5444 alienigena
2686 5370 2810 5426 lotis
2860 5366 3104 5435 manibus
3148 5364 3424 5426 dimittere

1823 5468 2110 5536 ,Cbristum
2131 5508 2147 5533 ,
2197 5466 2562 5522 clamaverunt
2581 5503 2597 5528 ,
2629 5461 2914 5533 Cruci/iga,
2958 5456 3200 5527 cruci/iga
3225 5471 3244 5510 :
3273 5463 3431 5518 erant

1841 5561 1937 5618 viri
1970 5561 2285 5633 sanguiuum
2306 5601 2323 5626 ,
2359 5557 2550 5630 quibus
2579 5550 2699 5610 eum
2724 5555 2834 5628 jam
2873 5551 3194 5622 ohjiceretur
3219 5547 3430 5610 crimen

1841 5654 2114 5729 sanguinis
2140 5653 2376 5720 Christi,
2408 5648 2837 5720 responderunt,
2870 5643 3217 5719 propinantes
3244 5645 3432 5716 poste-

1909 5774 1927 5804 ι
1953 5771 2026 5822 sic
2045 5777 2152 5822 Mss.
2190 5775 2248 5820 tu
2279 5766 2417 5826 add,
2436 5760 2756 5827 inﬁdelitatis.
