3912 6450
530 337 637 396 695

527 456 601 511 ris
630 453 760 519 suis,
792 450 1016 522 Sanguis
1040 449 1149 517 ejus
1177 458 1330 512 super
1359 459 1471 508 nos,
1497 450 1544 495 et
1571 455 1724 511 super
1749 436 1883 508 filios
1913 445 2109 488 nostros

531 546 742 606 (Matth.
771 559 936 606 xxvii,
955 541 1045 604 9.5,
1072 538 1187 608 23).
1215 535 1323 591 Sed
1352 549 1451 590 nec
1476 533 1528 588 in
1558 531 1673 602 ejus
1701 541 1896 598 corpus
1921 541 2112 580 exsur-

525 655 652 709 gere
685 637 780 691 viri
809 634 1120 706 sanguinum
1147 637 1516 692 cessaverunt,
1550 639 1674 680 nam
1698 631 1752 679 et
1785 629 1904 692 post
1932 633 2115 674 resur—

528 732 819 784 rectionem
881 723 1357 792 ascensionemque
1419 717 1659 781 Christi,
1717 711 2115 785 persecutiones

529 833 680 888 passa
713 827 794 872 est
826 814 1056 871 Ecclesia
1086 831 1102 876 ;
1153 823 1209 868 et
1235 812 1322 866 illa
1352 810 1565 881 quidem
1596 806 1769 877 primo
1797 818 1916 874 qua:
1957 801 2113 857 efﬂo-

528 911 630 964 ruit
671 909 738 963 de
767 916 925 977 gente
951 903 1256 960 Judacorum
1282 943 1296 965 ,
1327 902 1396 958 de
1439 915 1543 972 qua
1575 908 1629 953 et
1655 895 1896 968 Apostoli
1943 891 2116 948 nostri

525 1001 758 1058 fuerunt.
792 999 866 1054 lbi
901 999 1070 1067 primo
1098 995 1401 1064 Stephanus
1444 991 1707 1062 lapidatus
1736 997 1816 1042 est
1847 985 1979 1056 (Act.
2015 999 2112 1048 vn,

525 1094 669 1163 58),
720 1099 774 1146 et
819 1089 957 1160 quod
1005 1087 1294 1142 vocabatur
1341 1083 1564 1153 accepit.
1620 1078 1923 1150 Stephanus
1971 1075 2115 1129 enim

525 1188 734 1242 Corona
765 1184 980 1238 dicitur.
1033 1180 1314 1236 llumiliter
1342 1176 1636 1248 lapidatus,
1677 1171 1770 1228 sed
1811 1169 2114 1226 sublimiter

522 1289 828 1334 coronatus.
880 1273 1080 1330 Deinde
1128 1273 1180 1327 in
1212 1271 1471 1326 Gentibus
1499 1270 1914 1323 exsurrexerunt
1951 1275 2114 1330 regna

523 1371 796 1435 Gentium,
820 1377 1100 1437 antequam
1129 1365 1182 1419 in
1203 1366 1281 1419 eis
1307 1361 1618 1431 impleretur
1637 1355 1778 1428 quod
1801 1353 2114 1424 prmdietum

523 1471 661 1526 erat,
688 1460 987 1514 Adorabunt
1014 1474 1127 1511 eum
1156 1471 1328 1510 omnes
1354 1468 1494 1523 reges
1523 1461 1667 1505 terra
1687 1464 1709 1514 ,‘
1747 1463 1919 1503 omnes
1947 1455 2116 1517 gentes

524 1554 740 1609 servient
769 1553 814 1606 ei
840 1549 1013 1621 (Psal.
1042 1565 1183 1613 uxr,
1221 1547 1310 1620 11)
1339 1565 1352 1600 :
1382 1555 1436 1601 et
1462 1543 1676 1600 fremuit
1704 1542 1935 1611 impetus
1964 1539 2114 1610 regni

525 1644 674 1700 illius
716 1642 972 1696 adversus
1009 1649 1170 1695 testes
1194 1637 1392 1694 Christi
1418 1653 1432 1700 ;
1459 1635 1660 1690 effusus
1689 1642 1771 1688 est
1799 1645 2021 1701 magnus
2062 1636 2118 1683 et

525 1735 727 1790 multus
747 1741 1037 1805 martyrum
1063 1729 1276 1800 sanguis
1301 1747 1314 1783 :
1339 1742 1446 1797 quo
1469 1724 1660 1792 effuso,
1685 1733 1934 1794 tanquam
1957 1720 2118 1776 serui-

524 1835 648 1879 nata
701 1839 853 1895 seges
907 1821 1162 1878 licclcsiae
1225 1819 1451 1875 fertilius
1507 1816 1802 1888 pullulavit,
1835 1823 1888 1870 et
1946 1820 2114 1867 totum

523 1915 808 1981 mundum,
837 1915 975 1969 sicut
1004 1927 1145 1968 nunc
1171 1910 1552 1982 conspicimus,
1581 1905 1883 1977 occupavit.
1921 1905 2004 1959 Ah
2031 1902 2114 1958 his

522 2025 652 2082 ergo
697 2009 827 2064 viris
872 2008 1189 2078 sanguinum
1235 2005 1441 2065 eruitur
1472 2003 1735 2064 Christus,
1785 2014 1892 2054 non
1941 1997 2114 2052 solum

521 2113 697 2176 caput,
730 2102 824 2158 sed
865 2102 1024 2156 etiam
1055 2113 1269 2170 corpus.
1313 2099 1359 2152 A
1388 2097 1518 2151 viris
1555 2092 1872 2166 sanguiuum
1911 2090 2116 2146 eruitur

522 2197 788 2264 Christus,
834 2205 888 2253 et
932 2196 1010 2251 eis
1038 2194 1128 2265 qui
1159 2192 1392 2255 fuerunt,
1435 2197 1491 2244 et
1534 2187 1613 2242 eis
1651 2186 1742 2258 qui
1768 2194 1912 2250 sunt,
1956 2193 2009 2239 et
2037 2182 2116 2238 eis

521 2290 610 2362 qui
639 2288 798 2344 futuri
830 2295 973 2353 sunt,
1003 2286 1208 2342 eruitur
1236 2282 1480 2338 Christus
1501 2321 1517 2346 ,
1549 2288 1604 2335 et
1627 2278 1718 2350 qui
1747 2277 2035 2349 praecessit,
2062 2283 2117 2331 et

521 2381 614 2452 qui
643 2389 746 2446 est,
777 2387 831 2434 et
855 2379 944 2448 qui
970 2385 1227 2434 venturus
1253 2385 1355 2431 est.
1382 2373 1627 2430 Christus
1665 2372 1809 2427 enim
1838 2379 1921 2425 est
1947 2378 2114 2424 totum

522 2488 720 2544 corpus
748 2469 942 2526 Christi
974 2489 987 2525 ε
1017 2479 1072 2524 et
1108 2469 1430 2540 quicumque
1459 2479 1600 2518 nunc
1643 2461 1919 2517 christiani
1964 2461 2110 2526 boni,

521 2575 578 2621 et
607 2566 696 2636 qui
727 2573 848 2619 ante
889 2578 1020 2627 nos,
1053 2572 1107 2617 et
1133 2561 1224 2630 qui
1270 2566 1390 2628 post
1436 2570 1534 2611 nos
1578 2553 1738 2610 futuri
1783 2561 1924 2618 sunt,
1973 2559 2115 2606 totus

523 2657 768 2711 Christus
811 2653 1014 2708 eruitur
1042 2667 1070 2704 a
1101 2650 1232 2705 viris
1275 2646 1632 2719 sanguinum;
1673 2658 1772 2700 nec
1802 2652 1954 2697 vacat
2001 2641 2115 2695 haec

522 2763 646 2815 vox,
677 2748 743 2802 Et
771 2764 802 2800 a
829 2747 948 2800 viris
972 2743 1276 2815 sanguinum
1304 2741 1499 2795 salvum
1528 2755 1607 2793 me
1632 2738 1734 2807 fac.

593 2839 642 2894 6.
676 2837 840 2911 [vers.
867 2833 958 2906 4.]
1003 2835 1134 2901 Quia
1175 2849 1288 2888 ecce
1329 2831 1495 2886 uenali
1520 2837 1635 2885 sunt
1664 2828 1886 2882 animum
1928 2841 2110 2879 meam.

521 2933 815 2990 Potuerunt
865 2940 1082 2994 tenere,
1129 2934 1421 2998 potuerunt
1465 2922 1744 2986 occidere,
1790 2920 1952 2975 venali
1996 2926 2114 2971 sunt

520 3025 744 3079 animam
785 3036 969 3075 meam.
1007 3017 1112 3074 Sed
1149 3017 1238 3072 ubi
1276 3025 1392 3083 est,
1436 3012 1714 3082 Disrupisti
1762 3010 1962 3064 vincula
1999 3022 2114 3061 utea

521 3113 695 3187 (Psal.
724 3129 824 3168 cxv
845 3153 858 3176 ,
889 3111 991 3181 16)
1013 3112 1037 3164 ?
1081 3107 1182 3166 Ubi
1217 3117 1334 3174 est,
1366 3106 1656 3175 Muscipula
1684 3105 1989 3158 comminuta
2018 3110 2111 3166 est,

522 3215 570 3261 et
596 3223 688 3260 nos
719 3204 847 3258 eruti
878 3201 1097 3257 sumus?
1136 3199 1240 3256 Ubi
1263 3209 1346 3253 est
1367 3197 1509 3268 quod
1535 3195 1900 3251 benedicimus
1923 3194 2111 3259 Deum,

523 3297 610 3369 qui
635 3313 736 3350 non
765 3295 901 3348 dedit
933 3310 1024 3346 nos
1051 3295 1105 3345 in
1144 3291 1457 3345 venationem
1481 3288 1709 3342 dentibus
1739 3303 1910 3340 eorum
1941 3283 2110 3352 (l’sal.

523 3404 709 3454 cxxnt,
738 3387 792 3453 Ἰ,
817 3386 914 3456 6)?
946 3385 1022 3439 llli
1050 3383 1266 3455 quidem
1292 3381 1471 3437 venali
1497 3388 1641 3446 sunt,
1671 3379 1764 3435 sed
1791 3379 1843 3433 in
1871 3377 2112 3433 manibus

523 3477 830 3536 Venantium
861 3490 966 3531 non
997 3474 1215 3531 dimittit
1249 3473 1340 3544 qui
1366 3470 1594 3528 custodit
1621 3471 1803 3526 lsrael.
1839 3469 1972 3537 Quia
1998 3483 2113 3522 ecce

522 3570 689 3626 cenati
728 3578 844 3625 sunt
886 3567 1109 3622 animam
1137 3581 1302 3620 meant
1325 3579 1344 3618 :
1370 3565 1624 3618 irruerunt
1650 3578 1800 3630 super
1828 3578 1908 3615 me
1934 3565 2111 3634 fortes.

522 3663 642 3721 Non
670 3671 953 3732 utcumque
981 3657 1362 3715 transeundum
1393 3665 1476 3711 est
1501 3654 1568 3710 ab
1598 3655 1680 3710 his
1706 3652 1933 3708 fortibus
1959 3671 1971 3704 :
1995 3652 2115 3707 dili-

521 3765 711 3830 genter
751 3752 1129 3811 insinuandum
1159 3760 1244 3807 est
1271 3751 1360 3820 qui
1403 3750 1512 3804 sint
1550 3747 1714 3803 fortes
1756 3751 2111 3817 insurgentes.

521 3849 715 3908 Fortes
737 3889 752 3911 ,
782 3859 946 3915 super
970 3857 1125 3916 quos,
1159 3841 1260 3896 nisi
1288 3854 1448 3910 super
1476 3838 1739 3904 infirmos,
1767 3852 1930 3908 super
1960 3838 2112 3891 inva-

522 3938 684 4003 lidos,
715 3951 876 4008 super
901 3951 1006 3991 non
1039 3933 1241 3990 fortes?
1279 3931 1347 3986 Et
1373 3928 1655 3985 laudantur
1685 3937 1864 3983 tamen
1892 3927 2111 3991 infirmi,

529 4042 587 4091 et
612 4032 933 4088 damnantur
962 4030 1146 4086 fortes.
1176 4026 1233 4083 Si
1264 4025 1625 4096 intelligantur
1657 4021 1750 4094 qui
1777 4032 1902 4077 sunt
1926 4021 2112 4088 fortes,

525 4130 699 4202 primo
727 4128 900 4201 ipsum
929 4125 1202 4181 diabolum
1227 4121 1485 4177 Dominus
1509 4117 1699 4174 fortem
1724 4117 1859 4174 dixit
1885 4135 1899 4170 :
1926 4114 2114 4184 Nemo,

528 4222 724 4294 inquit,
759 4228 918 4291 potest
959 4218 1150 4271 intrare
1191 4215 1247 4268 in
1287 4213 1493 4267 domum
1539 4212 1706 4283 fortis,
1752 4219 1799 4264 et
1845 4225 1964 4264 vasa
2008 4211 2118 4279 ejus

529 4312 722 4382 eripere
745 4351 760 4378 ,
791 4309 888 4362 nisi
920 4308 1059 4377 prius
1099 4304 1379 4375 alligaverit
1421 4305 1601 4374 fortem
1639 4300 1851 4372 (Matth.
1876 4316 1972 4365 xu,
1999 4297 2115 4371 29).

528 4403 783 4475 Alligavit
809 4415 937 4472 ergo
979 4400 1168 4454 fortem
1196 4395 1424 4451 vinculis
1459 4393 1836 4449 dominationis
1870 4407 2020 4456 sure;
2065 4399 2120 4447 et

528 4511 656 4552 vasa
701 4495 818 4565 ejus
860 4492 1103 4562 arripuit,
1148 4504 1213 4545 ac
1254 4504 1379 4544 vasa
1425 4503 1522 4544 sua
1570 4486 1710 4544 fecit.
1761 4487 1930 4542 Erant
1975 4486 2118 4542 enim

530 4602 722 4646 omnes
765 4587 928 4654 iniqui
967 4598 1094 4638 vasa
1123 4581 1350 4646 diaboli,
1383 4581 1472 4652 qui
1512 4579 1796 4636 credentes
1836 4579 1956 4633 facti
1996 4585 2123 4633 sunt

531 4696 661 4736 vasa
708 4677 905 4733 Christi
950 4693 964 4730 :
1011 4675 1203 4745 quibus
1229 4674 1515 4746 Apostolus
1561 4672 1708 4737 dicit,
1753 4669 1948 4725 Fuistis
1989 4672 2121 4726 enim

533 4771 810 4845 aliquando
838 4771 1079 4836 tenebrae,
1107 4785 1240 4822 nunc
1267 4777 1431 4821 autem
1461 4765 1551 4821 lux
1576 4766 1630 4820 in
1655 4763 1875 4819 Domino
1904 4762 2118 4836 (ΕρΙιεε.

535 4884 591 4935 v,
619 4866 708 4936 8),
737 4865 821 4936 qui
847 4873 990 4918 notas
1021 4862 1139 4934 facit
1166 4860 1368 4914 divitias
1395 4875 1512 4914 suas
1539 4857 1591 4911 in
1617 4871 1738 4910 vasa
1769 4855 2124 4911 misericordia

539 4957 717 5030 (Rom.
747 4973 821 5022 ix,
848 4955 963 5026 25).
991 4954 1223 5010 Possunt
1251 4968 1379 5024 ergo
1412 4951 1498 5006 isti
1535 4949 1705 5006 fortes
1745 4949 1986 5020 intelligi.
2015 4948 2123 5006 Sed

535 5059 661 5109 sunt
705 5049 756 5102 in
807 5045 1107 5101 hominibus
1154 5044 1370 5116 quidam
1417 5042 1579 5098 fortes
1625 5042 2027 5112 reprehensibili
2069 5050 2125 5098 et

535 5140 828 5198 damnabili
874 5136 1178 5191 fortitudine
1199 5177 1214 5202 ,
1247 5135 1335 5204 qui
1379 5142 1706 5204 praesumunt
1747 5133 1960 5204 quidem
1983 5174 1998 5199 ,
2027 5133 2123 5188 sed

538 5235 606 5288 de
640 5231 916 5301 temporali
946 5229 1215 5283 felicitate.
1245 5225 1361 5280 Non
1384 5225 1533 5280 vohis
1556 5224 1766 5280 videtur
1793 5225 1952 5280 fuisse
1974 5223 2123 5280 fortis

539 5326 691 5381 dives
719 5323 850 5388 iste,
881 5327 967 5390 qui
1001 5336 1139 5375 nunc
1165 5334 1229 5374 ex
1264 5318 1548 5388 Evangelio
1577 5320 1829 5374 recitatos
1854 5327 1957 5383 est,
1989 5333 2124 5388 quo-

539 5420 682 5472 niam
710 5414 967 5470 successit
1004 5414 1051 5468 ei
1083 5413 1230 5483 regio
1257 5413 1308 5465 in
1339 5413 1606 5483 opulentia
1647 5412 1908 5467 fructuum
1929 5411 1954 5464 ?
1995 5411 2123 5466 Per-

543 5508 788 5564 turbatus
818 5505 1096 5560 consilium
1141 5503 1524 5560 rcconditionis
1563 5505 1799 5572 invenit,
1827 5513 1885 5558 ut
1912 5503 2130 5560 destru-

540 5601 643 5655 ctis
664 5596 932 5653 veteribus
954 5596 1249 5664 apothecis,
1278 5611 1442 5650 novas
1461 5604 1793 5652 construeret
1819 5595 2122 5663 ampliores,

539 5692 724 5761 eisque
765 5685 1067 5756 completis,
1113 5688 1306 5742 anima:
1345 5703 1455 5743 sua:
1489 5688 1733 5744 diceret:
1768 5686 1936 5742 Habes
1967 5687 2128 5741 multa

543 5781 678 5837 bona
697 5821 712 5849 ,
741 5780 955 5842 animo;
991 5778 1228 5848 epulare,
1268 5779 1585 5848 jucundare,
1618 5780 1803 5834 satiare
1831 5777 1994 5846 (Luc.
2027 5793 2124 5847 xu,

1771 323 1827 378 s.
1867 313 2236 376 AUGUSTINI
2275 316 2575 375 EPlSCOPl
3657 331 3733 391 εκ

2230 431 2440 504 16-19).
2469 434 2689 504 Qualem
2735 436 2923 492 fortem
2964 437 3158 494 vides?
3204 438 3335 495 Ecce
3375 441 3512 496 homo
3554 447 3621 515 τιὶ
3663 463 3736 504 nos

2223 528 2390 597 posuit
2418 527 2583 583 Deum
2607 529 2893 599 adiutarent
2924 549 3072 586 suum
3090 573 3104 598 ,
3132 532 3223 586 sed
3248 535 3464 603 speravit
3486 535 3534 588 in
3559 538 3736 595 multits.

2223 621 2341 676 dine
2366 622 2651 677 divitiarum
2679 641 2906 678 suarum.
2934 623 3070 680 Vide
3093 639 3249 695 quam
3275 625 3429 682 fortis
3447 628 3511 683 sit
3537 629 3625 683 εει
3645 649 3738 702 pre.

2221 712 2400 776 ualuit,
2430 713 2618 784 inquit,
2645 715 2697 768 in
2725 716 2944 769 vanitate
2970 733 3064 770 sua
3092 715 3266 786 (Psal.
3290 734 3362 780 LI,
3389 717 3466 790 9).

2292 803 2345 858 7.
2375 803 2510 859 Sunt
2533 813 2588 860 et
2615 805 2700 859 alii
2731 804 2895 860 fortes
2913 848 2926 873 ,
2955 822 3061 862 non
3088 808 3156 863 de
3184 809 3382 865 divitiis
3400 852 3416 877 ,
3447 825 3547 868 non
3571 812 3627 869 de
3647 816 3741 872 viri-

2221 894 2321 951 bus
2347 897 2622 966 corporis,
2652 913 2755 952 non
2795 898 2863 953 de
2900 898 3078 970 aliqua
3118 901 3170 954 in
3211 909 3455 972 tempore
3484 907 3742 973 prmcellentl

2222 985 2457 1054 potentia
2482 985 2770 1056 dignitatis,
2801 987 2896 1044 sed
2926 999 3309 1060 pnesumentes
3336 991 3406 1047 de
3439 994 3624 1063 justitia
3653 1012 3738 1054 sua.

2223 1073 2335 1131 Hoc
2361 1091 2530 1146 genus
2558 1077 2774 1133 fortium
2804 1080 3121 1148 cavendum,
3154 1083 3519 1154 metuendum,
3550 1102 3742 1146 aversan-

2221 1165 2370 1231 dttm,
2403 1183 2507 1223 non
2534 1169 2844 1226 imitandum
2878 1188 2892 1225 :
2929 1175 3399 1245 pratsumentium,
3434 1178 3745 1249 inquam,non

2220 1255 2288 1312 de
2312 1272 2564 1328 corpore,
2600 1275 2706 1316 non
2742 1261 2811 1318 de
2837 1263 3027 1332 opibus
3048 1306 3065 1332 ,
3097 1281 3204 1320 non
3250 1266 3318 1322 de
3345 1282 3572 1338 genere,
3599 1288 3680 1327 non
3698 1275 3744 1330 de

2224 1351 2459 1420 honore;
2490 1356 2667 1409 omnia
2693 1356 2836 1412 enim
2868 1357 2967 1412 ista
3001 1359 3119 1429 quis
3145 1376 3249 1416 non
3275 1361 3457 1417 videat
3479 1368 3744 1438 temporalia,

2221 1441 2360 1498 fluxa
2378 1485 2393 1510 ,
2419 1444 2641 1508 caduca,
2672 1447 2945 1504 volaticai
2973 1448 3068 1504 sed
3096 1453 3536 1520 praesumentium
3555 1456 3614 1511 de
3632 1456 3744 1527 jnsti-

2224 1537 2292 1590 tia
2317 1551 2432 1592 sua.
2461 1537 2606 1593 Talis
2629 1538 2884 1595 fortitudo
2916 1540 3192 1612 impedivit
3215 1543 3436 1601 Iudaeos
3461 1563 3528 1603 ne
3549 1564 3630 1620 per
3650 1551 3748 1608 lora-

2223 1642 2344 1683 men
2373 1643 2501 1684 acus
2532 1629 2798 1687 intrarent
2822 1631 3047 1702 (Matth.
3079 1650 3169 1689 Xlx
3190 1677 3205 1700 ,
3231 1635 3304 1692 24
3321 1635 3362 1709 ).
3408 1637 3537 1695 Cum
3561 1642 3676 1697 enim
3706 1645 3750 1700 de

2221 1732 2281 1773 se
2307 1727 2637 1788 prmsumunt
2674 1721 2816 1792 quod
2852 1722 2983 1793 justi
3025 1725 3166 1792 siut,
3194 1734 3250 1782 et
3280 1736 3530 1798 tanquam
3557 1732 3652 1786 sani
3679 1734 3750 1790 sati
3840 1731 3841 1736 “

2222 1809 2500 1877 videntur,
2532 1811 2853 1869 medicinam
2882 1825 3298 1884 recusaverunt,
3337 1830 3394 1875 et
3426 1821 3588 1891 ipsum
3626 1826 3750 1880 medi-

2223 1916 2344 1956 cum
2387 1913 2730 1959 necaverunt.
2779 1905 2936 1964 Tales
2980 1923 3110 1980 ergo
3155 1909 3360 1977 fortes,
3406 1928 3512 1968 non
3549 1914 3748 1983 inﬁrmos,
3840 1903 3841 1934 ¹

2222 2011 2330 2050 non
2359 1997 2504 2051 venit
2529 2013 2722 2055 vocare
2750 2000 2839 2070 qui
2881 2001 3015 2058 dixit
3045 2020 3060 2058 :
3090 2003 3211 2058 Non
3246 2015 3321 2060 est
3347 2021 3475 2078 Opus
3498 2009 3620 2062 sanis
3639 2010 3751 2063 medi-

2221 2104 2342 2156 cus,
2369 2089 2457 2144 sed
2482 2090 2616 2144 male
2643 2091 2955 2149 habentibus.
2986 2093 3109 2150 Non
3150 2098 3266 2152 veni
3291 2114 3472 2154 vocare
3499 2101 3750 2172 justos.sed

2222 2190 2506 2252 peccatores
2532 2184 2586 2237 in
2616 2185 2977 2254 paenitentiam.
3009 2187 3100 2244 Isti
3133 2200 3292 2247 erant
3323 2192 3490 2248 fortes
3523 2193 3607 2265 qui
3632 2194 3750 2249 insul-

2224 2275 2410 2330 tabant
2434 2275 2707 2346 discipulis
2738 2277 2956 2346 Christi,
2986 2282 3109 2352 quia
3136 2284 3397 2353 magister
3424 2298 3598 2340 eorum
3620 2285 3672 2341 ad
3694 2288 3745 2342 in-
3840 2287 3841 2353 ξ

2222 2367 2406 2424 firmos
2428 2369 2679 2437 intrabat,
2703 2380 2758 2428 et
2787 2373 3170 2429 convivahatur
3197 2390 3323 2432 cum
3355 2376 3592 2432 infirmis.
3612 2377 3747 2447 Quae,

2225 2461 2490 2530 inquiunt,
2514 2463 2754 2534 magister
2773 2475 2934 2519 vester
2953 2481 3068 2519 cum
3093 2467 3384 2537 publicanis
3407 2479 3454 2523 et
3473 2472 3748 2538 peccatoribus

2221 2552 2490 2606 manducet
2517 2552 2537 2622 (
2567 2551 2654 2607 Id.
2700 2569 2784 2620 lx,
2833 2554 3073 2628 41.13)?
3114 2557 3158 2612 ο
3211 2557 3383 2615 fortes
3435 2559 3614 2631 quibus
3633 2561 3748 2618 medi-
3840 2551 3841 2622 ἐ

2220 2658 2316 2700 eus
2355 2659 2489 2715 Opus
2517 2661 2623 2702 non
2669 2650 2792 2703 est!
2835 2647 3119 2706 Fortitudo
3157 2651 3257 2706 ista
3289 2668 3404 2709 non
3431 2653 3651 2710 sanitatis
3677 2665 3744 2720 ea,

2221 2737 2316 2792 sed
2350 2737 2592 2793 insaniat.
2619 2739 2752 2795 Nam
2782 2749 2837 2798 et
2867 2742 3189 2812 phreneticis
3216 2744 3353 2803 nihil
3383 2745 3596 2816 fortius,
3617 2748 3746 2803 valen-

2221 2827 2384 2884 tiores
2427 2838 2552 2885 sunt
2587 2832 2776 2888 sanis:
2809 2833 2902 2888 sed
2933 2844 3132 2904 quanto
3179 2836 3420 2908 majores
3463 2839 3608 2906 vires,
3645 2848 3745 2895 tanto

2220 2935 2367 2976 mors
2394 2921 2636 2977 vicinior.
2669 2926 2888 2981 Avertat
2917 2941 3047 2998 ergo
3088 2928 3226 2984 Deus
3273 2929 3346 2985 ab
3389 2931 3658 2987 imitatione
3683 2913 3746 2986 no?

2219 3022 2328 3068 stra
2360 3014 2524 3070 fortes
2553 3016 2702 3071 istos.
2734 3017 3052 3074 Timcndum
3081 3030 3164 3075 est
3193 3021 3342 3077 enim
3374 3038 3444 3080 ne
3470 3038 3559 3079 eos
3581 3023 3745 3095 quisque

2221 3105 2345 3160 velit
2389 3105 2605 3162 imitari.
2664 3109 2863 3166 Doctor
2911 3121 3090 3168 autem
3145 3113 3496 3183 humilitatis,
3543 3116 3744 3188 particeps

2222 3205 2422 3253 nostr-1e
2448 3199 2792 3267 infirmitatis,
2818 3201 3026 3258 donans
3049 3205 3514 3277 participationem
3540 3223 3637 3264 sua:
3653 3206 3745 3262 diri-

2220 3290 2434 3356 nitatis,
2468 3290 2534 3346 ad
2581 3292 2682 3348 hoc
2723 3293 3057 3351 descendens
3095 3306 3152 3354 ut
3191 3297 3337 3353 viam
3381 3298 3590 3355 doceret
3620 3307 3664 3355 et
3688 3297 3744 3352 vis

2219 3380 2373 3437 fieret
2400 3379 2579 3454 (Joan.
2609 3398 2719 3452 xiv,
2749 3384 2858 3456 6),
2889 3387 3119 3442 maxime
3146 3402 3298 3444 suam
3330 3390 3658 3447 humilitatem
3675 3403 3743 3446 no-

2220 3471 2302 3528 bis
2330 3475 2705 3530 commendare
2733 3475 2980 3547 dignatus
3011 3486 3130 3546 est;
3159 3488 3215 3535 et
3244 3479 3372 3538 ideo
3395 3497 3427 3536 a
3453 3496 3598 3538 servo
3617 3479 3743 3550 bapti‘

2217 3567 2327 3621 zari
2357 3582 2464 3622 non
2491 3567 2806 3639 dedignatus
2831 3578 2916 3624 est
2947 3568 3158 3641 (Matth.
3186 3587 3263 3638 tu,
3297 3573 3414 3645 13),
3443 3582 3502 3628 ut
3525 3586 3615 3630 nos
3632 3571 3744 3627 doco-

2217 3667 2302 3714 ret
2345 3659 2586 3715 confiteri
2635 3670 2848 3730 peccata
2899 3671 3098 3729 nostra,
3145 3675 3198 3719 et
3244 3665 3502 3722 infirmari
3538 3676 3588 3721 ut
3624 3665 3742 3720 fortes

2218 3749 2405 3816 simus,
2430 3749 2627 3807 habere
2650 3752 2824 3822 potius
2843 3753 3084 3824 Apostoli
3107 3771 3292 3812 vocem
3316 3758 3556 3826 dicentis,
3582 3757 3742 3824 Quarto

2218 3841 2469 3911 infirmor,
2498 3852 2615 3896 tunc
2641 3854 2816 3914 potens
2844 3861 2958 3901 sum
2987 3845 3065 3916 (11
3090 3846 3206 3902 Cor.
3231 3864 3306 3904 xu
3325 3891 3343 3917 ,
3368 3850 3486 3918 10).
3527 3845 3740 3918 Quomodo

2220 3949 2350 4004 ergo
2392 3934 2560 3991 noluit
2602 3949 2722 3991 esse
2766 3935 2938 3992 fortis.
2988 3937 3077 3994 Isti
3119 3949 3300 3996 autem
3345 3942 3435 4013 qui
3485 3939 3631 3997 fortes
3658 3949 3740 3994 esse

2219 4027 2522 4091 voluerunt,
2553 4025 2606 4082 id
2637 4035 2738 4096 est,
2782 4028 2871 4100 qui
2899 4029 2968 4084 de
3008 4044 3102 4084 sua
3141 4030 3340 4088 virtute
3368 4046 3658 4102 prscsuiaere
3676 4042 3739 4082 ro-

2221 4117 2435 4175 lueruut
2463 4127 2714 4190 tanquam
2738 4119 2887 4190 justi,
2919 4120 3256 4178 offenderunt
3294 4123 3349 4180 in
3381 4123 3595 4196 lapidem
3615 4119 3736 4175 offen-

2222 4211 2387 4266 sionis
2416 4210 2591 4281 (Rom.
2623 4226 2698 4279 Ix,
2727 4211 2822 4282 32)
2851 4229 2866 4270 :
2895 4222 2948 4268 et
2991 4212 3178 4268 hatdus
3202 4213 3352 4272 visus
3376 4227 3459 4272 est
3495 4216 3565 4271 eis
3587 4216 3734 4284 Agnus

2223 4311 2278 4357 et
2315 4303 2437 4373 quia
2473 4302 2638 4358 veluti
2686 4303 2899 4358 hmdum
2939 4305 3283 4373 occiderunt,
3331 4309 3401 4364 ab
3427 4309 3567 4379 Agna
3599 4301 3735 4362 redimi

2222 4410 2329 4451 non
2359 4405 2688 4452 meruerunt.
2731 4397 2835 4468 Ipsi
2874 4407 2998 4454 sunt
3039 4414 3170 4470 ergo
3198 4399 3387 4466 fortes,
3415 4403 3499 4473 qui
3533 4402 3736 4456 irruermll

2223 4505 2385 4562 super
2411 4488 2677 4546 Christum
2700 4532 2715 4558 ,
2741 4492 3182 4549 commendantes
3205 4493 3464 4564 justitiam
3489 4507 3634 4549 suam.
3653 4490 3734 4542 Au-

2223 4581 2334 4638 dite
2359 4582 2522 4637 fortes
2550 4583 2679 4638 istos
2705 4600 2719 4639 :
2741 4581 2872 4638 Cum
2899 4583 3113 4653 quidam
3134 4585 3518 4658 Jerosolymitat
3535 4583 3730 4640 dicerent.

2225 4673 2374 4729 missi
2415 4673 2484 4730 ab
2521 4675 2600 4730 eis
2641 4673 2708 4729 ad
2750 4674 3260 4745 apprehendendum
3286 4676 3562 4740 Christum,
3597 4683 3731 4728 etnon

2225 4766 2486 4823 audentes
2526 4765 2932 4836 apprehendere
2975 4767 3137 4839 (quia
3181 4768 3398 4841 quando
3436 4767 3608 4830 voluit,
3643 4771 3727 4815 tum

2225 4859 2592 4930 apprehensus
2611 4869 2722 4924 est,
2749 4861 2841 4932 qui
2879 4876 3004 4916 vere
3049 4859 3202 4917 fortis
3244 4860 3384 4934 erat)
3416 4880 3430 4917 :
3459 4859 3605 4927 Quare
3628 4866 3726 4923 στρος

2229 4951 2492 5021 inquiunt,
2528 4968 2627 5006 non
2654 4968 2768 5006 eum
2797 4953 3030 5024 potuistis
3057 4953 3472 5022 apprehendere!
3496 4949 3554 5006 Et
3575 4957 3724 5013 τωρωι

2228 5044 2409 5098 derunt
2443 5061 2460 5098 :
2496 5045 2659 5099 Nemo
2692 5061 2916 5115 unquam
2943 5045 3201 5099 hominum
3228 5045 3303 5100 sic
3328 5045 3514 5100 locutus
3536 5049 3620 5103 est,
3640 5035 3724 5088 sicut
3809 5077 3818 5091 ,

2227 5135 2334 5190 ille.
2368 5135 2434 5189 Et
2470 5136 2542 5189 illi
2584 5134 2750 5190 fortes
2781 5154 2793 5190 ε
2819 5134 3093 5204 Numquid
3130 5136 3312 5205 aliquis
3341 5134 3662 5190 Pharisaeorum
3687 5123 3719 5171 ίιι

2229 5229 2378 5284 illum
2416 5229 2659 5295 credidit,
2690 5239 2778 5282 aut
2801 5228 2985 5299 aliquis
3013 5228 3326 5294 Scribarum,
3357 5229 3449 5282 nisi
3471 5216 3720 5296 pupulum

2231 5322 2453 5376 nesciens
2488 5321 2669 5391 Legem
2698 5319 2875 5391 (Joau.
2898 5337 2971 5376 vlt
2993 5363 3007 5387 ,
3036 5322 3105 5376 45
3125 5351 3149 5363 -
3170 5321 3296 5393 49).
3324 5318 3664 5390 Pra‘posuerunl
3679 5317 3717 5360 S6

2233 5414 2402 5470 turba:
2434 5412 2661 5468 infirma:
2689 5413 2756 5468 ad
2787 5413 3052 5469 medicum
3073 5415 3310 5470 currenti
3335 5433 3349 5469 :
3374 5410 3518 5472 unde,
3541 5402 3618 5460 nisi
3633 5396 3714 5468 1"”

2233 5508 2332 5578 ipsi
2362 5506 2524 5562 fortes
2544 5507 2730 5562 erant?
2755 5518 2807 5562 et
2832 5506 3139 5563 fortitudine
3159 5521 3275 5574 sua,
3303 5504 3434 5578 quod
3457 5510 3526 5559 est
3545 5493 3706 5567 gratilli-

2232 5613 2446 5656 omucm
2477 5600 2636 5653 etiam
2666 5599 2874 5653 turbam
2905 5601 2956 5654 in
2985 5614 3046 5655 se
3071 5599 3428 5663 traduxerunt,
3453 5604 3500 5651 et
3521 5587 3706 5646 medicum

2234 5690 2470 5743 omnium
2503 5690 2829 5744 occiderunt.
2873 5689 2975 5744 Sed
3004 5700 3058 5743 et
3097 5690 3186 5746 ille
3215 5706 3281 5744 eo
3309 5688 3434 5761 quod
3459 5683 3620 5738 occisus
3635 5679 3700 5726 est.

2208 5779 2303 5863 .de
2332 5780 2591 5851 sanguine
2631 5794 2729 5834 suo
2755 5779 3200 5841 medicamentum
3237 5783 3360 5837 fecit
3395 5763 3702 5848 mgmtierﬂr
