3912 6434
196 380 285 440 697
1270 366 1667 427 ENABMTIO
1703 366 1772 425 IN
1807 368 2132 428 PSALMUM
2169 368 2350 427 LVIII.

191 499 321 549 aruit
346 505 499 561 super
525 503 607 546 me
631 491 806 561 fortes.
850 483 961 542 llos
985 482 1223 539 maxime
1263 479 1431 537 fortes
1457 479 1756 546 advertite;

188 596 237 641 et
259 581 430 638 videte
456 588 635 635 utrum
664 577 732 634 de
758 577 864 633 ulla
889 590 950 633 re
980 571 1409 646 prmsumendum
1439 571 1509 626 sit
1535 569 1760 638 homini,

184 671 386 746 quando
415 685 518 726 nec
537 669 607 733 de
629 667 836 740 justitia
868 663 1294 737 przesumendum
1321 669 1421 718 est.
1449 660 1568 717 Jam
1590 660 1765 717 videte

183 766 264 822 ubi
301 765 519 835 jaceant
547 768 931 834 przesumentes
963 757 1034 815 de
1062 756 1280 823 divitiis,
1306 754 1376 811 de
1412 754 1613 810 viribus
1637 767 1762 809 cor-

176 856 348 929 poris,
380 854 450 910 de
479 853 759 910 nobilitate
786 850 1033 922 generis,
1075 848 1143 904 de
1180 846 1455 918 dignitate
1470 844 1649 901 saeculi
1671 885 1685 909 ,
1716 843 1763 899 si

173 950 261 1023 qui
306 948 376 1004 de
417 948 536 1018 ipsa
577 945 781 1018 justitia
820 951 1070 1014 tanquam
1109 939 1176 996 de
1215 954 1309 995 sua
1339 935 1760 1009 praesumpserit,

172 1039 331 1096 cadit.
362 1037 637 1093 Irruerunt
665 1051 818 1105 super
843 1050 925 1088 me
948 1035 1126 1104 fortes.
1154 1029 1236 1085 Ex
1265 1027 1368 1083 illis
1409 1027 1633 1083 fortibus
1667 1026 1766 1080 fuit

172 1132 263 1188 ille
288 1132 432 1186 vires
458 1143 588 1185 suas
611 1127 820 1199 jactans
850 1142 864 1178 :
896 1124 1098 1180 Gratias
1134 1121 1244 1189 tibi,
1292 1118 1497 1190 inquit,
1522 1132 1619 1188 ago
1643 1116 1764 1188 quia

170 1237 272 1279 non
296 1238 412 1277 sum
437 1221 570 1276 sicut
598 1217 763 1273 creteri
803 1216 1094 1281 hominum,
1130 1212 1310 1283 injusti
1329 1252 1345 1280 ,
1371 1218 1599 1281 raptores
1618 1248 1634 1277 ,
1666 1207 1762 1261 ad-

171 1314 317 1368 ulteri
337 1353 356 1379 ,
382 1312 515 1367 sicut
540 1321 587 1366 et
614 1308 926 1363 Publicanus
947 1306 1042 1360 iste
1069 1323 1083 1359 :
1114 1303 1298 1375 jejuno
1338 1300 1413 1356 bis
1441 1301 1496 1355 in
1533 1298 1760 1364 sabbato,

169 1403 392 1459 decimas
419 1401 488 1456 do
513 1399 737 1454 omnium
760 1411 874 1465 qua
896 1393 1147 1467 possideo.
1177 1391 1313 1447 Vide
1340 1389 1532 1446 fortem
1558 1389 1766 1459 jactan-

168 1504 277 1553 tcm
303 1493 452 1549 vires
481 1506 609 1548 suas
639 1507 654 1544 :
683 1499 865 1547 contra
890 1502 1018 1543 vero
1044 1486 1198 1556 longe
1225 1492 1454 1541 stantem
1491 1481 1762 1537 infirmqu

167 1584 428 1652 attende,
476 1592 533 1640 et
587 1581 886 1637 humilitate
941 1578 1400 1650 propinquantem.
1449 1573 1765 1629 Publicanus

168 1688 371 1745 autem,
407 1676 614 1748 inquit,
640 1675 704 1730 de
729 1673 1002 1747 longinquo
1026 1671 1224 1737 stabat,
1252 1678 1298 1724 et
1333 1684 1426 1724 nec
1450 1666 1624 1723 oculos
1647 1681 1765 1722 suos

166 1768 389 1824 audebat
418 1768 473 1822 in
502 1765 682 1823 calum
721 1766 883 1820 leuare
901 1806 917 1832 ,
946 1763 1037 1819 sed
1061 1760 1364 1835 percutiebat
1394 1770 1564 1832 pectus
1592 1776 1764 1825 suum;

168 1861 346 1917 dicens
373 1877 393 1917 :
423 1858 592 1921 Deus.
619 1858 868 1930 propitius
893 1866 996 1911 esto
1022 1855 1145 1909 mihi
1174 1853 1444 1926 percolari.
1466 1853 1624 1907 Amen
1650 1852 1764 1907 dico

165 1956 331 2019 uobis,
365 1938 624 2008 descendit
638 1950 953 2023 justiﬁcatus
979 1948 1288 2003 Publicanus
1312 1946 1404 2001 ille
1427 1947 1588 2016 magis
1612 1961 1764 2016 quam

166 2034 257 2103 ille
286 2045 604 2102 Pltaristeus.
641 2043 712 2100 Et
734 2042 854 2098 vide
877 2042 1137 2113 justitiam
1171 2057 1183 2093 :
1222 2038 1355 2107 Quia
1391 2038 1554 2093 omnis
1587 2036 1675 2108 qui
1711 2052 1766 2092 se

168 2138 382 2202 exultat,
424 2134 813 2199 ltumiliubitur;
858 2142 903 2187 et
944 2132 1031 2204 qui
1074 2147 1127 2185 se
1167 2129 1421 2195 Imntiliat,
1462 2127 1765 2182 multabitur

172 2227 326 2301 (Luc.
352 2243 519 2293 svnt,
547 2226 713 2283 ll-M
732 2227 771 2297 ).
817 2223 1092 2280 lrruerunt
1122 2223 1207 2278 isti
1251 2221 1437 2287 fortes,
1482 2220 1533 2275 id
1564 2228 1646 2275 est
1675 2235 1766 2275 su-

171 2320 350 2392 perbi,
378 2320 469 2391 qni
501 2320 807 2390 ignorantes
832 2316 927 2372 Dei
951 2315 1230 2385 justitiam,
1259 2323 1313 2369 et
1335 2329 1485 2371 suam
1503 2312 1763 2383 justitiam

173 2410 419 2467 volentes
460 2409 787 2466 constituere
809 2447 825 2475 ,
861 2406 1082 2478 justitia:
1111 2406 1204 2462 Dei
1235 2421 1342 2461 non
1380 2413 1504 2461 sunt
1538 2403 1763 2474 subjecti

178 2500 354 2573 (Rom.
378 2517 434 2568 χ,
462 2500 543 2571 5).

252 2594 307 2649 8.
354 2592 514 2667 (vers.
541 2588 634 2664 5.]
678 2589 816 2660 Quid
845 2587 1080 2646 deinde?
1122 2587 1303 2659 Neque
1341 2587 1580 2659 iniquitas
1626 2602 1762 2655 mea,

184 2702 340 2758 neque
361 2695 616 2755 percolunt
641 2700 826 2747 meum,
853 2680 1093 2736 Domine.
1119 2678 1389 2735 lrruerunt
1411 2678 1624 2751 quidem
1656 2679 1765 2734 for-

187 2784 266 2835 tes
289 2776 355 2833 de
374 2776 574 2847 justitia
600 2766 1115 2845 sua‘pratstuuentes
1133 2812 1149 2836 ,
1175 2772 1446 2827 irruerunt
1463 2812 1479 2836 .
1513 2769 1607 2826 sed
1634 2785 1761 2842 pec-

189 2878 357 2927 catum
390 2869 441 2926 in
478 2884 562 2924 me
595 2884 701 2924 non
733 2867 1071 2922 invenerunt.
1099 2863 1233 2919 Nam
1262 2864 1445 2934 utique
1466 2862 1538 2917 illi
1570 2861 1758 2929 fortes,

189 2961 239 3018 id
276 2973 354 3018 est
379 2960 523 3017 velut
556 2959 685 3032 justi
727 2972 893 3030 quare
923 2965 1140 3028 possent
1180 2954 1428 3027 persequi
1468 2951 1759 3021 Christum,

187 3053 281 3108 nisi
306 3052 450 3123 quasi
480 3048 855 3122 peccatorem?
880 3046 986 3104 Sed
1027 3057 1202 3102 tamen
1241 3046 1315 3101 illi
1344 3044 1575 3102 viderint
1600 3059 1762 3116 quam

186 3145 346 3200 fortes
369 3144 473 3200 sint
503 3141 833 3197 immanitate
861 3139 1045 3207 febris,
1073 3153 1178 3194 non
1208 3137 1458 3193 firmitate
1483 3136 1759 3194 sanitatis:

182 3237 405 3294 viderint
426 3235 501 3291 illi
530 3249 689 3305 quam
716 3231 880 3288 fortes
909 3232 1037 3298 sint,
1065 3240 1121 3287 et
1148 3239 1399 3301 tauquam
1428 3229 1553 3299 justi
1573 3237 1760 3284 contra

180 3329 408 3401 iniquum
452 3327 761 3383 smvierunt.
803 3323 908 3381 Sed
940 3333 1115 3379 tamen
1147 3339 1306 3394 neque
1343 3322 1584 3393 iniquitas
1625 3338 1759 3390 mea,

179 3440 334 3497 neque
351 3432 611 3495 peccatum
631 3436 816 3484 meum,
843 3418 1075 3474 Domine.
1102 3417 1227 3473 Sine
1248 3418 1514 3487 iniquitate
1535 3417 1758 3486 cucurri,

176 3525 226 3570 et
250 3515 504 3586 dirigebar
527 3514 569 3569 ι.
596 3511 676 3567 illi
698 3524 825 3581 ergo
850 3509 1016 3565 fortes
1044 3518 1347 3564 currentem
1373 3523 1459 3564 me
1481 3506 1631 3579 sequi
1653 3522 1760 3563 non

175 3614 461 3677 potuerunt
488 3621 504 3658 :
535 3601 659 3658 ideo
696 3609 1030 3672 peccatorem
1061 3606 1413 3670 putaverunt,
1445 3598 1567 3669 quia
1599 3599 1761 3654 vesti-

174 3695 256 3769 gia
285 3710 401 3751 mea
431 3709 541 3751 non
568 3692 837 3748 viderunt.

243 3785 298 3844 9.
339 3783 505 3859 [vere
532 3780 627 3857 6.]
672 3781 798 3838 Sine
833 3780 1096 3852 iniquitate
1132 3779 1367 3842 cucurri,
1396 3786 1442 3833 et
1467 3778 1760 3850 dirigebar:

179 3892 387 3947 exsurge
412 3876 467 3930 in
497 3889 763 3929 occursum
793 3871 914 3926 mihi
934 3913 949 3935 ,
980 3881 1027 3926 et
1051 3870 1181 3926 uide.
1230 3870 1339 3924 Deo
1380 3867 1601 3935 dicitur,
1635 3867 1762 3925 Sine

179 3970 434 4039 iniquitate
478 3966 684 4024 cucurri
701 4009 717 4034 ,
746 3975 794 4020 et
837 3965 1089 4037 dirigebar
1114 3980 1133 4018 :
1160 3979 1372 4034 exsurge
1412 3963 1465 4017 in
1492 3978 1760 4017 occursum

182 4063 320 4130 mihi,
339 4073 384 4117 et
396 4062 531 4117 uide.
561 4057 696 4126 Quid
724 4059 864 4114 enim
885 4057 911 4111 'l
938 4057 997 4113 Si
1023 4072 1127 4112 non
1154 4066 1420 4121 occurrat,
1444 4055 1626 4113 videre
1653 4072 1759 4114 non

187 4154 389 4225 potest?
412 4151 688 4223 Tanquam
719 4151 763 4206 si
793 4150 1095 4205 ambulares
1119 4149 1279 4211 viam.
1302 4159 1353 4205 et
1374 4148 1442 4205 de
1463 4149 1760 4222 longinquo

187 4244 250 4300 ab
282 4245 458 4317 aliquo
497 4242 744 4315 cognosci
792 4257 897 4296 non
940 4255 1129 4310 posses
1152 4283 1167 4306 ,
1199 4240 1461 4297 clamares
1501 4241 1567 4297 ad
1611 4258 1757 4310 eum,

190 4343 241 4390 et
274 4335 524 4391 diceres:
566 4333 801 4389 Occurre
842 4331 1005 4398 mihi,
1051 4340 1106 4387 et
1148 4330 1272 4386 vide
1311 4331 1759 4402 quemadmodum

192 4425 486 4491 ambulem;
537 4439 657 4480 nam
702 4423 915 4495 quando
942 4423 1010 4478 de
1034 4422 1323 4495 longinquo
1372 4440 1459 4480 me
1502 4425 1758 4495 attendis,

194 4529 420 4585 gressum
451 4530 627 4571 meum
657 4514 839 4570 videre
865 4529 970 4569 non
1015 4523 1185 4584 potes.
1235 4513 1384 4571 Itane
1407 4524 1463 4571 et
1494 4515 1629 4573 Deus
1657 4517 1761 4574 nisi

195 4614 519 4673 occurreret,
561 4620 668 4661 non
720 4603 926 4660 videret
970 4619 1129 4674 quam
1176 4605 1292 4660 sine
1339 4605 1617 4678 iniquitate
1660 4608 1763 4665 iste

197 4697 525 4772 dirigebatur,
549 4707 601 4755 et
626 4713 786 4768 quam
811 4697 931 4752 sine
952 4704 1172 4767 peccato
1194 4697 1482 4752 currebat?
1502 4699 1763 4771 Accipere

194 4791 392 4866 quidem
421 4801 473 4847 et
503 4789 602 4845 hoc
629 4801 913 4858 possumus
934 4828 951 4855 ,
978 4785 1210 4857 Exsurge
1244 4788 1299 4842 in
1324 4803 1587 4843 occursum
1613 4790 1760 4854 mihi.

183 4884 369 4953 adjnva
388 4897 493 4940 me.
517 4880 669 4948 Quod
689 4890 867 4935 autem
891 4877 1114 4945 addidit,
1136 4886 1184 4932 et
1202 4879 1334 4946 uide,
1361 4878 1762 4950 intelligendum

180 4987 299 5045 est,
328 4977 405 5031 fac
431 4975 595 5031 videri
626 4975 767 5047 quod
795 4988 956 5029 curro
974 5014 989 5038 ,
1016 4972 1101 5028 fac
1129 4972 1295 5028 videri
1342 4975 1482 5044 quod
1522 4974 1761 5046 dirigor;

177 5086 251 5128 ex
275 5068 362 5123 illa
390 5067 553 5139 figura
582 5081 684 5138 qua
709 5076 763 5121 et
788 5064 920 5121 illud
947 5064 1144 5120 dictum
1172 5073 1255 5119 est
1275 5063 1541 5121 Abraham
1571 5083 1585 5119 :
1611 5063 1764 5120 Nunc

176 5160 389 5231 cognovi
414 5159 548 5229 quod
572 5159 714 5213 times
739 5156 904 5214 Deum
929 5155 1081 5228 (Gen.
1110 5171 1249 5225 nu,
1278 5156 1402 5228 12).
1432 5156 1574 5213 Deus
1611 5158 1761 5226 dicit,

179 5251 340 5314 Nunc
361 5251 613 5323 cognovi:
641 5249 816 5316 unde,
854 5249 954 5304 nisi
999 5249 1122 5321 quia
1153 5263 1295 5305 nunc
1321 5258 1373 5305 te
1417 5248 1521 5306 feci
1560 5264 1762 5322 cogno-

179 5342 377 5405 scere?
417 5342 628 5414 Ignotus
652 5340 795 5395 enim
825 5338 924 5394 sibi
951 5340 1175 5411 quisque
1200 5349 1281 5396 est
1309 5349 1433 5396 ante
1459 5341 1762 5413 interroga-

181 5438 385 5495 tionem
413 5430 739 5496 tentationis,
763 5430 899 5485 sicut
920 5444 980 5487 se
1005 5430 1193 5487 Petrus
1215 5431 1586 5499 prtesumendo
1612 5431 1761 5505 igno-

180 5527 355 5592 rabat,
377 5533 432 5580 et
453 5521 695 5594 negando
723 5521 909 5576 didicit
930 5521 1114 5593 quales
1140 5522 1280 5577 vires
1309 5522 1564 5588 haberet;
1592 5524 1644 5579 in
1665 5539 1761 5581 sua

182 5624 296 5692 ipsa
322 5616 637 5672 titubatione
670 5613 932 5670 intellexit
973 5613 1109 5670 falso
1149 5629 1269 5671 sese
1310 5618 1758 5687 praesumpsisse:

246 5775 266 5843 ξ
298 5770 522 5843 Plerique
560 5777 688 5843 μιᾳ,
715 5767 983 5843 άὶνρᾳεὺωη
1012 5782 1031 5821 :
1051 5776 1107 5843 et
1133 5769 1264 5843 infra
1285 5771 1409 5832 loco,
1443 5770 1762 5843 dirigebatw,

182 5835 385 5894 ωωι,
406 5829 642 5898 dirigebat
658 5829 683 5894 ;’
700 5829 940 5894 pauloque
962 5841 1085 5895 post,
1109 5832 1285 5897 dirigo,
1310 5829 1415 5896 pro,
1433 5829 1635 5899 dirig'or.

3345 376 3454 440 698

1872 480 2022 537 ﬂevit
2060 481 2268 554 (Matth.
2294 498 2445 550 xxvt,
2474 485 2580 552 55,
2619 466 2716 554 6?),
2748 485 2899 559 75);
2942 495 2998 546 et
3034 487 3216 548 ﬂendo
3257 493 3453 552 meruit

1868 571 2139 628 fructuose
2178 584 2337 630 nosse
2379 577 2523 647 quod
2568 576 2705 645 fuit,
2737 588 2792 634 et
2830 595 2951 637 esse
2995 582 3140 653 quod
3181 598 3288 640 non
3330 584 3452 643 fuit.

1869 661 2010 733 Ergo
2055 664 2306 734 probatus
2333 666 2621 733 Abraham,
2669 669 2839 726 factus
2885 681 2969 728 est
3013 675 3259 745 cognitus
3305 676 3454 745 sibi;

1867 761 1923 807 et
1947 753 2148 810 dictum
2177 764 2259 810 est
2286 771 2317 812 a
2342 758 2473 822 Deo,
2508 758 2661 814 Nunc
2685 763 2895 833 cognovi
2911 805 2926 829 ,
2957 763 3061 821 hoc
3083 775 3203 833 est,
3231 783 3372 824 nunc
3401 779 3455 828 te

1866 841 1967 899 feci
2013 859 2356 917 cognoscere.
2406 850 2687 917 Quomodo
2733 852 2885 911 laetus
2937 854 3093 926 dies,
3136 858 3279 931 quod
3325 858 3456 916 facit

1868 934 2059 1006 laetos;
2100 948 2153 994 et
2180 939 2349 997 tristis
2376 943 2709 1009 amaritudo,
2741 946 2884 1016 quod
2922 950 3204 1005 contristat
3227 962 3451 1022 gustano

1868 1034 1975 1082 tem
2008 1045 2022 1081 :
2051 1028 2130 1085 sic
2154 1029 2340 1088 videns
2368 1033 2508 1090 Deus
2527 1075 2543 1100 ,
2574 1035 2754 1092 videre
2778 1036 3000 1093 faciens.
3038 1038 3273 1113 Exsurge
3296 1057 3451 1115 ergo,

1866 1119 2070 1191 inquit,
2095 1121 2150 1176 in
2176 1138 2437 1180 occursum
2465 1127 2622 1193 mihi,
2649 1136 2696 1182 et
2722 1129 2853 1184 vide.
2894 1129 3032 1199 Quid
3070 1141 3181 1200 est,
3210 1140 3258 1189 et
3296 1134 3409 1189 vide
3428 1134 3456 1191 .’

1866 1210 1936 1267 Et
1956 1212 2146 1283 adjuva
2192 1230 2298 1279 me,
2344 1215 2398 1273 id
2434 1227 2516 1272 est
2560 1218 2614 1273 in
2654 1219 2832 1289 illis‘,
2880 1231 2938 1277 ut
2980 1223 3195 1280 videant
3232 1239 3450 1283 cursum

1866 1317 2043 1360 meum
2063 1346 2080 1371 ,
2106 1317 2398 1377 sequantur
2421 1323 2529 1374 me,
2558 1326 2665 1366 non
2708 1311 2786 1367 eis
2815 1312 3057 1370 videatur
3080 1330 3302 1385 pravum
3330 1333 3453 1376 esse

1867 1396 2010 1466 quod
2054 1407 2258 1454 rectum
2306 1411 2423 1467 est,
2469 1416 2574 1456 non
2612 1403 2692 1459 eis
2718 1402 2964 1460 videatur
3004 1405 3289 1464 distortum
3331 1424 3456 1467 esse

1866 1487 2008 1558 quod
2037 1498 2183 1547 tenet
2206 1491 2444 1561 regulam
2470 1494 2491 1526 ²
2518 1495 2760 1551 veritatis
2788 1515 2802 1552 :
2834 1497 3089 1567 Quoniam
3111 1501 3222 1556 sine
3264 1502 3453 1574 iniqui-

1867 1588 1970 1636 tate
1996 1583 2226 1651 cucurri,
2255 1593 2302 1638 et
2340 1584 2596 1656 dirigebar
2623 1603 2643 1644 :
2665 1604 2881 1663 exsurge
2914 1592 2968 1646 in
3003 1607 3269 1651 occursum
3303 1594 3454 1664 mihi,

1865 1679 1914 1726 et
1941 1671 2072 1727 vide.

1940 1762 2029 1819 10.
2069 1764 2280 1836 Aliquid
2313 1764 2475 1822 etiam
2513 1782 2600 1823 me
2627 1767 2809 1826 dicere
2835 1770 3089 1828 admonet
3124 1774 3177 1832 in
3209 1775 3311 1843 hoc
3334 1776 3456 1835 loco

1866 1856 2054 1927 capitis
2094 1857 2261 1927 ipsius
2301 1859 2469 1914 nostri
2495 1860 2829 1929 sublimitas;
2860 1866 3111 1934 quoniam
3150 1866 3453 1926 infirmatus

1866 1957 1951 2005 est
1974 1964 2144 2021 usque
2183 1950 2251 2007 ad
2287 1962 2539 2019 mortem,
2569 1963 2625 2010 et
2649 1957 2941 2027 assumpsit
2977 1956 3302 2015 infirmitatis
3330 1973 3455 2016 car-

1867 2054 2013 2107 nem,
2041 2049 2100 2097 ut
2139 2042 2314 2112 pullos
2364 2043 2661 2101 Jerusalem
2709 2046 2988 2118 colligeret
3032 2048 3131 2104 sub
3173 2049 3288 2105 alas
3328 2065 3456 2107 suas

1868 2142 2118 2206 tanquam
2160 2136 2356 2208 gallina
2384 2137 2649 2194 infirmata
2686 2154 2810 2195 cum
2853 2142 3107 2211 parvulis.
3148 2140 3265 2198 Non
3309 2144 3454 2199 enim

1867 2225 1922 2281 in
1965 2226 2141 2297 aliqua
2199 2243 2299 2283 ave
2338 2229 2441 2285 hoc
2493 2230 2778 2302 aliquando
2824 2233 3222 2303 conspeximus,
3267 2249 3452 2291 earum

1866 2318 2027 2372 etiam
2052 2333 2170 2388 qua:
2190 2319 2464 2377 nidificant
2488 2333 2613 2377 ante
2633 2324 2817 2379 oculos
2842 2334 3077 2392 nostros,
3108 2325 3248 2381 sicut
3273 2327 3454 2400 parie-

1865 2413 1980 2463 tum
2024 2424 2289 2480 passeres,
2328 2412 2469 2469 sicut
2495 2412 2809 2471 hirundines
2837 2427 3084 2489 tanquam
3121 2434 3313 2475 annua:
3355 2434 3455 2476 no-

1865 2505 1992 2555 strze
2032 2500 2291 2571 hospites,
2331 2503 2469 2559 sicut
2508 2505 2749 2573 ciconiae,
2789 2508 2928 2563 sicut
2968 2510 3087 2564 aliae
3134 2519 3295 2581 atque
3332 2511 3455 2569 alia:

1865 2604 1992 2646 aves
2017 2606 2135 2662 quae
2162 2603 2288 2649 ante
2315 2596 2504 2652 oculos
2548 2607 2763 2653 nostros
2799 2599 3092 2667 nidificant,
3119 2610 3175 2657 et
3213 2601 3328 2659 ovis
3365 2603 3454 2659 in-

1864 2680 2065 2746 sidunt,
2097 2683 2270 2753 pullos
2312 2686 2483 2753 alunt,
2515 2688 2655 2743 sicut
2698 2690 2829 2759 ipsa:
2858 2691 3122 2746 columba:
3150 2707 3283 2764 quas
3320 2709 3454 2764 quo-

1866 2774 1994 2830 tidie
2019 2775 2293 2843 videmus;
2323 2779 2554 2850 aliquam
2583 2796 2735 2836 avem
2766 2781 3026 2839 infirmari
3052 2798 3175 2839 cum
3215 2785 3454 2857 parvulis

1864 2880 1972 2921 non
1998 2870 2360 2938 cognovimus,
2391 2886 2496 2927 non
2535 2874 2863 2943 aSpeximus,
2898 2890 3006 2930 non
3046 2876 3295 2933 vidimus.
3320 2877 3451 2935 Gal-

1865 2955 1970 3011 lina
2001 2959 2268 3027 quomodo
2290 2959 2393 3016 hoc
2424 2960 2622 3018 habet?
2647 2961 2804 3020 Certe
2826 2973 3006 3020 notam
3036 2980 3149 3021 nem
3170 2967 3311 3034 dico,
3329 2981 3452 3040 qum

1863 3047 1918 3103 iu
1946 3058 2233 3119 conspectu
2263 3061 2449 3109 nostro
2475 3055 2711 3125 quotidie
2732 3065 3008 3113 versatur:
3040 3059 3310 3128 quomodo
3336 3074 3452 3121 rau-

1863 3142 2031 3197 ceseit
2076 3157 2208 3208 vox,
2263 3144 2532 3214 quomodo
2580 3144 2641 3201 fit
2689 3146 2953 3219 hispidum
3004 3156 3172 3205 totum
3216 3150 3453 3221 corpus?

1862 3231 2205 3304 deponuntur
2238 3235 2356 3303 alae,
2383 3235 2626 3292 laxantur
2651 3238 2866 3308 plumae,
2891 3247 2947 3295 et
2973 3239 3123 3296 vides
3151 3240 3293 3301 circa
3325 3240 3447 3313 pul-

1864 3325 1944 3382 los
1984 3328 2167 3382 nescio
2192 3328 2319 3398 quid
2346 3342 2626 3402 aegrotum,
2655 3339 2709 3385 et
2738 3345 2801 3387 ea
2824 3341 2910 3388 est
2951 3341 3189 3389 materna
3218 3334 3453 3392 charitas

1863 3432 1984 3489 qua:
2023 3419 2295 3474 invenitur
2335 3420 2634 3477 infirmitas.
2663 3422 2841 3492 Quare
2869 3439 2998 3495 ergo
3041 3425 3316 3495 Dominus,
3350 3428 3454 3495 nisi

1865 3519 2082 3580 propter
2123 3509 2245 3577 hoc,
2273 3511 2471 3581 gallina
2508 3527 2628 3569 esse
2666 3514 2834 3571 voluit
2876 3516 2929 3570 in
2971 3527 3154 3573 sancta
3181 3516 3455 3591 Scriptura

1863 3600 2087 3657 dicens:
2119 3601 2428 3669 Jerusalem,
2467 3603 2790 3674 Jerusalem,
2833 3609 3025 3678 quoties
3067 3610 3205 3665 uolui
3240 3627 3457 3685 congres

1862 3708 1985 3763 gare
2005 3694 2141 3762 ﬁlios
2164 3705 2298 3761 tuos,
2326 3706 2565 3767 tauquam
2597 3697 2791 3768 gallina
2817 3700 2984 3768 pullos
3008 3717 3124 3756 suos
3146 3702 3240 3756 sub
3259 3704 3390 3769 alas,
3409 3713 3455 3759 et

1863 3784 2072 3839 noluisti
2119 3783 2256 3857 (Id.
2289 3802 2453 3853 unt.
2501 3789 2591 3859 37)
2632 3790 2647 3842 ἱ
2697 3789 3049 3863 Congrcgavit
3096 3806 3276 3849 autem
3335 3811 3454 3850 om-

1862 3891 1962 3933 nes
1988 3886 2194 3948 gentes,
2218 3886 2470 3950 tanquam
2502 3879 2695 3951 gallina
2726 3882 2900 3953 pullus
2924 3899 3073 3953 suos,
3100 3886 3188 3957 qui
3218 3886 3456 3943 infirma-

1864 3974 1952 4023 tus
1980 3976 2061 4023 est
2087 3980 2306 4038 propter
2340 3961 2461 4037 nos,
2490 3960 2759 4042 accipiefis
2785 3987 2999 4029 carnem
3027 3989 3058 4029 a
3088 3975 3261 4041 nobis,
3296 3976 3346 4031 id
3372 3986 3457 4033 est

1863 4070 1894 4111 a
1944 4072 2143 4128 genere
2194 4057 2469 4127 humano;
2509 4060 2823 4127 crucifixus,
2870 4072 3239 4134 contemptus,
3286 4067 3455 4137 alapis

1863 4161 2061 4214 caesus,
2091 4146 2408 4219 flagellatus,
2452 4148 2595 4220 ligno
2625 4166 2939 4221 suspensus,
2985 4153 3169 4211 lancea
3207 4156 3456 4213 vulnera-

1863 4245 1970 4294 tus.
2019 4236 2159 4309 Ergo
2196 4237 2300 4293 hoc
2338 4248 2594 4295 materna:
2625 4240 2947 4299 infirmitatis
2975 4254 3079 4311 est,
3108 4261 3214 4301 non
3241 4248 3454 4304 amissa:

1865 4328 2180 4401 majestatis.
2204 4327 2337 4386 Cum
2360 4347 2487 4402 ergo
2509 4332 2631 4388 talis
2652 4330 2795 4388 esSet
2818 4333 3080 4401 Christus,
3108 4346 3162 4392 et
3188 4338 3309 4393 ideo
3331 4354 3455 4394 con-

1864 4430 2118 4492 temptus,
2158 4431 2213 4478 et
2238 4422 2359 4479 ideo
2400 4424 2535 4495 lapis
2566 4424 2876 4481 offensionis
2901 4436 2955 4482 et
3000 4438 3146 4497 petra
3193 4431 3451 4499 scandali,

1865 4523 1922 4570 et
1964 4513 2084 4570 ideo
2127 4516 2277 4571 multi
2319 4515 2655 4574 oﬂ‘enderunt
2696 4519 2748 4575 in
2793 4534 2917 4576 eum
2967 4518 3140 4593 (Rom.
3181 4540 3255 4590 nt,
3293 4525 3455 4589 32,et

1866 4602 1888 4660 l
1917 4602 2061 4661 Petr.
2087 4622 2145 4672 ιι,
2174 4607 2229 4679 8)
2253 4623 2268 4659 :
2303 4622 2426 4663 cum
2457 4608 2579 4664 talis
2605 4623 2734 4682 ergo
2759 4620 2922 4679 esset,
2950 4621 3004 4668 et
3032 4624 3206 4670 tamen
3236 4596 3469 4697 carnem:

1865 4698 1983 4755 sine
2023 4710 2242 4771 peccato
2283 4704 2627 4772 suscepisset,
2657 4704 2826 4761 factus
2855 4716 2937 4762 est
2964 4696 3230 4781 particeps
3257 4702 3470 4767 nostrm'

1868 4790 2212 4859 infirmitatis,
2243 4810 2349 4848 non
2382 4795 2709 4867 iniquitatis;
2742 4808 2800 4853 ut
2826 4816 2892 4854 ex
2915 4814 2981 4856 eo
3005 4800 3149 4872 quod
3179 4804 3455 4860 nobiseum

1867 4887 2282 4942 communicavit
2310 4885 2694 4955 infirmitatem,
2725 4892 2959 4949 solveret
2997 4904 3234 4952 nostram
3263 4898 3457 4985 iniqui-
3491 4962 3505 4985 λ

1868 4984 2053 5033 tatem.
2077 4978 2221 5047 Ideo,
2253 4978 2381 5035 Sine
2402 4981 2668 5050 iniquitate
2693 4985 2917 5053 cucurri,
2946 4996 2994 5043 et
3014 4972 3298 5061 dirigebar.‘
3316 4991 3455 5059 Quid

1870 5086 2018 5143 ergo,
2046 5071 2340 5128 secundum
2368 5072 2421 5127 id
2447 5074 2590 5144 quod
2621 5076 2762 5132 Deus
2789 5086 2873 5133 est
2899 5093 3006 5135 non
3033 5091 3116 5136 est
3154 5097 3453 5154 agnoscen-

1869 5163 1991 5234 dus,
2031 5176 2084 5222 et
2126 5167 2255 5223 illud
2296 5167 2469 5225 solum
2512 5170 2566 5225 in
2609 5185 2675 5230 eo
2715 5174 3157 5232 considerandum
3197 5186 3284 5234 est
3309 5178 3456 5250 quod

1870 5267 2089 5330 propter
2110 5274 2207 5315 nos
2230 5259 2396 5318 factus
2428 5271 2531 5328 est,
2556 5277 2663 5319 non
2688 5264 2817 5321 illud
2843 5282 2949 5337 quo
2977 5282 3074 5323 nos
3101 5267 3263 5325 fecit?
3288 5270 3457 5328 Plane

1868 5351 2031 5407 etiam
2077 5350 2204 5406 illud
2248 5352 2695 5411 considerandum
2736 5365 2853 5423 est;
2896 5359 3019 5428 quia
3061 5374 3312 5432 magnum
3344 5363 3456 5434 pie-

1871 5444 1993 5500 tatis
2033 5443 2282 5525 indicium
2311 5455 2394 5503 est
2424 5462 2583 5505 nosse
2626 5450 2745 5521 quis
2791 5466 2886 5520 pro
2933 5462 2983 5507 te
3009 5452 3135 5524 quid
3179 5456 3453 5515 sustinuit.

1867 5536 1987 5594 Non
2015 5539 2334 5612 quicumque
2374 5556 2590 5612 parvus,
2625 5559 2732 5601 non
2772 5558 2869 5616 pro
2909 5554 2961 5601 te
2998 5549 3326 5621 magno,sed
3353 5565 3453 5622 pro

1866 5716 2190 5835 ,εὲῗο
2230 5723 2285 5767 At
2321 5721 2452 5779 l.ov.,
2483 5723 2531 5770 et
2551 5716 2661 5771 vide
2681 5716 2709 5772 2
2736 5718 2924 5783 Aditum
2957 5735 3055 5789 me,
3090 5723 3257 5795 mea,
3293 5730 3370 5805 [σε
3400 5746 3454 5788 α

1932 5844 1952 5871 ⁸
1985 5838 2153 5888 Plures
2170 5845 2298 5903 In,
2326 5840 2509 5907 regula.
