3912 6428
491 289 598 352 699

495 421 552 469 te
579 407 791 466 infirmo
819 407 909 464 ille
935 418 1195 463 summus.
1227 399 1405 470 Quid?
1432 396 1626 454 Factus
1649 392 1937 466 parvulus:
1977 387 2090 442 Hu-

499 502 713 558 millarit
751 479 833 568 se,
879 499 1043 568 factus
1083 496 1314 551 obediens
1357 507 1510 562 usque
1550 488 1618 541 ad
1660 495 1890 540 mortem.
1921 479 2091 548 Quis?

498 611 658 666 supra
690 595 810 649 audi
836 611 850 648 :
887 592 986 660 Qui
1015 607 1125 645 cum
1153 589 1204 642 in
1233 589 1399 657 [arma
1433 583 1530 638 Dei
1554 590 1700 642 esset,
1724 595 1825 632 non
1855 574 2091 666 rapinam

498 665 772 744 arbitratus
812 694 886 739 est
929 699 1034 738 esse
1078 680 1285 753 (equalis
1338 677 1466 731 Deo.
1525 675 1663 746 Ergo
1710 667 1931 740 :equalis
1979 665 2093 720 Deo

503 780 822 849 semetipsum
852 774 1148 837 eccinanivit,
1193 775 1410 843 [orntum
1448 767 1576 821 servi
1623 762 1896 831 accipiens,
1937 759 1988 810 in
2025 755 2096 810 si-

503 868 839 924 militudinem
860 864 1122 919 hominum
1151 862 1334 932 factus,
1355 869 1402 914 et
1423 857 1595 912 habitu
1621 856 1846 908 inventus
1866 857 1918 904 ut
1945 849 2095 902 homo

503 961 764 1032 (Philipp.
805 974 863 1022 ιι,
911 955 1034 1026 6-8)
1070 972 1084 1008 :
1127 963 1182 1010 et
1227 953 1298 1006 ita
1343 947 1653 1010 exinanivlt,
1697 951 1758 1000 ut
1802 947 2098 1032 assumeret

487 1030 647 1135 iquod
676 1030 781 1105 non
813 1057 948 1111 erat,
979 1063 1084 1102 non
1117 1055 1175 1101 ut
1203 1043 1474 1098 amitteret
1499 1038 1639 1111 quod
1666 1045 1799 1092 erat.
1817 1030 2096 1135 Quomodo

479 1119 631 1213 iergo
660 1138 996 1196 esinauivit?
1034 1137 1166 1205 Quia
1217 1135 1309 1190 tibi
1358 1133 1479 1188 talis
1521 1130 1800 1204 apparuit;
1849 1127 1969 1196 quia
2001 1121 2096 1177 tibi

504 1233 814 1304 dignitatem
864 1246 1021 1300 qttam
1067 1225 1205 1298 apud
1256 1226 1466 1282 Patrem
1513 1222 1692 1286 habet,
1724 1235 1830 1275 non
1875 1218 2096 1272 deruun-

507 1326 727 1390 stravit;
772 1323 894 1395 quia
935 1321 1027 1375 tibi
1057 1334 1197 1374 nunc
1227 1317 1420 1372 obtulit
1451 1313 1836 1374 inﬁrmitatem,
1865 1305 2100 1364 servavit

508 1428 734 1490 purgato
781 1425 966 1486 postea
1007 1411 1326 1468 claritatem.
1371 1409 1465 1463 Ille
1506 1421 1632 1477 ergo
1672 1403 1812 1460 Patri
1856 1401 2096 1472 :equalis,

513 1513 634 1568 talis
670 1520 754 1566 est
793 1509 965 1564 ﬂictus
990 1524 1002 1561 :
1030 1517 1085 1562 et
1115 1515 1291 1561 tamen
1334 1503 1385 1558 in
1431 1503 1542 1571 ipsa
1582 1497 1888 1554 infirmitate
1932 1508 2100 1564 agno-

515 1601 747 1660 scendus
793 1611 897 1664 est,
930 1616 1036 1656 non
1064 1599 1292 1663 visione,
1324 1595 1416 1650 sed
1458 1592 1595 1656 title;
1637 1600 1698 1645 ut
1735 1587 1878 1661 quod
1921 1586 2102 1640 videre

517 1695 754 1751 nondum
807 1709 1122 1765 possumus,
1153 1691 1338 1744 saltem
1383 1686 1698 1751 credamus,
1735 1690 1790 1738 et
1830 1678 2104 1736 credendo

517 1786 657 1858 quod
707 1799 811 1840 non
843 1784 1104 1847 videnms,
1134 1780 1295 1834 etiam
1334 1777 1516 1831 videre
1561 1786 1884 1828 mereamur.
1917 1768 2103 1858 Merito

516 1857 860 1952 posteaquam
909 1873 1231 1936 resurrexit,
1273 1870 1349 1926 ait
1391 1867 1570 1923 Maria:
1606 1863 1972 1934 Magdalenre,
2015 1857 2102 1914 cui

517 1969 761 2038 dignatus
804 1973 888 2020 est
940 1965 1184 2035 primitus
1234 1974 1490 2030 apparere
1527 1975 1542 2010 :
1582 1955 1708 2010 Noli
1751 1970 1832 2007 me
1877 1961 2100 2022 tangere,

515 2061 735 2115 nondum
767 2059 898 2112 enim
925 2057 1130 2111 ascendi
1167 2056 1237 2109 ad
1265 2053 1470 2107 Patrem
1499 2049 1674 2126 (Joan.
1704 2063 1801 2112 xx,
1834 2047 1942 2115 Π).
1967 2042 2103 2112 Quid

516 2149 768 2206 esthoc?
811 2149 974 2203 Paulo
1024 2156 1146 2217 post
1187 2161 1304 2199 eum
1338 2143 1590 2197 nmiiercs
1635 2139 1937 2209 tetigerunt.
1969 2134 2104 2190 Nam

517 2241 803 2298 redeuntes
827 2256 853 2294 a
885 2248 1250 2300 monumento,
1284 2236 1492 2291 obviam
1535 2233 1634 2287 sibi
1682 2231 1877 2285 iactum
1909 2229 2104 2282 adora-

513 2344 726 2396 verunt,
756 2345 809 2388 et
847 2333 1010 2402 pedes
1050 2331 1166 2400 ejus
1195 2337 1481 2384 tenuerunt
1525 2324 1739 2396 (Matth.
1779 2337 1972 2388 χιιι-ιιι,
2008 2319 2102 2392 9):

517 2424 761 2494 discipuli
813 2425 973 2478 etiam
1024 2421 1300 2476 cicatrices
1353 2420 1702 2489 palpaverunt
1750 2413 1898 2486 (an.
1953 2429 2102 2478 sxw,

517 2514 629 2584 59).
661 2513 796 2581 Quid
840 2523 922 2568 est
967 2527 1114 2582 ergo,
1149 2510 1276 2565 Noli
1323 2527 1402 2563 me
1449 2519 1670 2578 tangere,
1703 2505 1927 2559 nondum
1971 2504 2105 2558 enim

516 2605 722 2660 ascendi
761 2604 829 2658 ad
872 2603 1114 2669 Putrem;
1158 2603 1280 2666 nisi,
1324 2601 1429 2656 noli
1454 2599 1596 2670 quod
1625 2599 1774 2652 vides
1804 2597 1904 2652 hoc
1930 2599 2101 2652 solum

517 2712 604 2752 me
631 2697 871 2762 credere,
913 2713 978 2748 ne
1007 2705 1058 2750 et
1089 2695 1173 2750 hic
1213 2701 1485 2748 remaneat
1523 2699 1770 2764 aSpectus
1805 2699 1924 2743 tuus
1952 2688 2104 2758 quasi

517 2798 686 2846 tactus
712 2789 871 2844 tuus!
901 2787 1125 2843 [inutilis
1145 2788 1284 2842 enim
1311 2785 1401 2840 tihi
1421 2784 1624 2849 videor,
1648 2779 1872 2836 nondum
1899 2780 2104 2836 ascemll

516 2882 586 2936 ad
617 2882 843 2946 Patrem,
877 2880 1019 2936 umle
1047 2890 1102 2934 et
1127 2880 1192 2934 ad
1224 2894 1318 2934 vos
1344 2876 1617 2943 descendi,
1648 2883 1702 2931 et
1729 2875 1853 2930 inde
1883 2890 1986 2928 non
2015 2891 2102 2928 re-

515 2975 675 3040 cessi,
699 2974 932 3030 nondum
966 2974 1089 3027 illuc
1118 2972 1354 3035 ascendi,
1373 2969 1586 3040 quando
1607 2981 1702 3023 vos
1729 2981 1832 3021 non
1863 2965 2102 3023 deserui.

516 3065 675 3122 Venit
721 3082 828 3120 non
873 3063 1150 3126 recedens,
1197 3061 1437 3118 ascendit
1485 3075 1590 3115 non
1640 3058 1949 3114 descrens‘.
1996 3057 2103 3112 Sed

517 3157 643 3228 quid
687 3167 768 3212 est
806 3155 946 3227 quod
987 3155 1227 3211 ascendit
1273 3154 1338 3208 ad
1382 3153 1633 3208 Patrem?
1677 3149 1901 3218 Quando
1950 3149 2107 3204 nobis

518 3247 805 3305 innotesclt
827 3248 1048 3318 aequalis
1075 3246 1241 3302 Patri.
1269 3245 1377 3301 Nos
1405 3245 1545 3300 enim
1574 3242 1912 3298 ascendimus
1939 3241 2105 3311 proli-

523 3341 734 3409 ciendo,
765 3349 822 3396 ut
863 3340 962 3395 hoc
989 3341 1190 3402 videre,
1222 3350 1276 3392 nt
1316 3339 1416 3392 hoc
1457 3337 1775 3408 intelligere,
1807 3343 1864 3390 ut
1891 3334 1996 3389 hoc
2025 3342 2108 3390 uta

521 3448 754 3503 cumque
784 3448 980 3502 capere
1019 3432 1309 3487 valeamus.
1349 3429 1472 3484 ldco
1499 3444 1627 3499 ergo
1655 3426 1860 3482 distulit
1887 3436 2104 3494 tactum,

523 3541 633 3583 non
659 3526 895 3590 abstulit,
923 3541 1023 3580 non
1052 3524 1268 3597 repulit,
1288 3540 1392 3578 non
1425 3525 1653 3600 negavit.
1681 3521 1925 3576 Nondum
1953 3524 2105 3600 enim,

523 3618 712 3689 inquit,
747 3619 949 3673 escendi
974 3619 1042 3672 ad
1067 3617 1293 3672 Patrem.
1315 3617 1565 3671 Asununo
1590 3617 1716 3671 caelo
1744 3617 1958 3688 egressio
1976 3618 2105 3686 ejus,

521 3709 651 3766 dicit
670 3710 806 3763 alius
828 3709 1087 3776 l’salmns,
1109 3719 1157 3763 et
1185 3724 1421 3764 occursus
1439 3709 1550 3780 ejus
1577 3723 1734 3780 usque
1760 3710 1828 3762 ad
1857 3725 2111 3763 sumntum

521 3802 637 3857 coeli
662 3800 835 3866 (Psal.
868 3817 1016 3866 xvm,
1048 3801 1122 3872 7).
1163 3801 1431 3856 Summum
1460 3803 1592 3868 caeli,
1621 3787 1673 3856 id
1711 3809 1814 3870 est,
1842 3817 2109 3858 summum

523 3894 576 3949 in
614 3894 863 3949 omnibus
907 3893 1273 3963 spiritualibus
1313 3894 1474 3950 Pater
1515 3902 1644 3950 est:
1687 3895 1813 3951 inde
1854 3911 2112 3952 excursus

521 3988 656 4058 ejus,
687 3996 744 4043 et
785 4003 1038 4044 occursus
1069 4003 1236 4060 usque
1273 3987 1338 4043 ad
1385 3993 1650 4044 summum
1682 3991 1825 4047 coeli.
1867 3989 2113 4046 Occurrit

523 4093 692 4152 ttSqtte
717 4080 784 4136 ad
831 4096 1116 4144 sumnnnu,
1147 4095 1252 4135 non
1288 4081 1483 4136 dicitur
1521 4082 1622 4146 nisi
1654 4081 1720 4150 de
1746 4083 1960 4160 :equali.
2009 4083 2114 4138 De-

521 4171 685 4244 nique
722 4189 844 4229 cum
886 4175 1062 4244 aliqua
1102 4173 1384 4246 inmqualia
1411 4189 1802 4244 comparamus,
1833 4184 1887 4230 et
1909 4174 2109 4246 aliquid

525 4259 688 4323 hrevc
728 4266 792 4321 ad
824 4251 1018 4336 aliquid
1067 4282 1314 4338 magnum
1359 4267 1706 4340 applicamus,
1737 4266 1919 4324 videre
1943 4284 2113 4340 quan-

525 4366 636 4413 tum
685 4358 749 4412 ad
791 4367 1046 4428 quantum
1092 4359 1180 4423 sit.
1213 4360 1257 4413 si
1303 4359 1561 4429 inmquale
1605 4341 1987 4430 invenerimus,
2035 4360 2108 4415 ita

525 4450 762 4506 solemus
817 4452 981 4518 loqui,
1006 4450 1119 4506 Non
1163 4451 1395 4508 occurrit
1424 4468 1436 4505 :
1465 4451 1508 4508 si
1555 4461 1733 4512 autem
1778 4453 1983 4526 aequale
2013 4453 2102 4528 sit,

522 4543 784 4598 Occurrit.
819 4543 957 4620 Ergo
988 4559 1222 4596 occursus
1262 4543 1369 4606 eius
1396 4560 1553 4614 usque
1579 4543 1647 4596 ad
1682 4561 1932 4598 summum
1974 4545 2110 4613 ρωιι,

522 4627 645 4713 quia
672 4635 890 4704 :t-qnalis
916 4646 997 4688 est
1025 4633 1187 4688 Patri.
1221 4633 1403 4690 Talem
1433 4649 1490 4689 se
1529 4635 1740 4690 volebat
1775 4636 2112 4694 innotescere

529 4725 774 4781 lidelihns
797 4727 926 4788 suis,
959 4726 1047 4794 qui
1079 4726 1318 4781 dixerat:
1354 4724 1480 4779 Noli
1505 4742 1582 4778 me
1610 4734 1833 4798 tangere.
1875 4725 1990 4782 Hoc
2018 4743 2113 4785 vo-

523 4819 666 4876 lebat
718 4817 960 4889 praestari
1013 4834 1040 4871 a
1088 4818 1242 4880 Patre
1275 4817 1518 4873 ﬁdelibus
1547 4818 1678 4890 suis,
1724 4818 1814 4890 qui
1862 4817 2108 4877 dicebat:

525 4911 761 4982 Exsurge
807 4911 859 4964 in
898 4927 1156 4964 occursum
1198 4910 1343 4978 mihi,
1389 4918 1434 4964 et
1462 4909 1610 4974 vide;
1658 4909 1932 4976 innotesce
1967 4912 2110 4982 quod

525 5005 618 5059 tibi
647 5003 868 5071 :ttqttaiis
899 5003 1018 5056 sim.
1055 5000 1120 5055 Et
1149 5001 1259 5055 ride
1281 5015 1300 5054 :
1335 4999 1460 5072 quid
1488 5007 1590 5068 est,
1621 4998 1688 5054 Et
1717 5001 1871 5056 vide?
1899 5001 2005 5057 Fac
2029 5003 2110 5058 vi-

525 5096 637 5151 deri
665 5094 803 5164 quod
836 5093 926 5148 tibi
971 5091 1188 5163 :rqualis
1214 5092 1336 5147 sim.
1369 5091 1631 5159 Quamdiu
1666 5091 1796 5146 mihi
1834 5092 2110 5164 Philippus

526 5188 687 5243 dicit:
719 5185 940 5241 Ostende
963 5186 1104 5239 nobis
1144 5181 1373 5247 Patrem,
1410 5194 1458 5238 et
1476 5183 1656 5254 suﬁicit
1684 5184 1872 5238 nobis?
1912 5185 2110 5252 Quam-

525 5280 615 5336 diu
643 5297 740 5349 ego
770 5279 966 5343 dicam,
1001 5277 1166 5332 Tanto
1195 5287 1416 5347 tempore
1453 5276 1701 5330 uobiscum
1739 5294 1873 5344 sum,
1921 5286 1968 5332 et
2013 5278 2114 5332 i’a-

527 5382 659 5430 trem
703 5392 802 5428 non
827 5374 984 5427 nostis
1006 5374 1031 5426 ?
1075 5371 1334 5442 Philippe,
1365 5372 1452 5438 qui
1477 5388 1555 5424 me
1583 5371 1733 5432 videt.
1760 5371 1894 5426 uidet
1933 5380 1979 5426 et
2006 5369 2112 5426 Pa-

528 5483 648 5523 trem
680 5485 699 5523 :
728 5484 826 5521 non
857 5465 1020 5520 credis
1049 5466 1166 5534 quia
1195 5482 1285 5536 ego
1314 5464 1365 5519 in
1405 5463 1574 5526 Patre,
1598 5474 1643 5517 et
1676 5462 1831 5518 Pater
1869 5464 2019 5518 inme
2037 5471 2114 5519 est

531 5563 707 5634 (.loan.
743 5577 853 5627 xw,
877 5559 1078 5631 8-H)?
1107 5569 1159 5616 et
1203 5559 1379 5615 adhuc
1423 5557 1558 5614 torte
1587 5573 1694 5613 non
1725 5557 1897 5614 credit
1932 5574 2111 5631 :equa-

525 5718 715 5831 u;¢&
747 5723 854 5769 uss.
878 5715 1101 5769 studt
1128 5713 1242 5768 Veni
1262 5727 1356 5766 non
1379 5711 1631 5777 recedatis,
1661 5710 1859 5766 arcendi
1889 5725 1983 5765 non
2025 5713 2114 5770 de-

1730 272 1790 331 s.
1830 262 2199 327 AUGUSTINI
2243 256 2547 318 muscum
3621 267 3698 329 τοο

2209 383 2334 438 lem.
2368 380 2603 451 Exsurge
2640 379 2692 434 in
2721 395 2984 435 occursum
3007 380 3154 447 mihi,
3186 389 3236 436 et
3265 382 3392 438 ride.
3431 383 3528 443 Fac
3549 404 3618 444 me
3643 395 3705 450 vi.

2202 473 2339 539 deri,
2365 474 2445 526 lae
2474 483 2524 527 te
2553 471 2742 537 videri,
2773 472 2854 526 fac
2881 483 3065 527 notam
3092 473 3393 532 hominibus
3421 482 3707 549 cquaiitaten

2205 577 2461 622 nostram.
2492 567 2606 622 Non
2648 575 2831 636 putent
2857 566 3023 622 Judmi
3053 582 3111 623 se
3138 569 3406 626 hominem
3431 575 3708 636 crucibsissq,

2203 661 2457 727 Quamvis
2484 659 2536 714 in
2567 675 2631 715 eo
2657 675 2760 714 non
2805 660 3114 715 crucifixum
3146 657 3234 726 sit,
3278 663 3377 717 nisi
3427 664 3475 718 in
3517 679 3712 734 quantum

2206 752 2367 806 homo
2396 760 2552 805 erat:
2584 759 2760 804 tamen
2793 766 2899 805 non
2936 762 3299 823 cognoverunt
3329 769 3479 824 quem
3504 760 3718 818 cruciﬁxu-

2205 854 2353 902 runt.
2387 844 2442 899 Si
2475 846 2616 898 enim
2647 845 3044 913 εοειιοτίςεριιι,
3089 845 3371 900 Dominum
3421 848 3584 917 gloriae
3625 869 3719 907 ιιιιιι.

2204 951 2365 1007 quam
2411 933 2803 989 crneiiisissent
2845 934 2892 997 (l
2924 933 3044 990 Cor.
3090 950 3148 1001 ιι,
3191 935 3268 1006 8).
3317 937 3464 991 ilnne
3503 938 3717 1001 Dominum

2204 1027 2390 1098 gloria!
2419 1037 2478 1080 ut
2510 1025 2756 1082 noverint
2785 1025 2971 1082 lideles
3007 1027 3152 1093 mei,
3189 1026 3419 1099 Exsurge
3439 1029 3490 1083 in
3525 1047 3716 1088 occursus

2206 1120 2334 1172 mihi
2341 1161 2353 1178 .
2385 1130 2429 1172 at
2453 1115 2583 1172 uide.

2282 1211 2368 1264 ii.
2414 1208 2477 1262 Et
2515 1218 2568 1262 tn
2610 1208 2830 1263 Domine
2869 1206 3004 1264 Deus
3031 1209 3293 1276 uirtutum,
3332 1209 3470 1265 Deus
3497 1209 3649 1268 israel.
3670 1216 3722 1276 τι

2210 1303 2352 1358 Deus
2383 1302 2566 1367 lsrael,
2600 1303 2689 1372 qui
2723 1319 2827 1357 non
2851 1303 3056 1371 putaris
3103 1305 3203 1358 nisi
3234 1304 3374 1359 Deus
3419 1305 3568 1362 Israel
3592 1309 3712 1364 solius

2211 1396 2299 1466 qni
2331 1411 2436 1450 non
2482 1395 2689 1470 putaris
2717 1395 2819 1450 nisi
2863 1395 3002 1450 Dens
3044 1395 3201 1449 unius
3225 1397 3400 1466 gentis
3427 1413 3540 1468 qua:
3563 1409 3606 1454 te
3623 1401 3721 1468 colit,

2211 1503 2334 1544 cum
2365 1504 2554 1544 omnes
2584 1498 2771 1558 gentes
2819 1487 2958 1542 idola
3007 1488 3206 1553 colant,
3240 1497 3294 1543 tu
3340 1489 3479 1545 Deus
3507 1489 3726 1558 lsrarl,ia-

2213 1581 2359 1636 tende
2380 1581 2448 1635 ad
2473 1581 2777 1636 uisitandum
2805 1598 2977 1635 omnes
3015 1591 3205 1652 gentes.
3237 1581 3522 1650 Implentur
3545 1585 3624 1639 ista
3647 1603 3730 1653 pro-

2212 1674 2413 1743 phetia,
2448 1675 2500 1729 in
2526 1691 2631 1745 qua
2681 1675 2843 1730 lsaias
2877 1690 2942 1730 ex
2977 1689 3200 1745 persona
3244 1686 3333 1730 tua
3379 1676 3638 1749 alloquitur
3659 1679 3732 1736 Ec-

2211 1765 2428 1820 clesiam
2482 1779 2645 1829 tuam,
2707 1775 2946 1821 sanctam
3002 1768 3274 1822 civitatem
3331 1778 3506 1835 luant,
3557 1771 3733 1827 smitam

2214 1856 2358 1911 illam
2397 1858 2551 1924 cujus
2600 1857 2748 1912 multi
2777 1858 2874 1926 ﬁlii
2921 1857 3149 1924 deserar,
3189 1858 3354 1928 magis
3380 1877 3528 1930 quam
3554 1859 3644 1932 ejus
3660 1879 3736 1932 qua

2214 1946 2360 2002 habet
2408 1949 2592 2002 virum.
2634 1949 2693 2004 Ei
2726 1949 2922 2018 quippe
2970 1949 3170 2004 dictum
3225 1959 3344 2005 est:
3378 1949 3566 2005 Ltetare
3603 1955 3736 2008 sterilis

2211 2054 2328 2109 gnte
2355 2048 2455 2092 non
2491 2039 2649 2108 paris,
2681 2055 2890 2108 erumpe
2917 2049 2965 2093 et
3003 2040 3235 2093 exclama
3264 2057 3380 2110 qua:
3415 2057 3512 2095 non
3546 2045 3736 2111 parturit;

2212 2131 2333 2201 quia
2365 2131 2513 2184 multi
2542 2131 2638 2198 ﬁlii
2675 2130 2900 2194 deserta,
2941 2131 3103 2199 magis
3145 2147 3298 2201 quam
3350 2132 3461 2202 ejus
3498 2149 3600 2202 qua
3635 2135 3736 2187 habet

2212 2220 2373 2275 uirum
2396 2237 2415 2276 :
2446 2223 2614 2291 magis
2643 2238 2802 2291 quam
2837 2222 3012 2292 gentis
3033 2221 3236 2276 indura:
3259 2239 3381 2293 qua:
3409 2223 3560 2278 habet
3597 2226 3736 2291 virum,

2213 2326 2333 2379 (pne
2375 2313 2580 2382 accepit
2625 2311 2858 2383 Legem;
2895 2313 3065 2384 magis
3111 2329 3269 2384 quam
3318 2313 3437 2383 ejus
3471 2317 3627 2384 gentis
3658 2333 3738 2385 qus

2214 2402 2400 2458 habuit
2428 2404 2728 2458 evidentem
2754 2420 2954 2474 regem.
2985 2404 3117 2459 Nam
3158 2416 3280 2459 tuus
3308 2421 3400 2459 rex
3430 2405 3570 2470 latet.
3596 2417 3638 2460 ct
3662 2408 3739 2476 plu-

2213 2511 2301 2550 res
2328 2496 2418 2549 tibi
2464 2497 2552 2551 lilii
2581 2507 2791 2552 suntex
2828 2497 3037 2552 occulto
3066 2513 3285 2568 Sponsa.
3324 2498 3468 2570 Ergo
3493 2501 3539 2554 ei
3564 2500 3738 2557 dicitur:

2215 2586 2373 2644 Multi
2417 2590 2514 2658 ﬁlii
2541 2589 2769 2652 deserlte.
2803 2593 2966 2662 magis
2990 2608 3138 2662 quant
3165 2593 3277 2664 ejus
3299 2608 3420 2662 qui:
3453 2593 3587 2646 habet
3611 2595 3738 2648 rintm.

2215 2681 2418 2738 Deinde
2453 2683 2691 2753 adiungit
2733 2683 3040 2754 Propheta:
3073 2681 3249 2738 Dilata
3290 2685 3459 2740 locum
3499 2687 3740 2740 tabernaculi

2214 2776 2309 2842 tui,
2341 2785 2388 2830 et
2416 2778 2560 2830 aulas
2598 2778 2615 2809 ι
2644 2787 2756 2831 tuas
2785 2778 3016 2848 conﬁge;
3063 2793 3162 2832 non
3193 2789 3265 2831 est
3294 2778 3434 2847 quod
3462 2795 3622 2849 parcas
3645 2795 3662 2833 :
3686 2793 3742 2833 ιτ-

2214 2868 2362 2921 tende
2390 2868 2590 2942 longius
2628 2870 2884 2940 funiculos
2913 2879 3045 2932 tuos,
3074 2880 3121 2924 et
3146 2871 3294 2941 palos
3323 2873 3516 2926 ualidos
3538 2873 3741 2934 constitue,

2215 2959 2364 3013 etiam
2391 2969 2538 3029 atque
2558 2963 2707 3014 etiam
2736 2962 2789 3014 in
2816 2962 3075 3016 dexteram
3105 2973 3253 3034 atque
3281 2963 3560 3022 sinistram.
3584 2963 3629 3018 lu
3653 2965 3742 3019 dex-

2215 3059 2326 3106 tera
2355 3060 2478 3106 tene
2506 3052 2694 3115 bonos,
2727 3054 2779 3107 in
2817 3055 3031 3109 sinistra
3065 3063 3186 3110 tene
3230 3056 3405 3111 malos
3429 3055 3625 3129 (Matth.
3650 3071 3742 3119 xxv.

2214 3147 2327 3218 55),
2359 3147 2532 3202 donec
2559 3149 2736 3203 veniat
2769 3148 3124 3204 ventilahrum
3158 3147 3267 3222 (Id.
3316 3165 3400 3216 tu,
3438 3151 3558 3226 19.):
3588 3148 3743 3222 posside

2218 3249 2394 3294 tamen
2436 3256 2623 3295 omnes
2667 3227 3212 3311 genteanvitentur
3236 3244 3305 3298 ad
3349 3246 3556 3315 nuptias
3595 3245 3743 3299 boaict

2217 3335 2368 3401 mall,
2392 3335 2712 3404 impleantur
2751 3338 2950 3405 nuptim
2979 3338 3409 3394 recumbentium
3442 3337 3542 3410 (Id.
3573 3353 3680 3405 sxa,
3707 3336 3743 3403 9,

2219 3426 2309 3497 10)
2340 3443 2351 3480 :
2387 3440 2662 3481 servorum
2695 3437 2779 3481 est
2812 3428 3055 3492 invitare,
3085 3429 3295 3484 Domini
3343 3446 3599 3502 separare.
3624 3429 3744 3485 Etiam

2214 3529 2366 3582 atque
2391 3519 2540 3572 etiam
2569 3518 2620 3572 in
2660 3519 2918 3573 dexteram
2961 3529 3108 3590 atque
3136 3521 3399 3576 sinistram
3444 3522 3650 3580 ertende.
3676 3520 3744 3574 See

2217 3626 2326 3663 men
2355 3611 2486 3664 enim
2512 3621 2653 3664 tuum
2681 3611 2994 3665 lnareditabit
3033 3623 3225 3683 gentes,
3256 3624 3304 3669 et
3329 3616 3548 3670 civitates
3579 3629 3670 3686 qua:
3686 3615 3744 3670 de

2215 3712 2363 3755 serta:
2403 3713 2566 3776 erant,
2609 3703 2957 3760 iuliabitabis:
2985 3705 3216 3764 deserta:
3263 3722 3292 3759 a
3341 3707 3472 3776 Deo,
3522 3708 3743 3766 desert-.0!

2217 3792 2518 3868 Proplieli<,
2551 3795 2779 3858 desertae
2819 3797 2887 3852 ab
2933 3797 3224 3868 Apostolis,
3256 3798 3485 3855 deserta:
3526 3800 3587 3854 ab
3620 3798 3742 3852 Evan-

2217 3887 2380 3957 gelio,
2411 3887 2580 3956 plena:
2624 3887 2926 3944 darmoniis.
2977 3890 3211 3944 Civitates
3253 3907 3371 3961 quis
3416 3891 3609 3946 deserta:
3645 3897 3743 3943 eram

2219 3978 2546 4044 inhabitabis.
2592 3978 2715 4036 Non
2741 3991 2812 4037 est
2855 3982 2993 4052 quod
3037 3992 3270 4048 metuas;
3314 3986 3593 4056 pra'valebis
3622 3985 3741 4041 enim:

2219 4087 2309 4125 nec
2335 4073 2599 4132 erubescas
2634 4073 2772 4141 quod
2797 4075 3107 4138 detestabilis
3154 4078 3332 4148 fueris.
3364 4077 3520 4162 Ergo,
3554 4078 3655 4148 quia
3689 4077 3740 4127 in-

2217 4175 2544 4220 surrexerunt
2576 4183 2732 4236 super
2775 4184 2853 4220 me
2883 4169 2903 4199 ²
2933 4169 3110 4240 fortes,
3155 4185 3218 4222 ne
3259 4170 3551 4240 erubescas;
3587 4165 3740 4243 quando

2218 4267 2402 4314 contra
2433 4275 2626 4314 nomen
2664 4259 3013 4316 christianum
3045 4261 3188 4334 leges
3231 4261 3552 4339 ferebantur,
3581 4258 3737 4332 quando

2218 4351 2507 4423 ignominia
2557 4363 2610 4408 et
2646 4352 2859 4407 infamia
2886 4361 3002 4407 erat
3039 4367 3157 4412 esse
3183 4354 3549 4408 Citl‘iSlinnllm.
3578 4351 3643 4406 Ne
3660 4367 3738 4406 eru-

2220 4445 2388 4507 bescas
2438 4446 2573 4515 quod
2599 4445 2904 4502 detestabilis
2951 4445 3109 4519 fueris
3143 4463 3163 4500 :
3193 4450 3529 4528 confusionem
3570 4447 3673 4500 enim
3701 4443 3736 4494 iu

2219 4548 2516 4613 perpetuum
2556 4539 2897 4608 Oblivisceris;
2940 4539 3230 4612 ignominia:
3271 4540 3524 4598 uiduitatis
3556 4551 3637 4592 tua!
3667 4550 3735 4596 nos

2219 4631 2318 4684 eris
2348 4647 2555 4696 memor.
2599 4617 2851 4706 Quoniam
2891 4648 2980 4714 ego
3007 4649 3120 4687 sum
3164 4629 3416 4690 Dominus
3441 4634 3519 4704 qui
3553 4631 3734 4705 piciote:

2222 4723 2469 4780 Dominus
2519 4742 2700 4779 nomen
2742 4736 2813 4780 est
2838 4725 2921 4793 ei;
2964 4736 3015 4792 et
3053 4727 3135 4796 qui
3181 4727 3306 4779 eruit
3333 4737 3401 4797 te,
3430 4728 3528 4800 ipse
3553 4724 3731 4780 Donauit!

2223 4815 2360 4872 Deus
2396 4816 2562 4872 Israel
2595 4818 2840 4884 uniuersa:
2869 4827 3016 4872 terra:
3041 4816 3295 4885 roeabitur
3329 4819 3480 4884 (lsai.
3509 4832 3596 4875 LIV.
3637 4811 3727 4879 1-5).

2221 4905 2290 4962 Et
2319 4918 2370 4962 tu
2405 4907 2617 4966 Domine
2663 4907 2801 4976 Deus
2830 4909 3090 4974 virtutum,
3125 4906 3259 4962 Deus
3291 4908 3473 4975 Israel,
3505 4904 3666 4964 intende
3683 4898 3728 4951 ml

2220 4999 2526 5056 uisitandum
2570 5015 2743 5054 omnes
2781 5009 2985 5072 gentes:
3013 4999 3254 5070 intende,
3291 5001 3520 5073 inquam,
3559 4995 3613 5054 ad
3643 4991 3726 5046 visi-

2223 5090 2443 5145 tandum
2466 5106 2654 5150 omnes
2681 5101 2888 5163 gentes.

2293 5183 2381 5240 12.
2427 5181 2545 5240 Non
2576 5184 2857 5237 miserearis
2884 5183 3108 5238 omnium
3134 5184 3222 5256 qui
3256 5197 3519 5256 operantur
3542 5179 3718 5250 iniquum

2220 5278 2339 5326 tem.
2386 5271 2483 5326 Hic
2514 5274 2666 5344 plane
2695 5273 2898 5326 terruit.
2931 5272 3098 5342 Quem
3147 5289 3254 5329 non
3294 5274 3516 5330 terreat?
3549 5272 3646 5338 (luis
3676 5262 3719 5316 νά

2221 5377 2374 5418 suam
2417 5363 2796 5424 conscientiam
2845 5363 3058 5420 rediens
3089 5382 3192 5420 non
3231 5358 3718 5424 contremiseatiQur

2223 5454 2430 5514 etiamsi
2470 5455 2572 5510 sibi
2615 5457 2826 5512 conscia
2853 5467 2936 5510 est
2967 5458 3200 5530 pietatis,
3243 5460 3431 5512 mirum
3467 5457 3552 5518 nisi
3576 5443 3714 5518 aliqltitl

2289 5654 2307 5720 ξ
2343 5653 2532 5720 Aliquot
2554 5662 2681 5714 Mss.
2713 5656 2910 5710 animus.

2869 6407 2880 6410 _
2939 6403 3243 6417 ,ψή-
