3912 6430
121 314 220 377 ’101

48 490 57 505 ,
124 426 333 486 conscia
372 424 630 484 sitetiam
659 417 977 494 iniquitatis.
1017 416 1353 489 Quicumque
1391 416 1539 477 enim
1572 428 1704 486 pce-

126 529 296 579 catum
327 519 471 587 facit,
501 527 559 575 et
594 516 931 589 iniquitatem
967 512 1093 569 facit
1127 511 1180 583 (1
1209 507 1371 567 Joan.
1410 524 1494 575 tu,
1537 509 1616 580 ὁ).
1648 507 1707 567 Si

111 605 262 672 'enim
293 608 602 684 iniquitates
619 606 1013 673 observaveris,
1045 603 1290 671 Domine,
1320 599 1568 666 Domine,
1586 598 1708 670 quis

98 705 401 763 swine-bit
444 701 618 775 (Psal.
662 715 843 767 cxxtx,
888 698 968 771 3).
1023 695 1092 751 Et
1138 706 1319 751 tamen
1365 709 1552 751 verum
1600 700 1707 763 est,

90 811 216 853 nec
256 796 449 855 frustra
496 794 722 860 dictum,
754 806 854 847 nec
902 804 1093 845 vacare
1142 786 1363 843 omnino
1403 794 1579 858 potest
1615 792 1710 840 aut

89 889 339 959 paterit,
371 886 495 945 Non
519 886 802 943 miserearis
830 884 1053 939 omnium
1086 882 1175 954 qui
1210 890 1487 952 operantur
1518 879 1710 954 iniqui-

84 987 287 1037 tatem.
315 978 419 1037 Sed
447 993 573 1035 cere
612 977 861 1031 misertus
883 982 965 1031 est
992 972 1140 1027 Pauli
1171 970 1259 1043 qui
1302 971 1477 1041 primo
1510 969 1707 1026 Saulus

84 1072 437 1143 operabatur
479 1067 811 1146 iniquitatem
843 1084 857 1118 :
886 1064 1011 1136 quid
1043 1064 1187 1125 enim
1220 1063 1339 1118 fecit
1379 1061 1529 1130 boni,
1563 1060 1706 1117 unde

84 1171 513 1235 yromererctur
554 1158 766 1216 Deum?
813 1156 1001 1213 Nonne
1044 1166 1260 1213 sanctos
1298 1154 1415 1225 ejus
1460 1152 1528 1208 ad
1562 1167 1709 1217 mor-

88 1261 225 1310 tem
254 1250 597 1313 attraltcbat?
640 1265 818 1312 nonne
865 1249 1121 1321 epistolas
1161 1263 1192 1301 a
1240 1246 1571 1321 principibus
1611 1261 1704 1304 sa-

94 1348 393 1404 cerdotum
422 1345 649 1411 ferebat,
680 1353 742 1403 ut
775 1343 1094 1417 ubicumque
1120 1339 1452 1399 Christianos
1477 1340 1706 1398 iuvenis

96 1448 217 1509 set,
234 1441 301 1497 ad
331 1454 544 1513 poenam
571 1437 820 1510 raperet?
857 1451 1035 1494 nonne
1068 1435 1118 1490 id
1142 1450 1327 1507 agens,
1356 1449 1423 1491 eo
1454 1433 1701 1501 tendens,

108 1532 315 1603 caedem
359 1531 568 1605 spirans
606 1538 661 1587 et
698 1527 983 1591 anhelans,
1018 1527 1158 1581 sicut
1194 1526 1261 1583 de
1301 1527 1390 1583 illo
1429 1524 1703 1596 Scriptura

121 1633 429 1697 attestatur,
470 1622 545 1681 de
575 1621 713 1687 cado
742 1630 962 1679 vocatus
1000 1628 1083 1675 est
1112 1634 1243 1675 voce
1277 1618 1529 1686 sublimi,
1557 1616 1705 1688 deje-

128 1724 265 1782 etus,
302 1723 551 1785 erectus,
583 1721 921 1776 excmcatus,
949 1710 1315 1773 illttminaltts,
1342 1708 1585 1772 occisus,
1618 1707 1701 1769 vi-

128 1811 388 1879 vifieatus,
410 1805 688 1879 perditus,
714 1804 955 1861 redditus
994 1803 1133 1878 (Aet.
1165 1801 1286 1872 Ix)?
1316 1801 1434 1871 Quo
1478 1798 1702 1859 merito?

124 1902 254 1961 Nihil
293 1915 393 1959 nos
432 1901 721 1969 dicamus;
769 1898 942 1969 ipsum
990 1896 1167 1968 potius
1210 1894 1491 1951 audiamus
1534 1912 1548 1947 :
1600 1892 1704 1960 Qui

120 1995 256 2066 prius
289 1993 364 2063 {ui
384 2034 398 2057 ,
433 1992 637 2067 inquit,
670 1989 1020 2063 blasphemus,
1057 1996 1104 2045 et
1138 1996 1449 2061 persecutor,
1483 1994 1530 2047 et
1562 1987 1702 2063 inju.

118 2088 273 2147 riosus
288 2102 307 2151 ;
322 2084 412 2141 sed
430 2082 825 2143 misericordiam
844 2089 1143 2135 consecutus
1165 2096 1277 2134 sum
1298 2076 1344 2148 (l
1360 2077 1495 2132 Tim.
1516 2093 1554 2142 ι,
1583 2077 1697 2153 1⁸5).

117 2178 302 2249 Certe,
332 2176 454 2238 Non
483 2175 770 2233 miserearis
799 2174 1022 2231 omnium
1050 2172 1135 2241 qui
1162 2181 1436 2243 aperantur
1454 2170 1698 2243 iniquita-

116 2280 239 2339 tem,
278 2270 380 2327 hoc
420 2266 628 2326 duobus
672 2266 846 2322 modis
894 2264 1113 2335 intelligi
1165 2271 1339 2334 potest
1382 2279 1398 2312 :
1435 2264 1547 2325 sive
1576 2262 1699 2337 quia

111 2362 324 2420 omnino
368 2360 508 2419 nulla
551 2367 765 2431 peccata
807 2358 1063 2428 impunita
1104 2356 1353 2431 relinquit
1380 2356 1560 2423 Deus;
1586 2356 1699 2415 sive

110 2453 247 2525 quod
290 2464 373 2508 est
409 2450 653 2523 qumdatn
701 2450 984 2519 iniquitas,
1032 2463 1189 2518 quam
1233 2447 1326 2519 qui
1373 2457 1695 2519 operantur,

108 2546 327 2603 omnino
369 2558 557 2602 eorum
590 2543 729 2601 Deus
758 2557 863 2599 non
896 2541 1199 2599 miseretur.
1233 2538 1537 2598 Secundum
1566 2539 1697 2597 istos

105 2637 238 2695 duos
281 2636 503 2703 modos,
544 2636 781 2695 breviter
819 2641 1073 2711 quantum
1097 2632 1351 2705 temporis
1379 2630 1699 2693 sufiicitalis

105 2729 229 2801 quid
256 2728 540 2804 loquamur
556 2727 811 2787 Charitati
842 2725 1061 2785 Vestrae.

175 2821 263 2878 i5.
294 2819 545 2893 lniquitas
585 2821 796 2889 omnis,
823 2831 983 2889 parva
1026 2828 1282 2887 magnave
1307 2813 1413 2878 sit,
1446 2813 1696 2886 puniatur

102 2928 323 2973 necesse
343 2924 449 2983 est,
479 2922 571 2971 aut
598 2912 671 2971 ab
700 2913 815 2983 ipso
838 2912 1052 2971 homine
1074 2910 1386 2983 poenitentc,
1413 2917 1506 2965 aut
1531 2924 1559 2969 n
1584 2910 1695 2969 Deo

102 3007 425 3071 vindicante.
467 3005 601 3065 Nam
641 3014 697 3063 et
752 3020 910 3079 quem
957 3004 1214 3073 pteuitet,
1256 2992 1405 3073 punit
1434 3002 1693 3073 seipsum.

98 3097 263 3173 Ergo.
296 3098 505 3163 fratres,
532 3097 813 3169 puniamus
844 3104 1022 3154 nostra
1053 3104 1266 3165 peccata
1287 3136 1305 3163 ,
1328 3094 1372 3151 si
1402 3094 1694 3167 quaerimus

99 3190 521 3249 misericordiam
542 3189 656 3247 Dei.
685 3186 801 3245 Non
829 3197 1005 3258 potest
1026 3186 1166 3245 Deus
1186 3186 1425 3243 misereri
1452 3185 1690 3244 omnium

97 3282 435 3351 operantium
464 3280 793 3353 iniquitatem
819 3277 967 3350 quasi
1002 3276 1279 3336 blandiens
1307 3276 1562 3348 peccatis.
1592 3284 1690 3338 aut

97 3388 209 3433 non
238 3373 515 3433 eradicans
536 3380 772 3443 peccata.
806 3371 1031 3429 Prorsus
1053 3377 1146 3431 aut
1181 3370 1342 3442 punis
1360 3411 1377 3438 ,
1402 3380 1493 3429 aut
1518 3370 1689 3443 punit.

98 3463 198 3521 Vis
222 3482 331 3522 non
378 3467 597 3538 puniat?
627 3465 780 3529 Puni,
805 3472 882 3522 tu.
910 3463 1041 3519 Nam
1072 3472 1129 3519 et
1163 3461 1295 3520 illud
1337 3464 1508 3519 fecisti
1549 3462 1692 3535 quod

104 3558 420 3633 impunitum
448 3574 567 3621 csse
597 3574 702 3619 non
730 3559 901 3633 possit
927 3574 942 3621 :
974 3556 1067 3617 sed
1098 3571 1128 3615 ιι
1151 3565 1203 3615 te
1224 3556 1473 3639 puniatur
1492 3554 1689 3633 potius,

108 3664 168 3709 ut
192 3655 355 3715 iacias
374 3655 517 3731 quod
539 3656 591 3711 in
624 3654 713 3713 illo
744 3654 950 3725 psalmo
979 3652 1237 3722 scriptum
1265 3660 1365 3716 est,
1396 3649 1693 3709 Prteaeuia-

110 3764 220 3805 mus
267 3752 445 3822 [aciein
484 3751 600 3823 ejus
622 3749 678 3806 in
713 3748 1032 3821 confessione
1074 3744 1248 3817 (Psal.
1283 3759 1424 3812 xciv,
1450 3742 1529 3817 ἓ).
1553 3743 1694 3814 Quid

113 3849 187 3896 est
206 3882 226 3911 ,
255 3840 630 3901 Praesitiamus
662 3839 847 3913 [aciem
866 3839 977 3911 ejus
998 3838 1024 3897 7
1047 3838 1347 3915 Antequam
1375 3836 1491 3907 ipse
1514 3844 1693 3895 atten-

112 3930 199 3993 dat
221 3942 282 3993 ut
321 3933 537 4006 puniat,
579 3941 633 3991 tu
676 3930 911 4003 pratveni
951 3927 1255 3987 conﬁtendo
1286 3936 1341 3987 et
1382 3927 1531 4000 puni.
1576 3925 1694 3989 Non

112 4024 196 4083 ille
217 4026 451 4085 inveniat
474 4024 618 4098 quod
656 4024 861 4096 putriat.
906 4021 1040 4093 Quia
1068 4036 1193 4081 cum
1222 4030 1278 4076 tu
1320 4020 1477 4094 punis
1503 4019 1695 4091 iniqui-

113 4125 294 4188 tatem,
310 4118 442 4176 iacis
459 4119 785 4190 equitatem.
818 4117 884 4174 Et
907 4115 1028 4172 ideo
1057 4115 1131 4172 tui
1162 4113 1505 4175 miserebitur
1530 4114 1693 4180 Deus,

115 4212 227 4282 quia
246 4213 353 4283 jam
383 4223 433 4271 te
459 4222 774 4284 operantem
801 4210 1110 4280 aequitatem
1136 4207 1340 4267 invenit
1366 4207 1528 4265 Deus.
1554 4206 1695 4279 Quid

114 4314 227 4374 est,
255 4318 565 4377 operantem
602 4303 948 4377 :cquitatem?
989 4301 1123 4371 Quia
1168 4299 1272 4359 hoc
1316 4300 1371 4356 in
1415 4308 1466 4357 te
1510 4298 1693 4368 odisti,

114 4397 250 4465 quod
276 4408 332 4461 et
358 4400 446 4456 ille
470 4398 617 4463 odit;
641 4405 699 4456 ut
741 4394 964 4465 incipias
1003 4393 1220 4466 placere
1254 4391 1369 4451 Deo
1389 4431 1406 4458 ,
1438 4391 1566 4450 dum
1592 4390 1697 4452 hoc

116 4482 167 4540 iu
214 4498 268 4549 te
312 4489 472 4560 punis
508 4485 652 4558 (ιιιαά
698 4486 945 4558 displicet
1000 4483 1133 4541 Deo.
1181 4481 1315 4543 Nam
1366 4496 1474 4543 non
1522 4490 1699 4560 pateat

119 4574 429 4652 impunitum
491 4579 721 4651 relinqui
780 4586 1059 4650 peceatum
1118 4593 1133 4629 :
1191 4575 1443 4646 quoniam
1508 4590 1697 4637 verum

116 4683 231 4744 est,
285 4674 408 4737 Non
452 4674 736 4735 miserearis
772 4670 1001 4729 omnium
1024 4668 1111 4741 qui
1135 4676 1416 4743 cperantur
1454 4667 1696 4740 iniquita-

119 4772 236 4824 lem.

185 4862 273 4919 ιι.
292 4859 401 4921 Sed
429 4857 705 4919 videamus
723 4856 835 4929 jam
861 4855 1023 4915 alium
1052 4852 1291 4919 modum,
1311 4865 1419 4927 quo
1438 4849 1555 4911 haec
1575 4864 1700 4913 sen-

117 4955 278 5012 tentia
304 4952 477 5026 possit
521 4951 761 5021 intelligi.
788 4948 886 5009 Est
923 4945 1167 5022 quadam
1222 4942 1475 5015 iniquitas
1496 4984 1514 5011 ,
1539 4956 1701 5016 quam

114 5047 211 5115 qui
253 5055 536 5118 operatur,
589 5058 697 5102 non
732 5049 906 5114 potest
944 5038 1059 5099 tieri
1104 5044 1164 5093 ut
1214 5036 1536 5093 misereatur
1582 5032 1701 5104 ejus

123 5133 280 5195 Deus.
307 5138 558 5208 Quaeritis
607 5135 744 5192 forte
781 5147 1026 5205 qumnam
1062 5130 1153 5186 illa
1177 5128 1291 5187 sit?
1318 5127 1436 5199 Ipsa
1460 5125 1704 5183 defensio

72 5204 77 5225 λ
119 5204 478 5297 peccatorum.
528 5225 752 5295 Quando
776 5204 1005 5297 quisque
1046 5219 1286 5279 defendit
1325 5227 1538 5291 peccata
1568 5232 1698 5284 sua,

123 5328 364 5392 magnam
415 5319 747 5392 iniquitatem
796 5325 1094 5386 operatur:
1141 5312 1244 5368 hoc
1288 5310 1523 5366 defendit
1558 5307 1702 5379 quad

87 5435 94 5441 ι
132 5407 269 5469 Deus
285 5414 413 5469 odit.
444 5411 514 5469 Et
551 5410 672 5467 vide
700 5423 863 5481 quam
906 5420 1193 5479 perverse,
1220 5418 1380 5478 quam
1420 5402 1614 5473 inique.
1645 5399 1703 5461 Si

144 5502 259 5570 quid
294 5504 413 5561 boui
446 5503 673 5571 iecerit,
698 5501 802 5557 sibi
828 5500 941 5559 vult
978 5497 1262 5569 imputari;
1294 5496 1340 5557 εἰ
1381 5493 1509 5569 quid
1540 5491 1700 5563 mali,

145 5588 266 5652 Deo.
289 5596 415 5655 Nam
450 5596 554 5658 hoc
593 5594 754 5653 modo
788 5592 1081 5655 defendunt
1127 5590 1370 5651 homines
1397 5594 1610 5660 peceata
1635 5599 1704 5643 ex

144 5680 236 5746 Dei
257 5704 495 5763 persona,
525 5688 667 5764 quod
694 5686 840 5759 pejus
866 5696 969 5742 est.
1000 5684 1136 5753 Quid
1158 5692 1241 5739 est
1271 5683 1370 5737 hoc
1390 5681 1414 5737 ?
1434 5679 1600 5736 Nemo
1623 5685 1707 5734 est

146 5776 234 5851 qui
252 5779 437 5842 audeat
454 5779 878 5847 dicere,Bonum
916 5786 1003 5836 est
1024 5775 1364 5846 adulterium,
1389 5774 1591 5841 bonum
1617 5776 1706 5831 est

1224 297 1624 381 unaunam
1659 298 1731 362 tu
1762 298 2087 365 Pssuma
2124 299 2301 371 Lvtu.

3302 302 3410 363 703

1813 412 2160 477 homicidium
2181 457 2197 483 ,
2224 416 2366 477 bona
2408 415 2552 481 fraus
2582 460 2603 491 ,
2627 417 2827 474 bonum
2869 417 3202 495 periurium:
3228 418 3409 478 nullus

1814 520 2035 577 prorsus
2080 506 2394 576 hominum;
2423 525 2547 565 nam
2590 510 2681 582 qui
2710 509 2871 567 etiam
2917 510 3006 566 illa
3037 509 3267 578 iaciunt,
3298 512 3406 568 cla-

1814 608 1964 653 mant
2004 599 2215 671 quando
2264 602 2559 674 patiuntur.
2598 600 2830 659 Omnino
2870 617 3000 675 ergo
3047 619 3154 659 non
3199 605 3406 662 iuvenis

1814 690 2047 745 animam
2093 700 2199 746 tam
2238 709 2580 765 perversam,
2611 704 2718 751 tam
2757 704 3025 751 extorrem
3072 712 3103 751 a
3151 699 3405 755 societate

1813 782 2026 853 generis
2055 782 2268 839 humani
2292 792 2346 840 et
2375 800 2403 839 a
2434 784 2838 856 participatione
2873 787 3173 842 communis
3193 788 3405 858 sangui-

1814 875 1900 928 nis
1929 889 1996 932 ex
2032 874 2221 940 Adam,
2267 876 2353 932 cui
2384 876 2630 932 videatur
2656 878 2854 932 bonum
2897 892 3018 934 esse
3058 880 3399 946 adulterium,

1814 966 1956 1021 sicut
1980 966 2110 1031 dixi,
2144 966 2311 1034 fraus,
2334 970 2543 1039 rapina,
2570 969 2882 1039 perjuriunt.
2908 969 3015 1026 Sed
3044 972 3312 1043 quomodo
3339 987 3402 1028 ea

1812 1058 2149 1115 defendunt?
2170 1060 2225 1117 Si
2270 1061 2410 1117 Deus
2432 1060 2691 1119 noluisset
2709 1104 2724 1128 ,
2755 1076 2860 1117 non
2888 1061 2939 1117 id
2968 1061 3235 1119 fecissem.
3262 1064 3401 1131 Quid

1810 1152 1893 1206 vis
1922 1151 2108 1208 faciam
2155 1150 2265 1206 fato
2304 1153 2468 1210 meo?
2511 1151 2627 1208 Jam
2674 1154 2870 1223 qureris
2914 1156 3042 1225 quid
3092 1156 3398 1213 sltf’atum:

1810 1244 1985 1299 curris
2026 1244 2091 1298 ad
2141 1244 2343 1301 stellas.
2367 1243 2577 1319 Quaeris
2601 1244 2721 1315 quis
2764 1246 2949 1301 fecerit
2987 1254 3043 1301 et
3067 1247 3403 1304 ordinaverit

1810 1337 1995 1399 stellas
2024 1354 2039 1393 :
2072 1338 2209 1394 Deus
2232 1346 2333 1399 est.
2363 1338 2505 1410 Ergo
2525 1338 2589 1393 ad
2616 1338 2718 1393 hoc
2742 1349 3019 1412 peceatum
3048 1349 3192 1395 tuum
3216 1340 3401 1397 defen-

1809 1427 1913 1492 dis,
1936 1436 1995 1482 ut
2025 1428 2188 1484 Deum
2211 1444 2452 1489 accuses.
2478 1429 2604 1485 ideo
2632 1416 2920 1485 excusatur
2944 1444 3067 1486 reus
3087 1472 3102 1496 ,
3134 1441 3191 1485 ut
3215 1431 3400 1501 culpo-

1809 1530 1896 1575 tur
1914 1519 2097 1593 judex.
2125 1520 2347 1576 Prursus
2378 1520 2535 1576 talem
2565 1520 2896 1591 iniquitatem
2923 1521 3258 1591 operantium
3288 1536 3394 1577 non

1808 1613 2092 1667 miseretur
2117 1612 2276 1668 Deus.
2301 1611 2425 1667 Non
2453 1613 2739 1668 miserearis
2767 1612 2992 1667 omnium
3009 1615 3096 1687 qui
3125 1622 3401 1683 aper-antur

1806 1702 2141 1773 iniquitatem.
2172 1702 2520 1775 Perseqnere,
2554 1704 2747 1773 inquit,
2774 1713 2989 1773 peccata
3015 1690 3224 1771 eorum,
3244 1704 3395 1776 pttnl,

1806 1808 2128 1871 compunge,
2161 1805 2413 1850 converte
2438 1796 2558 1851 illos
2580 1805 2704 1851 ante
2730 1810 2790 1851 se
2810 1837 2824 1857 ,
2847 1796 2936 1875 qui
2968 1812 3026 1851 se
3052 1808 3253 1867 ponunt
3279 1805 3400 1867 post

1806 1900 1866 1941 se
1892 1902 1908 1955 ;
1940 1894 1993 1941 et
2020 1885 2337 1941 erubescant
2359 1885 2427 1942 de
2465 1902 2544 1951 se,
2576 1894 2634 1940 ut
2658 1885 2925 1957 gaudeant
2952 1886 3022 1942 de
3048 1897 3119 1942 te.
3150 1884 3272 1942 Non
3292 1887 3397 1942 mi-

1806 1978 2019 2037 serearis
2037 1978 2262 2032 onmium
2289 1978 2377 2047 qui
2404 1986 2685 2051 operantur
2710 1978 3050 2049 iniquitatem.

1905 2070 1993 2126 15.
2039 2068 2191 2149 [eam
2243 2068 2325 2147 7.]
2362 2069 2730 2124 Convertuntur
2765 2069 2838 2123 ad
2878 2084 3159 2139 uesperam.
3201 2067 3396 2126 Nescio

1804 2174 1941 2231 quos
1963 2160 2091 2217 dicit
2115 2159 2385 2228 quondam
2431 2169 2743 2231 operatores
2769 2161 3063 2231 iniquitatis
3084 2202 3099 2223 ,
3134 2171 3186 2216 et
3216 2176 3392 2233 quon-

1804 2252 1927 2307 dam
1975 2252 2223 2307 tenebras
2244 2292 2260 2319 ,
2293 2253 2529 2307 converti
2563 2252 2631 2306 ad
2654 2268 2951 2324 vesperam.
2992 2252 3130 2321 Quid
3178 2263 3294 2321 est,
3324 2254 3394 2309 ad

1804 2360 2065 2418 uesperam
2088 2345 2115 2399 .’
2161 2345 2373 2400 Postea.
2421 2345 2561 2412 Quid
2590 2353 2671 2400 est
2696 2386 2713 2412 ,
2743 2344 2812 2399 ad
2845 2345 3149 2416 uesperam!
3184 2346 3391 2402 Serius.

1804 2437 1944 2493 Ante
1969 2437 2111 2492 enim
2139 2436 2435 2492 debuerant
2465 2478 2481 2505 ,
2504 2446 2787 2507 antequam
2816 2436 3089 2493 Christum
3116 2439 3397 2510 cruciﬁge-

1802 2535 1964 2595 rent,
1993 2528 2256 2583 medicum
2301 2542 2613 2598 agnoscere.
2654 2527 2831 2600 Quare
2862 2528 2971 2598 jam
3003 2543 3070 2583 eo
3098 2528 3392 2596 crucltixo,

1802 2628 2118 2690 resurgcnte
2142 2659 2158 2685 ,
2186 2619 2236 2672 lu
2266 2619 2463 2675 cmlum
2492 2618 2816 2675 ascendente
2840 2661 2856 2686 ,
2895 2628 3240 2690 posteaquam
3298 2620 3400 2675 mi-

1800 2710 1873 2765 sit
1897 2709 2152 2780 Spiritum
2182 2724 2335 2765 suum
2384 2719 2624 2765 sanctum
2651 2752 2666 2777 ,
2690 2725 2797 2780 quo
2822 2710 3009 2780 repleti
3050 2720 3175 2765 sunt
3204 2710 3279 2766 illi
3299 2711 3393 2782 qui

1800 2801 1854 2856 in
1880 2816 1983 2856 una
2010 2800 2172 2856 domo
2191 2808 2363 2866 erant,
2388 2808 2743 2870 etcmperuut
2767 2800 2911 2871 loqui
2930 2802 3122 2872 linguis
3149 2802 3387 2867 omnium

1798 2893 2063 2963 gentium,
2088 2898 2415 2963 expaverunt
2443 2890 2787 2947 crucifixores
2810 2890 3009 2947 Christi
3037 2908 3051 2946 :
3080 2893 3393 2964 compuncti

1798 2992 1925 3039 sunt
1944 2986 2011 3037 de
2032 2981 2358 3038 conscientia
2384 2996 2499 3049 sua,
2531 2982 2811 3037 consilium
2840 2983 3027 3038 salutis
3051 2982 3119 3040 ab
3154 2986 3391 3055 Aposto-

1798 3074 1865 3130 lis
1896 3074 2232 3145 petiverunt;
2274 3072 2598 3138 audierunt,
2627 3074 2772 3146 Agite
2813 3074 3154 3145 penitentiam
3173 3116 3189 3143 ,
3219 3085 3267 3129 et
3302 3076 3395 3131 ba-

1800 3166 2017 3238 ptizatur
2046 3166 2387 3236 unusquisque
2429 3175 2648 3220 vestrum
2677 3167 2730 3221 in
2758 3167 2962 3221 nomine
2982 3165 3191 3222 Domini
3230 3169 3394 3224 nostri

1796 3259 1923 3314 Jesu
1960 3257 2186 3325 Christi,
2216 3268 2262 3312 et
2295 3258 2613 3314 dimittentur
2644 3258 2783 3314 vobis
2817 3268 3021 3328 peccata
3059 3269 3222 3314 uestra
3251 3258 3385 3331 (Act.

1798 3368 1859 3419 ιι,
1889 3351 2003 3426 58).
2035 3352 2163 3408 Post
2204 3354 2436 3408 occisum
2484 3350 2757 3407 Christum
2783 3393 2797 3417 ,
2823 3360 2945 3422 post
2968 3350 3197 3407 effusum
3229 3352 3392 3409 Chri-

1798 3445 1870 3502 sti
1915 3445 2230 3515 sanguinem
2293 3443 2634 3498 dimittuntur
2668 3453 2885 3514 peccata
2917 3453 3117 3499 vestra.
3164 3443 3260 3500 lile
3313 3445 3392 3501 sic
3478 3488 3481 3489 ν

1798 3542 1963 3598 voluit
1984 3541 2142 3606 mori,
2167 3548 2223 3596 ut
2246 3541 2504 3611 sanguine
2532 3554 2633 3595 suo
2664 3538 2825 3595 etiam
2854 3537 3116 3595 cil‘usores
3142 3538 3385 3609 ejusdem

1798 3634 2072 3710 sanguinis
2096 3632 2406 3691 redimeret.
2438 3632 2676 3689 Fudistis
2712 3633 3001 3688 saevientes
3023 3673 3039 3699 ,
3070 3631 3235 3687 bibite
3262 3647 3394 3689 con-

1799 3728 2030 3784 fitcntes.
2063 3726 2249 3783 Merito
2286 3734 2640 3786 convertantur
2676 3724 2746 3778 ad
2775 3741 3032 3796 vesperam
3050 3738 3072 3787 ;
3116 3733 3163 3778 et
3194 3726 3385 3794 {autem

1798 3820 2058 3894 patiantur
2084 3829 2140 3875 ut
2159 3835 2326 3874 canes.
2354 3818 2532 3875 Canes
2555 3816 2754 3875 Gentes
2780 3815 2947 3872 Judaei
2977 3815 3245 3882 dixerunt,
3276 3826 3395 3871 tau-

1798 3928 1958 3986 quam
1984 3910 2306 3971 immundos.
2332 3909 2465 3966 Nam
2487 3908 2609 3967 inde
2626 3918 2679 3966 et
2695 3911 2810 3980 ipse
2837 3908 3250 3973 Dominus,cum
3272 3917 3395 3980 post

1799 4021 1923 4061 eum
1950 4006 2205 4063 clamaret
2230 4004 2532 4065 Chananma
2552 4000 2794 4075 quaedam
2816 4000 3029 4065 mulier,
3055 4015 3159 4056 non
3180 3998 3387 4064 Judzca,

1799 4097 1866 4154 ad
1894 4114 2043 4159 suam
2073 4098 2237 4155 ﬁliam
2258 4096 2548 4159 curandam
2573 4104 2891 4152 convertere
2925 4092 3111 4148 volens
3136 4092 3253 4163 ejus
3282 4090 3386 4146 mi-

1802 4190 2193 4262 sericordiam;
2241 4189 2331 4246 ille
2372 4189 2555 4247 omnia
2598 4187 2903 4262 praevidens
2926 4226 2943 4250 ,
2970 4183 3149 4240 omnia
3179 4185 3389 4250 sciens,

1802 4282 1897 4340 sed
1928 4285 2084 4347 fidem
2107 4285 2225 4354 ejus
2252 4281 2538 4341 ostendere
2558 4279 2768 4346 volens,
2790 4278 2998 4334 distulit
3028 4276 3344 4333 beneficium
3374 4317 3389 4344 ,

1802 4392 1858 4440 et
1894 4396 2013 4439 eam
2051 4375 2347 4451 suspendit.
2388 4373 2457 4439 Et
2504 4372 2771 4446 quomodo
2799 4369 3044 4427 distulit?
3088 4367 3211 4424 Non
3255 4386 3390 4437 sum,

1802 4472 1991 4553 inquit,
2022 4470 2226 4535 missus,
2258 4465 2356 4525 nisi
2376 4464 2444 4520 ad
2462 4481 2576 4519 oves
2597 4478 2711 4537 qua:
2728 4462 2981 4533 perierunt
3006 4461 3187 4517 domus
3207 4459 3390 4516 Israel.

1803 4563 1991 4630 Israel,
2022 4576 2189 4617 oves:
2215 4558 2418 4621 Gentes
2443 4597 2461 4624 ,
2483 4555 2654 4628 quid?
2692 4552 2814 4609 Non
2840 4562 2913 4608 est
2952 4552 3138 4608 bonum
3166 4595 3182 4621 ,
3214 4568 3397 4625 panem

1804 4658 2027 4729 ﬁliorum
2052 4656 2248 4713 mittere
2265 4652 2496 4707 canibus.
2522 4649 2724 4707 Gentes
2750 4661 2879 4719 ergo
2902 4662 3064 4704 canes
3087 4646 3393 4718 appellavit,

1805 4756 2028 4822 prepter
2068 4743 2485 4807 immunditiam.
2525 4740 2663 4810 Quid
2708 4751 2887 4795 autem
2914 4739 3005 4794 illa
3048 4737 3242 4795 mulier
3267 4753 3395 4794 esu-

1804 4841 1993 4897 riens?
2038 4838 2152 4897 Hoc
2189 4836 2357 4915 magis
2386 4850 2491 4890 non
2526 4832 2721 4904 repulit
2762 4850 2777 4887 :
2834 4831 3072 4901 suscepit
3122 4830 3397 4886 humiliter

1805 4930 2140 4996 convicium,
2195 4937 2251 4985 et
2292 4925 2487 4983 meruit
2532 4923 2871 4980 beneficium.
2922 4922 3106 4991 Neque
3151 4922 3293 4977 enim
3343 4928 3398 4975 et

1807 5021 2109 5080 convicium
2152 5017 2282 5074 illud
2320 5015 2607 5081 dicendum
2650 5024 2802 5082 erat,
2830 5014 2971 5085 quod
3001 5029 3032 5067 a
3058 5012 3285 5067 Domino
3305 5009 3391 5064 di-

1808 5123 1951 5171 ctum
1976 5120 2116 5168 erat.
2142 5111 2343 5167 Servus
2372 5109 2419 5165 si
2448 5106 2648 5185 aliquid
2687 5106 2792 5163 tale
2815 5105 3034 5162 domino
3058 5105 3237 5171 dicat,
3261 5116 3396 5158 cou-

1811 5209 2004 5266 vicium
2030 5215 2154 5271 est:
2201 5206 2450 5263 dominus
2488 5213 2669 5259 autem
2711 5217 2833 5258 cum
2876 5200 2983 5257 tale
3017 5196 3214 5269 aliquid
3241 5209 3400 5251 servo

1808 5302 1960 5374 dicit,
1986 5300 2222 5375 dignatio
2249 5300 2422 5369 potius
2448 5297 2551 5355 dici
2579 5304 2773 5369 potest.
2806 5293 2913 5363 Ita,
2942 5293 3132 5364 inquit,
3159 5289 3395 5344 Domine.

1810 5394 1949 5466 Quid
1978 5406 2082 5461 est,
2104 5392 2219 5447 ita?
2250 5391 2444 5448 Verum
2469 5389 2604 5446 dicis
2628 5431 2643 5455 ,
2671 5403 2889 5461 prorsus
2916 5401 3098 5442 verum
3116 5383 3289 5446 dicis;
3312 5395 3395 5435 αις

1813 5489 1896 5552 nis
1922 5501 2021 5563 ego
2047 5501 2186 5544 sum.
2213 5484 2319 5542 Sed
2338 5494 2386 5539 et
2415 5499 2587 5549 canes,
2620 5482 2813 5553 inquit,
2830 5479 2987 5535 edunt
3015 5481 3079 5531 de
3097 5476 3243 5529 micis
3290 5483 3397 5544 qua

1813 5582 2002 5643 cadunt
2031 5582 2094 5643 de
2122 5596 2294 5637 mensa
2318 5577 2641 5632 dominorum
2669 5589 2896 5628 suorum.
2931 5572 2996 5626 Et
3020 5569 3272 5625 continuo
3300 5566 3401 5620 lio-

1812 5676 1988 5732 minus
2012 5692 2025 5729 :
2059 5671 2103 5728 0
2125 5672 2326 5739 mulier,
2342 5686 2532 5743 magna
2559 5681 2631 5722 est
2656 5666 2783 5737 ﬁdes
2809 5673 2895 5717 tua
2921 5660 3135 5734 (Matth.
3165 5674 3233 5715 xv
3256 5700 3272 5726 ,
3301 5655 3401 5714 35-

1813 5768 1908 5841 28)
1932 5768 1947 5823 ι
1972 5765 2291 5826 iamdudum
2320 5761 2471 5822 canis
2492 5803 2509 5834 ,
2538 5757 2699 5819 modo
2730 5755 2945 5816 mulier.
2973 5752 3129 5814 Unde
3149 5752 3262 5828 iam
3278 5765 3403 5812 ntu-
