3912 6450
511 339 620 400 705

507 458 612 516 licr
659 473 779 530 qua:
825 457 988 530 paulo
1039 462 1163 511 ante
1194 451 1386 510 canis?
1421 445 1740 505 Conmendo
1790 444 2099 504 humiliter,

507 568 616 608 non
651 530 1232 624 repellettdomquedﬁa
1271 533 1734 600 Dominodietum
1769 549 1904 595 erat.
1957 537 2099 608 Ergo

508 644 708 702 Gentes
745 656 907 699 canes
930 683 945 708 ,
977 649 1030 695 et
1061 636 1182 695 ideo
1229 637 1548 692 esurientes.
1585 634 1788 688 Bonum
1817 641 1900 686 est
1927 639 1981 684 et
2003 627 2098 684 Ju-

511 736 660 801 dxis,
693 743 750 790 ut
786 739 1078 803 agnoscant
1119 745 1176 786 se
1211 738 1557 799 peccatores;
1590 737 1645 783 et
1670 725 1795 780 licet
1835 727 1902 778 ad
1927 739 2096 790 vespe-

510 845 637 894 ram,
689 834 1083 888 convertantur;
1107 833 1152 877 et
1177 824 1368 892 famem
1390 821 1651 891 patiuntur
1677 828 1728 871 ut
1756 833 1928 870 canes.
1960 815 2092 870 Nam

507 920 648 975 male
688 927 958 975 saturatus
995 925 1112 973 erat
1140 916 1229 972 ille
1257 916 1349 985 qui
1392 913 1602 968 dicebat
1641 930 1654 966 :
1697 909 1890 982 Jejuno
1930 910 2004 964 bis
2040 910 2095 965 in

505 1013 731 1068 sabbato.
758 1012 850 1068 llle
879 1019 1056 1066 autem
1089 1009 1405 1079 publicanus
1433 1007 1581 1062 canis
1610 1014 1745 1070 erat,
1779 1003 1971 1058 famem
2004 1017 2097 1074 pa-

503 1105 677 1168 tiens;
707 1113 760 1157 et
787 1101 910 1158 inde
951 1099 1269 1156 beneﬁcium
1316 1095 1528 1152 Domini
1570 1095 1857 1157 esuriehat,
1889 1094 1977 1161 qui
2013 1091 2096 1147 di-

503 1195 683 1252 ccbat:
706 1193 968 1264 Propitius
995 1201 1100 1246 esto
1119 1192 1241 1245 nti/ti
1265 1190 1520 1261 peccatori
1540 1188 1688 1259 (Luc.
1711 1203 1858 1249 xvttt,
1881 1185 2089 1254 HAS),

505 1285 870 1342 Convertuntur
893 1299 1022 1354 ergo
1062 1293 1116 1338 et
1150 1283 1224 1336 illi
1261 1283 1328 1334 ad
1351 1297 1605 1350 vesperam
1639 1294 1656 1332 :
1695 1289 1740 1331 et
1786 1278 1970 1347 [autem
2004 1293 2095 1344 pa-

505 1380 698 1434 tiantur
723 1387 777 1431 ut
801 1394 976 1433 canes.
1006 1374 1324 1432 Desiderent
1364 1373 1588 1444 gratiam
1629 1371 1757 1437 Dei,
1794 1369 2096 1439 intelligant

504 1487 565 1528 se
592 1480 899 1543 peccatores
940 1487 955 1524 :
1003 1469 1169 1524 fortes
1222 1466 1293 1521 illi
1341 1467 1470 1519 liant
1512 1464 1703 1518 infirmi
1729 1503 1746 1528 ,
1778 1462 1972 1516 divites
2018 1461 2094 1516 illi

504 1563 634 1620 fiant
660 1575 939 1633 pauperes,
962 1559 1090 1631 juSti
1119 1558 1190 1613 illi
1217 1565 1508 1627 agnoscant
1536 1571 1593 1610 se
1615 1564 1947 1626 peccatores,
1981 1554 2094 1607 leo-

505 1671 604 1713 nes
627 1655 705 1712 illi
729 1667 889 1709 canes
928 1652 1078 1706 fiant.
1112 1649 1479 1706 Convertuntur
1520 1648 1588 1702 ad
1622 1664 1882 1717 vesperum
1905 1664 1921 1711 ;
1947 1657 1994 1700 et
2020 1650 2098 1716 fa-

506 1765 637 1806 mem
692 1749 952 1820 patiantur
1007 1756 1264 1809 utcaues,
1309 1754 1355 1798 et
1420 1741 1751 1798 circumibunt
1818 1742 2092 1807 civitatem,

505 1841 676 1912 Quam
704 1839 1016 1895 civitatem?
1042 1837 1292 1892 Mundum
1324 1837 1479 1891 istmn
1515 1877 1531 1902 ,
1561 1851 1718 1906 quem
1772 1833 2092 1904 quihusdam

505 1934 638 1990 locis
671 1941 828 1988 vocat
851 1931 1123 2001 Scriptura
1163 1931 1432 1985 civitatem
1459 1929 1875 1983 circumslantizc
1913 1925 2088 1998 (Psal.

504 2041 633 2091 xxx,
660 2023 751 2089 22,
784 2040 890 2090 ως,
922 2024 1005 2089 ll,
1038 2032 1086 2078 et
1111 2038 1236 2087 cvn,
1260 2023 1350 2087 ll,
1374 2037 1474 2075 sec.
1501 2019 1666 2090 LXX)
1702 2038 1714 2074 :
1741 2019 1794 2074 id
1821 2029 1902 2073 est
1923 2060 1936 2083 ,
1970 2018 2094 2088 quia

505 2120 561 2175 in
590 2118 842 2175 omnibus
884 2118 1130 2189 gentibus
1158 2115 1392 2185 undique
1418 2112 1835 2169 circumfuderat
1862 2111 2094 2166 mundus

504 2224 665 2266 unam
715 2219 928 2280 gentem
970 2205 1426 2269 .lttdtcorttm,°ul)i
1460 2205 1582 2259 talia
1627 2203 1943 2259 dicebantur
1966 2203 2009 2266 ¹,
2041 2212 2096 2258 et

504 2299 874 2371 appellabatur
930 2299 1117 2354 civitas
1155 2298 1588 2352 circumstantiae.
1627 2295 1784 2350 Istam
1825 2295 2093 2352 civitatem

504 2391 861 2448 circumibunt
886 2390 959 2446 illi
989 2392 1099 2461 jam
1120 2405 1280 2445 canes
1311 2389 1428 2443 facti
1476 2389 1790 2444 esurientes.
1815 2387 2095 2456 Quomodo

505 2482 900 2539 circumibunt?
947 2480 1392 2552 Evangelizaudo.
1443 2479 1636 2536 Saulus
1679 2494 1746 2535 ex
1784 2479 1912 2549 lupo
1946 2483 2094 2534 canis

508 2574 682 2632 factus
709 2584 790 2630 est
822 2574 888 2628 ad
919 2589 1219 2644 vesperam,
1253 2572 1304 2628 id
1335 2582 1416 2628 est
1436 2614 1450 2638 ,
1502 2588 1629 2626 sero
1669 2587 1991 2636 conversus,
2022 2571 2092 2629 de

507 2668 662 2724 micis
688 2666 887 2722 domini
913 2665 994 2721 sui
1018 2667 1070 2722 in
1100 2666 1268 2738 gratia
1299 2665 1413 2736 ejus
1455 2664 1732 2731 cucurrit,
1761 2673 1818 2720 et
1861 2665 2097 2720 circum-
2139 2725 2150 2734 _

2103 2747 2143 2818 ..ζ
2200 2751 2419 2806 stadium
2440 2769 2460 2806 :
2490 2752 2558 2808 de
2583 2769 2670 2809 me
2695 2757 2916 2812 omnino
2946 2757 3076 2812 nihil
3107 2775 3452 2829 praesumam.
3489 2759 3609 2828 Quid
3631 2762 3728 2834 evita

507 2758 605 2814 ivit
631 2758 920 2813 civitatem.

575 2849 662 2903 16.
695 2847 845 2920 [vers.
873 2846 952 2920 8.]
987 2846 1118 2902 Ecce
1144 2848 1243 2919 ipsi
1273 2849 1536 2916 loquentur
1558 2850 1611 2903 in
1639 2864 1725 2904 ore
1759 2865 1873 2908 suo.
1901 2858 1950 2904 et
1970 2849 2091 2919 glao

503 2940 619 2994 dius
655 2941 707 2995 in
745 2940 890 2994 labiis
927 2956 1120 2994 eorum.
1143 2938 1258 2994 Jam
1292 2939 1380 2995 ille
1419 2939 1626 3010 gladius
1675 2939 1757 2994 bis
1785 2948 1996 3005 acutus,
2022 2939 2091 2995 de

500 3046 608 3102 quo
652 3031 936 3101 Apostolus
971 3031 1100 3086 dicit
1138 3048 1150 3083 :
1186 3029 1254 3084 Et
1290 3031 1519 3101 gladium
1561 3031 1804 3101 spiritus,
1835 3031 1972 3101 quod
2017 3041 2093 3086 est

499 3122 700 3176 verbum
725 3120 823 3175 Dei
853 3119 1068 3192 (Ep/tes.
1090 3137 1163 3186 VI,
1189 3122 1302 3190 17).
1327 3122 1504 3189 Quare
1531 3120 1610 3175 bis
1640 3121 1866 3176 acutus?
1887 3121 2089 3189 Quare,

501 3215 603 3269 nisi
634 3215 754 3284 quia
798 3229 862 3268 ex
906 3223 1133 3283 utroque
1171 3214 1514 3268 Testamento
1549 3212 1788 3268 feriens?
1820 3214 1931 3270 [loc
1979 3215 2093 3285 gla-

500 3305 590 3362 dio
615 3306 1002 3372 maetabantur,
1033 3305 1101 3361 de
1128 3307 1321 3376 quibus
1347 3305 1624 3362 dicebatur
1657 3305 1816 3361 Petro
1844 3323 1856 3361 :
1893 3305 2090 3374 Macta,

499 3411 547 3456 et
578 3401 830 3455 manduca
875 3401 1014 3470 (Act.
1042 3415 1096 3466 ι,
1123 3399 1234 3470 15).
1267 3398 1336 3452 Et
1365 3400 1570 3469 gladius
1608 3399 1661 3452 in
1686 3399 1834 3454 labiis
1873 3416 2048 3454 eorum
2069 3415 2091 3455 :
2133 3459 2138 3470 ,

499 3490 739 3561 quoniam
759 3491 871 3560 quis
906 3489 1094 3543 audivit
1112 3492 1138 3543 ?
1161 3489 1474 3561 Loquentur
1502 3489 1556 3544 in
1575 3505 1668 3545 ore
1685 3505 1785 3548 suo
1810 3509 1823 3546 :
1852 3490 1976 3559 Quis
1997 3507 2091 3544 au-
2129 3552 2138 3562 ,

501 3582 666 3636 divit?
706 3581 758 3637 id
796 3591 907 3644 est,
939 3581 1418 3637 stomachabuntur
1474 3580 1734 3636 adversus
1791 3574 1971 3652 pigros
2019 3583 2086 3636 ad

499 3674 682 3730 fidem.
713 3673 812 3744 Qui
837 3675 992 3744 paulo
1018 3683 1144 3729 ante
1183 3681 1237 3728 et
1277 3673 1374 3743 ipsi
1416 3672 1639 3729 credere
1674 3673 1957 3738 nolebant,
1989 3683 2087 3728 ιω·
2128 3671 2136 3730 Ῐ

502 3767 646 3824 dium
675 3766 741 3821 de
765 3782 869 3822 non
896 3766 1236 3821 credentibus
1264 3768 1558 3838 patiuntur.
1585 3766 1652 3822 Et
1679 3782 1805 3822 vere
1827 3809 1841 3834 ,
1867 3765 2082 3835 fratres,
2111 3753 2131 3768 ”

499 3859 778 3930 contingit.
813 3857 973 3914 Vides
994 3859 1266 3914 hominem
1298 3859 1503 3928 pigrum
1531 3867 1817 3928 antequam
1849 3861 1918 3913 sit
1946 3859 2090 3915 chri-
2129 3931 2136 3948 ἴ

500 3953 736 4017 stianus;
758 3951 955 4006 clamas
991 3950 1058 4006 ad
1100 3951 1250 4006 illum
1284 3951 1527 4022 quotidie
1547 3991 1562 4014 ,
1591 3951 1678 4006 vix
1709 3951 2042 4007 convertitur
2071 3971 2084 4007 :

498 4054 842 4101 convertatur
863 4086 879 4111 ,
911 4055 966 4100 et
995 4045 1106 4114 jam
1133 4045 1245 4100 vult
1293 4059 1483 4100 omnes
1511 4059 1631 4101 esse
1653 4043 1971 4100 christianos
1989 4088 2004 4112 ,
2035 4056 2090 4101 et
2127 4115 2131 4119 ι

500 4139 723 4194 miratur
747 4137 870 4209 quia
894 4137 1128 4192 nondunt
1171 4145 1315 4194 sunt.
1362 4137 1582 4192 Excidit
1620 4137 1695 4193 illi
1727 4137 1869 4208 quod
1896 4135 1960 4192 ad
1992 4153 2088 4194 vo-
2123 4206 2128 4212 ί

497 4247 710 4300 speram
756 4246 1049 4286 conversus
1075 4239 1159 4287 est
1197 4249 1208 4284 :
1253 4230 1348 4287 sed
1374 4232 1498 4302 quia
1537 4229 1711 4286 factus
1736 4240 1819 4286 est
1843 4232 2087 4286 esuriens
2125 4301 2128 4304 Q

502 4322 830 4388 sicuteanis,
857 4321 1018 4378 habet
1046 4322 1204 4377 etiam
1239 4322 1290 4376 in
1310 4322 1464 4377 labiis
1495 4321 1759 4392 gladium;
1787 4321 1932 4387 dicit,
1960 4323 2087 4390 Quis

497 4416 731 4471 audivit?
745 4415 880 4483 Qttid
909 4425 1016 4481 cst,
1053 4414 1179 4483 Quis
1244 4415 1480 4469 audivit?
1505 4415 1637 4485 Quis
1679 4415 1906 4472 credidit
1930 4416 2085 4471 audi-
2123 4411 2127 4418 ’

497 4509 572 4566 tui
625 4518 830 4572 nostro,
883 4516 939 4563 et
969 4507 1246 4562 brachium
1293 4506 1504 4561 Domini
1545 4507 1630 4560 cui
1683 4508 1972 4562 revelatum
2003 4515 2086 4562 est
2133 4578 2135 4580 η

502 4601 658 4674 (Isai.
697 4617 820 4660 Lttt.
853 4601 952 4671 1)?
1005 4599 1256 4664 Quoniam
1291 4601 1403 4669 quis
1442 4599 1674 4654 audivit?
1708 4599 1822 4655 Non
1854 4605 2084 4656 credunt

495 4695 669 4752 Jttdmi
703 4692 987 4750 :conversi
1015 4700 1138 4746 sunt
1181 4692 1247 4748 ad
1287 4691 1484 4747 Gentes
1525 4701 1579 4747 et
1606 4693 2076 4751 annuntiaverunt.

498 4787 673 4846 Juda-i
710 4800 814 4840 non
861 4785 1154 4840 credebant
1197 4793 1295 4840 :et
1323 4794 1500 4839 tamen
1539 4799 1634 4854 per
1658 4784 1942 4840 credentes
1981 4784 2080 4840 Ju-

496 4881 645 4936 dteos
667 4875 1016 4948 Evangelium
1041 4875 1357 4930 circumibat
1380 4875 1650 4932 civitatem
1673 4916 1690 4943 ,
1715 4883 1770 4931 et
1788 4875 2035 4932 dicebant
2063 4919 2079 4945 ,

499 4975 752 5044 Quoniam
786 4973 900 5043 quis
926 4970 1156 5025 audivit?

567 5070 653 5124 l7.
688 5065 840 5140 [vers.
863 5062 945 5138 9.]
968 5065 1031 5119 Et
1060 5072 1134 5129 tu,
1164 5061 1403 5130 Domine,
1431 5062 1680 5117 deridebis
1718 5078 1820 5118 eos.
1853 5060 1976 5128 Quis
1995 5079 2083 5117 au-

491 5161 615 5215 divit
639 5160 664 5214 ?
687 5159 888 5216 Omnes
925 5165 1114 5226 gentes
1141 5154 1447 5210 christiana:
1491 5153 1683 5208 futurae
1721 5162 1846 5208 sttnt
1869 5195 1884 5220 ,
1907 5165 1961 5208 et
1986 5169 2082 5208 vos

489 5255 690 5320 dicitis,
721 5252 846 5322 Quis
884 5249 1111 5304 audivit?
1137 5247 1273 5317 Quid
1295 5256 1406 5314 est,
1434 5247 1684 5302 deridebis
1724 5247 1848 5301 eos?
1874 5245 1980 5302 Pro
2009 5248 2084 5301 ni-

492 5347 598 5402 ltilo
645 5345 847 5399 habebis
891 5358 1064 5398 omnes
1104 5349 1275 5412 gentes
1303 5356 1321 5393 :
1353 5337 1486 5393 nihil
1531 5347 1656 5394 ante
1697 5347 1748 5394 te
1781 5339 1918 5406 erit;
1957 5339 2079 5410 quia

490 5438 802 5496 facillimum
828 5434 931 5490 erit
960 5443 1017 5487 ut
1043 5431 1263 5488 credant
1289 5431 1343 5485 in
1364 5439 1416 5486 te
1443 5444 1634 5485 omnes
1654 5437 1863 5500 gentes.

578 5529 660 5585 l8.
686 5524 838 5602 [vers.
875 5523 988 5599 10.]
1016 5523 1390 5580 Fortitudinem
1418 5539 1578 5577 meum
1603 5523 1675 5576 ad
1699 5532 1749 5579 te
1776 5514 2087 5577 custodiant.

495 5622 574 5678 ltli
617 5623 759 5677 enim
808 5619 970 5676 fortes
1023 5617 1143 5673 ideo
1193 5616 1521 5680 ceciderunt,
1565 5617 1684 5686 quia
1713 5614 2078 5671 fortitudinem

488 5731 643 5776 suam
665 5716 734 5772 ad
763 5725 814 5771 te
837 5729 944 5770 non
965 5711 1333 5770 custodierunt
1363 5729 1377 5765 :
1409 5707 1461 5766 id
1481 5718 1584 5773 est.
1615 5709 1691 5772 illi
1714 5710 1806 5782 qui
1844 5723 2079 5780 superne

557 5835 574 5867 ⁸
610 5832 744 5892 ωδ..
767 5827 1072 5891 qerebantur.
1097 5833 1153 5877 At
1185 5833 1310 5888 Mn,
1335 5823 1630 5879 dicebantur.

1781 323 1843 386 ‘S.
1887 319 2252 382 AUGUSTINI
2289 323 2595 387 EPISCOPI
2665 332 2668 336 ’
3623 346 3698 409 πω

2207 439 2615 499 insurrexerunt
2637 451 2692 499 et
2707 444 2999 514 irruerent,
3014 447 3082 504 de
3097 462 3157 505 se
3185 463 3697 537 parvumparvum"

2206 542 2384 589 autem
2407 535 2755 606 fortitudinem
2781 557 2946 597 meam
2972 545 3043 598 ad
3070 554 3119 600 te
3141 549 3449 605 custodiam:
3475 554 3576 624 quis
3590 557 3625 612 si

2205 629 2361 698 cedo,
2389 632 2559 702 cado;
2587 634 2632 690 si
2661 636 2883 705 accedo,
2915 639 3103 696 fortior
3145 643 3235 696 tio.
3272 642 3453 700 Videte
3477 650 3703 722 enimquid

2205 733 2308 788 est,
2353 724 2584 796 fratres,
2640 728 2693 784 in
2733 732 2911 786 anima
2952 733 3205 790 humana.
3255 735 3368 792 Non
3410 738 3551 797 habet
3578 757 3630 799 es
3662 761 3702 802 se

2206 815 2410 884 lumen,
2457 835 2565 876 non
2594 821 2754 878 habet
2799 839 2864 879 es
2917 840 2978 882 se
3001 828 3190 884 vires:
3225 838 3391 886 totum
3437 842 3586 890 autem
3606 842 3706 908 quod

2209 911 2490 976 pulchrum
2515 915 2668 971 estin
2699 917 2876 972 anima
2905 958 2923 986 ,
2954 919 3125 976 virtus
3170 929 3226 977 et
3257 924 3502 993 sapientia
3531 931 3708 991 est;sul

2207 1020 2308 1060 nec
2337 1007 2476 1075 sapit
2501 1007 2637 1073 sibi,
2661 1023 2762 1064 nec
2801 1010 2945 1066 valet
2985 1012 3107 1080 sibi,
3156 1029 3256 1069 nec
3294 1015 3402 1086 ipsa
3432 1017 3520 1072 sibi
3545 1018 3615 1072 lux
3637 1035 3706 1090 est,

2207 1110 2308 1151 nec
2338 1098 2449 1165 ipsa
2476 1098 2576 1154 sibi
2623 1101 2790 1155 virtus
2826 1110 2925 1157 est.
2955 1102 3053 1158 Est
3086 1105 3330 1175 qutcdam
3371 1107 3512 1178 origo
3551 1107 3712 1183 latisque

2205 1188 2437 1252 virtutis,
2466 1199 2548 1244 est
2571 1190 2813 1260 qutedam
2845 1191 2996 1248 radix
3027 1195 3319 1264 sapientiai,
3351 1207 3431 1252 est
3450 1199 3713 1268 qumdam.nt

2207 1278 2279 1332 ita
2306 1278 2502 1348 dicam,
2533 1283 2577 1336 si
2609 1291 2663 1337 et
2694 1281 2794 1337 hoc
2816 1283 3100 1339 dicendum
3131 1294 3235 1352 est,
3263 1287 3407 1358 regio
3447 1287 3713 1346 incommuta-

2205 1369 2328 1425 bilis
2356 1372 2599 1428 veritatis
2627 1389 2643 1427 :
2671 1374 2739 1428 ab
2781 1374 2880 1430 hac
2925 1377 3101 1432 anima
3157 1379 3414 1435 recedens
3461 1383 3710 1450 tenebratttr,

2204 1462 2466 1516 accedens
2493 1463 2839 1520 illuminatur.
2866 1467 3122 1523 Accedite
3150 1468 3216 1524 ad
3245 1485 3400 1538 eum,
3428 1480 3480 1527 et
3513 1472 3712 1530 illumina-

2204 1553 2332 1608 mini
2365 1553 2532 1624 (Psal.
2565 1571 2750 1624 χχχιιι,
2779 1557 2870 1627 6);
2895 1559 3019 1629 quia
3066 1560 3370 1618 recedendo
3419 1564 3712 1622 tenebramini.

2205 1641 2347 1713 Ergo
2370 1645 2719 1714 fortitudinem
2742 1663 2903 1701 meam
2923 1649 2992 1702 ad
3019 1658 3066 1705 te
3091 1651 3377 1706 custodiam
3401 1667 3422 1707 :
3439 1668 3538 1708 non
3558 1669 3584 1708 tt
3604 1664 3644 1710 te
3661 1671 3718 1710 re-

2203 1737 2413 1805 cedam,
2446 1753 2553 1792 non
2584 1738 2652 1795 de
2696 1755 2782 1795 me
2814 1756 3158 1812 prmsumam.
3199 1742 3559 1801 Fortitudinem
3605 1764 3718 1802 utras

2204 1831 2274 1885 ad
2298 1841 2345 1886 te
2382 1835 2683 1900 custodiam,
2733 1837 2853 1905 quia
2890 1835 3030 1892 Deus
3077 1849 3341 1910 susceptor
3386 1858 3521 1897 meus
3559 1859 3616 1898 es.
3651 1843 3720 1900 Ubi

2203 1922 2346 1978 enim
2377 1939 2543 1989 erant,
2581 1935 2635 1980 et
2663 1927 2748 1980 tibi
2779 1929 2944 1983 sum?
2985 1929 3126 1985 unde.
3178 1947 3266 1988 me
3319 1934 3720 2006 suscepisti‘tqtns

2203 2013 2508 2085 iniquitates
2537 2031 2684 2073 meas
2704 2017 2988 2075 dimisisti?
3006 2021 3092 2077 ubi
3111 2023 3406 2092 jacebam?
3433 2039 3531 2095 quo
3569 2036 3721 2082 erectus

2202 2109 2362 2163 sum?
2414 2109 2557 2181 Ergo
2601 2113 2715 2168 htec
2767 2115 3078 2171 meminisse
3133 2115 3306 2172 debeo
3337 2118 3514 2188 ;quod
3541 2120 3624 2174 ‘iu
3651 2120 3722 2175 alio

2202 2199 2408 2270 psalmo
2433 2199 2648 2256 dicitur.
2683 2202 2936 2269 Quoniam
2964 2215 3106 2275 pater
3131 2223 3274 2262 utens
3302 2219 3352 2263 et
3377 2218 3532 2264 mater
3565 2226 3655 2264 mea
3671 2213 3724 2265 tle

2202 2289 2513 2360 reliquerunt
2551 2310 2665 2358 me;
2705 2294 2958 2351 Dominus
2996 2309 3163 2352 autem
3211 2301 3491 2368 assumpsit
3518 2298 3725 2372 me(Psd.

2200 2396 2345 2447 nrt,
2377 2377 2466 2452 ια)
2492 2384 2517 2438 ‘l
2547 2383 2923 2442 Fortitudinem
2950 2405 3114 2443 nteant
3165 2390 3234 2444 ad
3263 2400 3311 2445 te
3349 2391 3626 2460 custodiant,
3645 2394 3724 2464 qvi:

2201 2470 2341 2527 Deus
2354 2484 2612 2545 susceptor
2639 2494 2777 2532 meus
2801 2495 2869 2533 es.

2274 2564 2361 2620 19.
2391 2565 2542 2639 [vers.
2577 2567 2690 2643 ιι]
2724 2569 2860 2626 Deus
2889 2589 3047 2638 mens,
3085 2575 3434 2630 misericordia
3464 2577 3565 2647 ejus
3588 2591 3725 2645 pm:-

2201 2658 2302 2712 niet
2327 2675 2424 2713 me.
2459 2659 2599 2716 Ecce
2626 2663 2755 2733 quid
2780 2672 2883 2732 est,
2913 2663 3289 2722 Fortitudinem
3328 2684 3491 2723 meam
3528 2668 3589 2724 ad
3617 2679 3654 2723 te
3668 2686 3726 2724 cs-

2199 2842 2353 2897 attuli
2386 2843 2530 2912 boni,
2553 2854 2612 2899 ttt
2632 2847 2735 2902 mei
2767 2849 3096 2905 miserereris
3117 2859 3171 2906 et
3193 2850 3727 2921 tnejttstillcares?Qttid

2200 2931 2254 2986 in
2287 2947 2373 2988 me
2401 2934 2670 3004 invenisti,
2704 2939 2804 2993 nisi
2829 2939 2944 2994 sola
2986 2943 3246 3010 peccata?
3275 2941 3452 2998 Tuum
3478 2942 3594 2999 nihil
3629 2943 3726 2997 aliud

2200 3027 2300 3081 nisi
2328 3039 2513 3083 natura
2536 3045 2694 3100 quam
2716 3034 2909 3088 creasti
2943 3051 2956 3088 :
2985 3042 3200 3103 etetera,
3247 3037 3391 3091 mala
3415 3051 3527 3092 mea
3551 3051 3650 3107 φη
3667 3035 3727 3091 de-

2199 3116 2394 3174 levisti.
2427 3119 2542 3177 Non
2571 3136 2670 3194 ego
2720 3125 2867 3194 prior
2895 3126 2960 3180 ad
2991 3135 3042 3182 te
3069 3129 3375 3191 exsurrexi.
3405 3127 3498 3184 sed
3520 3140 3571 3183 tu
3595 3127 3647 3183 ad
3671 3141 3727 3182 an

2198 3211 2538 3268 excitandum
2566 3217 2791 3280 venisti;
2844 3232 2964 3271 nam
2996 3219 3343 3275 misericordia
3384 3222 3493 3292 ejus
3520 3219 3724 3292 premnt

2197 3317 2297 3357 me.
2328 3303 2626 3375 Antequam
2662 3306 2860 3378 aliqttid
2906 3307 3030 3364 boni
3065 3324 3166 3381 ego
3187 3309 3406 3378 faciam,
3446 3310 3726 3366 miserit-mdis

2197 3393 2310 3464 ejus
2331 3398 2595 3464 praeveniet
2624 3413 2718 3453 nte.
2745 3398 2889 3466 Quid
2930 3398 3020 3457 hic
3046 3401 3398 3473 respondebit
3433 3401 3600 3459 infelix
3617 3401 3727 3459 Pelt-

2196 3487 2352 3559 gius?
2577 3488 2580 3492 ’
2653 3491 2656 3494 ’
2706 3497 2713 3522 τ

2267 3581 2358 3638 Ξο.
2385 3581 2536 3656 [vers.
2575 3583 2782 3659 12-14.]
2817 3586 2954 3643 Deus
2995 3603 3137 3645 meus
3170 3589 3530 3646 demonstravit
3561 3587 3664 3645 mitti
3691 3585 3726 3641 itt

2195 3677 2413 3732 inimicis
2435 3678 2575 3733 meis.
2601 3671 2737 3748 Quid
2762 3681 2879 3736 ait?
2909 3680 3174 3750 Quantam
3205 3683 3349 3738 circa
3377 3698 3464 3738 me
3487 3679 3725 3740 exhibuerit

2195 3767 2642 3836 misericordiam,
2697 3771 2749 3825 in
2778 3771 3024 3828 inimicis
3061 3772 3196 3829 meis
3221 3773 3353 3828 mihi
3384 3771 3722 3830 demonstravit.

2194 3859 2418 3918 Relictis
2451 3860 2726 3932 Comparet
2770 3879 2828 3918 se
2854 3863 3128 3929 collectus,
3167 3875 3221 3919 et
3267 3867 3497 3936 repulsis
3533 3866 3722 3921 electus:

2196 3964 2470 4025 comparet
2515 3969 2575 4010 se
2615 3957 2756 4012 vasis
2803 3958 2896 4012 ira:
2945 3971 3038 4011 vas
3067 3957 3481 4025 misericordias;
3509 3967 3559 4015 et
3595 3956 3724 4010 videat

2194 4047 2317 4118 quia
2347 4064 2412 4103 ex
2440 4064 2544 4103 una
2577 4065 2752 4105 massa
2792 4049 2916 4106 fecit
2947 4049 3084 4107 Deus
3126 4051 3272 4106 aliud
3314 4069 3404 4107 vas
3441 4054 3494 4108 in
3521 4054 3721 4112 honorent,

2194 4140 2339 4194 aliud
2367 4141 2418 4194 in
2443 4142 2819 4197 contumeliant.
2860 4141 2996 4210 Quid
3035 4151 3138 4208 est,
3185 4143 3538 4198 demonstravit
3571 4139 3723 4194 mihiis

2194 4233 2412 4287 inimicis
2453 4235 2573 4287 meis
2596 4235 2622 4288 ?
2665 4232 2728 4290 Si
2754 4235 2885 4288 enim
2913 4231 3053 4289 Deus
3081 4236 3249 4289 volens
3279 4236 3534 4290 ostendere
3553 4235 3671 4300 iram,
3691 4236 3723 4282 el

2193 4324 2538 4381 demonstrare
2569 4327 2840 4395 potentiam
2869 4321 3033 4390 suam,
3057 4325 3224 4379 attulit
3250 4329 3304 4380 in
3347 4328 3504 4382 multa
3536 4322 3721 4396 patientia

2193 4432 2312 4470 vasa
2337 4418 2445 4482 irte,
2477 4433 2589 4482 qua:
2609 4419 2828 4489 perfecta
2857 4427 2975 4471 sunt
3008 4418 3060 4470 in
3091 4417 3444 4485 perditionem,
3481 4427 3530 4472 et
3553 4419 3720 4487 propter

2192 4507 2319 4576 qttid
2353 4507 2495 4561 hoc?
2524 4505 2589 4562 Ut
2621 4517 2764 4562 notas
2784 4512 2969 4578 faceret
2995 4507 3199 4562 divitias
3218 4525 3338 4562 suas
3371 4509 3424 4562 itt
3446 4522 3554 4561 vasa
3571 4501 3718 4557 miseri-

2191 4600 2380 4655 cordia:
2417 4599 2590 4670 (Itom.
2624 4614 2702 4666 ιχ,
2724 4598 2912 4667 21-23)
2947 4615 2960 4652 :
2993 4599 3036 4653 si
3068 4613 3196 4668 ergo
3215 4613 3345 4653 vasa
3373 4599 3464 4653 ira:
3496 4595 3660 4656 attulit.
3681 4593 3716 4643 ia

2192 4693 2383 4764 quibus
2405 4701 2560 4747 notas
2590 4691 2791 4747 faceret
2819 4691 3031 4746 divitias
3069 4705 3195 4746 suas
3225 4691 3278 4744 in
3313 4705 3433 4746 vasa
3464 4686 3714 4743 tuisetieor-

2190 4783 2313 4850 dite,
2342 4783 2638 4840 rectissime
2665 4784 2862 4838 dictum
2881 4791 2983 4849 est,
3007 4781 3360 4837 Misericordia
3384 4783 3490 4853 ejus
3508 4776 3713 4850 premit!

2190 4892 2290 4931 me.
2322 4874 2463 4930 Deus
2486 4891 2625 4930 meus
2650 4875 3005 4929 demonstravit
3036 4873 3160 4928 mihi
3187 4874 3240 4927 in
3275 4874 3490 4928 inimicis
3516 4871 3617 4925 meis
3637 4882 3653 4920 :
3677 4862 3710 4916 id

2189 4979 2294 5035 est,
2325 4979 2574 5041 quantam
2605 4969 2746 5024 circa
2774 4983 2859 5023 me
2889 4967 3073 5023 habuit
3115 4967 3541 5024 miScrieordiam.
3567 4966 3608 5017 iu
3639 4960 3710 5014 illis

2192 5061 2321 5116 mihi
2372 5062 2760 5116 demonstravit
2787 5061 2928 5115 circa
2955 5074 3088 5130 quos
3131 5073 3237 5114 non
3265 5057 3465 5113 habuit.
3489 5054 3585 5111 Nisi
3606 5050 3706 5106 ettitn

2189 5153 2400 5207 debitor
2430 5151 2807 5220 suspendatur,
2839 5152 3013 5206 minus
3051 5149 3161 5220 agit
3196 5151 3396 5220 gratias
3423 5153 3502 5204 cui
3529 5144 3704 5200 debitum

2189 5246 2478 5300 relaxatur.
2527 5241 2663 5297 Deus
2709 5259 2849 5297 meus
2899 5242 3254 5297 demonstravit
3293 5241 3418 5295 mihi
3447 5241 3510 5294 in
3544 5229 3706 5290 inﬁniti!

2191 5337 2334 5391 meis.

2257 5431 2352 5487 21.
2385 5431 2457 5486 De
2483 5430 2613 5500 ipsis
2637 5439 2812 5484 autem
2844 5428 3072 5484 inimicis
3104 5427 3227 5498 quid
3239 5428 3264 5483 ἲ
3291 5425 3373 5482 Ne
3386 5422 3602 5481 occideris
3624 5429 3699 5477 ιω.

2187 5525 2453 5596 nequando
2481 5523 2836 5578 obliviscantur
2865 5522 2988 5594 legis
3027 5532 3145 5577 tute.
3193 5521 3352 5592 Rogat
3401 5535 3491 5590 pro
3531 5507 3699 5569 inimicis

2189 5621 2321 5688 suis,
2352 5617 2538 5688 implet
2563 5627 2908 5690 pra-ceptum.
2939 5615 3076 5686 Quid
3119 5623 3220 5682 cst,
3252 5612 3332 5668 Ne
3353 5605 3694 5673 miserearis”!-

2253 5754 2272 5786 ⁸
2307 5753 2378 5817 sic
2399 5755 2616 5817 potiores
2637 5761 2742 5804 Mss.
2761 5760 2818 5802 Αι
2839 5751 2971 5806 add:
2984 5761 3107 5817 Ergo
3127 5751 3216 5804 hoc
3229 5746 3484 5804 numinis:
3500 5731 3695 5798 nulla”

2089 5806 2091 5809 ’
2188 5815 2337 5880 quod,
2362 5806 2457 5869 eis.
