3912 6444
200 324 329 385 705

201 438 369 495 nium
399 438 490 510 qui
520 445 796 510 aper-antur
831 435 1179 508 iniquitatem;
1212 440 1285 501 et,
1320 430 1406 488 Ne
1445 431 1690 488 occideris
1717 448 1825 500 eos,

200 532 501 602 nequando
525 531 883 587 obliviscantur
906 529 1032 601 legis
1056 528 1197 584 tua?
1222 525 1504 598 Quomodo
1528 540 1635 581 non
1662 525 1827 581 mise-

200 633 381 680 retur
401 624 641 679 omnium
664 623 755 695 qui
785 631 1079 693 operantur
1101 619 1456 692 iniquitatem,
1484 626 1540 675 et
1558 617 1829 690 quomodo

204 729 337 771 non
400 714 598 771 occidit
637 728 733 770 eos
771 728 840 769 ne
864 711 1250 769 obliviscantur
1288 708 1419 781 legis
1446 709 1585 765 tute?
1612 706 1718 766 Sed
1745 707 1833 763 hic

172 805 291 882 fde
319 807 561 864 inimicis
584 807 699 862 suis
737 805 892 863 dixit.
920 804 1059 876 Quid
1096 803 1258 876 ergo?
1299 803 1501 860 inimici
1525 801 1644 874 ejus
1666 801 1833 873 atqui-

171 907 398 971 ..tatem
441 899 768 971 operantur?
807 896 864 955 Si
912 897 1004 970 qui
1045 897 1094 952 ei
1141 896 1482 953 inimicanlur
1524 893 1831 965 aequitatem

164 964 716 1079 fopcrauturwrgo
742 991 857 1061 ipse
896 964 1228 1061 iniquitatem
1254 995 1528 1058 Operatur.
1558 964 1667 1042 Sed
1707 984 1834 1056 quia

176 1084 346 1159 ilpse
380 1084 685 1157 mquitatem
726 1090 1002 1152 operatur,
1042 1094 1205 1152 porro
1229 1080 1319 1151 qui
1364 1080 1670 1151 aequitatem
1698 1091 1832 1149 ope-

175 1163 407 1243 ;‘ratur,
436 1173 676 1245 profecto
700 1173 1033 1244 iniquitatem
1059 1170 1126 1226 ab
1146 1169 1375 1226 inimicis
1403 1170 1637 1241 patitur;
1666 1178 1835 1224 restat

207 1273 283 1320 ut
304 1269 406 1339 qni
423 1255 573 1336 justo
595 1263 957 1329 iuitnicantur,
986 1261 1317 1334 iniquitatem
1339 1268 1648 1332 operentur.
1678 1258 1837 1319 Unde

212 1374 365 1433 ergo
391 1361 550 1433 paulo
574 1358 845 1430 superius,
877 1355 1000 1412 Non
1025 1356 1309 1411 miserearis
1341 1354 1566 1409 omnium
1599 1353 1685 1425 qui
1709 1368 1834 1423 ope-

218 1464 419 1509 rantur
444 1454 789 1525 iniquitatem;
818 1461 873 1508 et
900 1464 1043 1507 nunc
1070 1449 1139 1504 de
1169 1447 1398 1504 inimicis
1422 1448 1557 1511 suis,
1590 1444 1676 1502 Ne
1697 1445 1836 1501 occi-

226 1545 376 1602 deris
398 1561 500 1612 eos,
528 1543 793 1616 nequando
832 1541 1195 1597 obliviscantur
1234 1538 1357 1610 legis
1381 1538 1519 1594 tute?
1553 1536 1672 1594 Non
1708 1552 1837 1610 ergo

237 1638 543 1697 miserearis
563 1651 774 1701 eorum,
797 1644 855 1690 ut
879 1632 1094 1690 occidas
1115 1639 1333 1703 peccata
1357 1646 1543 1687 eorum
1569 1648 1583 1684 :
1613 1645 1719 1686 non
1740 1645 1837 1686 oe-

241 1733 393 1791 cidas
432 1745 545 1794 eos,
591 1743 819 1801 quorum
854 1733 1072 1798 peccata
1116 1723 1336 1781 occidis.
1370 1721 1509 1791 Quid
1548 1731 1632 1778 est
1659 1730 1837 1778 autem

246 1822 449 1880 occidi?
472 1819 726 1878 Oblivisci
753 1819 884 1890 legis
912 1815 1142 1873 Domini.
1176 1812 1293 1884 ipsa
1320 1822 1400 1871 est
1420 1828 1547 1870 vera
1583 1827 1749 1879 mors,
1784 1814 1837 1868 in

245 1913 560 1988 profundum
578 1914 655 1970 ire
678 1910 880 1984 peccati
903 1926 920 1966 :
944 1916 1118 1980 potest
1132 1907 1345 1975 quidem
1362 1906 1465 1962 hoc
1486 1914 1542 1963 et
1562 1904 1841 1961 chIIdtBlS

245 2008 482 2078 intelligi.
506 2004 643 2073 Quid
672 2004 741 2061 de
768 2001 1000 2068 iudicis,
1032 1998 1115 2055 Ne
1143 1999 1384 2054 occideris
1424 2014 1541 2063 eos,
1572 1996 1840 2067 nequando

244 2098 597 2154 obliviscantur
612 2095 737 2168 legis
750 2094 877 2150 ture?
894 2093 1032 2149 Istos
1046 2091 1290 2148 inimicos
1302 2103 1471 2155 meos,
1486 2092 1633 2160 ipsos
1645 2089 1732 2159 qui
1753 2102 1842 2144 me

239 2188 574 2256 occiderunt,
602 2186 710 2240 noli
739 2194 794 2240 tu
818 2182 1085 2240 occidere.
1111 2181 1321 2237 Maneat
1340 2194 1471 2249 gens
1493 2176 1797 2233 Judteorum
1822 2193 1839 2236 :

238 2291 391 2337 certe
410 2282 543 2335 victa
569 2287 696 2334 esta
720 2275 1001 2338 Romanis,
1031 2282 1177 2330 certe
1201 2270 1375 2328 deleta
1401 2270 1591 2326 civitas
1612 2285 1798 2326 eorum
1822 2286 1840 2335 ;

234 2386 346 2428 non
362 2371 716 2427 admittuntur
728 2367 796 2424 ad
817 2366 1086 2422 civitatem
1108 2379 1258 2421 suam
1274 2361 1468 2428 Judaei,
1487 2370 1541 2419 et
1558 2371 1735 2417 tamen
1750 2360 1844 2416 Ju-

235 2463 340 2520 daei
369 2470 512 2519 sunt.
536 2460 670 2518 Nam
698 2473 887 2514 omnes
914 2457 1032 2512 ista:
1060 2453 1350 2527 provincia:
1374 2468 1406 2508 a
1433 2451 1693 2508 Romanis
1717 2451 1847 2506 sub-

234 2555 433 2628 iugaue
454 2561 603 2611 sunt.
625 2552 754 2621 Quis
779 2551 888 2621 jam
908 2548 1186 2621 cognoscit
1204 2555 1393 2619 gentes
1419 2545 1471 2599 in
1493 2543 1718 2614 imperio
1737 2542 1845 2599 Bo-

238 2661 410 2704 mano
436 2661 560 2719 quae
597 2642 726 2714 quid
753 2650 929 2706 erant,
964 2637 1178 2711 quando
1222 2651 1411 2692 omnes
1456 2633 1683 2690 Romani
1722 2634 1845 2690 facti

237 2748 371 2795 sunt
394 2738 437 2804 ⁸,
463 2746 520 2795 et
549 2749 738 2792 omnes
764 2729 994 2789 Romani
1021 2724 1493 2785 dicunturlludmi
1521 2734 1700 2780 tamen
1727 2738 1844 2780 ma-

239 2838 374 2886 nent
397 2844 518 2885 cum
551 2827 744 2898 signo;
790 2838 891 2880 nec
937 2820 1016 2877 sic
1051 2820 1175 2875 victi
1218 2826 1341 2874 sunt
1361 2859 1376 2884 ,
1407 2824 1523 2871 uta
1552 2814 1844 2870 victoribus

243 2922 680 2978 absorberentur.
707 2916 825 2973 Non
869 2915 985 2971 sine
1009 2928 1171 2970 causa
1196 2911 1330 2968 Cain
1361 2910 1452 2965 ille
1475 2917 1575 2975 est,
1605 2908 1695 2979 qui
1721 2922 1843 2963 cum

246 3013 463 3073 fratrem
489 3010 794 3073 occidisset,
826 3007 1002 3080 posuit
1031 3007 1085 3061 in
1122 3020 1189 3060 eo
1218 3004 1359 3060 Deus
1385 3002 1619 3075 signum,
1639 3014 1707 3055 ne
1726 2998 1845 3071 quis

248 3122 370 3164 eum
393 3105 661 3163 occideret
687 3101 843 3172 (Gen.
863 3115 937 3167 tv,
963 3099 1076 3169 15).
1105 3097 1219 3152 lloc
1239 3103 1323 3152 est
1347 3094 1555 3166 signum
1579 3090 1720 3163 quod
1746 3091 1842 3145 ha-

249 3198 377 3257 bent
401 3197 568 3256 Judrei
600 3215 617 3254 :
650 3203 835 3252 tenent
879 3191 1103 3248 omnino
1131 3188 1378 3259 reliquias
1406 3187 1541 3257 legis
1568 3199 1714 3247 sum;
1740 3183 1846 3239 cir-

249 3291 652 3359 cumciduntur,
694 3288 910 3345 sabbata
954 3285 1264 3349 observant,
1308 3281 1504 3353 pascha
1545 3278 1843 3343 immolant,

248 3400 434 3459 azyma
477 3380 784 3440 comedunt.
813 3379 951 3435 Sunt
977 3391 1105 3447 ergo
1133 3374 1324 3438 Jutlrei,
1354 3388 1458 3427 non
1503 3377 1628 3425 sunt
1656 3368 1840 3432 occisi,

246 3476 535 3533 necessarii
581 3481 707 3528 sunt
742 3469 1083 3527 credentibus
1111 3466 1391 3524 Gentibus.
1417 3463 1593 3533 Quare
1620 3462 1759 3517 hoc?
1779 3459 1849 3517 Ut

244 3569 581 3625 demonstret
627 3562 781 3619 nobis
818 3559 876 3616 in
927 3556 1157 3614 inimicis
1197 3554 1397 3611 nostris
1427 3551 1848 3608 miscricordiam

243 3673 423 3716 suum.
467 3654 606 3711 Deus
647 3669 787 3709 meus
821 3648 1177 3707 demonstrauit
1219 3647 1345 3701 milii
1367 3647 1421 3700 in
1461 3644 1677 3699 inimicis
1701 3643 1845 3697 meis.

244 3752 306 3809 in
363 3749 527 3805 ramis
575 3744 825 3816 superbia
880 3740 1116 3814 praecisis
1168 3739 1370 3794 inserto
1426 3734 1846 3792 misericordiam

244 3857 405 3901 suam
441 3838 775 3896 demonstrat
814 3834 1066 3890 oleastro.
1113 3831 1252 3888 Ecce
1300 3829 1389 3884 ubi
1428 3828 1609 3897 jaceat
1635 3826 1724 3899 qui
1753 3843 1847 3881 su-

247 3930 406 4007 perbi
440 3936 614 3996 erant,
643 3942 770 3984 ecce
792 3925 883 3981 ubi
927 3926 1160 3979 insertus
1202 3936 1263 3978 es
1290 3920 1378 3992 qui
1418 3919 1635 3989 jaccbas
1667 3936 1679 3973 :
1713 3926 1768 3974 et
1794 3926 1850 3973 tu

248 4021 368 4081 noli
419 4019 729 4091 superbire,
782 4030 851 4071 ne
893 4010 1421 4084 prmcidi‘merearis.
1498 4007 1638 4063 Deus
1687 4024 1849 4076 meus,

250 4131 323 4173 ne
344 4112 581 4169 occideris
604 4125 710 4176 eos,
738 4105 1002 4178 nequando
1028 4103 1388 4159 obliviscantur
1409 4098 1532 4172 legis
1561 4108 1681 4153 tum.

334 4205 422 4261 22.
447 4201 690 4273 Disperge
707 4216 789 4253 eos
816 4199 870 4252 in
890 4198 1072 4252 virtute
1098 4203 1203 4248 tua.
1235 4192 1351 4249 Jam
1380 4191 1575 4246 factum
1602 4197 1685 4246 est
1713 4206 1728 4244 :
1756 4203 1853 4260 per

254 4313 449 4358 omnes
476 4304 660 4366 gentes
688 4288 916 4362 dispersi
945 4297 1071 4344 sunt
1116 4286 1309 4352 Judzei,
1357 4293 1521 4340 testes
1562 4280 1855 4354 iniquitatis

259 4406 376 4451 sum
399 4398 452 4446 et
482 4386 724 4443 veritatis
763 4390 981 4438 nostrze.
1027 4381 1128 4451 Ipsi
1158 4378 1356 4434 habent
1381 4376 1616 4441 codices,
1643 4375 1711 4431 de
1734 4374 1855 4444 qui-

261 4485 368 4541 Dus
393 4479 739 4552 prophetatus
763 4484 843 4532 est
868 4473 1134 4541 Christus,
1183 4482 1240 4528 et
1285 4484 1383 4526 nos
1424 4479 1666 4525 tenemus
1698 4465 1856 4522 Citri-

263 4582 429 4633 stum.
459 4570 528 4627 Et
554 4570 598 4626 si
626 4566 838 4640 quando
866 4564 1001 4620 forte
1025 4563 1218 4633 aliquis
1248 4576 1483 4633 paganus
1508 4557 1854 4627 dubitaverit,

265 4681 389 4725 cum
415 4663 462 4720 ei
488 4661 780 4719 dixerimus
815 4653 1121 4728 prophetias
1145 4654 1215 4710 de
1239 4651 1476 4721 Christo,
1501 4667 1723 4724 quarum
1748 4650 1858 4708 evi-

268 4757 500 4813 dentiam
538 4749 887 4821 obstupescit,
929 4733 985 4803 ει
1030 4744 1304 4801 admirans
1346 4745 1611 4816 putaverit
1638 4759 1669 4799 a
1705 4742 1861 4799 nobis

273 4864 393 4906 esse
431 4846 793 4915 conscriptas;
823 4841 892 4898 de
918 4838 1193 4896 codicibus
1225 4837 1532 4895 Judmorum
1572 4837 1861 4908 probamus

275 4944 392 5015 quia
422 4940 525 4997 hoc
564 4948 710 4994 tanto
749 4944 873 4993 ante
903 4932 1213 5005 prmdictum
1242 4938 1343 4986 est.
1377 4929 1566 4986 Videte
1609 4928 1865 5000 quemad-

280 5031 487 5091 modum
514 5028 584 5086 de
628 5026 857 5085 inimicis
886 5024 1085 5080 nostris
1109 5022 1245 5077 alios
1270 5018 1645 5077 confundimus
1688 5019 1866 5075 inimi-

283 5141 389 5184 Cos.
413 5123 659 5195 Disperge
684 5137 769 5175 eos
811 5121 864 5173 in
902 5119 1087 5172 uirtute
1122 5124 1211 5170 tua
1240 5131 1259 5169 :
1290 5114 1416 5170 tolle
1457 5113 1564 5170 illis
1590 5114 1861 5184 virtutem,

283 5219 405 5275 tolle
437 5216 542 5272 illis
563 5211 923 5270 fortitudinem
947 5223 1155 5266 eorum.
1182 5205 1249 5262 Et
1288 5206 1450 5262 deduc
1481 5222 1583 5271 eos,
1616 5215 1867 5277 protector

287 5326 419 5365 meus
440 5307 672 5362 Domine.
710 5302 902 5358 Delicta
943 5300 1045 5355 oris
1072 5315 1268 5366 eorum,
1313 5314 1590 5353 sermonem
1619 5298 1867 5353 (abiaram

290 5417 452 5459 eorum
475 5416 494 5455 :
520 5406 566 5452 ct
589 5392 1077 5467 comprehendantur
1102 5390 1156 5444 in
1182 5390 1417 5460 superbia
1440 5406 1553 5445 sua.
1580 5387 1645 5442 Et
1665 5406 1727 5444 ex
1754 5405 1867 5443 ma-

293 5492 462 5549 ledicto
490 5499 541 5545 et
568 5487 828 5544 mendacio
858 5480 1292 5538 annuntiabuntur
1316 5481 1792 5547 consummationes,
1814 5480 1866 5535 in

350 5624 365 5657 ³
402 5619 514 5673 ωδ.
534 5635 547 5671 :
570 5618 797 5682 Quisnam
809 5628 906 5682 non
926 5613 1167 5680 cognoscit
1203 5620 1368 5682 gentes
1396 5613 1636 5678 subjectus
1668 5614 1872 5682 imperio

296 5683 532 5737 Romano?
566 5676 682 5742 (Sua:
701 5679 898 5744 quidem
928 5676 1067 5744 erant
1095 5676 1290 5744 quando
1324 5676 1487 5729 omnes
1520 5677 1716 5744 [tantum
1740 5676 1873 5744 facti

293 5752 414 5800 sunt.
436 5737 745 5797 audiuimus
763 5746 990 5792 veterem
1024 5737 1286 5792 lectionem
1310 5746 1416 5791 ttss.
1439 5737 1611 5789 confer
1638 5737 1769 5792 hunc
1798 5739 1872 5791 lo-

294 5799 397 5862 tam
417 5806 477 5858 ad
496 5813 659 5858 Euan.
677 5803 798 5855 Pal.
821 5801 904 5864 39,
925 5814 976 5851 ιι.
1001 5799 1078 5852 13.

1342 316 1744 377 ENABRATIO
1777 314 1850 375 IN
1884 316 2211 378 PSALMUM
2244 318 2430 378 LVIII.

1934 432 2014 487 ira
2032 435 2499 504 consummationis,
2529 442 2578 491 et
2608 452 2712 492 non
2736 442 2902 495 erunt.
2944 438 3184 500 Obscura
3211 452 3357 514 sunt,
3378 456 3434 503 et
3462 450 3531 505 ti-

1934 537 2152 580 meone
2180 540 2287 580 non
2314 523 2650 582 insinuentur
2675 526 2830 585 bene.
2876 529 2993 586 Jam
3033 533 3299 591 audiendo
3326 536 3530 609 fatigati

1936 615 2067 671 estis
2094 633 2110 671 :
2150 617 2327 688 itaque
2364 616 2411 673 si
2450 618 2626 689 placet
2652 619 2905 677 Cbaritati
2935 623 3159 692 \‘estrre,
3181 642 3300 700 quae
3325 638 3533 687 restant

1937 704 1992 761 in
2020 706 2314 763 crastinum
2358 707 2691 777 differamus.
2719 712 3005 785 Adjuvabit
3035 715 3315 787 Dominus,
3342 729 3402 777 ut
3428 736 3530 777 vo-

1935 795 2022 853 bis
2049 796 2284 853 debitum
2310 800 2709 872 persolvamus;
2736 803 2859 876 quia
2885 804 2955 863 de
2974 805 3064 863 illo
3083 809 3254 882 magis
3275 827 3436 883 quam
3466 811 3536 870 de

1938 888 2097 947 nobis
2115 891 2498 962 promittimus.

2607 1023 2781 1067 δεικο
2809 1026 2867 1067 ll.

2251 1116 2332 1174 De
2348 1119 2571 1176 secunda
2595 1129 2739 1191 parte
2763 1122 2996 1193 ejusdem
3023 1122 3244 1182 Psalmi.

2013 1230 2067 1287 1.
2098 1229 2393 1288 Hcsternns
2438 1247 2618 1289 sermo
2646 1242 2966 1304 protractus,
3014 1238 3311 1297 debitorem
3349 1258 3435 1298 me
3480 1243 3533 1300 in

1941 1321 2262 1380 hodiernum
2291 1325 2509 1397 reliquit
2536 1346 2550 1383 :
2587 1326 2709 1398 quia
2739 1342 2867 1400 ergo
2892 1330 3153 1387 Dominus
3191 1334 3380 1403 voluit,
3409 1337 3534 1392 red-

1942 1414 2104 1473 dendi
2131 1425 2342 1489 tempus
2367 1418 2601 1474 advenit.
2645 1420 2821 1490 Quam
2853 1437 2984 1478 vero
3020 1428 3204 1481 sumus
3232 1442 3331 1484 nos
3356 1429 3536 1486 devoti

1942 1508 2320 1577 redhibitores,
2346 1519 2455 1566 tam
2480 1510 2688 1569 debetis
2731 1528 2830 1571 vos
2875 1528 2996 1572 esse
3039 1517 3178 1573 avidi
3205 1528 3532 1578 exactores:

1943 1599 2048 1656 hoc
2086 1610 2189 1668 est,
2221 1610 2280 1657 ut
2323 1603 2466 1674 quod
2518 1603 2608 1660 ille
2648 1603 2831 1672 donat,
2878 1615 2934 1663 et
2970 1623 3070 1664 nos
3110 1610 3539 1683 reddimus(ille

1944 1694 2088 1749 enim
2116 1695 2391 1762 Dominus,
2422 1710 2519 1752 nos
2544 1698 2684 1753 servi
2712 1700 2941 1770 sumus),
2965 1701 3043 1756 sic
3069 1704 3366 1773 accipiatis,
3384 1715 3441 1762 ut
3468 1706 3539 1762 sit

1944 1784 2151 1842 fructus
2197 1787 2251 1843 in
2298 1788 2569 1846 auditione
2609 1799 2787 1847 vestra
2842 1790 2911 1847 de
2959 1793 3065 1847 vita
3104 1803 3302 1850 vestra.
3352 1795 3540 1852 Cultus

1946 1877 2088 1934 enim
2115 1893 2243 1949 ager
2269 1879 2500 1936 fructum
2532 1896 2637 1937 non
2667 1882 2916 1948 reddens,
2940 1892 2995 1940 et
3027 1885 3267 1956 ingratus
3291 1887 3541 1959 agricolas

1945 1984 2044 2040 pro
2068 1969 2309 2043 frugibus
2338 1972 2518 2042 spinas
2538 1972 2791 2042 alferens,
2814 1991 2919 2031 non
2942 1974 3215 2045 horreum,
3243 1977 3339 2035 sed
3358 1981 3540 2049 ignem

1947 2063 2158 2132 quzerit,
2210 2064 2464 2120 Dominus
2503 2074 2682 2122 autem
2732 2068 2873 2124 Deus
2910 2078 3115 2138 noster,
3143 2071 3281 2129 sicut
3305 2087 3428 2129 emn
3452 2073 3541 2131 vi-

1946 2153 2088 2210 detis
2132 2155 2269 2212 hanc
2296 2164 2495 2213 terram
2524 2160 2742 2216 visitare
2785 2161 3042 2218 imbribus
3076 2166 3423 2231 solemnibus,
3466 2158 3542 2225 ita

1947 2259 2043 2300 cor
2071 2255 2312 2303 nostrum
2342 2250 2505 2303 verbo
2530 2265 2630 2305 suo
2651 2259 2900 2323 tanquam
2920 2269 3103 2324 agrum
3132 2270 3287 2312 suum
3322 2258 3543 2317 visitare

1947 2333 2226 2406 dignatur;
2258 2345 2313 2392 et
2337 2336 2405 2393 de
2423 2338 2586 2393 corde
2615 2347 2797 2397 nostro
2826 2341 3029 2398 fructus
3063 2347 3271 2414 qurerit,
3292 2348 3414 2419 quia
3441 2362 3542 2405 no-

1948 2428 2098 2484 vitet
2118 2429 2243 2498 quid
2271 2429 2342 2486 ibi
2365 2431 2612 2498 seminet,
2640 2441 2697 2489 et
2719 2444 2975 2505 quantum
3004 2438 3170 2506 pluat.
3208 2438 3274 2494 Et
3304 2440 3425 2510 quia
3452 2457 3542 2500 re—

1950 2533 2076 2576 vera
2105 2520 2236 2576 nihil
2258 2522 2373 2578 sine
2399 2523 2490 2579 illo
2519 2539 2724 2592 sumus,
2747 2526 2871 2598 quia
2898 2537 2956 2584 et
2973 2538 3256 2600 antequam
3276 2545 3542 2602 essemus,

1950 2611 2085 2668 nihil
2111 2627 2346 2681 eramus,
2377 2625 2432 2670 et
2460 2615 2699 2685 quisquis
2724 2617 2833 2687 jam
2878 2617 3038 2674 homo
3085 2629 3169 2676 est
3210 2631 3265 2678 et
3297 2622 3414 2678 sine
3451 2623 3546 2682 illo

1949 2717 2071 2758 esse
2099 2704 2344 2771 voluerit,
2393 2705 2521 2760 nihil
2567 2707 2708 2761 aliud
2740 2723 2899 2777 quam
2942 2708 3104 2764 homo
3130 2721 3379 2782 peccator
3405 2714 3542 2781 erit;

1949 2809 2240 2866 verumque
2264 2804 2347 2851 est
2370 2797 2511 2867 quod
2540 2797 2626 2852 hic
2643 2798 2843 2853 dictum
2867 2808 2971 2865 est,
2990 2800 3365 2858 Fortitudinem
3378 2822 3545 2862 meam

1948 2887 2020 2941 ad
2044 2898 2090 2943 te
2116 2889 2417 2956 custodiam,
2464 2891 2713 2961 quoniam
2753 2892 3007 2964 quidquid
3062 2908 3386 2965 possumus,
3438 2898 3543 2955 nisi

1948 2979 2089 3049 apud
2120 2978 2264 3033 illum
2307 2990 2362 3036 et
2400 2980 2466 3035 ad
2496 2980 2645 3037 illum
2674 2997 2971 3050 servemus,
3019 2987 3319 3043 recedendo
3345 2990 3545 3044 amitti-

1948 3084 2069 3124 mus
2101 3087 2114 3122 :
2145 3069 2363 3140 vigilare
2389 3069 2551 3127 debet
2575 3084 2790 3143 semper
2818 3088 2972 3128 mens
2998 3084 3181 3130 nostra
3209 3092 3318 3132 non
3356 3078 3424 3133 ab
3451 3078 3544 3136 illo

1949 3162 2219 3228 recedere,
2255 3162 2348 3219 sed
2388 3172 2444 3219 et
2473 3162 2516 3220 si
2545 3163 2702 3236 longe
2741 3175 2879 3230 erat,
2912 3168 3080 3238 magis
3113 3168 3387 3242 magisque
3415 3186 3543 3242 pro-

1949 3257 2210 3328 pinqnare
2247 3265 2300 3311 et
2327 3257 2618 3324 accedere;
2670 3273 2775 3314 non
2823 3274 3009 3331 gressu
3040 3261 3259 3332 pedum,
3284 3276 3391 3319 non
3416 3264 3546 3322 sub-

1951 3350 2199 3405 vectione
2224 3348 2612 3418 vehiculorum,
2644 3365 2751 3406 non
2777 3352 3051 3409 celeritate
3076 3354 3407 3423 animalium,
3435 3371 3543 3415 non

1949 3438 2250 3498 elevatione
2279 3455 2597 3511 pennarmn,
2625 3442 2721 3498 sed
2753 3444 2982 3512 puritate
3006 3443 3318 3513 atl‘ectuum,
3346 3455 3401 3504 et
3428 3463 3547 3521 pro-

1951 3532 2115 3588 bitate
2137 3534 2154 3565 ¹
2185 3542 2494 3589 sanctorum
2527 3550 2753 3589 morum.

2021 3624 2075 3677 2.
2101 3622 2250 3697 [υεη.
2280 3623 2493 3697 12-14.]
2526 3624 2812 3681 Videamus
2840 3641 2967 3699 ergo
2994 3629 3122 3699 quid
3147 3638 3315 3688 restat
3349 3630 3421 3688 de
3441 3630 3546 3691 hoc

1954 3717 2178 3788 psalmo.
2218 3716 2275 3771 In
2315 3716 2418 3774 hoc
2446 3717 2589 3773 enim
2619 3718 3013 3786 dimiseramus,
3041 3736 3164 3776 cum
3201 3723 3454 3795 cepisset
3476 3724 3548 3783 de

1954 3809 2184 3866 inimicis
2206 3808 2318 3866 suis
2342 3809 2485 3881 loqui
2514 3810 2697 3866 dicens
2728 3813 2836 3867 Deo
2869 3830 2881 3867 :
2917 3812 3001 3868 Ne
3040 3815 3280 3872 occideris
3315 3832 3419 3885 eos,
3457 3834 3547 3874 ne-

1953 3904 2156 3975 quando
2179 3903 2537 3959 obliviscantur
2565 3902 2690 3976 legis
2717 3914 2836 3961 tuas.
2874 3906 3127 3975 Quamvis
3164 3924 3258 3967 eos
3299 3909 3546 3971 inimicos

1954 4010 2081 4052 suos
2109 4010 2230 4053 esse
2273 3995 2487 4059 dixerit,
2528 3995 2739 4067 rogavit
2783 4006 2959 4053 tamen
3009 3999 3176 4055 Deum
3225 4016 3294 4057 ne
3332 3998 3546 4060 occide-

1956 4096 2143 4144 rentur
2165 4097 2220 4143 et
2247 4086 2689 4143 obliviscerentur
2708 4088 2878 4159 legem
2905 4088 3089 4160 ipsius.
3113 4090 3229 4147 Non
3254 4100 3431 4150 tamen
3461 4104 3546 4152 te-

1956 4194 2086 4235 nere
2106 4180 2299 4250 legem,
2329 4177 2383 4233 id
2409 4188 2494 4235 est
2533 4194 2640 4235 non
2667 4180 2907 4237 oblivisci
2933 4182 3123 4254 legem,
3147 4182 3257 4254 jam
3288 4186 3545 4256 perfectio

1957 4281 2060 4336 est,
2087 4278 2143 4326 et
2164 4269 2316 4341 quasi
2347 4270 2605 4327 securitas
2633 4270 2701 4328 de
2729 4272 2968 4342 praemio,
2993 4282 3049 4331 et
3074 4275 3214 4331 nulla
3242 4277 3545 4336 sollicitudo

1959 4361 2027 4417 de
2052 4361 2329 4432 supplicio.
2359 4360 2496 4417 Sunt
2536 4361 2677 4417 enim
2721 4362 2811 4433 qui
2841 4371 3026 4420 tenent
3049 4365 3222 4437 legem
3262 4372 3542 4438 memoria,

1958 4462 2012 4510 et
2033 4467 2139 4510 non
2160 4453 2383 4524 implent
2408 4451 2515 4508 vita
2546 4471 2560 4509 :
2588 4453 2677 4525 qui
2709 4469 2837 4510 vero
2863 4454 3086 4527 implent
3107 4457 3236 4527 vita,
3266 4475 3373 4515 non
3414 4477 3543 4531 pos-

1960 4556 2085 4603 sunt
2119 4562 2226 4602 non
2257 4555 2439 4603 tcuere
2467 4546 2745 4627 memoria.
2775 4546 2917 4619 Ergo
2949 4549 3038 4620 qui
3078 4550 3318 4607 moribus
3346 4566 3547 4620 prtece-

1962 4650 2050 4711 pta
2095 4639 2189 4695 Dei
2236 4639 2379 4705 facit,
2410 4628 2718 4711 et‘quodam
2756 4639 2918 4695 modo
2958 4639 3206 4707 vivendo,
3233 4659 3449 4717 semper
3478 4647 3546 4704 ‘in

1963 4730 2125 4787 corde
2152 4745 2250 4786 suo
2279 4745 2348 4785 ne
2374 4729 2613 4785 deleatur
2639 4730 2745 4801 agit
2772 4730 2913 4801 quod
2939 4739 3107 4803 tenet,
3132 4734 3469 4808 vivendoque
3487 4752 3550 4796 se

1965 4824 1987 4855 ²
2010 4829 2392 4878 commemorat
2416 4819 2542 4892 quid
2569 4820 2619 4877 ei
2659 4821 2714 4877 in
2736 4821 2898 4877 cerde
2926 4825 3182 4895 scriptum
3225 4827 3295 4882 sit
3321 4828 3389 4885 de
3427 4829 3548 4900 lege

1965 4914 2082 4979 Dei,
2108 4914 2222 4983 ipse
2242 4912 2511 4968 fructuose
2531 4920 2679 4969 tenet
2697 4911 2866 4984 legem
2890 4915 2980 4970 Dei
3000 4931 3016 4982 ;
3036 4917 3149 4987 ipse
3174 4934 3279 4976 non
3303 4920 3547 4978 inimicus

1967 5001 2325 5074 deputabitur.
2353 5002 2485 5058 Nam
2517 5018 2644 5059 ecce
2685 5003 2886 5060 inimici
2929 5005 3119 5077 Judmi,
3165 5025 3298 5079 quos
3340 5011 3550 5069 videtur

1968 5095 2266 5168 significare
2294 5094 2527 5165 psalmus
2563 5093 2686 5157 iste,
2711 5094 2879 5167 legem
2911 5095 3001 5153 Dei
3031 5107 3232 5167 tenent,
3262 5109 3320 5156 et
3341 5100 3462 5157 ideo
3480 5102 3551 5159 tle

1968 5187 2075 5244 illis
2103 5187 2299 5242 dictum
2326 5194 2427 5251 est,
2458 5184 2541 5240 Ne
2568 5187 2808 5243 occideris
2835 5205 2936 5253 eos,
2960 5191 3225 5262 nequando
3249 5192 3551 5250 obliviscan-

1970 5291 2052 5335 tur
2085 5278 2208 5352 legis
2242 5288 2378 5343 tute;
2408 5285 2465 5333 ut
2493 5292 2622 5350 gens
2648 5277 2951 5336 .ludzrorum
2981 5292 3238 5350 maneret,
3268 5294 3324 5341 et
3349 5300 3410 5341 ea
3440 5301 3553 5341 ma-

1971 5380 2132 5428 nente
2156 5378 2427 5426 cresceret
2452 5369 2732 5425 multitudo
2760 5369 3202 5427 Christianorum.
3236 5374 3340 5429 Per
3364 5391 3553 5432 omnes

1972 5473 2159 5537 gentes
2201 5472 2419 5520 manent
2446 5474 2610 5530 certe,
2639 5472 2693 5519 et
2723 5463 2890 5520 Judaei
2930 5475 3074 5533 sunt,
3115 5480 3216 5522 nec
3239 5468 3556 5529 destiterunt

1975 5570 2094 5612 esse
2130 5553 2272 5627 quod
2297 5564 2497 5611 erant:
2543 5553 2595 5610 id
2623 5561 2725 5622 est,
2770 5568 2903 5626 gens
2943 5555 3043 5611 ista
3083 5571 3190 5613 non
3219 5556 3291 5613 ita
3316 5559 3478 5616 cessit
3502 5560 3556 5620 in

2040 5738 2059 5771 ι
2095 5740 2161 5786 tta
2184 5745 2275 5785 se:
2291 5738 2403 5783 uss.
2427 5729 2514 5781 Alii
2535 5727 2798 5791 annwd.,
2821 5726 3170 5791 probabilitate.

2040 5799 2064 5832 ⁸
2094 5798 2169 5847 sic
2187 5803 2293 5847 uss.
2318 5800 2374 5843 Al.
2387 5791 2524 5853 ωάη
2543 5789 2833 5855 madidoque
2852 5803 3039 5855 seraper
3060 5798 3414 5847 cormuenwd.
