3912 6434
623 351 721 409 7H

622 462 724 535 ipsi
749 458 917 518 Judmi
943 456 1066 530 quia
1087 469 1191 511 non
1223 451 1422 508 debent
1444 450 1645 508 Gentes
1669 453 2036 508 contemnere,
2067 457 2205 514 quos

621 533 772 626 quasi
813 565 973 606 canes
997 557 1053 603 et
1097 554 1401 617 peccatores
1443 539 1736 612 putabant:
1765 533 2033 607 quomodo
2060 533 2205 588 enim

624 646 822 718 pariter
857 639 1054 697 inventi
1084 637 1284 693 suntin
1314 633 1632 703 iniquitate;
1683 630 1754 685 ita
1780 626 1981 699 pariter
2010 640 2206 696 perve-

623 739 770 794 nient
795 734 862 790 ad
883 733 1130 789 salutem.
1165 727 1286 784 Non
1312 727 1473 782 solum
1501 740 1565 779 ea:
1591 720 1809 786 Judaris,
1834 718 2004 789 inquit
2056 719 2207 788 Apo-

620 828 822 892 stolus,
854 841 1027 880 verum
1076 822 1226 876 etiam
1255 835 1318 874 ea:
1346 817 1583 872 Gentibus
1613 813 1807 886 (Rom.
1839 826 1914 879 ιιι,
1939 809 2061 880 24).
2083 807 2209 866 Ideo

620 918 762 974 enim
789 915 1010 986 lapidem
1038 928 1184 982 quem
1208 910 1604 980 reprobaverunt
1638 904 1970 974 ludiﬁcantes,
2016 900 2098 954 hic
2128 902 2210 969 {a-

619 1020 730 1065 ctus
764 1018 838 1064 est
870 1008 926 1062 in
953 1017 1106 1078 caput
1134 1003 1309 1075 anguli
1360 1001 1543 1075 (Psal.
1575 1013 1740 1064 cxvn,
1788 994 1862 1049 ‘22
1882 996 1900 1065 )
1924 1037 1938 1058 ,
1979 1000 2041 1048 ut
2072 990 2208 1047 duos

615 1101 862 1171 jungeret
889 1099 942 1153 in
972 1113 1032 1152 se
1061 1112 1074 1150 :
1103 1094 1325 1166 angulus
1361 1091 1504 1148 enim
1535 1089 1670 1146 duos
1701 1085 1928 1158 parietes
1973 1081 2207 1152 copulat.

620 1192 790 1250 Judazi
838 1189 1038 1247 excelsi
1069 1198 1121 1245 et
1147 1187 1323 1257 magni
1341 1185 1443 1240 sibi
1471 1182 1824 1238 videbantur:
1871 1177 2071 1233 Gentes
2095 1184 2212 1229 tan-

621 1303 781 1358 quam
808 1284 1024 1346 inﬁrmi,
1065 1292 1314 1352 tanquam
1355 1287 1684 1348 peccatores,
1717 1281 1965 1342 tanquam
2003 1270 2208 1324 dzemo-

622 1395 750 1437 num
781 1378 942 1442 servi,
998 1385 1247 1445 tanquam
1277 1371 1538 1427 idolorum
1566 1367 1911 1427 adoratores;
1953 1373 2009 1419 et
2030 1372 2209 1417 tamen

623 1473 678 1527 in
708 1471 946 1540 utrisque
974 1467 1226 1538 iniquitas
1251 1472 1384 1520 erat.
1420 1457 1776 1516 Demonstrati
1804 1464 1930 1511 sunt
1959 1462 2015 1509 et
2039 1453 2210 1510 Judmi

624 1572 931 1636 peccatores
950 1577 966 1627 ;
985 1560 1106 1630 quia
1129 1575 1227 1612 non
1250 1566 1321 1610 est
1345 1555 1432 1625 qui
1441 1553 1595 1625 faciat
1617 1551 1822 1613 bonum,
1839 1565 1939 1603 non
1965 1557 2038 1602 est
2056 1563 2214 1618 usque

622 1658 692 1710 ad
711 1672 865 1711 unum
883 1653 1056 1725 (Rom.
1077 1667 1153 1716 ιιι,
1183 1648 1300 1717 12)ε
1325 1646 1687 1717 deposuerunt
1706 1641 2007 1714 superbiam
2020 1649 2076 1696 et
2103 1655 2211 1696 non

624 1748 928 1804 inviderunt
951 1745 1105 1799 saluti
1118 1743 1389 1806 Gentium,
1406 1740 1526 1810 quia
1543 1754 1724 1809 parem
1740 1753 1888 1792 suam
1919 1745 1973 1792 et
1996 1735 2210 1791 illorum

623 1839 982 1896 inﬁrmitatem
1020 1841 1420 1906 cognoverunt;
1463 1831 1598 1886 etin
1637 1829 1876 1901 angulari
1922 1827 2098 1898 lapide
2117 1841 2212 1882 co-

624 1931 786 2000 pulati
823 1927 980 2000 simul
1032 1926 1312 1980 Dominum
1357 1924 1731 1977 adoravernnt.
1787 1919 1857 1974 Et
1887 1920 2043 1974 scient
2094 1921 2216 1988 quia

624 1999 762 2078 Deus
781 1999 1120 2074 dominabitur
1166 2018 1345 2085 Jocob,
1375 2027 1420 2070 et
1465 2017 1643 2085 ﬁnium
1669 2023 1835 2069 terra.
1869 2013 1985 2069 Non
2007 2021 2211 2068 tantum

622 2115 928 2171 Iudaeorum
955 2112 1330 2176 dominabitur,
1359 2109 1454 2164 sed
1498 2119 1552 2164 et
1602 2109 1784 2162 linium
1831 2116 2034 2162 terrae:
2073 2105 2216 2176 quod

623 2224 729 2265 non
757 2208 977 2272 scirent,
1015 2207 1058 2260 si
1081 2205 1256 2259 adhuc
1301 2205 1352 2257 in
1377 2202 1624 2272 superbia
1670 2215 1765 2256 sua
1793 2209 2009 2262 essent;
2043 2199 2095 2252 in
2125 2215 2218 2255 su-

625 2303 808 2374 perbia
829 2309 1006 2356 autem
1039 2313 1132 2352 sua
1160 2305 1361 2360 essent,
1385 2295 1428 2350 si
1456 2293 1628 2349 adhuc
1653 2293 1755 2347 sibi
1789 2291 1919 2362 justi
1967 2291 2215 2346 videren-

627 2402 834 2449 turzut
860 2401 1038 2446 autem
1062 2391 1163 2445 sibi
1186 2389 1315 2458 justi
1345 2403 1449 2442 non
1496 2386 1845 2449 viderentur,
1890 2386 2219 2440 annuntiatte

628 2496 749 2542 sunt
785 2484 890 2540 illis
920 2501 984 2537 ex
1028 2481 1315 2537 maledicto
1339 2488 1394 2536 et
1421 2477 1703 2534 mendacio
1728 2479 2219 2533 consummationes

629 2580 684 2636 in
709 2580 784 2633 ira
807 2575 1287 2634 consummationis
1312 2590 1326 2639 ;
1355 2574 1476 2643 quia
1506 2569 1881 2642 comprehensi
1918 2569 2133 2625 fuerunt
2164 2570 2218 2624 in

628 2673 874 2742 superbia
925 2685 1040 2736 sua,
1092 2685 1157 2723 ex
1194 2665 1478 2722 maledicto
1507 2663 1647 2736 quod
1691 2663 1950 2728 fecerunt,
2006 2660 2220 2732 quando

627 2764 897 2820 Christum
919 2761 1253 2817 occiderunt.
1286 2758 1425 2812 Ecce
1448 2756 1574 2827 quid
1604 2754 1727 2810 fecit
1757 2755 2018 2809 Dominus
2037 2760 2221 2809 noster

629 2857 785 2913 Jesus
810 2853 1074 2910 Christus.
1107 2851 1343 2905 lliurtuns
1373 2858 1458 2903 est
1494 2847 1633 2901 inter
1661 2861 1852 2901 manus
1876 2845 2180 2900 Jutlaeorum
2202 2884 2217 2909 ,

626 2958 684 3005 et
710 2945 938 3002 redemit
959 2940 1351 2999 multitudinem
1371 2937 1620 2994 Gentium
1653 2955 1664 2990 :
1693 2936 1791 2989 hac
1818 2935 1964 2990 lusus
1990 2943 2072 2988 est
2097 2949 2223 2988 san-

628 3041 766 3113 guis,
821 3038 924 3093 hac
973 3033 1206 3105 profuit;
1238 3031 1330 3088 sed
1376 3029 1657 3086 conversis
1692 3028 1939 3083 omnibus
1987 3027 2218 3097 proluit;

628 3135 746 3204 qttia
775 3142 832 3188 et
873 3129 946 3184 illi
985 3143 1144 3199 quem
1192 3123 1505 3180 occiderunt
1551 3129 1905 3192 agnoverunt,
1934 3129 1988 3174 et
2033 3119 2101 3174 ab
2130 3119 2223 3173 illo

631 3225 801 3294 ipsius
839 3217 1225 3276 intcrl‘ectionis
1252 3223 1306 3271 et
1333 3212 1515 3269 delicti
1559 3213 1641 3266 sui
1670 3211 1844 3281 magni
1874 3210 2083 3265 veniam
2112 3223 2225 3264 me-

631 3323 876 3372 ruerunt.

703 3409 757 3464 8.
789 3404 954 3478 [vers.
983 3399 1105 3473 15.]
1136 3399 1272 3468 Quid
1299 3413 1428 3468 ergo
1475 3405 1526 3452 et
1553 3395 1622 3451 de
1647 3394 1810 3466 ipsis?
1839 3391 1993 3462 Quod
2019 3407 2177 3464 supra
2206 3409 2221 3447 :

633 3497 993 3555 Canoertcntur
1015 3492 1082 3545 ad
1103 3503 1396 3560 vesperam:
1420 3486 1471 3542 id
1499 3495 1582 3541 est
1609 3484 1710 3539 etsi
1732 3499 1874 3549 sero,
1910 3483 1962 3538 id
1999 3491 2080 3538 est
2105 3491 2228 3555 post

634 3585 1067 3646 interfemionem
1088 3582 1293 3637 Domini
1321 3578 1490 3635 nostri
1518 3577 1645 3634 Jesu
1673 3576 1892 3632 Christi.
1927 3575 2228 3632 Converten—

634 3695 717 3740 tur
741 3683 812 3738 ad
850 3692 1139 3750 vesperam;
1166 3683 1212 3730 et
1241 3674 1426 3745 [autem
1467 3671 1721 3744 patientur
1749 3680 1802 3724 ut
1837 3686 2008 3724 canes.
2035 3667 2139 3724 Sed
2171 3678 2228 3724 ut

634 3792 823 3843 canes,
857 3786 961 3827 non
992 3779 1048 3826 ut
1072 3782 1234 3831 oves,
1262 3774 1352 3820 aut
1382 3763 1531 3818 vituli
1564 3779 1577 3816 :
1605 3770 1662 3816 ut
1701 3777 1871 3826 canes,
1920 3769 1980 3814 ut
2005 3758 2224 3827 Gentes,

635 3878 694 3924 ut
744 3872 1091 3939 peccatores;
1127 3859 1250 3930 quia
1291 3865 1348 3912 ct
1397 3855 1494 3926 ipsi
1539 3861 1905 3924 cognoverunt
1949 3860 2227 3922 peccatum

636 3975 789 4016 suum
819 3955 913 4028 qui
935 3954 1036 4010 sibi
1067 3951 1196 4022 justi
1222 3948 1559 4004 videbantur.
1590 3945 1668 4000 De
1695 3945 1888 4016 quibus
1916 3943 2116 3998 dictum
2145 3951 2230 3998 est

638 4052 692 4108 in
723 4051 832 4105 alin
853 4048 1078 4119 psalmo,
1110 4041 1294 4096 Postea
1320 4036 1720 4093 acceleraverunt
1746 4051 1765 4090 :
1790 4035 1894 4090 hoc
1923 4034 2122 4089 dictum
2147 4041 2232 4089 est

637 4143 744 4208 hic,
776 4142 860 4195 Ad
897 4151 1172 4208 vesperam.
1199 4132 1329 4188 Nam
1357 4129 1429 4185 ibi
1473 4129 1549 4185 sic
1572 4134 1692 4185 est:
1725 4127 2081 4198 Multiplicata:
2111 4133 2231 4181 sunt

637 4233 960 4304 inﬁrmitates
981 4243 1152 4284 eorum
1172 4243 1190 4291 ;
1213 4233 1382 4297 postea
1398 4221 1799 4276 acceleraverunt
1817 4217 1986 4289 (I’sal.
2022 4233 2116 4284 xv,
2147 4215 2228 4288 4).

639 4325 793 4382 Unde
821 4320 1226 4378 acceleraverunt
1248 4325 1416 4385 postea
1438 4311 1613 4380 ?Qnia
1636 4309 1987 4380 multiplicata:
2012 4317 2129 4362 sunt
2150 4309 2230 4362 in-

639 4420 908 4488 ﬁrmitates
936 4427 1105 4467 eorum
1135 4426 1153 4462 :
1198 4422 1317 4462 nam
1345 4406 1388 4461 si
1416 4405 1515 4459 sibi
1542 4402 1714 4458 adhuc
1750 4401 1865 4457 sani
1905 4400 2226 4466 viderentur,

639 4521 920 4577 nunquam
977 4501 1354 4558 accelerarcnt.
1401 4493 1553 4564 Quod
1593 4508 1721 4567 ergo
1763 4493 1832 4547 ibi
1876 4493 2074 4548 dictum
2127 4499 2229 4558 est,

643 4597 1006 4668 lllultipt'icata:
1034 4601 1150 4646 sunt
1179 4589 1495 4659 inﬁrmitates
1538 4602 1714 4641 eorum
1731 4600 1750 4650 ;
1789 4585 1892 4640 hoc
1916 4586 2115 4641 dictum
2151 4591 2235 4639 est

641 4689 748 4758 hic,
780 4682 1287 4756 Comprehendantur
1310 4680 1361 4734 in
1382 4677 1617 4750 superbia
1644 4693 1758 4742 sua,
1782 4687 1827 4731 et
1857 4693 1919 4732 ea:
1966 4676 2234 4731 maledicto

641 4792 688 4836 et
718 4776 987 4833 mendacio
1007 4772 1438 4829 annuntiabtmtur
1461 4769 1908 4824 consummationes
1931 4769 1984 4822 in
2007 4769 2083 4822 ira
2109 4784 2232 4822 con-

617 4861 1020 4922 summatimiis.
1076 4860 1142 4916 Et
1185 4855 1324 4928 quod
1366 4856 1436 4911 ibi
1477 4855 1675 4910 dictum
1731 4862 1854 4921 est,
1911 4851 2099 4906 Postea
2148 4867 2235 4906 ac-

640 4963 1031 5019 celeraverunt;
1084 4951 1190 5008 hoc
1235 4951 1430 5005 dictum
1468 4956 1553 5004 est
1585 4947 1689 5011 hic,
1727 4943 1787 5000 Et
1819 4963 1918 5000 non
1971 4952 2150 5012 erunt,
2178 4944 2233 4998 in

642 5050 888 5119 superbia
916 5061 1043 5102 stua.
1077 5043 1144 5098 Et
1180 5044 1338 5098 scient
1365 5043 1483 5112 quia
1513 5037 1650 5094 Deus
1678 5037 2014 5093 dominabitur
2050 5035 2234 5104 Iacob,

642 5156 686 5197 et
715 5144 892 5213 ﬁniunt
933 5150 1091 5194 terra:
1122 5145 1218 5190 :et
1245 5142 1592 5188 convertentur
1616 5131 1683 5184 ad
1718 5147 1990 5201 vesperam.
2030 5129 2237 5184 Bonum

642 5246 869 5304 estergo
894 5227 1172 5286 humiliari
1202 5234 1567 5298 peccatorem;
1598 5231 1654 5279 et
1680 5237 1838 5278 nemo
1858 5232 1940 5276 ost
1969 5221 2239 5277 insanabi-

645 5331 744 5383 Iinr
772 5343 836 5382 eo
866 5326 954 5396 qui
977 5323 1090 5379 sil'ii
1114 5336 1277 5377 sanus
1304 5319 1530 5374 videtur.
1575 5317 1642 5370 Et
1692 5315 2024 5371 circumibunt
2067 5315 2240 5369 civita-

642 5432 759 5476 tem.
786 5421 904 5476 lam
932 5427 987 5474 et
1008 5420 1272 5474 hesterno
1299 5412 1386 5468 die
1405 5410 1748 5480 exposuimus
1764 5410 2052 5474 civitatem,
2080 5405 2134 5462 id
2161 5414 2243 5462 est

645 5509 1069 5568 circumstantiae
1098 5506 1390 5571 civitatem,
1414 5517 1600 5557 omnes
1624 5509 1828 5571 gentes.

717 5603 771 5658 9.
805 5601 956 5674 [vers.
1003 5597 1131 5670 l6.j
1161 5595 1529 5666 Dispergcutur
1556 5602 1610 5646 ut
1649 5592 1838 5646 edant:
1867 5590 1917 5644 id
1948 5598 2050 5654 cst,
2078 5597 2138 5644 ut
2159 5587 2244 5644 lu-

645 5706 860 5750 crentur
899 5693 1067 5761 alios,
1114 5701 1172 5747 ut
1221 5691 1271 5745 in
1297 5702 1492 5757 corpus
1518 5701 1670 5742 suum
1703 5684 2082 5740 transfortnent
2124 5698 2244 5739 cre-

649 5783 854 5840 dentes.
891 5783 953 5841 Si
992 5794 1161 5840 autem
1201 5798 1300 5836 non
1339 5779 1654 5836 satiabuntur
1677 5818 1692 5844 ,
1740 5785 1786 5831 et
1839 5775 2241 5830 murmurabunt.

1862 331 1922 388 S.
1962 326 2331 387 AUGUSTINI
2371 326 2678 386 EPISCOPI
3714 345 3784 407 il!
3854 269 3855 278 χ

2316 443 2448 511 Quia
2469 455 2523 500 et
2549 445 2798 518 superius
2823 459 3066 501 murmur
3091 458 3272 502 eorum
3303 447 3521 514 dixerat,
3538 448 3787 515 dicentum:

2317 537 2570 604 Quoniam
2595 537 2708 608 quis
2731 536 2963 592 audivit?
2985 537 3055 592 Et
3075 547 3149 602 tu,
3181 537 3395 594 Domine
3416 581 3432 604 ,
3477 542 3638 614 inquit,
3657 545 3788 605 deria.

2314 631 2387 684 bis
2411 647 2516 697 eos,
2572 630 2811 687 dicentes
2863 647 2878 685 :
2927 630 3054 697 Quis
3094 632 3334 688 audivit?
3379 634 3571 702 Quare?
3606 637 3708 707 Quia
3734 659 3790 710 pri

2313 720 2473 774 nihilo
2503 720 2704 776 habebis
2723 738 2894 775 omnes
2920 731 3112 792 gentes.
3141 722 3230 779 Sic
3269 732 3327 780 el.
3354 723 3442 780 hic
3465 741 3478 778 :
3502 723 3557 781 Si
3581 737 3711 784 autem
3730 750 3787 788 tua

2312 811 2650 878 satiabuntur,
2681 821 2726 866 ct
2754 813 3157 868 murmurabunt.
3854 815 3855 876 ἶ

2386 902 2473 957 ιο.
2521 901 2673 975 [υεη.
2706 905 2794 970 t7,
2849 903 2980 978 18.]
3010 905 3370 962 Concludatur
3416 905 3649 966 Psalmus.
3677 911 3791 972 ιιιαε
3854 893 3855 978 ι

2313 996 2564 1067 angulum
2592 997 2969 1068 exsultantem,
3015 999 3125 1070 jam
3169 999 3239 1056 de
3283 1009 3509 1073 utroque
3546 1006 3705 1072 pariete
3721 1023 3795 1078 gau-

2315 1087 2530 1144 dentem
2581 1088 2816 1161 (Epiros.
2876 1091 2975 1162 ιι).
3035 1091 3429 1160 Superbiebant
3463 1090 3648 1160 Judzei;
3683 1095 3798 1154 humi-

2315 1180 2426 1235 liati
2451 1189 2574 1236 sunt
2606 1199 2619 1234 :
2647 1181 3004 1252 desperabant
3027 1183 3262 1248 Gentes;
3289 1192 3485 1239 erecta:
3508 1193 3634 1241 sunt.
3653 1185 3802 1244 Veniant

2315 1271 2382 1324 ad
2407 1271 2693 1342 angulum;
2722 1247 2790 1327 ibi
2817 1273 3160 1335 conveniant,
3193 1247 3263 1329 ibi
3292 1285 3620 1338 concurrant,
3643 1275 3694 1331 ibi
3709 1280 3799 1347 pacis

2316 1362 2555 1417 osculum
2583 1364 2856 1418 inveniant
2888 1383 2900 1418 :
2927 1363 2996 1420 de
3020 1363 3234 1420 diverso
3252 1363 3491 1425 veniant.
3521 1363 3604 1420 sed
3619 1367 3658 1420 in
3677 1368 3803 1424 adrcr-
3854 1369 3855 1420 1

2315 1465 2434 1507 sum
2465 1468 2569 1508 non
2600 1454 2854 1520 veniant;
2884 1454 2957 1509 illi
2985 1455 3053 1510 de
3081 1455 3496 1512 circumcisione
3519 1497 3533 1519 ,
3562 1457 3634 1512 isti
3651 1458 3699 1514 de
3719 1475 3804 1530 pre-

2316 1545 2485 1614 putio.
2517 1545 2698 1618 Longe
2726 1555 2881 1602 erant
2925 1548 3175 1618 parietes,
3213 1548 3312 1604 sed
3339 1559 3611 1619 antequam
3630 1551 3683 1606 ad
3698 1568 3806 1623 auge.

2318 1637 2425 1693 lum
2455 1639 2742 1695 venirent:
2791 1640 2846 1694 in
2887 1640 3086 1711 angulo
3138 1651 3316 1698 autem
3351 1650 3663 1708 teneantse,
3687 1656 3726 1702 et
3743 1657 3808 1704 tota

2313 1728 2424 1800 jam
2447 1730 2686 1785 Ecclesia
2715 1745 2780 1786 ex
2807 1739 3033 1802 utroque
3057 1732 3282 1803 pariete,
3312 1733 3444 1804 quid
3473 1733 3632 1790 dicat?
3658 1735 3806 1807 ligon-

2319 1833 2418 1876 tem
2477 1824 2692 1878 cantabo
2739 1827 3013 1895 potentiam
3066 1835 3206 1879 tuam
3228 1868 3244 1892 ,
3274 1835 3321 1880 et
3353 1828 3605 1882 exsultabo
3629 1833 3806 1885 meatui-

2317 1916 2594 1971 sericordia
2623 1926 2728 1969 tua.
2778 1915 2932 1970 Mane
2979 1918 3262 1973 transactis
3309 1919 3681 1984 tentationibus.
3713 1937 3806 1978 mam

2320 2024 2443 2064 cum
2473 2024 2578 2064 nox
2605 2008 2762 2078 hujus
2787 2009 2964 2064 surculi
3000 2009 3274 2065 transierit
3294 2050 3309 2074 ,
3345 2025 3506 2065 mane
3551 2011 3722 2082 quando
3742 2013 3806 2082 iam

2322 2099 2590 2156 latronum
2639 2101 2860 2156 insidias
2887 2110 2944 2157 et
2981 2099 3177 2157 diaboli
3228 2111 3285 2157 ct
3332 2103 3628 2172 angeiorum
3649 2103 3732 2173 ejus
3747 2121 3804 2160 non

2323 2196 2746 2265 expavescimus,
2787 2211 2946 2252 mane
2993 2195 3207 2267 quando
3228 2195 3343 2267 jam
3377 2213 3484 2252 non
3528 2197 3589 2252 ad
3629 2198 3803 2252 lucerna

2323 2287 2618 2358 pmphetiae
2647 2288 2981 2344 ambulamus
3001 2330 3016 2353 ,
3059 2289 3152 2344 sed
3185 2289 3362 2359 ipsum
3405 2289 3498 2344 Dei
3529 2289 3716 2345 Verbum
3743 2300 3804 2343 tut-

2323 2394 2486 2449 qnam
2515 2380 2682 2434 solem
2711 2380 3152 2450 contemplamnr.
3182 2380 3245 2434 Et
3272 2382 3535 2436 exsultabo
3551 2397 3675 2434 mane
3693 2381 3807 2434 uimi-

2323 2474 2497 2528 cordia
2514 2484 2623 2527 tua.
2654 2472 2840 2528 Merito
2866 2472 2917 2526 in
2941 2473 3048 2526 alio
3078 2472 3286 2542 psalmo
3311 2471 3682 2528 diciturzllane
3701 2475 3802 2525 uel!

2324 2565 2444 2630 tibi,
2477 2574 2524 2619 et
2553 2564 2929 2635 contemplabor
2979 2563 3166 2633 (Psal.
3201 2579 3257 2631 ν,
3283 2565 3384 2636 5).
3438 2564 3614 2620 Merito
3657 2575 3698 2619 et
3717 2565 3805 2634 ipsius

2327 2656 2539 2712 Domini
2584 2656 2906 2712 resurrectio
2930 2654 3166 2711 diluculo
3195 2655 3312 2720 fuit,
3357 2665 3416 2711 ut
3445 2655 3806 2726 implereturqval

2325 2746 2524 2802 dictum
2571 2757 2654 2802 est
2683 2747 2736 2801 in
2772 2747 2878 2802 alio
2907 2745 3113 2816 psalmo
3137 2765 3150 2800 :
3192 2744 3416 2818 Vespere
3443 2746 3730 2800 demorabitur
3759 2746 3808 2814 te

2327 2849 2426 2904 tus,
2449 2849 2494 2894 et
2516 2840 2569 2894 in
2599 2839 2849 2893 matutino
2887 2838 3159 2893 exsultatio
3188 2837 3366 2912 (Psal.
3403 2855 3546 2904 xm,
3567 2838 3646 2912 6).
3679 2837 3734 2893 Ad
3753 2854 3801 2891 ve-

2327 2946 2539 3001 speram
2565 2931 2759 3002 quippe
2785 2930 3030 3002 discipuli
3058 2941 3324 2986 mortuum
3373 2931 3671 3001 planxerunt
3701 2929 3801 2984 Dol-

2328 3039 2456 3078 num
2484 3031 2721 3078 nostrum
2746 3021 2928 3078 Jesum
2959 3021 3262 3088 Christum;
3291 3022 3528 3078 diluculo
3544 3022 3604 3076 ad
3629 3033 3806 3090 resusci-

2331 3128 2436 3174 tem
2487 3117 2908 3172 exsultaverunt.
2938 3114 3222 3170 Exsultabo
3246 3131 3400 3170 mane
3447 3114 3810 3170 misericordiam.

2422 3214 2507 3268 11.
2542 3212 2673 3277 Quia
2694 3213 2936 3282 factus'es
2959 3218 3220 3280 susceptor
3235 3226 3405 3276 meus,
3435 3208 3810 3280 etrefugivmmaa

2329 3300 2383 3353 in
2413 3299 2496 3351 die
2541 3295 2879 3350 tribulationis
2933 3310 3074 3348 meat.
3118 3293 3342 3366 Adjutor
3380 3309 3521 3348 meus
3561 3292 3638 3346 tibi
3659 3291 3810 3362 psallam,

2329 3393 2449 3464 quia
2473 3400 2524 3445 tu
2550 3389 2684 3445 Deus
2702 3399 2964 3458 susceptor
2976 3404 3116 3443 meus
3131 3404 3203 3442 es.
3235 3386 3377 3455 Quid
3404 3401 3567 3454 cram,
3594 3384 3676 3439 nisi
3692 3380 3810 3436 subre-

2331 3484 2513 3540 nires?
2536 3483 2705 3552 Quam
2727 3481 3041 3552 desperatus
3059 3495 3230 3547 eram,
3261 3479 3368 3534 nisi
3394 3477 3638 3535 curares?
3674 3474 3741 3532 Ubi
3766 3472 3811 3541 ja-

2333 3577 2542 3639 cebam,
2576 3574 2675 3629 nisi
2705 3572 3032 3628 advenires?
3059 3569 3218 3628 Certe
3261 3571 3466 3642 ingenti
3507 3570 3694 3625 vulnere
3728 3563 3810 3636 peri-

2333 3670 2574 3736 clitabar,
2607 3668 2700 3725 sed
2729 3667 2858 3723 illud
2905 3667 3098 3722 vulnus
3141 3678 3320 3720 meum
3368 3664 3622 3722 medicum
3653 3659 3809 3724 omnipo-

2336 3774 2534 3821 tentem
2561 3761 2885 3834 requirebat.
2926 3759 3286 3830 Omnipotenti
3316 3759 3527 3815 medico
3552 3756 3662 3812 nihil
3697 3759 3751 3809 est
3768 3751 3810 3803 in-

2334 3857 2606 3918 sauabile;
2635 3870 2740 3910 non
2769 3852 3035 3908 renuntiat
3060 3849 3127 3905 ad
3156 3850 3392 3922 aliquem
3427 3851 3442 3882 ¹
3468 3868 3482 3904 :
3509 3863 3629 3919 opus
3648 3849 3810 3900 estuttu

2334 3949 2509 4005 curari
2550 3947 2703 4012 velis,
2735 3959 2873 4017 opus
2915 3953 3000 4001 est
3025 3951 3083 3999 ut
3131 3957 3321 3998 ntanus
3365 3943 3482 4014 ejus
3509 3957 3606 3998 non
3648 3935 3809 4006 refugiat.

2335 4040 2441 4097 Sed
2464 4039 2566 4095 etsi
2598 4037 2737 4093 nolis
2771 4036 2967 4103 curari,
2991 4034 3184 4090 vulnus
3215 4043 3365 4089 tuum
3393 4035 3623 4090 admonet
3647 4038 3693 4084 ut
3719 4038 3812 4081 cure

2335 4133 2410 4188 ris
2437 4150 2450 4187 :
2472 4140 2528 4188 et
2551 4145 2798 4186 aversum
2822 4134 3060 4194 revocat,
3082 4135 3139 4182 et
3157 4125 3506 4197 refugientem
3529 4114 3812 4196 quodammodo

2336 4225 2401 4280 ad
2432 4239 2490 4279 se
2514 4221 2694 4278 redire
2718 4219 3011 4289 compellit,
3041 4226 3096 4273 et
3115 4218 3352 4273 attrahit.
3389 4219 3447 4273 in
3468 4215 3680 4271 omnibus
3696 4207 3812 4278 implet

2336 4314 2479 4386 quod
2508 4313 2708 4369 dictum
2734 4320 2816 4366 est
2843 4328 2857 4364 :
2887 4308 3240 4365 Misericordia
3269 4309 3383 4380 ejus
3407 4306 3647 4380 prtcveniet
3667 4317 3735 4355 me.
3754 4296 3811 4351 Co-

2336 4407 2498 4478 gitate
2524 4404 2666 4477 quod
2694 4403 2894 4458 dictum
2916 4409 3018 4468 est,
3048 4402 3312 4473 praeveniet
3342 4417 3440 4456 me.
3465 4401 3514 4455 Si
3540 4393 3701 4466 aliquid
3721 4401 3807 4478 tuuu

2337 4476 2568 4570 primum
2594 4495 2838 4562 attulisti,
2869 4503 2923 4550 et
2950 4508 3017 4549 ex
3058 4502 3150 4547 tuo
3184 4492 3365 4564 aliquo
3417 4491 3549 4546 bono
3591 4487 3723 4560 primo
3756 4476 3808 4532 Dei

2338 4587 2762 4647 misericordiam
2785 4584 3046 4652 meruisti,
3071 4599 3177 4640 non
3203 4593 3255 4640 te
3278 4584 3550 4656 praevenit.
3571 4573 3742 4649 Quando
3756 4584 3806 4624 ur

2341 4691 2448 4738 tem
2479 4681 2566 4736 vel
2606 4678 2860 4750 intelligis
2901 4677 3023 4750 quia
3054 4685 3354 4748 praeventus
3383 4693 3460 4744 es,
3520 4675 3608 4730 nisi
3639 4664 3807 4733 intelligas

2340 4774 2480 4846 quod
2497 4774 2572 4828 ait
2591 4772 2880 4843 Apostolus
2907 4789 2919 4825 :
2953 4771 3090 4839 Quid
3131 4771 3266 4826 enim
3294 4771 3464 4837 habes,
3497 4767 3616 4838 quod
3636 4780 3710 4819 non
3727 4771 3807 4811 aue

2343 4868 2461 4939 pisti
2481 4867 2506 4920 ?
2529 4863 2591 4922 Si
2618 4875 2783 4919 autent
2807 4862 3062 4934 accepisti,
3089 4862 3210 4934 quid
3235 4861 3469 4934 gloriaris
3491 4857 3620 4932 quasi
3631 4870 3705 4909 non
3720 4861 3807 4903 arce

2344 4962 2478 5032 peris
2511 4958 2566 5032 (1
2598 4958 2716 5013 Cor.
2745 4974 2797 5012 tv
2816 4999 2832 5024 ,
2862 4957 2892 5009 7
2917 4956 2975 5030 )?
3006 4955 3118 5012 lloc
3137 4965 3219 5012 est
3237 4997 3254 5023 ,
3281 4954 3610 5012 Misericordia
3627 4951 3708 5021 ejus
3724 4954 3802 5013 για·

2343 5055 2503 5110 veniet
2538 5069 2635 5107 me.
2670 5050 2908 5119 Denique
2931 5047 3213 5104 attendens
3232 5049 3411 5104 omnia
3430 5049 3552 5104 bona
3565 5043 3801 5116 ίιυωειιωιυε

2347 5145 2546 5201 habere
2590 5155 2906 5215 possumus,
2935 5141 3046 5196 sive
3077 5139 3131 5195 in
3171 5147 3381 5207 natura,
3419 5140 3521 5195 sive
3545 5137 3589 5192 in
3626 5128 3795 5188 instituit.

2349 5236 2462 5292 sive
2513 5236 2564 5289 in
2592 5233 2705 5303 ipsa
2733 5231 3137 5288 conversatione
3162 5233 3182 5263 ’
3209 5273 3225 5297 ,
3258 5231 3311 5286 in
3339 5231 3460 5299 lide,
3484 5229 3530 5286 in
3553 5239 3644 5298 5pc,
3668 5223 3706 5276 in
3724 5215 3797 5303 clt-

2351 5330 2537 5392 vitate,
2567 5302 2624 5380 in
2648 5324 2804 5380 bonis
2831 5323 3103 5392 moribus,
3137 5323 3187 5378 in
3210 5324 3434 5394 justitia,
3465 5323 3514 5378 in
3559 5319 3704 5375 timore
3730 5302 3794 5363 Dei.

2351 5430 2519 5476 totum
2546 5432 2651 5472 non
2668 5431 2786 5473 esse
2807 5417 2906 5472 nisi
2936 5431 3000 5471 ex
3029 5417 3170 5472 illius
3189 5415 3364 5483 donis,
3389 5416 3452 5471 ita
3468 5405 3700 5469 conclusit:
3719 5396 3796 5451 Dat

2351 5529 2492 5568 meus
2517 5509 2864 5565 misericordia
2888 5525 3019 5564 utea.
3067 5507 3181 5563 Non
3228 5508 3427 5565 invenit
3475 5503 3669 5574 impletus
3703 5486 3792 5545 bimis

2351 5605 2469 5672 Dei,
2507 5603 2634 5676 quid
2662 5601 2955 5675 appellaret
2988 5599 3155 5657 Deum
3183 5615 3358 5668 suum,
3387 5598 3477 5657 nisi
3500 5581 3793 5653 misericordi?”l

2419 5740 2436 5773 ί
2470 5738 2606 5800 Edd.,
2629 5734 2869 5789 renuntiat
3081 5744 3134 5788 At
3151 5745 3276 5799 Mss,
3295 5738 3360 5788 ad
3379 5737 3568 5798 aliquem.

2419 5805 2439 5834 ’
2475 5810 2596 5863 Mss.
2622 5800 2942 5852 conversione.
