3912 6472
269 341 390 402 713

264 484 450 526 suam.
480 467 525 526 Ο
546 484 777 539 nomen,
807 472 909 529 sub
935 489 1041 545 quo
1083 473 1284 531 nemini
1322 475 1715 547 desperandum
1741 486 1859 540 est!

268 561 416 618 Deus
443 580 607 631 meus,
637 565 824 635 inquit.
850 568 1195 623 misericordia
1222 586 1354 625 mea.
1384 571 1521 639 Quid
1546 584 1650 640 est,
1680 577 1868 632 miscri-

267 655 449 707 cordia
487 670 596 706 mea
620 654 647 707 .9
696 654 751 709 Si
783 654 951 722 dicas,
983 657 1139 714 Salus
1164 676 1304 726 mea,
1361 660 1597 733 intelligo
1626 667 1747 735 quia
1775 667 1868 723 dat

265 744 531 809 salutem;
581 745 624 799 si
670 744 838 809 diras,
872 747 1154 819 Refugiutn
1203 766 1403 819 meum,
1455 752 1693 825 intelligo
1741 761 1863 827 quia

261 837 508 905 confugis
535 834 601 889 ad
631 851 785 901 eum;
817 838 860 894 si
900 840 1068 909 dicas,
1107 842 1388 899 Fortitudo
1427 862 1566 912 mea,
1620 849 1859 921 intelligo

258 926 388 994 quia
410 926 501 980 dat
517 927 608 980 tibi
640 926 1004 987 fortitudinem
1026 949 1040 986 :
1066 932 1419 990 Misericordia
1439 955 1570 1005 mea,
1589 941 1717 1011 quid
1738 946 1859 996 est?

257 1014 459 1072 Totum
505 1018 761 1087 quidquid
800 1036 940 1085 sum,
968 1023 1035 1079 (le
1062 1025 1428 1084 misericordia
1471 1038 1558 1083 tua
1604 1041 1707 1087 est.
1752 1033 1859 1090 Sed

254 1110 534 1178 promerui
561 1119 633 1174 t3,
661 1112 957 1169 invocanda
1015 1116 1101 1172 te!
1130 1116 1198 1173 Ut
1224 1134 1422 1186 essent,
1451 1122 1578 1192 quid
1633 1123 1775 1181 feci?
1802 1136 1859 1183 ut

252 1214 437 1255 essem
469 1203 553 1273 qui
579 1211 629 1258 te
657 1204 981 1274 invocarem,
1009 1208 1133 1277 quid
1156 1209 1284 1280 egi?
1306 1212 1361 1267 Si
1382 1214 1525 1268 enim
1547 1215 1631 1286 egi
1655 1217 1855 1288 aliquid

248 1302 314 1349 ut
332 1309 531 1360 e~setn,
553 1296 664 1366 jam
691 1312 836 1353 eram
853 1310 1137 1370 antequam
1160 1298 1356 1358 essem.
1379 1304 1547 1360 Porro
1563 1309 1607 1363 si
1635 1310 1857 1365 omnino

245 1387 389 1443 nihil
418 1404 564 1445 eram
586 1400 870 1464 antequam
901 1409 1077 1451 essem
1104 1438 1119 1463 ,
1146 1397 1277 1452 nihil
1306 1407 1357 1455 te
1384 1403 1651 1470 promerui
1681 1412 1739 1458 ut
1763 1419 1852 1460 es-

241 1492 391 1535 seut.
426 1479 620 1537 Fecisti
650 1492 707 1538 ut
729 1499 926 1554 essent,
957 1496 1012 1542 et
1046 1503 1153 1543 non
1182 1497 1237 1544 tu
1284 1489 1453 1547 iecisti
1482 1502 1536 1547 ut
1565 1494 1738 1550 bonus
1767 1511 1854 1551 es-

237 1584 368 1625 sent
391 1571 417 1624 7
444 1571 640 1627 Dedisti
670 1575 798 1629 milii
830 1583 889 1631 ιιι
928 1577 1052 1642 sim,
1085 1589 1139 1634 et
1171 1582 1341 1649 potuit
1383 1583 1514 1638 mihi
1542 1585 1678 1640 alius
1721 1587 1852 1643 dare

236 1671 305 1717 ut
332 1662 506 1718 bonus
535 1665 673 1718 sim?
696 1667 750 1722 Si
782 1676 836 1722 tu
869 1668 997 1722 mihi
1018 1669 1210 1726 dedisti
1241 1681 1299 1726 ut
1326 1673 1448 1740 sint,
1482 1683 1536 1730 et
1562 1675 1699 1731 alius
1720 1678 1849 1732 mibi

233 1754 401 1810 dedit
424 1767 482 1811 ut
502 1756 671 1812 bonus
696 1760 836 1822 sim;
880 1760 1070 1816 melior
1098 1771 1182 1818 est
1211 1763 1300 1819 ille
1338 1766 1427 1835 qui
1466 1766 1593 1821 mihi
1620 1767 1767 1823 dedit
1793 1776 1852 1823 ut

229 1846 429 1902 bonus
475 1846 595 1913 sim,
627 1864 799 1920 quam,
836 1850 926 1906 ille
963 1852 1055 1923 qui
1107 1852 1238 1909 milii
1265 1855 1414 1910 dedit
1441 1866 1496 1912 ιιι
1522 1857 1645 1913 sim.
1679 1859 1849 1915 Porro

226 1937 373 2008 quia
420 1947 473 1995 te
498 1956 655 1995 nemo
695 1943 903 2008 melior,
944 1958 1103 2001 nemo
1144 1955 1195 2003 te
1252 1950 1539 2018 potentior,
1585 1967 1744 2006 nemo
1796 1961 1848 2009 te

224 2030 293 2087 in
350 2030 712 2088 misericordia
774 2035 1005 2105 largior;
1063 2052 1093 2092 a
1129 2054 1236 2109 quo
1285 2042 1466 2112 accepi
1524 2052 1581 2099 ut
1629 2060 1842 2112 essem,

223 2121 311 2177 ab
342 2121 439 2178 illo
457 2127 637 2196 accepi
663 2135 722 2182 ut
741 2127 911 2185 bonus
925 2144 1125 2188 essem.
1157 2131 1294 2189 Deus
1330 2130 1481 2191 meus
1496 2137 1847 2195 misericordia

221 2232 381 2272 utea.

226 2307 1845 2338 —————___..___.__..___________

702 2366 785 2429 IN
828 2368 1213 2434 PSALMUM
1254 2374 1400 2437 LIX

828 2487 1248 2548 ENARRATIO.

705 2616 879 2660 ssnuo
916 2620 984 2660 Αι)
1022 2620 1263 2664 roruuuu
1319 2607 1417 2682 (a).

317 2714 374 2770 ι.
408 2712 558 2787 [verm
590 2716 645 2783 Ι,
671 2713 767 2790 2.]
818 2715 1026 2773 Titulus
1078 2719 1265 2790 psalmi
1316 2720 1474 2792 hujus
1505 2723 1838 2795 aliquantum

222 2808 491 2880 prolixus
507 2815 621 2874 est;
642 2806 737 2863 sed
766 2823 869 2863 non
891 2823 989 2864 nos
1016 2816 1232 2874 terreat,
1252 2812 1374 2883 quia
1400 2813 1641 2871 Psalmus
1660 2816 1839 2872 brevis

221 2907 347 2957 est.
365 2898 641 2968 Tanquam
657 2915 786 2971 ergo
802 2899 1187 2971 aliquantulum
1208 2901 1549 2971 prolixiorem
1571 2905 1837 2962 Psaltnum

220 2996 593 3061 audierimus,
620 2996 698 3051 sic
716 2994 1083 3052 intendamus:
1104 2998 1356 3067 quoniam
1379 2998 1431 3053 in
1448 3000 1661 3055 nomine
1677 2999 1835 3056 Chri-

223 3089 308 3143 sti
336 3088 553 3143 nutritis
566 3097 621 3144 et
643 3088 938 3147 nutriendis
967 3088 1233 3160 loquimur
1257 3090 1309 3145 in
1334 3090 1568 3147 Ecclesia
1599 3094 1714 3160 Dei,
1737 3107 1835 3150 nec

220 3180 490 3236 alienisa
530 3193 723 3251 sapore
769 3180 989 3235 istarum
1036 3180 1361 3238 Litterarum
1389 3199 1418 3236 ιι
1444 3183 1638 3254 quibus
1682 3200 1837 3240 num-

221 3270 343 3326 dus
373 3269 581 3326 alienus
602 3278 704 3336 est,
740 3285 847 3325 non
878 3270 1030 3341 quasi
1069 3270 1219 3326 rudia
1268 3273 1420 3330 vobis
1478 3275 1576 3329 ista
1619 3289 1835 3345 semper

221 3378 363 3419 βεδε
392 3362 609 3417 debent.
639 3360 695 3418 Si
722 3363 865 3419 enim
898 3377 959 3419 ea
998 3379 1117 3434 qua:
1146 3364 1441 3435 sarpissime
1461 3366 1684 3422 audistis
1709 3384 1832 3425 cum

215 3455 574 3528 jucunditate
601 3457 652 3511 in
682 3471 777 3513 ore
800 3456 1137 3528 cogitationis
1179 3461 1489 3516 ruminastis
1516 3504 1533 3529 ,
1566 3477 1667 3518 nec
1695 3463 1833 3517 obli-

218 3552 401 3605 vione
441 3558 686 3621 tauquam
730 3550 782 3607 in
815 3560 998 3606 ventre
1039 3550 1343 3623 sepelistis;
1373 3553 1562 3608 eadem
1607 3554 1719 3625 ipsa
1747 3570 1835 3610 re-

216 3640 482 3698 cordatio
506 3649 704 3707 vestra,
726 3650 782 3697 et
810 3641 1065 3697 memoria
1090 3643 1316 3698 multum
1344 3658 1442 3697 nos
1467 3646 1660 3714 poterit
1679 3644 1831 3716 adju-

212 3750 388 3799 vare,
417 3749 484 3790 ne
525 3735 748 3791 multum
780 3733 1059 3805 loquamur
1085 3734 1151 3790 ad
1181 3735 1459 3792 enodanda
1498 3736 1648 3807 quasi
1680 3736 1828 3792 rudi-

212 3829 334 3886 bus
364 3841 430 3883 ea
458 3842 577 3898 qua:
612 3827 723 3898 jam
748 3841 845 3883 vos
873 3842 1032 3883 nosse
1070 3827 1334 3884 novimus.
1374 3829 1531 3884 Certe
1562 3828 1688 3884 illud
1717 3844 1828 3885 rne—

212 3920 490 3976 minimus
512 3932 658 3988 szepe
690 3933 786 3973 vos
809 3917 1025 3974 audisse
1062 3917 1201 3989 quod
1242 3918 1472 3974 dicimus
1504 3935 1517 3973 :
1548 3919 1635 3974 vix
1668 3927 1829 3975 estut

211 4012 284 4068 in
306 4010 534 4067 Psalmis
555 4010 792 4066 invenias
814 4025 994 4077 voces,
1020 4011 1119 4066 nisi
1138 4010 1336 4067 Christi
1358 4021 1414 4067 et
1441 4011 1712 4078 Ecclesiae,
1734 4021 1826 4068 aut

208 4101 432 4159 Clirisu
461 4110 693 4168 tantum,
724 4113 814 4157 aut
843 4101 1097 4158 Ecclesia:
1128 4112 1353 4171 tantum,
1381 4102 1521 4174 quod
1552 4104 1734 4176 utique
1757 4121 1825 4161 ex

211 4200 390 4266 parte
408 4200 463 4247 et
488 4207 588 4248 nos
617 4206 820 4249 sumus.
854 4192 933 4251 Ac
952 4206 1046 4262 per
1066 4191 1169 4247 hoc
1189 4192 1403 4264 quando
1428 4208 1588 4251 voces
1614 4204 1824 4252 nostras

207 4284 591 4357 agnoscimus,
623 4284 956 4349 sineall'eetu
981 4300 1270 4357 agnoscere
1296 4301 1401 4341 non
1434 4300 1746 4356 possumus:
1767 4295 1825 4343 et

210 4383 386 4431 tanto
422 4375 589 4445 magis
624 4375 982 4443 delectamur,
1008 4377 1220 4447 quando
1258 4377 1491 4433 indidem
1520 4379 1537 4411 ί
1568 4392 1665 4433 nos
1703 4393 1824 4435 esse

204 4467 513 4525 sentimus.
548 4466 717 4522 David
745 4484 839 4524 rex
873 4482 1009 4522 unus
1037 4467 1199 4525 homo
1227 4469 1357 4536 fuit,
1400 4471 1494 4526 sed
1523 4485 1626 4526 non
1655 4487 1820 4528 unum

205 4559 503 4617 hominem
544 4559 787 4631 ﬁguravit
815 4579 831 4616 :
856 4559 1071 4632 quando
1108 4562 1310 4625 scilicet
1351 4563 1593 4634 ﬁguravit
1632 4564 1819 4621 Eccle-

215 4656 368 4712 siam
394 4669 457 4709 ex
484 4654 664 4710 multis
691 4663 1044 4721 constantem,
1074 4653 1360 4711 distentam
1397 4673 1563 4727 usque
1587 4658 1654 4712 ad
1685 4658 1820 4718 lines

218 4758 423 4811 terrm;
456 4747 667 4818 quando
691 4756 868 4804 autem
891 4763 1057 4804 unum
1087 4747 1357 4804 hominem
1381 4748 1645 4820 ﬁguravit,
1670 4750 1819 4808 illum

219 4839 477 4911 ﬁguravit
517 4840 606 4910 qui
653 4848 739 4897 est
782 4840 1043 4896 mediator
1091 4840 1182 4894 Dei
1229 4849 1283 4895 et
1312 4839 1609 4908 hominum,
1657 4842 1819 4900 homo

184 4930 475 5013 1Christus
501 4929 657 4987 Jesus
686 4931 730 5000 (Ι
758 4929 890 4986 Tim.
913 4946 973 4997 tt,
1000 4931 1080 5000 5).
1116 4929 1171 4986 in
1199 4929 1300 4994 hoc
1326 4947 1453 5003 ergo
1477 4932 1702 5003 psalmo,
1732 4934 1817 4990 vel

215 5023 405 5094 potius
426 5022 477 5076 in
499 5020 653 5093 hujus
683 5022 873 5094 psalmi
904 5022 1075 5088 titulo,
1108 5022 1354 5079 dicuntur
1375 5023 1617 5094 quaedam
1650 5025 1821 5081 victo-

181 5118 371 5214 ⁸ι-ἰοεει
394 5115 578 5183 David,
610 5116 751 5188 quod
778 5114 985 5173 fortiter
1010 5114 1539 5214 iecerit‘dehellando
1559 5117 1814 5214 quosdam

170 5208 489 5293 ,iuimicos,
517 5218 573 5265 et
612 5223 709 5264 eos
761 5209 1069 5266 tributarios
1117 5208 1391 5275 iaciendo;
1437 5210 1650 5280 quando
1695 5220 1815 5282 post

173 5296 195 5375 ί·
212 5311 450 5359 mortem
480 5301 656 5359 Sat‘tlis
678 5302 1031 5374 persecutoris
1056 5302 1160 5366 sui,
1190 5316 1413 5372 regnum
1439 5303 1579 5359 illius
1604 5307 1813 5376 accepit

178 5370 561 5451 tmanil‘estum
594 5396 646 5451 in
676 5370 858 5451 lsrael.
893 5393 1027 5451 Nam
1065 5404 1120 5450 et
1158 5404 1442 5465 antequam
1490 5398 1813 5465 persecutio-

212 5501 347 5542 nem
376 5493 665 5555 pateretur,
697 5493 792 5542 rex
819 5495 964 5553 erat,
990 5485 1084 5541 sed
1118 5485 1227 5540 Deo
1258 5494 1459 5540 tantum
1492 5498 1649 5542 notus
1674 5499 1808 5545 erat.

211 5578 415 5634 Postea
439 5594 568 5650 ergo
588 5579 697 5649 jam
726 5577 1009 5634 manifesto
1035 5593 1203 5649 regno
1221 5618 1238 5646 ,
1265 5587 1321 5634 et
1347 5578 1624 5635 evidenter
1649 5590 1810 5652 atque

216 5671 297 5744 ut
336 5669 740 5735 sicaliquotuss.
778 5668 977 5729 Quidam
999 5681 1137 5730 vero,
1180 5666 1233 5719 in
1268 5665 1461 5721 iisdem.
1496 5675 1555 5721 At
1588 5669 1721 5733 Edd.,
1759 5683 1810 5721 sn

208 5733 644 5905 ἷάῖῖιῒτιιὲιιιιιῇιιιο
676 5800 786 5857 post
817 5792 1175 5844 Enarrationem
1197 5792 1466 5856 superioris
1485 5792 1655 5845 Psalmi
1676 5793 1809 5845 habi-

229 5871 309 5905 115.
337 5870 381 5903 θ.
464 5892 476 5902 .
538 5878 541 5881 ’
569 5891 581 5903 ο

206 5865 309 5915 tus,
337 5869 401 5903 ex
429 5870 476 5903 n.
506 5865 581 5905 Η.

454 5947 673 6007 Stulta".
742 5950 995 6005 ‘.t=-;ts'r.
1051 5942 1151 6002 iV.

1420 352 1821 419 ENARRATlO
1857 363 1927 421 lN
1962 365 2289 428 PSALMUM
2327 369 2461 428 LIX.

3464 394 3567 451 7M

1979 489 2277 546 eminenter
2312 500 2534 562 accepto
2570 492 2856 555 debellavit
2898 516 2993 559 eos
3029 505 3118 573 qui
3165 507 3217 561 in
3268 507 3366 564 hoc
3415 514 3565 571 titulo

1976 595 2498 651 commemorantur;
2531 598 2584 644 et
2622 600 2833 649 notatus
2854 595 2869 626 ²
2892 605 2975 651 est
3014 597 3205 653 Psalmi
3234 602 3414 659 titulus
3445 606 3514 661 ita
3547 626 3562 662 :

1973 672 2041 727 In
2070 676 2240 743 ﬁnem,
2279 695 2371 748 pro
2396 681 2474 735 his
2497 684 2583 751 qui
2609 684 3009 743 immutabuntur
3038 692 3088 745 in
3121 695 3252 748 tituli
3279 699 3563 769 inscriptio-

1971 782 2083 820 nem
2109 768 2207 838 ipsi
2227 768 2395 825 David
2425 775 2477 827 in
2507 775 2807 845 doctrinam,
2834 798 2947 836 cum
2981 788 3235 842 succendit
3270 789 3562 861 Μεδομοια-

1970 861 2122 914 miam
2145 861 2334 931 Syriae,
2363 875 2410 917 et
2434 865 2641 937 Syriam
2670 869 2847 937 Sobel,
2878 884 2926 928 et
2940 880 3177 931 convertit
3195 879 3349 947 Joab,
3374 894 3420 937 et
3445 903 3571 953 per-

1967 954 2122 1007 cussit
2151 953 2335 1021 Edam,
2365 959 2419 1011 in
2464 960 2594 1015 valle
2630 961 2928 1020 Salinarum
2952 969 3218 1027 duodecim
3243 977 3423 1032 millia.
3458 979 3558 1036 Lc-

1965 1045 2141 1114 gimus
2165 1046 2277 1103 lucc
2304 1050 2354 1103 in
2388 1038 2534 1107 libris
2566 1054 2886 1126 Regnorum,
2922 1061 3049 1117 istos
3076 1079 3264 1123 omnes
3292 1087 3425 1138 quos
3458 1089 3558 1128 no-

1964 1137 2215 1204 minavit,
2260 1140 2551 1197 debellatos
2580 1161 2701 1202 esse
2731 1164 2760 1203 a
2793 1150 2993 1221 David,
3036 1155 3085 1209 id
3130 1169 3209 1213 est
3254 1161 3555 1234 Mesopota-

1963 1229 2122 1283 miam
2144 1231 2332 1303 Syrim,
2361 1244 2413 1289 et
2443 1235 2651 1307 Syriam
2678 1240 2840 1296 Sobal
2859 1285 2873 1307 ,
2903 1245 3038 1301 Joab
3060 1290 3073 1313 ,
3108 1249 3275 1306 Ethttl
3310 1257 3386 1322 (ll
3405 1229 3548 1331 lieg.

1960 1333 2050 1373 vtu
2070 1320 2108 1387 ).
2140 1320 2297 1377 Facta
2325 1336 2447 1380 sunt
2472 1327 2590 1396 ista,
2619 1339 2673 1384 et
2692 1335 3136 1400 quemadmodum
3167 1341 3300 1398 facta
3319 1320 3454 1402 sunt
3480 1320 3551 1407 ila

1960 1408 2030 1463 ibi
2057 1414 2355 1484 conscripta
2393 1428 2537 1485 sunt,
2569 1422 2639 1476 ita
2668 1421 2913 1496 leguntur
2946 1447 2959 1483 :
2991 1430 3126 1500 legat
3152 1435 3241 1504 qui
3274 1440 3403 1493 vult.
3443 1442 3552 1498 γρ·-

1957 1511 2253 1560 rumtanten
2285 1507 2423 1563 sicut
2452 1511 2585 1567 Solet
2614 1515 2957 1584 propheticus
2985 1524 3201 1592 Spiritus
3230 1530 3279 1583 in
3312 1531 3550 1591 Psalmo—

1956 1605 2075 1647 rum
2106 1595 2269 1651 titulis
2295 1601 2547 1657 recedere
2585 1605 2968 1677 aliquantulum
2996 1617 3064 1670 ab
3091 1624 3434 1687 expressione
3462 1643 3548 1685 re-

1954 1698 2074 1738 rum
2101 1698 2392 1755 gestarum,
2422 1702 2476 1748 et
2500 1696 2697 1766 aliquid
2734 1700 2913 1758 dicere
2938 1708 3075 1773 quod
3109 1708 3158 1764 in
3190 1713 3406 1770 historia
3439 1733 3547 1777 non

1954 1774 2253 1844 invenitur,
2294 1792 2349 1836 et
2378 1784 2499 1840 hinc
2527 1789 2701 1857 potius
2729 1792 3036 1861 admouere,
3069 1815 3172 1855 neu
3207 1816 3423 1875 propter
3449 1827 3544 1866 co-

1950 1871 2287 1938 gnoscendas
2333 1891 2418 1932 res
2444 1889 2621 1949 gestas
2651 1898 2770 1940 esse
2801 1874 3102 1956 linjusmodi
3144 1871 3323 1953 titulos
3353 1900 3545 1958 inseri-

1952 1968 2104 2028 ptos,
2136 1962 2228 2019 sed
2270 1980 2488 2037 propter
2515 1972 2686 2028 futura
2724 1979 3104 2049 praeligurauda
3133 2003 3147 2051 ;
3176 1989 3313 2044 sicut
3341 1993 3543 2053 dictum

1951 2058 2034 2104 est
2061 2054 2201 2122 quod
2237 2071 2417 2112 coram
2453 2061 2765 2121 Abimelech
2796 2074 3016 2127 mutavit
3040 2076 3241 2133 vultum
3273 2097 3425 2138 suurn
3445 2127 3459 2152 ,
3487 2097 3542 2143 et

1949 2138 2145 2197 dimisit
2170 2159 2327 2213 eunt,
2359 2158 2413 2203 et
2438 2151 2568 2208 abiit
2597 2157 2614 2224 (
2640 2153 2785 2212 Psal.
2829 2176 3017 2229 χχχιιι,
3054 2166 3075 2220 l
3110 2163 3164 2238 ),
3193 2184 3311 2225 cum
3344 2138 3544 2234 indicet

1949 2236 2208 2305 scriptura
2243 2240 2543 2310 Regnorum
2577 2246 2678 2303 hoc
2705 2266 2825 2306 eum
2854 2269 2959 2309 non
2992 2236 3184 2316 fecisse
3207 2278 3387 2320 coram
3418 2270 3543 2326 Abi-

1948 2327 2177 2393 melcch,
2205 2328 2299 2387 sed
2330 2349 2509 2391 coram
2539 2340 2699 2395 Achis
2736 2359 2860 2414 rege
2892 2346 2937 2417 (l
2967 2349 3095 2421 Reg.
3132 2369 3258 2421 XXI,
3293 2358 3381 2431 l5)
3419 2378 3432 2414 :
3467 2363 3542 2418 ita

1946 2425 2002 2473 et
2029 2418 2081 2473 in
2122 2419 2224 2476 hoc
2266 2424 2418 2481 titulo
2465 2429 2764 2490 invenimus
2794 2418 3169 2513 alitlllid,'QIIO
3194 2418 3541 2509 commonea~

1945 2526 2068 2567 mur
2102 2514 2168 2568 ad
2198 2516 2417 2587 aliquid.
2447 2521 2688 2596 Namque
2723 2531 2774 2583 in
2813 2531 2899 2587 illa
2939 2538 3246 2599 narratione
3277 2545 3538 2606 bellorum

1946 2601 2270 2677 tertiumque
2302 2609 2556 2670 laetorum
2587 2619 2728 2690 regis
2766 2622 2927 2680 David
2949 2668 2964 2694 ,
2996 2627 3085 2685 ubi
3111 2630 3162 2687 hi
3192 2601 3544 2713 omnes

1944 2701 2481 2758 commemoravimus
2501 2747 2516 2772 ,
2552 2707 2801 2767 debellati
2831 2725 2986 2784 sunt,
3015 2736 3136 2776 eum
3168 2725 3364 2796 aliquid
3409 2701 3537 2788 suc-

1944 2787 2189 2845 ceudisse
2225 2808 2331 2846 non
2372 2795 2616 2867 legimus.
2650 2800 2748 2857 llic
2778 2816 2956 2862 autem
3001 2815 3232 2871 maxime
3261 2787 3366 2875 ltoc
3399 2826 3537 2890 posi.

1946 2885 2057 2934 tum
2082 2889 2196 2946 est,
2239 2884 2379 2953 quod
2422 2887 2492 2942 ibi
2536 2905 2641 2946 non
2672 2903 2755 2948 est
2795 2898 3075 2970 scriptum,
3104 2906 3224 2974 quia
3258 2884 3537 2971 succendit

1940 2968 2375 3072 hiesoputatniam
2406 2977 2594 3051 Syritc,
2630 2992 2686 3039 et
2710 2986 2915 3058 Syriam
2935 2968 3421 3074 Sobal.-Jatn_ergo
3447 2968 3532 3061 in:

1940 3061 2198 3128 cipiamus
2231 3069 2524 3125 secundum
2570 3089 2749 3131 rerum
2792 3077 3087 3140 futurarum
3116 3061 3532 3158 signilieaiiones

1940 3150 2039 3208 ista
2061 3152 2343 3227 discutere,
2370 3170 2423 3216 et
2442 3165 2757 3233 opacitatetn
2782 3172 3088 3232 umbrarum
3111 3150 3361 3241 invlucem
3382 3189 3534 3246 verbi

1938 3259 2212 3303 revocare.

2007 3335 2062 3390 2.
2096 3336 2161 3393 In
2180 3340 2355 3439 tinem,
2384 3346 2509 3416 quid
2540 3348 2610 3404 sit
2636 3352 2803 3409 nostis
2832 3373 2846 3409 :
2880 3355 3027 3414 Finis
3056 3363 3188 3419 enim
3215 3364 3361 3439 Legis
3381 3368 3531 3427 Chri-

1936 3435 2044 3484 stus
2071 3440 2143 3485 est
2172 3431 2348 3503 (Rom.
2389 3453 2443 3504 x,
2472 3440 2549 3511 4).
2579 3441 2686 3498 Eos
2715 3446 2803 3515 qui
2832 3446 3177 3510 immutantur
3206 3431 3394 3515 nostis.
3426 3462 3530 3530 Qui

1936 3521 2101 3589 enim,
2127 3526 2225 3580 nisi
2255 3530 2344 3598 qui
2375 3547 2405 3586 a
2438 3536 2602 3589 veteri
2635 3537 2739 3591 vita
2773 3539 2824 3594 in
2855 3556 3046 3600 novam
3075 3555 3389 3608 transeunt?
3414 3557 3525 3613 Ab-

1935 3613 2005 3668 sit
2029 3616 2170 3670 enim
2198 3628 2255 3672 ut
2289 3620 2378 3676 hic
2401 3624 2663 3693 culpanda
2699 3629 2998 3689 immutatio
3029 3637 3376 3712 intelligatur.
3406 3646 3526 3704 Non

1935 3708 2203 3773 quomodo
2229 3710 2538 3769 immutatus
2567 3729 2650 3771 est
2680 3719 2848 3775 Adam
2878 3738 2907 3776 a
2929 3724 3134 3793 justitia
3163 3708 3229 3784 ad
3270 3734 3528 3805 iniquita-

1936 3806 2041 3853 tem
2062 3840 2077 3865 ,
2109 3809 2159 3854 et
2188 3816 2217 3854 a
2247 3802 2452 3859 deliciis
2477 3807 2541 3861 ad
2580 3809 2846 3876 laborem;
2890 3816 2984 3871 sed
3012 3823 3282 3887 quomodo
3312 3802 3525 3885 mutan-

1933 3896 2022 3942 tur
2048 3888 2141 3957 illi,
2174 3892 2364 3961 quibus
2389 3896 2586 3952 dictum
2615 3910 2696 3956 est
2724 3917 2737 3953 :
2774 3902 2971 3962 Fuistis
2997 3911 3127 3963 enim
3148 3915 3424 3985 aliquando
3446 3931 3523 3976 te-

1932 3982 2116 4047 nebrtc,
2149 4000 2282 4038 nunc
2309 3997 2477 4043 autem
2515 3991 2608 4046 lus:
2639 3992 2691 4046 in
2717 3993 2941 4063 Domino
2972 3999 3187 4070 (Ep/tes.
3218 3982 3268 4069 v,
3302 4012 3379 4077 8).
3413 4012 3521 4068 ltu-

1932 4084 2206 4130 mutautur
2226 4089 2404 4136 autem
2432 4082 2515 4135 isti
2537 4083 2589 4137 in
2609 4085 2742 4140 tituli
2758 4088 3154 4159 inscriptionem.
3182 4096 3361 4157 Nostis
3384 4103 3520 4161 tituli

1930 4166 2351 4239 inscriptionem.
2385 4173 2590 4232 Titulus
2626 4177 2820 4235 inﬁxus
2860 4191 2943 4237 est
2974 4199 3136 4254 super
3162 4203 3375 4247 crucem
3412 4195 3521 4250 Do-

1931 4260 2058 4315 mini
2099 4264 2351 4333 scriptus,
2386 4264 2486 4321 Hic
2524 4278 2597 4322 est
2622 4286 2713 4324 res:
2745 4271 3046 4329 Judreorum
3075 4276 3295 4350 (Matth.
3335 4300 3477 4342 xxvu
3500 4329 3516 4354 ,

1927 4352 2028 4425 3'7)
2053 4370 2066 4408 :
2101 4358 2441 4412 mutantnrin
2462 4359 2616 4429 hujus
2644 4363 2777 4418 tituli
2804 4364 3201 4437 inscriptionem
3229 4376 3318 4444 qui
3345 4377 3398 4433 in
3427 4352 3518 4436 re;

1925 4460 2087 4517 gnum
2118 4447 2311 4504 Christi
2343 4459 2664 4508 transeunta
2694 4470 2861 4524 regno
2883 4457 3098 4516 diaboli.
3131 4463 3275 4521 Bene
3301 4478 3517 4525 mutan-

1929 4546 2015 4594 tur
2057 4540 2110 4595 itt
2159 4538 2318 4612 hujus
2357 4544 2491 4598 tituli
2533 4546 2955 4617 inscriptionem.
3002 4551 3271 4611 Mutantur
3297 4571 3514 4632 autem,

1927 4633 2065 4689 sicut
2091 4636 2358 4705 sequitur,
2388 4638 2440 4691 in
2467 4638 2769 4694 doctrinam.
2800 4642 2933 4697 Cum
2961 4645 3100 4699 enim
3128 4648 3377 4715 dixisset,
3411 4654 3516 4711 Pro

1926 4725 2005 4779 Itis
2042 4729 2130 4798 qui
2156 4728 2551 4785 immutabnntur
2578 4732 2632 4787 in
2661 4734 2794 4788 tituli
2828 4736 3237 4809 inscriptionem;
3275 4745 3510 4815 addidit,

1923 4819 2024 4889 ipsi
2061 4820 2227 4875 David
2252 4824 2303 4876 in
2332 4824 2615 4879 doctrinam
2657 4842 2676 4880 :
2716 4826 2767 4882 id
2798 4837 2913 4893 est,
2944 4842 3215 4890 mutantur
3244 4852 3350 4894 non
3379 4842 3513 4909 sibi,

1923 4910 2019 4965 sed
2046 4909 2142 4980 ipsi
2172 4912 2333 4967 David
2352 4956 2366 4978 ,
2394 4924 2449 4969 et
2473 4925 2746 4971 mutantur
2786 4918 2837 4972 in
2866 4919 3183 4979 doctrinam.
3226 4926 3342 4984 Non
3369 4934 3513 4987 enim

1923 5002 1993 5059 ita
2026 5020 2115 5057 rex
2139 5004 2404 5073 Christus,
2428 5009 2576 5078 quasi
2607 5011 2805 5066 sarculo
2831 5026 3181 5084 regnaturus;
3209 5035 3329 5075 cum
3358 5037 3527 5091 aper-

1922 5101 1975 5150 te
1996 5093 2189 5151 dixerit
2216 5114 2229 5151 :
2257 5096 2492 5170 Regnum
2514 5116 2680 5155 meum
2705 5114 2896 5158 nonest
2920 5105 3098 5162 delrec
3118 5112 3305 5165 mando
3327 5113 3508 5182 (Joan.

1920 5205 2068 5252 xvnt,
2097 5189 2167 5244 56
2188 5188 2229 5261 ).
2279 5191 2417 5261 Ergo
2448 5192 2498 5247 in
2540 5192 2692 5262 eius'
2729 5194 3024 5252 doctrinam
3066 5208 3433 5269 transeamus,
3464 5207 3509 5259 si

1918 5283 2163 5340 volumus
2186 5285 2238 5338 in
2264 5286 2712 5357 eonseriptionem
2745 5288 2881 5344 tituli
2908 5294 3243 5360 commutari,
3273 5311 3378 5353 non
3405 5312 3508 5353 no-

1918 5373 2033 5439 bis,
2074 5375 2166 5430 sed
2200 5375 2298 5444 ipsi
2333 5377 2529 5444 David;
2560 5390 2617 5433 ut
2656 5380 2744 5451 qui
2770 5380 2993 5449 vivunt,
3021 5383 3129 5453 jam
3157 5399 3260 5439 non
3292 5386 3392 5442 sibi
3425 5390 3519 5444 vi-

1919 5477 2044 5519 vant
2064 5507 2077 5530 ,
2108 5466 2201 5521 sed
2245 5468 2291 5522 ei
2328 5468 2419 5538 qui
2451 5484 2546 5539 pro
2586 5470 2714 5539 ipsis
2741 5482 2983 5527 mortuus
3006 5484 3088 5528 est
3127 5484 3182 5530 et
3211 5479 3518 5534 resurrexit

1921 5557 2001 5630 (ll
2027 5556 2146 5613 Cor.
2176 5575 2231 5627 v,
2262 5559 2387 5631 15).
2419 5560 2643 5629 Quando
2678 5578 2806 5633 ergo
2833 5578 2930 5618 nos
2955 5574 3186 5621 mutaret
3214 5567 3462 5626 Christus
3495 5612 3509 5637 ,

1916 5650 2016 5706 nisi
2041 5651 2253 5709 fecisset
2274 5653 2416 5722 quod
2444 5653 2579 5709 dixit
2607 5672 2620 5707 :
2651 5652 2830 5724 Ignem
2850 5658 2962 5710 veni
2980 5658 3171 5712 mittere
3187 5658 3241 5713 in
3256 5660 3506 5717 mundam

1979 5790 1996 5853 ι
2031 5790 2106 5853 sic
2126 5789 2305 5853 Regius
2324 5796 2418 5853 us.)
2430 5789 2514 5853 Alii
2537 5804 2646 5853 cum
2670 5791 2802 5852 Edd.,
2823 5800 2964 5844 natus
2982 5798 3070 5847 est.

1978 5852 2000 5883 ²
2023 5852 2097 5902 sic
2125 5851 2229 5900 Mss.
2258 5857 2311 5901 At
2327 5852 2461 5909 Μὰ,
2497 5851 2546 5901 in
2567 5851 2671 5913 ejus
2709 5854 2915 5915 gratiam
2951 5863 2996 5905 ct
3027 5856 3311 5911 doctrinam.

2754 5939 2788 6013 ί
2803 5940 3256 6018 i"ing'-truis.j
