3912 6430
131 431 236 500 1t:

137 581 222 634 re,
263 577 304 622 et
352 585 590 638 prwpara
629 573 849 627 animam
896 582 1030 629 tuam
1073 576 1141 630 ad
1177 579 1498 633 tentutionem
1530 580 1710 650 (Ecrli.

152 673 209 724 ιι,
243 661 306 727 l).
336 659 486 714 Prior
518 663 668 718 labor
695 675 749 720 ut
775 666 1055 736 displicens
1086 670 1198 736 tibi,
1229 681 1284 725 ut
1312 685 1519 740 peccata
1553 690 1719 742 eripu-

151 767 263 821 gncs
285 755 321 815 ³,
354 763 409 804 ιιι
436 757 659 812 muteris
689 759 739 811 in
767 760 958 814 melius
986 780 998 814 :
1029 762 1293 818 secundus
1321 765 1502 830 labor,
1534 783 1628 836 pro
1654 784 1719 823 eo

147 843 270 914 quod
315 855 549 901 mutatus
594 864 684 916 es,
729 850 870 906 ferre
917 853 1278 911 tribulationes
1317 866 1370 910 et
1401 859 1719 915 tentationcs

143 938 286 1008 hujus
310 942 506 1005 sror-uti,
533 952 585 997 et
611 943 745 998 inter
773 946 886 1001 illas
909 963 1251 1016 perseverare
1271 965 1438 1021 usque
1460 953 1509 1005 in
1534 954 1713 1007 ﬁnem.

137 1030 207 1085 De
229 1031 305 1084 his
327 1047 453 1101 ergo
480 1048 597 1087 cum
629 1035 955 1106 loqueretur,
980 1037 1077 1093 has
1102 1041 1425 1110 signiﬁcans,
1449 1042 1571 1112 quid
1595 1045 1720 1099 sub-

125 1123 331 1193 jungit?
361 1123 633 1180 Ostendisti
658 1128 792 1198 plebi
815 1139 915 1183 tua:
934 1130 1063 1184 dura
1088 1148 1108 1184 :
1124 1132 1231 1201 jam
1256 1133 1393 1202 plebi
1418 1147 1538 1201 tum,
1563 1133 1717 1191 facta:

127 1216 417 1270 tributaria:
462 1227 580 1286 post
626 1220 896 1275 victoriam
937 1222 1121 1278 David.
1159 1222 1432 1279 Ostendisti
1462 1228 1593 1296 plebi
1619 1239 1717 1282 tua:

122 1311 272 1362 dura.
307 1309 360 1363 ln
388 1310 616 1380 quibus?
645 1312 700 1368 ln
734 1319 1187 1384 persecutionibus
1215 1335 1344 1390 quas
1375 1322 1586 1390 pertulit
1616 1322 1716 1379 Ec-

119 1403 280 1460 clesia
301 1402 518 1468 Christi,
537 1407 749 1475 quando
772 1417 946 1464 tantus
967 1421 1258 1482 martyrum
1281 1414 1498 1485 sanguis
1519 1414 1716 1472 cﬁ'nsus

118 1505 220 1549 est.
270 1480 546 1549 Ostendisti
579 1498 712 1565 plebi
741 1509 842 1554 tute
867 1500 995 1554 dura
1023 1519 1042 1556 :
1069 1480 1254 1573 potasti
1281 1520 1370 1558 nos
1398 1505 1509 1558 uino
1535 1507 1714 1560 stimu-

112 1583 344 1639 lationis.
368 1587 502 1654 Quid
516 1597 620 1653 est,
635 1590 990 1647 stimulationis
1006 1594 1032 1647 .9
1050 1593 1164 1648 Non
1181 1596 1578 1665 pereinptionis.
1598 1596 1711 1652 Non

110 1680 261 1733 enim
307 1690 424 1734 erat
458 1684 751 1753 peremptio
791 1685 1054 1754 perdens,
1088 1687 1183 1742 scd
1224 1687 1486 1744 medicina
1529 1705 1709 1746 urens.

106 1767 320 1825 Potasti
345 1787 434 1825 nos
462 1773 572 1826 vino
597 1774 973 1831 stimulationis.

189 1863 242 1919 6.
277 1863 427 1938 [vers.
457 1865 534 1939 6.]
564 1868 737 1935 Quare
759 1868 899 1924 hoc?
927 1869 1122 1925 Dedisti
1143 1874 1467 1927 metuentibus
1489 1882 1534 1927 te
1554 1875 1712 1946 signi-

97 1955 433 2024 ficationem,
464 1969 516 2011 ut
545 1960 743 2030 fugiant
772 1978 803 2016 tt
833 1962 964 2031 facie
991 1980 1159 2018 arcus.
1194 1965 1295 2019 Per
1322 1967 1709 2036 tribulationcs,

97 2048 107 2100 i
147 2050 310 2118 nquit,
344 2052 680 2120 temporales,
710 2053 1015 2124 signiﬁcasti
1048 2057 1148 2110 tuis
1179 2056 1358 2128 fugere
1383 2057 1450 2111 ab
1473 2059 1545 2112 ira
1577 2060 1710 2130 ignis

98 2139 446 2208 sempiterni.
489 2143 624 2197 Dicit
652 2143 794 2198 enim
823 2147 1095 2214 apostolus
1122 2147 1314 2203 Petrus
1345 2166 1357 2202 :
1391 2148 1610 2222 Tempus
1639 2160 1711 2206 est

106 2241 162 2283 ut
179 2233 438 2302 judicium
459 2234 665 2304 incipiat
689 2253 720 2288 a
742 2235 890 2290 domo
913 2237 1025 2292 Dei.
1051 2237 1118 2293 Et
1139 2241 1428 2296 exhortans
1450 2251 1710 2314 martyres

111 2322 177 2376 ad
215 2324 581 2388 tolerantiam,
611 2343 733 2381 cum
764 2329 974 2384 smviret
1011 2329 1268 2398 mundus,
1301 2348 1421 2387 cum
1449 2343 1652 2402 strages
1679 2350 1710 2389 a

110 2418 541 2483 persecutoribus
564 2418 771 2486 ﬁerent,
795 2436 914 2474 cum
938 2421 1090 2493 longe
1113 2422 1322 2493 lateque
1344 2427 1557 2496 Sanguis
1581 2426 1711 2482 tide-

111 2504 248 2559 lium
277 2508 599 2570 funderetur,
627 2524 744 2563 cum
772 2511 820 2563 in
843 2512 1066 2577 catenis,
1098 2513 1148 2566 in
1171 2515 1494 2581 carceribus,
1521 2517 1571 2570 in
1599 2527 1707 2572 tor-

112 2600 344 2666 mentis,
378 2601 539 2655 multa
582 2601 714 2656 dura
742 2601 1028 2658 Christiani
1061 2614 1398 2673 paterentur;
1447 2623 1513 2662 ne
1543 2608 1592 2662 in
1627 2609 1707 2666 his

112 2705 246 2763 ergo
272 2693 413 2748 duris
443 2693 768 2762 deﬁcerent,
796 2711 891 2751 eos
919 2696 1204 2768 alloquitur
1230 2698 1417 2754 Petrus
1445 2718 1457 2753 :
1492 2699 1707 2768 Tempus

113 2796 184 2840 est
216 2798 266 2842 ut
285 2787 536 2858 judicium
561 2789 766 2859 incipiat
789 2806 823 2843 a
848 2790 997 2848 deuio
1026 2788 1156 2854 Dei;
1187 2799 1230 2844 et
1257 2793 1299 2844 si
1327 2792 1525 2844 initium
1553 2809 1583 2844 (ι
1610 2809 1705 2846 no-

115 2882 216 2946 bis,
244 2881 401 2949 qualis
427 2881 543 2949 linis
570 2883 664 2935 erit
690 2890 760 2936 eis
789 2883 875 2953 qui
905 2899 1004 2950 non
1029 2882 1237 2937 credunt
1270 2883 1360 2937 Dei
1390 2883 1664 2956 Evangelia
1682 2887 1708 2940 ?

115 2979 159 3022 et
188 2971 235 3023 si
250 2972 418 3040 justus
445 2975 529 3026 vix
555 2975 726 3027 salvus
751 2975 866 3040 erit,
900 2986 1132 3045 peccator
1160 2986 1206 3030 et
1235 2977 1420 3046 impius
1446 2978 1528 3031 ubi
1555 2995 1704 3048 pare-

114 3064 241 3117 bunt
285 3063 333 3137 (l
363 3059 502 3120 Petr.
537 3083 620 3134 tv,
651 3067 746 3134 17,
779 3068 904 3139 18)⁴ἔ
934 3069 1072 3136 Quid
1111 3085 1244 3141 ergo
1274 3071 1507 3128 futurum
1539 3083 1620 3127 est
1650 3073 1704 3129 in

110 3155 344 3226 judicio?
369 3159 538 3213 Arcus
565 3170 643 3213 est
675 3170 958 3226 extentus;
995 3160 1166 3216 adhuc
1201 3162 1252 3216 in
1293 3165 1704 3222 comminatione

114 3257 233 3315 est,
260 3250 488 3306 nondum
520 3251 571 3305 in
605 3254 1032 3321 praesentaneae.
1079 3255 1146 3310 Et
1187 3255 1362 3314 videte
1401 3256 1525 3327 quid
1554 3256 1622 3312 sit
1648 3257 1703 3314 in

114 3357 260 3398 arca.
287 3343 469 3401 Nonne
499 3348 687 3416 sagitta
728 3345 780 3400 in
825 3347 996 3416 priora
1042 3349 1298 3404 mittenda
1338 3353 1457 3404 est?
1497 3350 1702 3408 Nervus

117 3443 287 3491 tamen
327 3446 468 3491 retro
502 3437 733 3492 tenditur
763 3437 813 3492 in
844 3445 1169 3494 contrarium
1197 3456 1299 3510 qua
1331 3441 1416 3495 illa
1443 3444 1702 3499 mittenda

114 3539 230 3595 est;
257 3540 306 3584 et
332 3542 528 3601 quanto
554 3532 673 3601 plus
699 3532 820 3587 ierit
841 3533 956 3602 ejus
980 3535 1222 3590 extensio
1242 3545 1555 3603 retrorsum,
1582 3549 1700 3595 tan-

117 3631 167 3677 to
202 3624 395 3693 majore
439 3625 635 3696 impetu
676 3625 767 3682 illa
792 3629 958 3681 currit
985 3628 1035 3682 in
1067 3632 1261 3699 priora.
1290 3632 1425 3697 Quid
1454 3642 1535 3686 cst
1559 3634 1700 3703 quod

113 3717 262 3774 dixi?
287 3721 496 3789 Quanto
523 3722 694 3792 magis
715 3721 958 3776 diﬁ'ertur
987 3723 1280 3793 judicium,
1309 3735 1456 3781 tanto
1499 3732 1701 3794 inajore

114 3810 305 3882 impetu
333 3823 610 3872 venturum
639 3825 742 3870 est.
777 3816 915 3886 Ergo
945 3827 999 3872 et
1024 3816 1091 3871 de
1118 3819 1500 3886 temporalibus
1533 3820 1702 3875 tribu-

114 3903 388 3962 lationibus
412 3909 612 3978 gratias
635 3909 747 3964 Deo
776 3925 994 3980 agninos
1013 3951 1036 3976 τ
1061 3909 1182 3979 quia
1223 3910 1368 3965 dedit
1410 3912 1548 3981 plebi
1588 3929 1698 3969 sua:

113 3998 542 4069 signiﬁcationem
565 4043 579 4068 ,
607 4013 657 4055 ut
688 4002 884 4072 fugiant
911 4020 941 4055 α
969 4004 1097 4072 {acie
1125 4019 1271 4057 arcus
1300 4019 1317 4057 :
1342 4013 1400 4058 ut
1422 4007 1696 4061 exercitati

112 4091 291 4150 ﬁdeles
315 4097 444 4164 ejus
462 4096 514 4150 in
541 4096 969 4152 tribulationilms
995 4099 1392 4167 temporalibus,
1426 4101 1568 4170 digiti
1591 4102 1697 4159 sint

111 4185 330 4242 evadere
348 4187 743 4243 danmationem
769 4189 905 4259 ignis
929 4191 1136 4255 mterni,
1165 4207 1282 4261 qua:
1314 4192 1590 4248 inventura
1615 4203 1698 4250 est

109 4290 288 4335 omnes
313 4280 404 4351 qui
435 4281 531 4336 ista
564 4299 667 4336 non
695 4282 938 4337 credunt;
968 4282 1165 4338 Dedisti
1193 4287 1522 4340 metuentibus
1550 4296 1596 4340 te
1618 4288 1690 4341 si-

107 4371 494 4441 gnificationem,
529 4381 580 4426 ut
607 4373 806 4444 fugiant
831 4391 863 4427 a
890 4376 1018 4444 facie
1040 4393 1207 4430 arcus.

173 4463 225 4518 7.
258 4462 410 4538 [υειέ.
443 4464 520 4537 7.]
554 4464 621 4520 Ut
650 4476 892 4520 eruantur
934 4467 1101 4522 dilecti
1138 4469 1230 4523 tui.
1266 4470 1477 4525 Saluum
1500 4488 1579 4526 me
1606 4473 1688 4543 {ac

108 4551 303 4610 dextera
330 4568 440 4622 tua,
471 4566 515 4611 et
543 4558 724 4613 exaudi
752 4575 846 4612 me.
886 4559 1110 4614 Dextera
1141 4570 1257 4627 tua,
1293 4563 1515 4618 [nulline
1535 4605 1550 4629 ,
1583 4566 1692 4619 sal-

107 4660 221 4701 vum
246 4665 333 4706 me
358 4650 443 4704 fac
467 4668 479 4704 :
509 4650 576 4704 ita
601 4651 806 4706 salvum
829 4668 913 4707 me
939 4653 1038 4719 lac,
1066 4663 1121 4708 ut
1143 4655 1210 4708 ad
1236 4655 1508 4712 dexteram
1530 4669 1690 4715 stem.

109 4736 314 4795 Salvum
341 4759 422 4796 me
445 4745 528 4813 fac
557 4742 763 4796 dextera
793 4754 878 4796 tua
911 4759 930 4797 :
959 4759 1060 4798 non
1089 4746 1311 4800 salutem
1343 4753 1689 4818 temporalem

109 4842 254 4901 pcto;
287 4836 355 4891 de
386 4835 485 4890 hac
516 4836 606 4890 ﬁat
633 4837 874 4891 voluntas
903 4847 1010 4890 tua.
1042 4837 1121 4891 Ad
1147 4846 1357 4908 tempus
1385 4841 1506 4909 quid
1537 4843 1689 4898 nobis

108 4928 299 4994 prosit,
331 4930 545 5000 penitus
587 4931 925 5000 ignoramus;
968 4931 1093 5001 quid
1136 4933 1277 4987 enim
1317 4949 1530 4989 oremus
1556 4937 1691 4992 sicut

107 5031 324 5087 oportet,
363 5022 630 5077 nescimus
659 5022 833 5096 (Rom.
862 5039 972 5090 Vill,
1002 5022 1092 5095 ‘26)
1126 5043 1138 5076 :
1167 5025 1260 5079 sed
1289 5025 1483 5080 salvum
1511 5045 1588 5081 me
1609 5034 1689 5097 [ac

87 5109 301 5184 idartera
332 5125 454 5184 tua,
485 5124 543 5169 ut
575 5114 674 5169 etsi
718 5117 768 5170 in
802 5125 1039 5185 tempore
1070 5117 1172 5170 isto
1198 5118 1563 5175 tribulationes
1590 5121 1685 5175 ali-

110 5217 232 5269 quas
266 5208 463 5276 patiar,
501 5214 766 5262 transacta
812 5218 966 5263 nocte
1009 5209 1244 5263 onnrium
1291 5211 1687 5268 tribulationum

81 5291 175 5366 ξω]
199 5296 733 5355 dexteraminveniar
776 5300 916 5355 inter
941 5315 1104 5362 oves,
1155 5317 1260 5356 non
1305 5303 1371 5356 ad
1416 5304 1686 5359 sinistram

115 5384 240 5442 inter
266 5391 465 5447 haedos.
495 5392 704 5448 Saluum
730 5407 807 5446 me
833 5391 914 5461 fac
940 5393 1145 5447 dextera
1173 5404 1277 5456 tua,
1302 5406 1350 5447 et
1377 5397 1562 5450 exaudi
1586 5414 1681 5452 me.

115 5475 232 5542 Qllia
267 5484 374 5553 jam
411 5483 540 5540 illud
572 5494 694 5556 peto
723 5485 866 5554 quod
893 5485 1021 5540 dare
1054 5487 1133 5540 vis
1154 5503 1176 5552 ;-
1212 5503 1318 5541 non
1350 5488 1522 5542 verbis
1551 5490 1684 5543 deli-

117 5577 307 5633 ctcrum
335 5589 580 5635 meorum
599 5581 776 5635 clamo
803 5595 895 5650 per
920 5580 1084 5645 diem;
1113 5591 1167 5634 ut
1195 5583 1599 5648 non-eitaudias,
1629 5594 1688 5637 et

115 5674 254 5728 "cete
274 5674 316 5742 ¹,
346 5681 404 5729 ιιι
428 5672 831 5739 non-exaudias,
862 5681 918 5728 et
944 5689 1050 5730 non
1075 5673 1142 5729 ad
1169 5673 1526 5745 insipientiam
1552 5675 1683 5732 mihi

167 5860 182 5938 ξ
205 5874 274 5925 Sic
297 5880 404 5938 Mss.
432 5880 486 5938 At
509 5872 643 5938 add,
669 5884 926 5938 expurges.

95 5924 184 6035 κέ
208 5924 389 5988 Intcdd.
413 5937 560 5988 deest
582 5924 672 5997 hic,
701 5924 749 5986 ιιὶ
785 5924 878 5986 min
908 5932 1148 5989 caaudias
1177 5947 1194 5988 :
1220 5932 1348 6015 quod
1369 5939 1609 6001 repetitur
1632 5937 1682 5990 in

1271 463 1663 520 ENAIH‘ATIU
1705 467 1765 522 IN
1808 469 2125 527 PSALSllJB-l
2166 475 2298 530 LIX.

3319 495 3422 556 7l3

1835 579 2002 652 (I’sal.
2034 604 2138 653 xxi,
2172 587 2226 653 ‘2,
2261 589 2314 660 3)
2339 608 2351 655 ;
2381 589 2472 647 sed
2502 593 2676 666 utique
2708 595 2772 651 ad
2798 604 3299 676 commonitionem,
3329 601 3422 668 ad-

1829 669 2001 728 dendo
2031 695 2275 747 saporem
2308 682 2374 738 de
2403 687 2538 740 valle
2568 688 2878 758 salinarum,
2909 705 2963 748 ut
2993 696 3043 750 in
3079 698 3417 758 tribulatione

1829 758 2064 821 noverim
2109 771 2232 838 quid
2283 786 2456 843 petam
2489 796 2502 830 :
2534 789 2655 849 peto
2699 794 2874 839 autem
2917 787 3079 843 vitam
3125 803 3379 852 a-teruam

1827 873 1954 928 ergo
1981 863 2167 916 exaudi
2200 881 2315 934 me,
2350 869 2468 938 quia
2498 870 2767 928 dexteram
2804 886 2942 932 tuam
2974 892 3116 950 pcto.
3157 885 3416 960 lntelligat

1826 968 1953 1024 ergo
1997 955 2240 1015 Charitas
2281 961 2467 1020 Vestra
2513 983 2723 1025 omnem
2775 973 2983 1030 ﬁdelem
3028 955 3412 1038 habentem‘in

1826 1047 1986 1103 corde
2028 1053 2249 1107 verbum
2285 1055 2409 1125 Dei,
2453 1075 2572 1115 cum
2618 1063 2804 1120 timore
2851 1069 3121 1127 timentem
3155 1074 3415 1144 judicium

1825 1140 2060 1199 futurum
2082 1189 2095 1213 ,
2130 1149 2398 1205 viventem
2450 1156 2822 1227 probabiliter,
2857 1179 2921 1218 ne
2951 1164 3016 1220 de
3049 1140 3416 1238 ιιιοιιιειενιιρ-

1824 1243 1999 1290 metur
2035 1253 2229 1307 nomen
2270 1253 2510 1298 sanctum
2542 1247 2749 1304 Domini
2777 1251 2918 1322 ejus,
2953 1258 3114 1313 multa
3141 1259 3416 1331 deprecari

1823 1329 2116 1382 secundum
2145 1335 2418 1400 smculnm,
2448 1347 2501 1393 et
2531 1357 2633 1395 non
2659 1345 2930 1413 exaudiri;
2961 1349 3025 1403 ad
3055 1329 3414 1411 vitam—autem

1822 1430 2077 1476 telernam
2110 1440 2322 1495 semper
2347 1433 2604 1487 exaudiri.
2643 1437 2770 1502 Quis
2812 1441 2951 1494 enim
2992 1445 3270 1502 sanitatem
3304 1465 3414 1505 non

1822 1522 1999 1582 petat,
2031 1531 2149 1571 cum
2183 1526 2441 1588 a-grotat?
2475 1525 2538 1579 Et
2575 1537 2748 1584 tamen
2783 1531 2915 1586 forte
2953 1535 3125 1592 adhuc
3154 1549 3415 1609 {egrotare

1819 1605 1868 1660 ei
1899 1608 2024 1663 utile
2063 1620 2162 1664 est.
2199 1612 2379 1668 Potest
2415 1616 2529 1671 ﬁeri
2562 1630 2616 1673 ut
2644 1619 2767 1679 hinc
2796 1641 2900 1680 non
2932 1605 3232 1688 exaudiaris
3260 1653 3272 1687 :
3305 1652 3412 1692 non

1823 1708 1997 1754 tamen
2031 1705 2299 1761 exaudiris
2328 1709 2393 1764 ad
2420 1712 2764 1782 voluntatem,
2799 1730 2853 1772 ut
2881 1724 3180 1782 exaudiaris
3207 1728 3270 1783 ad
3303 1733 3409 1788 uti-

1819 1791 2039 1846 litatem.
2084 1797 2154 1849 At
2199 1813 2325 1853 vero
2367 1816 2487 1856 cum
2534 1804 2660 1860 illud
2705 1809 2866 1877 petis,
2917 1822 2971 1867 ut
3007 1815 3094 1871 det
3123 1819 3214 1874 tibi
3244 1821 3407 1880 vitam

1818 1892 2071 1940 :cternam
2103 1888 2259 1957 Deus,
2292 1903 2347 1946 ut
2371 1893 2458 1948 det
2490 1896 2579 1950 tibi
2611 1913 2829 1970 regnum
2855 1905 3110 1962 caalorum
3141 1911 3312 1981 Deus,
3347 1922 3408 1970 ut

1817 1974 1908 2032 det
1938 1979 2028 2032 tibi
2057 1980 2124 2034 ad
2151 1983 2423 2041 dexteram
2450 1987 2566 2043 Filii
2594 1993 2673 2046 sui
2703 2005 3003 2064 stare,cum
3034 2008 3238 2062 venerit
3258 1974 3407 2079 judi.

1817 2083 1938 2124 care
1967 2082 2159 2128 terram
2183 2093 2196 2140 ;
2227 2093 2448 2135 securus
2476 2093 2624 2150 esto;
2653 2091 2900 2159 accipies,
2929 2093 2974 2150 si
3002 2099 3162 2153 modo
3187 2114 3291 2156 non
3315 2119 3407 2161 ac—

1817 2164 1949 2231 cipis
1980 2181 1992 2218 :
2025 2182 2131 2220 non
2158 2170 2298 2224 enim
2325 2173 2436 2240 jam
2464 2178 2607 2232 venit
2639 2187 2848 2250 tempus
2871 2195 2930 2239 ut
2951 2191 3197 2260 accipias.
3223 2195 3403 2251 Exau~

1816 2253 1967 2320 diris,
2001 2268 2055 2312 et
2087 2263 2262 2317 nescis
2293 2281 2304 2316 :
2336 2267 2474 2335 quod
2503 2271 2639 2336 petis
2665 2273 2859 2342 agitur,
2889 2279 2986 2334 etsi
3020 2253 3192 2338 nescis
3218 2284 3268 2339 in
3296 2302 3405 2357 quo

1815 2348 2006 2417 agitur.
2037 2351 2094 2406 In
2129 2354 2306 2413 radice
2349 2375 2433 2414 res
2470 2371 2554 2416 est
2573 2404 2588 2429 ,
2617 2367 2852 2424 nondum
2882 2371 2936 2426 in
2966 2372 3156 2432 fructu.
3187 2348 3404 2436 Salvum

1815 2458 1895 2495 me
1919 2447 2002 2514 [ac
2028 2446 2232 2501 dextera
2260 2460 2366 2516 tua,
2397 2462 2441 2506 et
2468 2457 2652 2510 exaudi
2679 2477 2773 2514 me.

1885 2537 1938 2592 8.
1972 2535 2119 2609 [νει-ε.
2147 2541 2226 2614 8.]
2253 2541 2390 2598 Deus
2417 2547 2615 2604 locutus
2642 2561 2715 2605 est
2741 2554 2794 2607 in
2821 2566 2994 2613 sancto
3021 2577 3132 2618 suo.
3169 2563 3306 2634 Quid
3336 2570 3402 2623 ti-

1813 2643 1926 2683 mes
1971 2645 2038 2686 ne
2082 2647 2185 2688 non
2233 2635 2322 2690 ﬁat
2365 2640 2506 2708 quod
2537 2642 2676 2699 Deus
2712 2647 2915 2705 locutus
2943 2654 3064 2708 est?
3092 2655 3147 2712 Si
3179 2659 3404 2718 haberes

1813 2720 2041 2790 aliquem
2073 2741 2286 2793 gravem
2318 2732 2545 2788 amicum
2576 2746 2630 2792 et
2665 2743 2957 2809 sapientem
2978 2787 2994 2813 ,
3026 2753 3292 2818 quomodo
3321 2756 3403 2810 di-

1812 2815 2002 2870 ceres?
2033 2817 2122 2872 llle
2150 2820 2358 2876 locutus
2386 2835 2468 2880 est
2498 2827 2641 2893 lucc,
2674 2831 2763 2886 ﬁat
2791 2851 3009 2895 necesse
3037 2815 3120 2896 est
3155 2846 3294 2913 quod
3324 2847 3402 2902 lo-

1810 2915 1965 2963 cutus
1995 2922 2075 2965 est
2105 2929 2119 2966 :
2147 2913 2228 2967 vir
2252 2919 2430 2985 gravis
2461 2930 2542 2976 est
2561 2964 2574 2988 ,
2606 2939 2710 2979 non
2743 2927 2952 2986 levitate
2981 2935 3162 3002 utitur,
3191 2956 3296 2996 non
3326 2943 3404 2999 fa-J

1810 2999 1912 3055 cile
1937 3001 2003 3056 de
2027 3009 2290 3061 sententia
2318 3010 2635 3081 dimovetur,
2667 3022 2806 3089 quod
2835 3027 3076 3092 promisit
3107 3030 3267 3087 ﬁxum
3295 3047 3396 3091 est.

1810 3090 1914 3146 Sed
1963 3105 2134 3152 tamen
2178 3099 2339 3156 homo
2377 3115 2492 3171 est,
2525 3109 2616 3177 qui
2644 3090 2928 3182 aliquando
2973 3122 3112 3189 quod
3158 3129 3398 3194 promisit

1808 3183 1984 3242 facere
2022 3191 2161 3258 vult,
2192 3204 2246 3248 et
2285 3211 2389 3250 non
2423 3209 2614 3267 potest.
2665 3205 2738 3260 De
2780 3207 2887 3262 Deo
2918 3183 3022 3266 non
3052 3183 3302 3288 estquod
3342 3183 3399 3276 tu

1810 3280 1996 3335 timeas
2020 3299 2032 3337 :
2062 3286 2182 3353 quia
2207 3302 2365 3343 verax
2389 3303 2490 3358 est,
2514 3305 2754 3363 constat;
2783 3301 2908 3369 quia
2930 3306 3270 3376 omnipotens
3292 3323 3405 3379 est;

1807 3386 2046 3442 constat;
2079 3378 2262 3437 fallere
2289 3393 2339 3438 te
2360 3401 2462 3438 non
2485 3399 2680 3458 potest,
2712 3391 2874 3449 habet
2893 3399 3033 3455 unde
3062 3403 3232 3459 faciat.
3259 3408 3400 3474 Quid

1807 3484 1934 3538 ergo
1981 3472 2134 3526 times
2178 3491 2246 3529 ne
2287 3476 2610 3547 decipiaris?
2637 3483 2782 3555 Opus
2806 3500 2889 3543 est
2917 3502 2971 3545 ut
3003 3502 3054 3546 tu
3089 3504 3137 3550 te
3164 3472 3398 3557 που-ἀει

1807 3560 1990 3628 cipias,
2021 3572 2075 3617 et
2104 3582 2411 3633 perseveres
2439 3588 2604 3642 usque
2631 3578 2683 3631 in
2712 3579 2891 3647 linem,
2922 3600 3042 3640 cum
3069 3588 3289 3648 daturus
3313 3593 3398 3651 est

1805 3655 1943 3720 quod
1975 3659 2232 3723 promisit.
2263 3661 2404 3716 Deus
2431 3666 2627 3722 locu-tus
2660 3683 2734 3726 est
2770 3673 2823 3728 in
2849 3690 3022 3733 sancto
3050 3697 3162 3736 sua.
3206 3686 3260 3739 In
3289 3701 3397 3757 quo

1804 3753 1977 3800 sancto
2002 3765 2093 3803 suo
2115 3751 2140 3803 ?
2171 3751 2305 3808 Deus
2330 3767 2434 3809 erat
2461 3759 2514 3812 in
2540 3760 2758 3829 Christo,
2792 3771 3034 3825 mundum
3064 3780 3397 3836 reconciliaui

1804 3840 1896 3892 sibi
1925 3839 1988 3913 (ll
2017 3842 2133 3898 Cor.
2164 3860 2218 3910 v,
2251 3848 2360 3914 l9).
2393 3849 2446 3905 In
2478 3866 2664 3909 sancto
2696 3857 2816 3926 illo,
2846 3862 2914 3917 de
2954 3883 3059 3934 quo
3088 3871 3214 3925 alibi
3244 3875 3395 3929 audin

1803 3932 1940 3986 stis:
1977 3933 2110 3989 Dens
2133 3937 2185 3992 in
2211 3954 2384 3996 sancto
2423 3945 2504 3998 via
2546 3957 2632 4000 tua
2672 3950 2842 4019 (Ps‘al.
2873 3932 3066 4025 LXX—Vl,
3101 3962 3210 4033 Η).
3252 3963 3394 4021 Dcite

1804 4024 1997 4081 locutus
2025 4040 2096 4082 est
2125 4031 2178 4084 in
2206 4044 2381 4088 sancto
2411 4051 2522 4090 suo.
2568 4038 2836 4112 Laztabor,
2875 4057 2922 4100 et
2960 4024 3181 4106 (lividam
3217 4056 3391 4110 Sichi-

1801 4132 1954 4169 mum.
1987 4120 2116 4187 Quia
2145 4123 2284 4177 Deus
2318 4125 2418 4181 hoc
2454 4129 2660 4187 locutus
2698 4145 2812 4198 est,
2843 4138 2932 4193 ﬁet
2966 4160 2978 4193 :
3013 4157 3111 4197 vox
3138 4145 3390 4204 Ecclesiae

1801 4221 1901 4275 est,
1929 4211 2063 4268 Dius
2089 4214 2282 4272 locutus
2304 4231 2374 4274 est
2396 4222 2447 4275 in
2469 4235 2641 4279 sancto
2661 4245 2770 4282 suo.
2796 4231 2911 4286 Non
2936 4236 3096 4289 verba
3120 4238 3248 4294 dicit
3271 4241 3392 4312 qum’

1802 4302 1939 4358 Deus
1989 4307 2194 4362 locutus
2237 4320 2350 4375 est;
2400 4315 2492 4369 sed
2537 4320 2787 4387 quoniam
2833 4322 2972 4378 Deus
3011 4327 3207 4383 locutas
3236 4302 3307 4386 esi
3337 4336 3395 4391 in

1797 4408 1971 4450 sancto
2001 4416 2093 4453 suo
2113 4441 2127 4465 ,
2163 4417 2261 4458 nec
2289 4403 2400 4460 ﬁeri
2434 4408 2632 4478 aliquid
2665 4421 2871 4480 potest,
2907 4417 3006 4470 nisi
3037 4423 3388 4488 quemadmo-

1798 4486 1923 4542 dum
1959 4491 2163 4546 locutus
2203 4505 2284 4549 est
2317 4495 2484 4564 Deus,
2519 4515 2908 4573 consequenter
2950 4486 3066 4564 ista
3094 4515 3384 4574 eveniunt:

1798 4580 2050 4650 Lwtabor,
2077 4595 2119 4639 et
2148 4587 2366 4642 diuidam
2393 4593 2694 4655 Sic/rimam.
2718 4607 2765 4651 et
2791 4602 3068 4656 convallem
3093 4605 3390 4664 tabernacu-

1798 4675 1959 4728 lorum
2003 4679 2251 4734 dimetiar.
2291 4681 2522 4738 Sichima
2570 4687 2784 4745 Homeri
2823 4693 3251 4763 interpretantur.
3287 4703 3386 4758 Se-

1795 4771 2027 4824 Cun-Jum
2059 4772 2329 4828 historiam
2356 4793 2502 4841 vero,
2525 4778 2687 4836 Jactib
2709 4784 2920 4840 rediens
2946 4805 2972 4840 a
2997 4788 3176 4846 Lalian
3197 4807 3385 4852 socero

1796 4877 1893 4917 suo
1930 4878 2048 4918 cum
2089 4868 2334 4924 omnibus
2376 4872 2520 4938 suis,
2563 4874 2837 4930 abscondit
2879 4879 3013 4934 idola
3061 4884 3114 4938 ιιι
3152 4886 3394 4943 Sicliim'a'

1795 4971 1911 5025 qum
1945 4957 2172 5014 habebat
2201 4961 2266 5014 de
2292 4963 2474 5034 Syria,
2510 4966 2593 5018 ubi
2625 4967 2714 5021 ditt
2748 4975 3132 5044 peregrinatus,
3169 4982 3382 5036 tandem

1794 5049 2080 5120 aliquando
2107 5053 2228 5107 inde
2255 5055 2496 5109 veniebat
2529 5056 2679 5127 (Gen.
2711 5077 2880 5130 xxxv,
2910 5066 2988 5134 4).
3020 5068 3382 5127 'l‘aberiﬁcula

1794 5154 1967 5199 autem
2003 5147 2124 5200 fecit
2154 5148 2220 5201 ibi
2255 5156 2472 5217 prepter
2501 5167 2629 5206 oves
2658 5170 2780 5209 suas
2816 5167 2870 5211 et
2899 5169 3138 5214 armenta
3159 5203 3174 5228 ,
3204 5172 3258 5217 et
3287 5178 3382 5234 ap-

1791 5235 2008 5306 pellavit
2040 5237 2212 5292 locum
2247 5239 2393 5292 illum
2430 5240 2774 5299 Tabernacnla
2804 5247 2911 5319 (Id.
2947 5265 3138 5316 xxxiii,
3173 5253 3282 5324 Π).
3319 5256 3384 5310 Et

1794 5330 1907 5384 lucc
1935 5331 2163 5386 dividam
2187 5375 2200 5397 ,
2235 5333 2401 5402 inquit
2428 5334 2686 5392 Ecclesia.
2717 5339 2851 5406 Quid
2885 5350 2966 5395 est
2993 5341 3122 5409 hoc,
3158 5329 3382 5400 diuidam

1794 5423 2118 5479 Sichimmn?
2145 5427 2198 5482 Si
2231 5428 2297 5481 ad
2323 5428 2600 5485 historiam
2632 5433 2714 5486 ubi
2743 5434 3050 5490 abscondita
3077 5447 3199 5494 sunt
3241 5441 3378 5497 idola

1791 5520 2070 5583 referatur,
2103 5521 2300 5576 Gentes
2327 5523 2606 5593 signiﬁcat.
2641 5525 2827 5581 Divido
2855 5527 3072 5584 Gentes.
3107 5532 3242 5601 Quid
3276 5545 3377 5600 cst,

1789 5608 2006 5665 divido?
2030 5611 2145 5666 Non
2173 5614 2312 5667 enim
2344 5616 2580 5670 omnium
2610 5627 2690 5672 est
2718 5616 2847 5674 ﬁdes
2875 5619 2949 5690 (ll
2976 5620 3154 5678 Tli'ess.
3188 5641 3265 5691 ιιι,
3295 5627 3375 5699 2).

1788 5706 1924 5774 Quid
1956 5716 2032 5760 est
2063 5707 2278 5762 divido?
2321 5709 2424 5763 Alii
2455 5709 2702 5775 credent,
2731 5711 2821 5767 alii
2853 5727 2956 5770 non
2988 5715 3209 5774 credent
3237 5738 3250 5772 :
3282 5723 3374 5778 sed

1791 5807 1967 5855 tamen
2005 5815 2108 5856 non
2148 5801 2368 5856 timeant
2408 5800 2495 5871 qui
2533 5801 2790 5872 credunt,
2820 5804 2958 5863 inter
2992 5807 3112 5865 illos
3151 5812 3240 5883 q'u‘i
3268 5829 3376 5869 non

1788 5896 2032 5951 credunt.
2064 5894 2224 5949 Divisi
2257 5901 2382 5948 sunt
2407 5896 2546 5951 enim
2573 5911 2714 5952 nunc
2743 5897 2882 5966 ﬁde;
2915 5911 3098 5972 postea
3134 5905 3377 5962 divident-

1793 5997 1879 6045 tur
1910 5989 1959 6044 in
1984 5985 2218 6058 judicio,
2250 6000 2379 6044 oves
2410 5986 2477 6043 ad
2504 5986 2807 6063 dexteram,
2838 5991 2973 6053 haedi
3004 5995 3070 6054 ad
3104 5996 3373 6056 sinistram
