3912 6458
553 424 660 487 719

555 543 768 618 (Matth.
793 557 921 610 xxv,
945 540 1058 613 33).
1086 539 1224 596 Ecce
1248 539 1547 594 invenimus
1566 535 2012 608 quemadmodum
2036 536 2139 592 Ec-

553 636 718 694 clesia
753 636 952 691 dividat
984 633 1297 690 Sichimam.
1327 631 1608 699 Quomodo
1635 630 1825 685 dividit
1863 631 2136 698 humeros,

514 799 517 802 _
555 730 848 786 secundum
879 728 1108 783 nominis
1137 725 1666 796 interpretationem?
1699 724 2012 778 Dividuntur
2040 723 2142 778 bu-

519 823 721 900 .meri,
752 830 808 875 ut
835 821 970 875 alios
1006 827 1228 890 gravent
1263 825 1481 887 peccata
1509 831 1634 882 sua,
1666 815 1755 870 alii
1797 815 1983 870 tollant
2023 830 2140 869 sar-

519 914 721 968 .cinam
763 910 980 966 Christi.
1015 910 1280 965 Humeros
1327 909 1469 962 enim
1516 906 1630 977 pios
1675 905 1974 976 quaerebat,
2018 920 2138 959 cum

545 1003 752 1060 diceret
777 1020 792 1057 :
817 1001 1012 1073 Jugum
1051 1001 1185 1055 enint
1221 1015 1387 1054 nicum
1429 999 1539 1053 lene
1571 1007 1679 1058 est,
1717 1007 1763 1052 et
1803 997 2003 1052 sarcina
2031 1013 2141 1050 mea

506 1113 517 1162 ι
546 1094 667 1149 levis
695 1103 768 1149 est
800 1093 907 1163 (Id.
939 1109 992 1147 ιιι
1011 1135 1024 1157 ,
1053 1091 1166 1164 50).
1196 1092 1314 1148 Alia
1343 1092 1550 1145 sarcina
1581 1089 1772 1158 pretnit
1805 1099 1859 1143 ct
1892 1096 2142 1158 aggravat

503 1173 514 1208 δ
547 1195 636 1252 te;
669 1184 867 1242 Christi
913 1194 1090 1240 autem
1139 1184 1346 1239 sarcina
1377 1181 1618 1237 sublevat
1648 1191 1698 1235 te
1736 1199 1751 1236 :
1789 1180 1888 1235 alia
1933 1180 2139 1236 sarcina

543 1280 753 1350 pondus
781 1279 974 1344 habet;
1003 1276 1200 1332 Christi
1229 1275 1441 1332 sarcina
1475 1288 1676 1343 pennas
1707 1271 1882 1327 habet.
1923 1271 2054 1326 Nam
2083 1279 2138 1326 et

543 1371 630 1428 avi
677 1371 724 1427 si
770 1384 974 1441 pennas
1018 1368 1304 1433 detrahas,
1354 1365 1505 1436 quasi
1551 1380 1688 1421 onus
1731 1364 1906 1428 tollis;
1940 1374 1994 1419 et
2033 1380 2137 1434 quo

543 1463 715 1533 magis
758 1475 896 1516 onus
937 1459 1229 1523 abstulisti,
1263 1472 1330 1512 eo
1357 1456 1524 1527 magis
1555 1456 1605 1509 in
1638 1464 1777 1510 terra
1817 1454 2132 1510 remanebit.

543 1553 717 1622 Quam
746 1566 1043 1608 exonerare
1067 1549 1313 1615 voluisti,
1341 1547 1484 1618 jacet
1511 1563 1525 1600 :
1557 1561 1662 1600 non
1696 1546 1871 1609 volat,
1898 1546 2018 1616 quia
2049 1555 2137 1600 tu-

542 1647 652 1702 listi
694 1659 864 1710 onus;
911 1643 1094 1700 redeat
1135 1657 1305 1706 onus,
1341 1649 1396 1696 et
1425 1639 1587 1693 volat.
1630 1638 1772 1693 Talis
1815 1645 1898 1693 est
1938 1636 2136 1694 Christi

541 1738 772 1793 sarcina.
807 1736 1025 1792 Portent
1055 1734 1201 1790 illam
1231 1733 1508 1795 homines;
1543 1745 1648 1784 non
1680 1731 1788 1784 sint
1816 1729 1946 1799 pigri
1981 1747 1993 1783 :
2028 1743 2131 1784 non

539 1827 883 1882 attenduntur
903 1827 976 1880 illi
1001 1826 1088 1896 qui
1110 1839 1228 1880 eam
1251 1823 1398 1878 ferre
1424 1822 1645 1883 nolunt;
1675 1821 1846 1875 ferant
1874 1821 2016 1875 illam
2043 1823 2132 1892 qui

537 1917 755 1982 volunt,
788 1926 842 1972 et
886 1915 1155 1971 invenient
1190 1929 1350 1985 quam
1399 1913 1468 1968 sit
1516 1912 1680 1978 levis,
1726 1927 1884 1982 quam
1931 1913 2128 1980 suavis,

536 2023 697 2080 quam
718 2006 972 2077 jucunda,
1000 2020 1157 2076 quam
1181 2005 1394 2075 rapiens
1421 2004 1474 2057 in
1499 2002 1692 2058 ctelum
1723 2011 1778 2057 et
1804 2018 1834 2056 a
1861 2009 2001 2056 terra
2027 2004 2133 2057 eri-

537 2102 692 2171 piens
715 2101 754 2154 ¹.
783 2099 1021 2153 Dividam
1053 2098 1332 2153 Sicltimam
1352 2138 1367 2164 ,
1396 2105 1442 2150 et
1467 2095 1745 2150 convallem
1774 2096 2127 2150 tabernaculo-

535 2202 652 2245 rum
677 2190 931 2244 dimetiar.
960 2188 1121 2244 Forte
1151 2197 1369 2258 propter
1397 2201 1526 2240 oves
1553 2186 1739 2251 Jacob,
1771 2185 2026 2240 convallis
2052 2193 2129 2240 ta-

535 2283 944 2340 bernaculorum
977 2281 1288 2350 intelligitur
1313 2294 1446 2347 gens
1469 2278 1797 2352 Judzcorum,
1830 2287 1885 2332 et
1915 2278 2025 2348 ipsa
2051 2277 2132 2332 di-

531 2376 729 2431 viditur
768 2393 781 2429 :
821 2389 943 2429 nam
971 2373 1298 2428 transierunt
1328 2371 1450 2426 inde
1478 2371 1568 2440 qui
1595 2368 1971 2435 crediderunt;
1999 2369 2129 2425 foris

531 2466 720 2537 reliqui
751 2473 1147 2522 remanserunt.

602 2561 657 2617 9.
686 2558 838 2633 [νει-ε.
863 2556 943 2630 9.]
971 2556 1117 2612 Meus
1136 2564 1211 2611 est
1231 2554 1451 2611 Galaad.
1473 2552 1697 2609 Nomina
1722 2562 1846 2609 sunt
1865 2553 1963 2610 ista
1989 2553 2124 2610 lecta

528 2655 584 2711 in
606 2654 824 2710 Litteris
849 2653 962 2708 Dei.
995 2650 1190 2707 Galaad
1220 2650 1380 2704 habet
1408 2648 1866 2719 interpretationis
1893 2664 2003 2704 suae
2028 2663 2123 2704 vo-

529 2763 648 2804 cem
668 2756 722 2802 et
741 2747 914 2816 magni
936 2745 1254 2799 sacramenti
1282 2761 1294 2795 :
1321 2743 1698 2812 interpretatur
1718 2741 1860 2796 enim
1884 2743 2122 2798 Acervus

527 2840 840 2899 testimonii.
865 2838 1105 2907 Quantus
1127 2849 1352 2891 acervus
1373 2834 1662 2890 testimonii
1687 2835 1740 2889 in
1763 2832 2119 2904 martyribus?

527 2933 678 2990 Heus
705 2941 777 2988 est
804 2931 1002 2986 Galaad
1032 2946 1050 2984 :
1079 2943 1230 2984 meus
1269 2937 1352 2983 est
1393 2942 1618 2982 acervus
1657 2926 1982 2993 testimonii,
2011 2927 2117 2982 mei

525 3038 650 3082 sunt
677 3026 935 3096 Martyres
959 3021 1094 3078 veri.
1129 3021 1421 3076 Moriuntur
1446 3019 1532 3073 alii
1557 3021 1577 3052 ³
1607 3035 1701 3089 pro
1728 3027 1935 3075 vetusta
1963 3021 2116 3076 vani-

525 3124 634 3173 tate
680 3132 775 3172 δυο
825 3116 940 3170 sine
985 3113 1127 3177 sale;
1161 3110 1414 3181 numquid
1457 3110 1725 3180 pertinent
1760 3110 1827 3164 ad
1863 3125 2114 3168 acervum

523 3206 853 3266 testimonii?
881 3204 1014 3274 Quia
1053 3212 1107 3259 et
1144 3204 1189 3258 si
1230 3201 1499 3257 tradidero
1529 3215 1725 3270 corpus
1752 3216 1928 3255 memn
1956 3202 2025 3255 ita
2058 3211 2116 3258 ut

523 3297 738 3355 ardeam
758 3338 773 3360 ,
803 3295 1118 3351 charitatem
1157 3299 1335 3346 autem
1383 3306 1486 3350 non
1531 3290 1753 3345 habeam
1773 3332 1789 3357 ,
1823 3290 1951 3346 nihil
1982 3291 2113 3348 mihi

522 3390 744 3464 prodest
769 3387 814 3459 (l
840 3387 958 3441 Cor.
986 3401 1102 3450 χιιι,
1131 3383 1210 3457 5).
1237 3382 1372 3439 Cum
1399 3392 1576 3437 autem
1602 3381 1829 3452 quodam
1858 3383 1976 3438 loco
1996 3398 2111 3438 tuo-

520 3491 674 3540 neret
704 3480 960 3535 Dominus
995 3476 1063 3532 de
1100 3490 1229 3546 pace
1265 3473 1577 3536 retinenda,
1611 3474 1867 3543 prtemisit
1902 3475 2108 3532 salem:

522 3576 747 3642 Habeto,
777 3572 979 3644 inquit,
1010 3571 1064 3624 in
1099 3569 1237 3624 vobis
1269 3569 1460 3634 salem,
1491 3577 1537 3622 et
1576 3584 1753 3637 pacem
1781 3567 1956 3622 habete
1981 3569 2113 3624 inter

518 3685 605 3727 vos
636 3667 824 3742 (Marc.
851 3681 935 3732 lx,
963 3662 1075 3736 49).
1119 3661 1289 3732 Ergo,
1326 3659 1474 3716 Meus
1489 3664 1574 3716 ‘est
1600 3658 1800 3716 Galaad
1835 3676 1856 3716 :
1889 3659 1982 3716 sed
2006 3661 2112 3718 Ga-

520 3762 662 3828 laad,
692 3761 742 3815 id
774 3767 857 3814 est
877 3771 1100 3813 acervus
1127 3753 1436 3820 testimonii,
1464 3754 1517 3809 in
1548 3769 1736 3824 magna
1768 3754 2111 3812 tribulatione

517 3855 795 3912 evidenter
825 3851 994 3906 factus
1023 3857 1125 3904 est.
1156 3847 1310 3902 Tunc
1343 3847 1698 3916 ignominiosa
1731 3847 1966 3902 Ecclesia
1996 3857 2112 3903 erat

519 3950 576 4005 in
604 3944 942 4010 hominibus,
971 3951 1094 3996 tunc
1121 3937 1465 4009 opprobrium
1495 3937 1570 3991 illi
1607 3937 1779 3992 viduae
1808 3937 2113 4008 objectaba-

519 4050 637 4105 tur,
665 4038 786 4108 quia
816 4032 1017 4090 Christi
1062 4039 1206 4095 erat,
1248 4031 1370 4098 quia
1402 4028 1610 4099 signum
1645 4029 1818 4085 crucis
1853 4031 1904 4084 in
1933 4028 2111 4087 fronte

518 4131 815 4202 portabat:
861 4125 1098 4182 uetulum
1143 4131 1260 4178 erat
1304 4114 1509 4187 horter;
1554 4122 1755 4178 crimen
1800 4131 1917 4178 erat
1961 4130 2108 4180 tunc.

520 4223 747 4294 Quando
769 4235 898 4290 ergo
927 4234 1030 4273 non
1059 4217 1252 4280 honor,
1281 4215 1375 4271 sed
1401 4215 1602 4271 crimen
1626 4225 1761 4280 erat,
1793 4224 1918 4270 tunc
1944 4216 2111 4273 factus

521 4327 605 4373 est
630 4308 852 4371 acervus
882 4307 1207 4373 testimonii;
1237 4317 1292 4363 et
1322 4323 1417 4376 per
1446 4322 1694 4362 acervum
1720 4309 2004 4362 testimonii
2032 4307 2112 4362 di-

521 4410 684 4466 latata
727 4415 809 4462 est
847 4405 1083 4459 cbaritas
1111 4400 1344 4464 Christi;
1383 4409 1436 4454 et
1467 4415 1562 4468 per
1590 4399 1953 4456 dilatationem
1981 4399 2110 4455 cha-

518 4503 691 4559 ritatis
706 4497 903 4555 Christi
925 4501 1199 4562 occupatae
1220 4500 1342 4546 sunt
1357 4501 1561 4561 gentes.
1585 4490 1855 4561 Sequitur,
1885 4491 1952 4546 Et
1972 4509 2112 4549 meus

519 4603 593 4650 est
624 4591 890 4644 Manasses
919 4603 938 4639 :
966 4584 1107 4654 quod
1145 4583 1523 4652 interpretatur
1551 4582 1777 4638 Oblitus.
1807 4584 1938 4639 Huic
1966 4589 2110 4644 enim

519 4683 724 4738 dictum
751 4688 862 4732 erat
890 4693 902 4728 :
933 4673 1290 4743 Confusionem
1314 4673 1365 4726 in
1397 4683 1693 4744 perpetuum
1714 4675 2037 4746 Oblivisceris,
2065 4689 2113 4734 et

519 4771 812 4847 ignominia:
839 4768 1095 4822 uiduitatis
1118 4775 1219 4820 tua:
1243 4782 1342 4820 non
1369 4766 1469 4821 eris
1498 4783 1686 4820 memor
1715 4766 1866 4840 (Isai.
1896 4785 1999 4836 Liv,
2029 4772 2109 4843 4).

518 4869 653 4924 Erat
692 4878 822 4934 ergo
850 4860 1095 4918 confusio
1121 4858 1372 4926 Ecclesia:
1411 4859 1719 4928 aliquando,
1757 4877 1914 4932 quam
1953 4864 2113 4921 modo

520 4960 684 5017 oblita
723 4966 807 5013 est
835 4975 848 5011 :
877 4953 1204 5010 confusionis
1234 4952 1376 5008 enim
1418 4963 1472 5007 et
1514 4953 1814 5023 ignominiae
1846 4955 2113 5013 viduitatis

523 5067 637 5108 sua:
660 5048 771 5120 jam
800 5062 907 5102 non
934 5054 1017 5100 est
1047 5058 1271 5100 memor.
1300 5043 1524 5112 Quando
1558 5044 1698 5100 enim
1727 5047 1970 5116 quaedam
1998 5058 2115 5104 erat

522 5139 769 5199 confusio
813 5138 953 5192 inter
1003 5136 1282 5202 homines,
1336 5151 1558 5191 acervus
1607 5137 1894 5192 testimonii
1947 5140 2114 5196 factus

523 5245 661 5290 erat.
703 5228 861 5286 Modo
894 5229 1004 5298 jam
1035 5244 1193 5282 nemo
1221 5227 1302 5282 vel
1332 5228 1573 5283 meminit
1599 5228 1738 5286 illius
1762 5232 2110 5304 confusionis,

525 5322 739 5397 quando
769 5321 1058 5394 ignominia
1085 5329 1202 5374 erat
1231 5335 1352 5374 esse
1387 5319 1771 5386 christianum;
1803 5325 1912 5393 jam
1954 5342 2114 5383 nemo

528 5415 802 5478 meminit,
831 5416 940 5486 jam
972 5429 1160 5470 oumes
1188 5413 1336 5468 obliti
1383 5423 1500 5468 sttut
1522 5457 1536 5480 ,
1578 5415 1689 5487 jam
1719 5434 1857 5473 meus
1895 5431 1965 5475 est
1992 5421 2113 5476 Μα-

523 5527 715 5566 nasses.
742 5508 805 5562 Et
829 5507 1071 5579 Epitrtem
1096 5506 1340 5575 fortitudo
1365 5508 1544 5579 capitis
1567 5509 1682 5562 mei.
1713 5509 1959 5578 prratm
1987 5513 2116 5570 Fru-

528 5599 778 5654 ctificatio
809 5595 1208 5664 interpretatur.
1238 5591 1352 5648 Mea
1373 5634 1388 5659 ,
1420 5594 1621 5664 inquit,
1664 5593 2033 5667 fructiﬁcatio,
2061 5610 2116 5655 et

588 5773 606 5805 ι
631 5761 813 5822 catino.
837 5768 982 5828 liber,
1005 5767 1210 5832 erigens.
2120 5710 2202 5775 ἐφ’

591 5835 613 5867 ³
636 5833 770 5892 ωδ..
791 5831 1060 5904 moriantur
1082 5829 1215 5904 nui-li.
1233 5836 1358 5904 .Mss:
1399 5843 1538 5904 vero,
1562 5832 1650 5886 alii
1691 5846 1709 5886 :
1741 5835 1824 5889 ubi
1848 5760 2197 5904 Donatista-ﬁ

591 5835 613 5867 ³
636 5833 770 5892 ωδ..
795 5831 1060 5882 moriantur
1078 5829 1215 5880 nulli.
1252 5836 1358 5880 Mss.
1399 5843 1538 5893 vero,
1562 5832 1650 5886 alii
1691 5846 1709 5886 :
1741 5835 1824 5889 ubi
1848 5838 2116 5891 Donatista-

521 5904 634 5950 νει)
650 5895 1070 5958 pseudomartyres
1093 5894 1243 5944 notari
1273 5893 1516 5944 videntur.

1788 423 1844 480 S.
1885 420 2122 481 AUGUS'

2225 420 2250 476 'f
2290 421 2595 480 EPlSCOPl
2981 399 2992 404 ’
3642 437 3708 495 τεο

2247 536 2361 592 haec
2391 536 2730 592 fructificatio
2750 533 3005 591 fortitudo
3027 541 3110 592 est
3129 534 3312 607 capitis
3334 539 3447 596 mei.
3470 541 3603 612 Caput
3618 551 3710 607 enim

2245 643 2425 684 meum
2465 628 2714 683 Christus
2755 637 2856 684 est.
2910 628 2974 682 Et
3022 628 3164 684 unde
3205 627 3508 689 fructiﬁcatio
3541 637 3711 698 fortitudo

2245 722 2401 792 ejus?
2429 721 2563 790 Quia
2594 722 2696 776 nisi
2726 737 2951 793 granum
2983 723 3199 778 caderet
3227 724 3276 777 in
3304 733 3500 795 terram,
3525 744 3606 784 non
3624 737 3711 790 nul.

2247 813 2594 884 tiplicaretur,
2623 813 2797 870 solum
2826 825 3150 870 remaneret.
3176 811 3374 870 Cecidit
3395 833 3507 889 ergo
3529 820 3568 874 iu
3586 833 3712 883 ternm

2245 904 2486 960 Christus
2515 905 2566 960 in
2597 906 2863 976 passione,
2890 915 2946 960 et
2967 917 3150 962 secuta
3180 917 3260 962 est
3294 906 3586 966 frnctificatiu
3607 916 3642 969 in
3661 934 3712 971 re.

2244 999 2595 1054 surreetione.
2642 996 2710 1051 Et
2753 997 2995 1067 Ephrwm
3035 999 3278 1069 fortitudo
3323 1001 3487 1070 capitis
3517 1007 3606 1058 uici.
3630 1008 3713 1065 Pen.

2243 1085 2402 1144 debat
2426 1098 2481 1144 et
2505 1089 2949 1144 contemnebatur
2975 1108 2988 1144 :
3014 1103 3236 1159 granum
3265 1102 3376 1146 erat
3404 1093 3542 1154 intus,
3569 1095 3715 1154 Ιιειὶιειιιι

2245 1179 2385 1235 vires
2416 1181 2661 1236 trahendi
2691 1190 2810 1250 post
2829 1197 2890 1238 se
2908 1181 3086 1238 omnia
3115 1181 3294 1252 (Joan.
3317 1199 3406 1251 xu,
3426 1186 3507 1252 94,
3527 1188 3714 1260 3⁸2).οω

2242 1273 2405 1327 modo
2431 1273 2482 1327 in
2511 1287 2679 1342 grano
2721 1275 2926 1329 numeri
2969 1275 3233 1330 seminum
3277 1277 3465 1344 latent;
3505 1283 3716 1348 abjectum'

2241 1365 2425 1420 nescio
2451 1365 2576 1435 quid
2603 1376 2825 1437 apparet
2849 1367 3018 1422 oculis
3038 1407 3053 1433 ,
3084 1367 3179 1422 sed
3208 1369 3289 1422 vis
3326 1381 3601 1427 convertens
3628 1375 3663 1428 in
3684 1393 3718 1433 se

2241 1455 2518 1511 materiam
2547 1466 2600 1513 et
2626 1459 2900 1528 proferens
2928 1457 3157 1514 fructum
3181 1459 3479 1515 abscondita
3508 1466 3671 1522 estzsic
3687 1469 3719 1522 in

2239 1547 2436 1605 Christi
2463 1565 2622 1606 cruce
2647 1550 2959 1606 abscondita
2995 1561 3110 1606 erat
3139 1553 3343 1619 virtus;
3369 1555 3720 1624 apparebatiulir.

2239 1643 2416 1698 mitas.
2448 1643 2492 1700 Ο
2519 1660 2770 1715 magnum
2800 1645 3061 1715 granum!
3091 1645 3249 1701 Certe
3285 1646 3513 1704 infirmus
3543 1661 3606 1704 est
3640 1668 3721 1721 pen-

2237 1731 2392 1801 dens,
2420 1745 2569 1790 certe
2595 1746 2719 1790 ante
2746 1735 2892 1791 illum
2921 1743 3083 1807 caput
3113 1736 3265 1808 plebs
3294 1738 3380 1793 illa
3405 1739 3613 1810 agitavit,
3631 1755 3722 1799 certe

2237 1825 2517 1882 dixerunt:
2542 1829 2604 1883 Si
2632 1827 2795 1883 Filius
2818 1828 2914 1883 Dei
2938 1839 3031 1891 est,
3062 1831 3329 1885 descendat
3355 1831 3416 1886 de
3437 1849 3562 1887 cruce
3581 1834 3719 1906 (Matth.

2236 1933 2377 1972 xxvn
2399 1960 2413 1985 ,
2446 1918 2558 1990 40).
2588 1919 2728 1974 Audi
2767 1919 3131 1976 fortitudinem
3177 1921 3338 1993 ejus:
3384 1922 3519 1991 Quod
3548 1925 3724 1995 inﬁmum

2234 2019 2303 2064 est
2330 2009 2459 2073 Dei,
2501 2011 2684 2082 fortius
2716 2025 2790 2066 est
2826 2011 3113 2066 hominibus
3158 2011 3209 2086 (I
3236 2013 3355 2068 Cor.
3379 2031 3424 2080 ι,
3459 2014 3572 2084 25).
3603 2016 3722 2073 Merito

2236 2107 2376 2154 mnta
2406 2099 2744 2157 fructificatio
2771 2111 3061 2157 consecuta
3091 2114 3172 2158 est
3212 2121 3227 2159 :
3264 2103 3379 2161 hinc
3404 2120 3514 2162 mea
3536 2114 3626 2174 est,
3644 2107 3723 2164 dicit

2232 2188 2492 2246 Ecclesia.

2303 2283 2388 2338 10.
2423 2281 2572 2356 [vers.
2605 2279 2716 2358 10.]
2745 2283 2885 2340 Juda
2906 2303 2998 2341 rex
3025 2302 3163 2342 meus
3184 2303 3204 2342 :
3234 2286 3388 2344 Moab
3412 2288 3509 2344 olla
3529 2291 3615 2360 spei
3633 2307 3721 2347 nes.

2229 2375 2370 2430 Juda
2410 2395 2501 2432 rea:
2542 2395 2682 2434 meus
2723 2395 2740 2433 :
2780 2381 2900 2451 quis
2921 2380 3097 2436 Juda?
3120 2379 3222 2450 Qui
3252 2382 3321 2438 de
3350 2383 3479 2438 tribu
3504 2383 3723 2450 Juda.0uis

2229 2467 2361 2523 Juda
2386 2508 2400 2533 ,
2449 2469 2548 2523 nisi
2580 2471 2666 2525 cui
2697 2469 2835 2526 dixit
2875 2472 2987 2542 ipse
3016 2471 3180 2528 Jacob
3214 2492 3226 2528 :
3259 2473 3436 2541 Juda,
3469 2485 3510 2529 te
3534 2476 3725 2529 laudabunt

2229 2561 2410 2631 fratres
2437 2559 2508 2614 tui
2539 2559 2689 2631 (Gen.
2719 2577 2844 2617 ιω(
2869 2603 2885 2629 ,
2917 2563 3014 2635 8)?
3041 2561 3183 2618 Iuda
3221 2582 3314 2620 rex
3339 2583 3489 2620 meus.
3513 2566 3622 2635 Quid
3648 2583 3724 2636 ergo

2227 2652 2441 2707 timeam
2463 2695 2478 2718 ,
2510 2653 2720 2723 quando
2755 2653 2892 2709 Juda
2919 2671 3012 2710 rex
3042 2670 3193 2710 mens
3217 2656 3351 2713 dicit
3395 2674 3408 2710 :
3450 2657 3724 2713 Nolitetiaac

2223 2760 2310 2799 eos
2360 2746 2444 2814 qui
2484 2745 2718 2800 occidunt
2756 2762 2940 2816 corpus
2985 2745 3194 2818 (Matth.
3245 2763 3317 2815 x,
3365 2748 3493 2818 28)?
3528 2748 3638 2803 Iuda
3674 2765 3725 2801 res

2225 2852 2404 2890 meus:
2436 2835 2590 2890 Moab
2611 2836 2714 2890 olla
2735 2837 2842 2908 spei
2861 2853 3002 2893 uicta.
3031 2839 3206 2907 Quare
3223 2880 3238 2905 ,
3274 2841 3378 2894 olla
3396 2841 3421 2894 Ρ
3439 2841 3556 2907 Quia
3584 2840 3725 2895 tribula-

2225 2926 2319 2981 tio.
2347 2925 2542 2994 Quare,
2571 2928 2678 2997 spei
2707 2944 2830 2982 mew
2847 2928 2873 2982 ?
2896 2928 3028 2997 Quia
3059 2931 3337 3000 praecessit
3362 2931 3491 2986 Juda
3515 2948 3593 2987 rex
3615 2947 3720 2986 metu.

2220 3020 2332 3089 Qua
2363 3021 2502 3075 enim
2535 3022 2828 3090 praecessit,
2855 3033 2908 3075 tu
2938 3025 3087 3092 sequi
3111 3023 3240 3094 quid
3278 3026 3432 3080 times
3451 3025 3618 3094 'lQua
3640 3039 3722 3094 pra-

2219 3111 2420 3168 ccssit?
2440 3113 2542 3167 Per
2572 3112 2940 3170 tribulationes
2960 3155 2975 3178 ,
3010 3129 3105 3184 per
3142 3118 3421 3187 angustias
3442 3159 3456 3183 ,
3485 3133 3568 3187 per
3601 3132 3725 3185 oppro-

2217 3203 2355 3261 bria.
2384 3202 2540 3274 Septa
2569 3213 2686 3259 erat
2713 3206 2817 3271 via,
2848 3203 2941 3260 sed
2971 3213 3256 3276 antemnam
3287 3209 3527 3264 transiret
3550 3227 3561 3262 :
3582 3216 3725 3278 pestes-

2216 3310 2375 3365 quatn
2405 3295 2642 3361 transiit,
2668 3311 2924 3366 sequere;
2952 3296 3060 3366 jam
3093 3306 3240 3368 patet
3267 3301 3348 3353 via
3397 3300 3528 3355 illius
3554 3299 3725 3354 transitu.

2218 3387 2509 3458 Singularis
2561 3405 2652 3460 ego
2698 3406 2852 3456 sum,
2900 3389 3108 3460 inquit,
3137 3393 3228 3445 sed
3272 3409 3518 3464 quousque
3551 3403 3726 3448 unum

2216 3478 2388 3551 (Psal.
2419 3494 2521 3536 cxx.
2540 3520 2556 3547 ,
2585 3480 2678 3550 10)
2708 3498 2721 3533 :
2749 3481 3018 3551 singulare
3047 3498 3274 3553 granum
3296 3526 3311 3551 ,
3344 3487 3437 3541 sed
3465 3485 3725 3555 quoadusque

2217 3581 2482 3638 transeat;
2514 3589 2633 3628 cum
2662 3574 2970 3642 transierit,
3001 3587 3258 3646 sequetur
3288 3577 3615 3635 fructificatiu.
3637 3577 3725 3631 Iuda

2215 3681 2307 3718 rea:
2338 3681 2498 3720 meus.
2542 3665 2682 3736 Ergo
2711 3666 2831 3735 quia
2873 3664 3018 3720 Iuda
3046 3684 3138 3723 rea:
3173 3686 3318 3725 meus
3345 3688 3364 3727 :
3398 3666 3542 3726 Hoab
3564 3669 3726 3738 ollaspa'

2216 3771 2357 3809 mete.
2403 3754 2556 3810 MOab
2601 3755 2913 3828 intelligitur
2943 3759 2995 3812 in
3040 3757 3325 3818 Gentibus.
3371 3762 3496 3817 Nata
3535 3771 3605 3817 est
3631 3761 3722 3817 euim

2217 3845 2314 3900 ista
2335 3860 2464 3916 gens
2479 3844 2546 3901 de
2567 3855 2804 3916 peccato,
2834 3857 2955 3902 nata
2987 3857 3070 3903 est
3095 3849 3193 3904 ista
3219 3866 3356 3921 gens
3379 3853 3446 3910 de
3472 3853 3643 3908 filiabus
3664 3849 3724 3905 Lol

2215 3953 2333 4007 qua:
2358 3952 2478 3992 cum
2507 3943 2658 4008 patre
2687 3938 2951 3993 inebriato
2974 3941 3400 4011 concubuerunt,
3433 3946 3557 4000 male
3581 3951 3725 3997 utentes

2217 4037 2366 4098 patre
2393 4025 2544 4099 (Gen.
2573 4043 2683 4091 χιχ,
2714 4029 2919 4099 51-38).
2946 4028 3136 4087 Melius
3157 4042 3276 4087 erat
3316 4042 3372 4088 ιιι
3395 4035 3585 4090 steriles
3607 4045 3725 4088 retin-

2217 4130 2440 4189 nereut,
2491 4137 2649 4193 quam
2696 4123 2773 4178 sic
2819 4132 3018 4180 matres
3067 4125 3278 4182 fierent.
3332 4129 3459 4184 Erat
3483 4137 3630 4183 autem
3667 4124 3721 4178 illa

2217 4213 2383 4284 figura
2412 4213 2654 4283 qutedam
2685 4229 2871 4270 eorum
2901 4215 2990 4293 qui
3023 4217 3163 4273 male
3191 4228 3412 4276 utuntur
3450 4222 3570 4290 lege.
3606 4217 3725 4273 Nolite

2217 4304 2358 4359 enim
2390 4304 2664 4361 attendere
2703 4306 2824 4375 quia
2854 4306 2940 4361 lex
2971 4307 3024 4361 in
3052 4306 3214 4363 latina
3245 4309 3419 4380 lingua
3448 4308 3643 4366 feminini
3662 4321 3723 4376 ge.

2218 4395 2361 4452 neris
2384 4406 2498 4461 est;
2528 4397 2580 4452 in
2618 4410 2790 4466 graeca
2816 4399 3096 4453 masculini
3127 4408 3206 4455 est
3240 4420 3254 4456 :
3285 4403 3381 4459 sed
3408 4403 3516 4458 sive
3534 4403 3591 4457 sit
3619 4397 3722 4455 fetui-

2217 4488 2327 4543 nini
2355 4487 2566 4558 generis
2611 4487 2664 4542 in
2695 4488 2960 4558 loquendo
2983 4531 2998 4556 ,
3030 4491 3143 4547 sive
3174 4495 3478 4562 masculini,
3518 4509 3602 4547 non
3635 4505 3723 4560 pra-

2216 4583 2401 4637 scribtt
2441 4581 2646 4637 veritati
2691 4583 2906 4638 locutio.
2938 4583 3048 4640 Lex
3094 4587 3234 4641 enim
3264 4591 3430 4660 magis
3456 4585 3720 4644 masculinam

2217 4674 2323 4728 vim
2354 4673 2532 4741 habet,
2557 4675 2677 4745 quia
2705 4675 2862 4747 regit,
2887 4693 2992 4731 non
3021 4679 3238 4749 regitur.
3269 4681 3434 4737 Porro
3460 4692 3611 4735 autem
3632 4688 3719 4745 apo-

2219 4768 2387 4823 stolus
2423 4769 2620 4824 Paulus
2660 4769 2784 4840 quid
2827 4770 2940 4825 ait?
2981 4770 3127 4826 Bona
3164 4785 3234 4828 est
3265 4776 3348 4830 (ea:
3369 4818 3383 4840 ,
3413 4777 3455 4830 si
3486 4774 3646 4844 quirat
3671 4771 3719 4821 ὄιν

2217 4859 2390 4931 gitime
2428 4870 2599 4913 utatur
2649 4857 2704 4932 (Ι
2744 4858 2877 4914 Tim.
2919 4877 2966 4926 ι,
3011 4862 3096 4932 8).
3150 4861 3258 4918 illa:
3308 4875 3477 4921 autem
3527 4863 3624 4917 lilia:
3656 4858 3718 4912 bal

2220 4966 2326 5005 non
2375 4948 2609 5020 legitime
2655 4967 2762 5005 usae
2806 4962 2932 5007 sunt
2957 4964 3127 5022 patre.
3179 4955 3456 5022 Quomodo
3492 4964 3634 5010 autem
3657 4964 3717 5002 m-

2219 5052 2438 5099 scuntur
2466 5059 2628 5114 Opera
2656 5045 2792 5100 bona
2816 5086 2831 5112 ,
2877 5061 2996 5101 cum
3027 5047 3254 5117 quisque
3284 5049 3397 5120 lege
3432 5047 3552 5104 bene
3572 5042 3713 5100 utitur:

2220 5139 2298 5193 sic
2341 5147 2628 5193 nascuntur
2653 5155 2813 5208 opera
2862 5141 2996 5194 mala
3020 5181 3036 5206 ,
3087 5156 3207 5195 cum
3242 5144 3352 5213 lege
3389 5143 3585 5213 quisque
3625 5134 3715 5189 male

2221 5229 2405 5285 utitur.
2435 5230 2666 5286 Proinde
2693 5232 2830 5288 male
2856 5233 2958 5287 illae
2989 5241 3196 5289 utentes
3223 5248 3368 5304 patre
3388 5277 3401 5299 ,
3432 5235 3602 5288 hoccst
3622 5225 3712 5279 nnis

2221 5331 2430 5378 utentes
2457 5322 2591 5392 lege,
2623 5334 3009 5392 generaverunt
3045 5324 3336 5391 Moabitas;
3367 5341 3454 5395 per
3477 5338 3584 5394 quos
3602 5313 3712 5384 signi;

2224 5414 2449 5469 licantur
2477 5429 2641 5483 opera
2687 5415 2843 5470 mala.
2877 5416 3004 5471 Inde
3049 5416 3313 5470 tribulatio
3356 5414 3603 5473 Ecclesia,
3629 5403 3710 5461 inde

2221 5509 2322 5562 olla
2371 5506 2652 5562 elndlieus.
2696 5507 2770 5562 De
2813 5506 2912 5561 hac
2958 5507 3062 5564 olla
3091 5509 3316 5578 quodam
3347 5509 3458 5563 loco
3496 5498 3708 5575 prophetim

2221 5599 2459 5656 dicitur:
2493 5597 2612 5652 Olla
2649 5615 2885 5654 succensa
2923 5598 2984 5653 ab
3031 5600 3265 5670 aquilone
3306 5598 3504 5671 (lenm.
3544 5611 3593 5657 ι,
3632 5587 3704 5650 l3).

2286 5710 2451 5776 “add.
2472 5745 2488 5772 ,
2538 5712 2773 5776 seminum
2817 5711 3090 5774 latentium,
3144 5715 3193 5766 in
3241 5721 3370 5765 terra
3399 5711 3564 5776 jactum
3596 5708 3704 5753 *ατο

2387 5782 2484 5840 etc_.
2508 5775 2826 5825 Emendantut'
2840 5773 3102 5840 adgaliquct
3123 5785 3227 5840 mss.

2288 5821 2611 5908 issentque
2625 5821 2819 5908 nam
2842 5821 3278 5901 ᾗᾶἷῗᾷὲὲέἆᾶιέηι
3298 5835 3519 5902 praemii
3539 5838 3591 5892 εει
3605 5821 3702 5876 αδδ

2288 5851 2307 5870 ¹
2329 5851 2403 5888 διο
2426 5851 2488 5886 an
2523 5851 2611 5887 u0t
2633 5851 2717 5886 MSS

2222 5897 2372 5966 sequi.
2397 5851 2523 5960 Quit?
2536 5896 2672 5951 times
2691 5897 2717 5948 .9
