3912 6426
157 322 252 388 ⁷21
986 362 1012 380 .

157 445 303 507 Unde
326 449 429 506 nisi
458 462 488 504 a
521 449 762 520 partibus
783 447 979 505 diaboli
1009 446 1099 520 qui
1127 445 1266 504 dixit
1297 464 1310 500 :
1347 444 1546 502 Ponant
1569 445 1736 500 sedem

161 561 311 601 meum
336 543 402 598 ad
421 544 707 614 aquilonem
737 541 890 611 (lsai.
918 556 1034 606 ιιν,
1064 539 1177 609 13)?
1199 539 1589 596 Tribulatioues
1612 553 1739 609 ergo

164 640 394 697 maxima:
437 653 545 693 non
573 637 817 692 oriuntur
853 635 1135 692 adversum
1167 634 1457 690 Ecclesium
1483 673 1498 698 ,
1541 632 1640 686 nisi
1671 630 1739 686 ab

165 737 234 791 eis
259 732 343 804 qui
371 732 486 802 lege
529 732 669 787 male
698 738 934 786 utuntur.
965 730 1100 799 Quid
1128 729 1303 798 ergo?
1334 727 1612 784 Delectura
1657 733 1740 781 est

163 827 277 883 hinc
314 823 584 888 Ecclesia,
619 833 674 879 et
713 830 928 893 propter
947 823 1140 887 ollam,
1181 821 1231 875 id
1257 829 1336 876 est
1362 818 1736 875 abundantiam

159 916 546 982 scandalorum,
580 930 684 969 non
712 916 812 969 erit
848 921 1247 984 perseveratura
1272 927 1441 982 usque
1469 912 1520 965 in
1554 912 1739 966 liuent?

156 1011 339 1068 Nonne
365 1008 497 1064 .luda
521 1023 614 1064 rex
644 1007 783 1063 illius
810 1007 1052 1077 prmdixit
1079 1006 1179 1061 boc
1204 1005 1292 1060 ei?
1321 1004 1510 1061 Nonne
1529 1004 1604 1058 ait
1625 1004 1698 1058 illi
1723 1021 1735 1058 :

157 1103 402 1170 Quoniam
441 1100 712 1155 abundabit
741 1101 979 1170 iniquitas
999 1143 1012 1162 ,
1042 1099 1328 1170 refrigescet
1353 1098 1574 1152 charitos
1602 1094 1738 1149 mul-

153 1209 317 1254 torum
351 1195 561 1269 (Matth.
592 1211 753 1261 XXIV,
789 1194 922 1268 12)?
962 1194 1078 1250 Olla
1109 1194 1362 1248 lmllieutc
1387 1191 1621 1248 charitas
1649 1207 1738 1247 re-

150 1288 401 1360 lrigescit.
432 1287 608 1356 Quare
641 1301 746 1342 non
777 1289 950 1357 potius
970 1326 983 1352 ,
1017 1300 1050 1339 ο
1085 1284 1318 1339 cbaritas
1341 1326 1356 1351 ,
1386 1292 1441 1338 et
1468 1295 1526 1341 tu
1553 1292 1737 1338 contra

151 1383 309 1437 ollam
337 1379 624 1434 fervescis?
655 1380 736 1434 Au
761 1381 972 1448 ignoras
1003 1377 1095 1432 tibi
1122 1391 1242 1433 esse
1267 1376 1468 1432 dictum
1489 1418 1504 1440 ,
1527 1392 1648 1430 cum
1670 1374 1739 1432 de

149 1473 236 1528 illa
281 1471 604 1527 abundantia
653 1471 1024 1526 scandalorum
1073 1486 1164 1525 rex
1225 1480 1342 1524 tuus
1371 1469 1680 1540 loqueretur
1719 1489 1734 1526 :

152 1565 252 1632 Qui
277 1563 658 1635 perseveraverit
686 1580 842 1634 usque
865 1565 918 1617 in
945 1563 1118 1633 linem,
1151 1561 1232 1615 hic
1256 1564 1424 1616 salvus
1449 1562 1586 1615 erit?
1611 1562 1739 1618 Per-

146 1669 332 1712 severa
349 1671 476 1725 ergo
498 1670 665 1724 usque
696 1656 746 1709 in
776 1655 932 1708 linem
951 1667 1134 1708 contra
1151 1654 1308 1707 ollam
1338 1653 1734 1709 scandalorum.

147 1747 311 1804 Ardet
339 1746 440 1801 olla
464 1747 778 1817 iniquitatis,
798 1745 893 1800 sed
919 1745 1090 1816 major
1107 1754 1190 1800 est
1205 1745 1415 1800 ﬂamma
1439 1745 1736 1800 charitatis.

147 1839 263 1895 Noli
310 1839 483 1906 vinci;
538 1853 820 1910 persevera
865 1827 1038 1910 usque
1086 1839 1140 1893 in
1190 1837 1370 1893 linem.
1401 1837 1537 1907 Quid
1584 1837 1738 1892 limes

149 1931 404 1986 Moabitas
424 1974 436 1993 ,
469 1947 629 2001 opera
659 1931 797 1986 mala
835 1946 1018 1986 eorum
1047 1931 1134 2000 qui
1168 1931 1282 1998 lege
1316 1930 1453 1984 male
1480 1930 1738 1984 utuntur?

150 2024 282 2091 Quid
316 2025 454 2079 enim
475 2066 489 2089 ,
514 2023 647 2080 .luda
680 2040 772 2079 rex
803 2032 923 2080 tuus
948 2023 1037 2093 qui
1068 2022 1370 2093 prmcessit,
1403 2037 1580 2077 nonne
1603 2022 1737 2078 tales

150 2115 403 2186 pertulit?
433 2115 616 2171 Nescis
642 2111 857 2171 Jttdmos
897 2115 1037 2170 male
1066 2113 1261 2169 utendo
1282 2114 1398 2184 lege
1417 2155 1432 2180 ,
1463 2113 1735 2168 Christum

149 2207 446 2263 occidisse?
488 2207 629 2278 Ergo
658 2222 813 2278 spera
855 2208 874 2240 ⁸
897 2249 912 2272 ,
946 2216 1001 2262 et
1027 2221 1128 2278 qua
1169 2207 1441 2276 prarcessit
1480 2221 1572 2262 rex
1616 2215 1737 2261 tuus

147 2312 388 2370 sequere.
425 2299 518 2354 Dic
537 2341 550 2363 ,
583 2297 723 2354 Juda
752 2315 842 2354 rex
866 2315 1024 2354 meus.
1060 2298 1122 2353 Et
1149 2314 1210 2354 ex
1243 2313 1310 2353 eo
1333 2298 1452 2368 quia
1481 2297 1623 2352 Juda
1648 2314 1738 2354 rea:

147 2408 318 2458 meus,
364 2392 519 2447 Moab
547 2392 673 2463 quid
719 2393 887 2448 lactus
933 2393 1056 2448 est?
1103 2390 1221 2446 Olla
1263 2391 1372 2459 spei
1419 2407 1575 2458 utere,
1630 2406 1734 2446 non

145 2483 565 2553 consumptionis
616 2498 768 2538 niese.
813 2482 948 2538 Vide
997 2482 1048 2537 in
1099 2481 1531 2537 tribulationibus
1573 2482 1734 2537 ollam

143 2573 255 2642 spei
281 2588 296 2639 ;
340 2573 464 2627 audi
496 2574 807 2644 Apostolum
838 2592 850 2627 :
883 2573 987 2628 Sed
1012 2582 1060 2627 et
1099 2573 1378 2644 gloriantur
1401 2615 1415 2638 ,
1445 2572 1651 2644 inquit,
1683 2575 1736 2628 in

145 2665 567 2720 tribulationibus.
593 2664 707 2720 Olla
725 2674 808 2721 est
823 2665 955 2734 jam;
975 2665 1068 2720 sed
1093 2666 1214 2721 vide
1235 2665 1416 2729 istum,
1435 2667 1480 2721 si
1505 2666 1737 2736 explicat

145 2760 299 2815 ollam
326 2761 463 2830 spei.
493 2760 719 2815 Scientes
739 2763 856 2830 quia
879 2759 1136 2816 tribulatio
1158 2762 1452 2832 patientiam
1475 2771 1732 2832 operatur,

147 2855 381 2923 patientia
409 2864 579 2909 autem
611 2853 958 2924 probationem
982 2897 996 2919 ,
1038 2853 1268 2925 probatio
1292 2871 1452 2924 spent.
1482 2854 1535 2911 Si
1569 2854 1737 2910 tribu-

148 2945 270 3000 latio
324 2947 672 3018 patientiam,
733 2947 983 3016 patientia
1033 2946 1400 3017 probationem
1431 2987 1445 3009 ,
1494 2947 1737 3017 probatio

147 3053 321 3108 Spem,
352 3039 458 3093 olla
489 3049 571 3094 est
597 3047 773 3094 autem
807 3038 1075 3094 tribulatio
1101 3053 1220 3109 quae
1259 3047 1511 3108 operatur
1545 3054 1732 3107 spem;

152 3129 334 3183 merito
361 3127 512 3183 Moab
539 3130 644 3183 olla
666 3129 772 3200 spei
801 3144 945 3182 mete.
971 3128 1102 3198 Spes
1131 3138 1419 3182 autemnon
1447 3129 1732 3199 confundit.

154 3216 216 3272 Et
242 3219 404 3290 quid?
427 3220 624 3276 Fcrves
646 3229 829 3276 contra
852 3221 1054 3276 ollam?
1075 3219 1150 3275 lta
1173 3220 1345 3290 plane,
1373 3221 1490 3291 quia
1513 3221 1736 3275 charitas

161 3306 244 3363 Dei
270 3309 458 3385 eti/fusa
485 3321 556 3366 est
600 3313 652 3365 in
681 3311 918 3366 cordibus
947 3313 1132 3366 nostris
1154 3353 1168 3378 ,
1215 3329 1305 3383 per
1334 3310 1586 3382 Spiritunt
1622 3328 1737 3368 san-

161 3412 280 3457 ctum
307 3405 393 3476 qui
421 3406 569 3459 datus
596 3415 666 3459 est
695 3406 837 3459 nobis
868 3403 1045 3475 (Rom.
1083 3420 1135 3470 v,
1165 3406 1314 3473 5-5).

226 3497 306 3552 11.
367 3495 435 3551 In
478 3495 766 3552 Idunueam
807 3499 1072 3551 extendam
1112 3497 1505 3552 calceamentum
1548 3514 1734 3552 meum.

165 3588 381 3645 Ecclesia
409 3590 642 3660 loquitur
664 3608 678 3643 :
703 3589 1018 3645 Perveniam
1048 3606 1203 3661 usque
1221 3589 1274 3642 in
1302 3587 1602 3644 ldumwam.
1628 3589 1739 3646 Sa?-

165 3682 293 3737 viaut
319 3683 685 3738 tribulatioues
706 3725 720 3750 ,
749 3682 935 3738 bulliat
972 3682 1238 3737 scandalis
1267 3683 1496 3736 mundus
1515 3725 1529 3748 ,
1562 3691 1738 3736 exten-

165 3774 270 3828 dam
310 3777 699 3830 calceamentum
745 3792 907 3829 meum
937 3791 1093 3846 usque
1129 3775 1182 3828 in
1211 3773 1533 3836 Idumwam;
1573 3787 1739 3843 u5que

163 3864 220 3920 ad
248 3881 338 3921 eos
380 3867 525 3935 ipsos
569 3867 658 3936 qui
713 3875 978 3921 terrenam
1026 3867 1186 3920 vitam
1233 3864 1431 3934 degunt
1465 3865 1736 3934 (quoniam

167 3955 382 4012 ldumzea
400 3959 781 4029 interpretatur
807 3957 1066 4028 Terrena)
1090 3975 1104 4023 ;
1132 3972 1299 4027 usque
1316 3956 1379 4010 ad
1403 3957 1566 4026 ipsos,
1586 3973 1742 4028 usque

164 4049 210 4102 in
238 4047 516 4104 ldunueam
541 4047 802 4103 extendam
834 4049 1227 4102 calceamentutn
1257 4065 1442 4103 meum.
1473 4046 1635 4116 Cujus
1663 4048 1739 4101 rei

164 4140 565 4194 calceammtum
592 4181 605 4201 ,
642 4139 741 4193 nisi
787 4138 1106 4210 Evangelii?
1149 4140 1312 4204 Quam
1339 4140 1550 4207 speciosi
1593 4137 1740 4207 pedes

163 4248 319 4286 eorum
341 4233 426 4302 qui
452 4233 754 4287 annuntiant
783 4249 957 4302 pacem
978 4275 992 4298 ,
1028 4232 1114 4303 qui
1142 4233 1445 4286 annuntiant
1463 4230 1592 4285 bona
1616 4229 1675 4304 (1
1683 4231 1737 4286 d.

167 4339 213 4390 ι,
233 4326 314 4396 15)
333 4327 346 4379 l
367 4336 439 4393 et,
461 4324 681 4380 Calceati
701 4326 848 4390 pedes
872 4325 924 4378 in
940 4324 1359 4396 praeparationem
1377 4323 1638 4395 Evangelii
1659 4340 1742 4392 pa-

164 4420 228 4473 cis
251 4417 459 4489 (Ephes.
477 4433 553 4483 γι,
578 4416 686 4485 15).
712 4415 958 4478 Prorsus,
984 4416 1235 4486 quoniam
1259 4415 1515 4468 tribulatio
1543 4415 1740 4486 patien-

165 4511 277 4562 tiam
315 4517 574 4580 operatur,
607 4507 850 4579 patientia
880 4516 1046 4560 autem
1091 4507 1432 4576 probationem
1454 4549 1467 4565 ,
1516 4507 1742 4576 probatio

157 4618 312 4674 spem,
335 4601 439 4654 olla
465 4615 570 4653 non
595 4616 679 4653 me
698 4609 976 4653 consumet
1000 4615 1011 4650 :
1033 4595 1266 4652 Charitas
1287 4599 1417 4651 enim
1439 4596 1534 4652 Dei
1554 4597 1742 4664 di/fusa

153 4707 228 4753 est
253 4697 306 4750 in
333 4693 569 4748 cordibus
596 4692 800 4754 nostris,
832 4706 920 4762 per
948 4690 1196 4758 Spiritum
1222 4701 1449 4744 sanctum
1475 4692 1559 4760 qui
1597 4691 1743 4746 datus

149 4801 222 4847 est
247 4787 410 4843 nobis.
443 4785 556 4840 Non
588 4784 896 4840 deficiamus
929 4782 1269 4853 Evangelium
1299 4781 1608 4852 praedicare,
1639 4799 1743 4838 non

145 4883 469 4940 deﬁciamus
495 4877 776 4932 Dominum
804 4875 1138 4928 annuatiare.
1175 4871 1344 4944 Usque
1381 4874 1431 4927 in
1463 4871 1746 4928 Idunueant

146 4971 424 5030 extendam
444 4969 838 5025 calceamentum
867 4983 1050 5020 meum.
1077 4965 1263 5021 Nonne
1292 4965 1532 5020 serviunt
1565 4975 1618 5021 et
1646 4967 1745 5035 ipsi

146 5063 389 5124 terreni?
427 5063 537 5118 Etsi
567 5060 946 5131 cupiditatibus
976 5060 1203 5115 terrenis
1239 5059 1560 5128 obligantur,
1587 5056 1745 5112 Chri-

145 5171 292 5216 stum
329 5168 508 5212 tamen
550 5155 794 5210 adorant.
828 5153 996 5208 Hodie
1025 5153 1266 5208 videmus
1287 5193 1302 5217 ,
1333 5149 1523 5206 fratres
1545 5193 1561 5218 ,
1588 5166 1746 5222 quam

148 5248 312 5310 multi
341 5235 538 5303 terreni
571 5246 910 5300 committunt
937 5260 1034 5314 pro
1061 5244 1208 5299 lucro
1237 5242 1469 5310 fraudes,
1497 5258 1593 5314 pro
1619 5241 1751 5297 trau-

149 5344 312 5400 dibus
363 5339 634 5411 perjnria;
668 5347 884 5409 pr0pter
911 5339 1130 5392 timores
1153 5379 1168 5401 ,
1209 5337 1508 5407 sortilegos,
1541 5335 1750 5391 mathe-

154 5435 388 5494 maticos
430 5432 758 5487 consulunt:
788 5444 978 5484 omnes
1019 5430 1103 5486 isti
1148 5429 1398 5495 Idumaei,
1434 5428 1668 5493 terreni;
1700 5436 1754 5484 et

156 5540 341 5584 tamen
370 5539 560 5580 omnes
592 5525 677 5579 isti
706 5523 929 5578 adorant
953 5521 1244 5588 Christum,
1276 5522 1375 5577 sub
1395 5521 1755 5577 calceameuto

161 5623 331 5694 ipsius
356 5630 480 5676 sunt
505 5636 520 5681 ;
548 5617 658 5689 jam
698 5632 867 5688 usque
897 5617 946 5670 in
977 5617 1261 5671 ldummam
1291 5615 1530 5671 extendit
1553 5615 1758 5672 calcea-

163 5726 406 5774 mentum
435 5728 612 5770 suum.
631 5710 762 5767 Mihi
803 5709 1065 5785 Altophyli
1089 5709 1275 5768 subditi
1304 5717 1444 5766 sunt.
1470 5707 1755 5788 Allophyli,

238 5836 256 5870 ⁸
288 5834 363 5887 ste
375 5839 485 5886 Mss.
512 5837 568 5882 At
589 5829 725 5888 ειη,
751 5841 972 5898 propera.

1254 327 1654 389 ENARRATIO
1690 327 1758 386 IN
1798 326 2121 387 PSALMUM
2159 331 2298 390 LIX.

3330 344 3438 405 72!

1843 446 1933 515 qui
1981 449 2143 504 sunt?
2185 449 2549 521 Alienigeute,
2602 465 2710 508 non
2771 453 3099 526 pertinentes
3154 456 3219 512 ad
3267 473 3438 529 genus

1844 551 2046 592 meum.
2078 539 2280 594 Subditi
2306 552 2446 610 sunt,
2479 542 2602 613 quia
2627 544 2779 599 multi
2805 544 3033 601 adorant
3061 546 3355 616 Christum,
3381 561 3438 608 et

1847 646 1954 684 non
1987 640 2114 686 sunt
2141 638 2408 705 reguaturi
2441 651 2564 693 cum
2589 636 2826 694 Christo.
2857 638 2990 696 Mihi
3034 642 3296 715 Allaphyli
3319 645 3439 700 sub-

1844 723 1939 778 diti
1962 737 2101 779 sunt.

1918 816 2003 870 12.
2024 816 2175 889 [vers.
2209 819 2322 892 11.]
2353 821 2476 888 Quis
2504 822 2716 877 deducet
2740 840 2820 877 me
2843 826 2897 878 in
2935 826 3185 881 civitatem
3211 828 3437 886 circum-

1844 909 2044 963 stantia:
2058 910 2084 963 ?
2101 909 2230 979 Qua:
2254 921 2336 966 est
2356 913 2543 968 civitas
2563 915 2998 972 circumstanticc?
3018 918 3075 974 Si
3093 921 3432 990 meministis,

1840 999 1950 1068 jam
1997 1017 2114 1055 eam
2145 1005 2565 1060 commemoravi
2608 1007 2660 1060 in
2705 1007 2812 1062 alio
2851 1009 3076 1077 psalmo,
3108 1011 3195 1066 ubi
3235 1012 3437 1068 dictum

1844 1100 1927 1146 est
1952 1110 1964 1144 :
1998 1090 2068 1145 Et
2094 1093 2429 1150 circumibunt
2452 1097 2700 1151 civitatem
2722 1097 2817 1170 (a).
2845 1097 3269 1158 Circumstantize
3293 1103 3436 1159 enim

1843 1183 2032 1238 civitas
2055 1224 2071 1249 ,
2119 1182 2375 1240 Gentium
2405 1188 2750 1245 circumtusio
2790 1199 2902 1259 est;
2941 1207 3059 1261 qua:
3095 1193 3438 1251 circumlusio

1844 1273 2092 1332 Gentium
2123 1277 2174 1332 in
2209 1278 2385 1332 medio
2412 1279 2642 1336 habebat
2683 1299 2840 1338 unam
2863 1293 3074 1354 gentem
3104 1287 3433 1355 Judaaorum,

1842 1367 2108 1423 colentem
2139 1385 2300 1424 unum
2334 1371 2498 1427 Deum
2528 1389 2542 1425 :
2572 1385 2766 1432 cmtera
2805 1375 3147 1434 circumfusio
3183 1379 3434 1438 Gentium

1843 1458 1998 1514 idolis
2037 1461 2391 1530 supplicabat,
2421 1463 2754 1520 daemonibus
2793 1468 3079 1524 serviebat.
3111 1469 3180 1525 Et
3213 1472 3437 1543 mystice

1843 1562 2028 1608 vocata
2050 1562 2131 1608 est
2151 1553 2342 1609 civitas
2361 1555 2806 1625 circumstantizu;
2828 1561 2950 1630 quia
2972 1561 3202 1632 undique
3221 1577 3282 1618 se
3300 1562 3438 1620 Gen-

1843 1653 1925 1700 tes
1950 1645 2426 1713 circumfuderunt,
2470 1656 2528 1703 et
2555 1649 2602 1702 ei
2641 1650 3107 1708 circumsteterant
3143 1669 3262 1723 qua:
3286 1654 3434 1712 cole-

1842 1736 1932 1792 bat
1963 1753 2124 1793 unum
2155 1737 2341 1796 Deum.
2373 1739 2502 1808 Quis
2527 1740 2737 1796 deducet
2767 1759 2845 1796 me
2871 1744 2922 1797 in
2947 1745 3196 1798 civitatem
3219 1745 3436 1800 circum-

1840 1831 2066 1886 stantiis?
2080 1832 2232 1898 Quis,
2251 1832 2350 1886 nisi
2382 1832 2550 1888 Deus?
2568 1833 2678 1888 Hoc
2701 1836 2812 1889 vult
2839 1835 3037 1902 dicere,
3062 1837 3331 1906 quomodo
3348 1836 3438 1896 de-

1840 1924 1996 1979 ducet
2028 1938 2121 1993 per
2147 1923 2264 1978 illas
2290 1925 2482 1989 nubes,
2500 1923 2568 1979 de
2588 1926 2779 1995 quibus
2803 1925 3004 1982 dictum
3034 1936 3146 1983 est:
3177 1927 3436 1985 Voxtoni-

1842 2015 1941 2068 trui
1967 2015 2040 2068 tui
2059 2015 2111 2068 in
2135 2026 2246 2069 rota
2274 2013 2447 2088 (Psal.
2481 2031 2655 2082 uxvt,
2697 2017 2810 2090 19).
2843 2019 2976 2074 Rota
3010 2020 3122 2088 ipsa
3147 2029 3228 2075 est
3247 2022 3435 2077 civitas

1840 2106 2277 2170 circumstantiae,
2311 2122 2431 2177 qua:
2461 2107 2598 2162 dicta
2632 2119 2715 2163 est
2738 2119 2876 2174 rota,
2907 2110 2958 2164 id
2985 2119 3068 2166 est
3093 2110 3241 2164 orbis
3267 2119 3432 2167 terra.

1839 2214 1980 2254 rum.
2014 2197 2140 2265 Quis
2164 2199 2377 2254 deducet
2398 2217 2479 2255 me
2498 2199 2552 2254 in
2577 2202 2820 2255 civitatem
2850 2202 3280 2256 circumstantia?
3306 2202 3434 2268 Quis

1840 2289 2050 2346 deducet
2071 2308 2151 2347 me
2166 2308 2324 2364 usque
2343 2293 2398 2348 in
2417 2291 2704 2348 Idumwam
2724 2294 2748 2348 7
2769 2293 2822 2349 id
2843 2303 2944 2360 est,
2969 2305 3024 2349 ut
3041 2311 3256 2365 regnem
3273 2296 3434 2352 etiam

1842 2386 2072 2439 terrenis
2101 2385 2141 2450 ί,
2175 2394 2234 2440 ιιι
2275 2401 2362 2441 me
2404 2397 2730 2442 venerentur
2778 2389 2938 2444 etiam
2967 2389 3057 2460 qui
3099 2388 3169 2445 de
3195 2405 3284 2447 me
3325 2405 3436 2447 non

1839 2488 1984 2546 sunt,
2015 2481 2104 2552 qui
2126 2481 2193 2536 de
2216 2496 2302 2537 me
2331 2483 2518 2537 nolunt
2549 2481 2829 2553 proticere.

1913 2573 2000 2629 13.
2034 2572 2185 2646 [vers.
2214 2571 2328 2646 12.]
2358 2573 2485 2639 Quis
2513 2575 2724 2629 deducet
2745 2591 2822 2629 me
2849 2591 3007 2646 usque
3033 2577 3086 2630 in
3111 2574 3438 2634 Idumam?

1841 2663 2031 2718 Nonne
2059 2675 2142 2728 tu,
2191 2664 2329 2720 Deus
2349 2706 2364 2732 ,
2399 2667 2486 2736 qui
2516 2666 2749 2736 repulisti
2777 2669 2908 2722 nos?
2927 2678 2974 2722 et
3003 2685 3102 2722 non
3130 2670 3433 2740 egredieris,

1840 2756 1998 2824 Deus,
2039 2759 2092 2811 in
2120 2757 2383 2813 virtutibus
2409 2761 2626 2828 (nostris.
2660 2757 2849 2816 Nonne
2881 2770 2934 2814 tu
2964 2776 3060 2816 nos
3089 2761 3320 2818 dedoces
3343 2763 3436 2832 qui

1840 2863 1940 2904 nos
1965 2848 2235 2918 repulisti?
2252 2850 2356 2905 Sed
2380 2867 2545 2921 quare
2567 2852 2810 2923 repulisli
2834 2853 2966 2908 nos?
2982 2853 3114 2921 Quia
3143 2855 3436 2911 destruxisti

1839 2957 1950 2997 nos.
1983 2943 2162 3010 Quare
2185 2943 2496 2998 destruxisti
2528 2945 2666 2998 nos?
2694 2944 2826 3012 Quia
2855 2947 3015 3001 iratus
3035 2963 3106 3010 es,
3135 2957 3182 3002 et
3202 2949 3436 3003 misertus

1839 3050 1892 3090 es
1914 3037 2093 3089 nostri.
2119 3033 2198 3090 Tu
2225 3050 2354 3105 ergo
2375 3035 2608 3092 dedoces
2629 3037 2718 3106 qui
2745 3037 3006 3106 repulisti,
3037 3039 3127 3109 qui
3157 3053 3262 3094 non
3283 3053 3436 3110 egre-

1841 3125 2004 3182 dieris
2035 3127 2172 3182 Deus
2214 3127 2265 3181 in
2311 3127 2602 3183 virtutibus
2645 3128 2864 3195 nostris,
2900 3137 2952 3183 tu
3001 3129 3252 3186 deduces.
3294 3131 3434 3200 Quid

1839 3229 1944 3285 εει,
1975 3235 2074 3273 non
2100 3219 2370 3290 egredieris
2405 3221 2457 3274 in
2480 3221 2748 3277 virtutibus
2782 3221 3010 3276 nostris?
3031 3221 3324 3280 Saeviturus
3351 3233 3436 3281 est

1840 3311 2092 3376 mundus,
2121 3312 2534 3369 conculcaturus
2563 3326 2642 3370 εει
2677 3328 2776 3370 nos
2803 3314 3036 3372 mundus
3057 3359 3072 3384 ,
3115 3316 3323 3373 futurus
3349 3301 3436 3374 est

1841 3417 2064 3459 acervus
2109 3405 2404 3460 testimonii
2431 3405 2604 3461 εσυεο
2633 3416 2925 3479 martyrum
2970 3409 3243 3480 sanguine,
3275 3417 3331 3464 et
3354 3409 3436 3464 di-

1840 3496 1976 3551 cturi
2027 3506 2152 3551 sunt
2199 3497 2396 3566 Pagani
2447 3499 2731 3552 saevientes
2771 3517 2785 3554 :
2820 3497 2916 3554 Ubi
2963 3508 3036 3554 est
3082 3498 3219 3555 Deus
3259 3517 3434 3556 eorum

1845 3586 2014 3656 (Psal.
2040 3603 2257 3654 Lxxvm,
2288 3588 2422 3658 10)?
2444 3588 2593 3643 Tunc
2623 3605 2724 3643 non
2745 3591 3033 3660 egredieris.
3061 3589 3222 3654 Deus,
3253 3591 3306 3645 in
3335 3593 3436 3646 vir-

1843 3681 2029 3735 tatibus
2056 3683 2242 3736 nostris
2261 3698 2282 3737 :
2305 3698 2410 3736 non
2438 3691 2623 3736 contra
2664 3697 2759 3737 eos
2780 3683 3091 3752 apparebis;
3120 3699 3226 3738 non
3255 3693 3436 3740 osten-

1842 3771 1936 3826 des
1983 3773 2277 3842 potentiam
2310 3783 2475 3837 tuam,
2509 3773 2723 3844 qualem
2768 3775 3048 3828 ostendisti
3077 3775 3131 3827 in
3160 3774 3344 3836 David,
3378 3775 3435 3829 in

1841 3864 2042 3936 Moyse,
2074 3865 2125 3919 in
2154 3864 2280 3921 Jesu
2309 3865 2472 3928 Nave.
2503 3865 2718 3936 quando
2743 3881 2929 3922 eorum
2959 3865 3252 3922 fortitudini
3286 3866 3434 3922 Gen-

1844 3968 1925 4014 tes
1950 3968 2246 4026 cesserunt,
2274 3967 2330 4014 et
2369 3969 2546 4027 strage
2590 3958 2748 4022 facta,
2780 3974 3076 4029 magnaque
3115 3959 3319 4014 reddita
3346 3974 3438 4015 va-

1843 4052 2043 4116 stitate,
2089 4051 2140 4105 in
2181 4060 2378 4106 terram
2404 4065 2563 4121 quam
2606 4049 2918 4119 promisisti,
2950 4049 3159 4120 plebem
3187 4060 3328 4106 tuam
3357 4051 3438 4106 in-

1843 4144 2067 4201 duxisti.
2096 4144 2212 4200 Hoc
2236 4154 2360 4199 tunc
2389 4159 2493 4198 non
2523 4142 2720 4209 facies;
2748 4159 2850 4196 non
2878 4143 3165 4214 egredieris,
3202 4142 3356 4208 Deus,
3383 4143 3437 4196 in

1842 4237 2110 4293 virtutibus
2133 4238 2340 4304 nostris,
2366 4236 2461 4292 sed
2502 4237 2644 4292 intus
2683 4233 3010 4306 operabcris.
3042 4233 3178 4302 Quid
3205 4243 3306 4298 est,
3334 4251 3437 4289 non

1845 4331 2157 4404 egredieris?
2194 4328 2313 4385 Non
2348 4328 2654 4398 apparebis.
2685 4327 2849 4382 Certe
2888 4327 3027 4380 enim
3054 4325 3266 4396 quando
3294 4334 3440 4380 cate-

1846 4424 1956 4478 nati
2003 4431 2268 4494 martyres
2310 4417 2910 4489 ducebantur,quaudo
2939 4416 3340 4472 itu-ludebantur
3381 4417 3439 4471 in

1845 4530 2102 4583 carcere,
2141 4513 2355 4584 quando
2399 4512 2630 4567 ludibrio
2688 4508 2915 4565 habendi
2963 4508 3436 4579 producebantur,

1845 4608 2060 4681 quando
2093 4607 2278 4664 beSIiis
2303 4606 2713 4676 subrigebantur
2732 4606 2753 4636 ³
2770 4602 2982 4674 quando
3010 4602 3440 4672 percutiebantur

1847 4700 2010 4766 ferro,
2034 4701 2246 4772 quando
2268 4700 2386 4770 igne
2414 4697 2808 4762 cremabantur,
2827 4710 3004 4749 nonne
3023 4693 3437 4750 contemneban-

1848 4803 1934 4849 tur
1957 4803 2209 4864 tanquam
2231 4775 2706 4861 deserd,tanquam
2726 4789 2842 4844 sine
2865 4788 3142 4856 adiutore?
3161 4787 3440 4856 Quomodo

1851 4885 1998 4941 Deus
2023 4885 2347 4957 operabatur
2369 4881 2544 4938 intus?
2564 4879 2833 4950 quomodo
2863 4879 3003 4934 intus
3027 4879 3400 4932 consolabatur
3417 4880 3442 4930 ἲ

1849 4977 2118 5049 quomodo
2138 4977 2214 5031 eis
2241 4975 2446 5030 dulcem
2474 4971 2699 5028 faciebat
2721 4986 2870 5042 spem
2892 4971 3014 5025 vitae
3032 4970 3283 5025 aeternae?
3304 4983 3440 5037 quo-
3468 5049 3471 5054 Ι

1851 5067 2012 5123 modo
2035 5082 2138 5121 non
2161 5066 2441 5120 deserebat
2460 5064 2621 5118 corda
2645 5077 2854 5127 eorum,
2880 5063 2970 5116 ubi
2993 5061 3151 5114 bomo
3173 5058 3442 5114 habitabat
3468 5121 3470 5124 ν

1853 5160 1906 5214 in
1919 5159 2150 5218 silentio.
2167 5158 2300 5212 bene
2318 5158 2359 5210 si
2383 5157 2575 5222 bonus,
2598 5154 2734 5209 male
2751 5153 2794 5209 si
2809 5149 3289 5220 malus?.‘iumquid
3314 5165 3442 5218 ergo

1853 5253 1975 5324 quia
1998 5265 2100 5304 non
2122 5247 2492 5320 egrediebatur
2512 5247 2562 5300 in
2583 5244 2865 5300 virtutibus
2883 5241 3215 5305 eorum,ideo
3229 5241 3444 5296 desere-

1855 5344 1972 5400 bat?
1991 5341 2177 5397 Nonue
2198 5339 2365 5410 magis
2387 5355 2492 5394 non
2513 5336 2838 5408 egrediendo
2855 5337 2906 5391 in
2929 5334 3215 5390 virtutibus
3233 5347 3440 5394 eorum,

1858 5435 2383 5494 deduxitEcclcsiam
2407 5447 2574 5506 usque
2595 5431 2661 5488 ad
2693 5430 2998 5495 ldumaeam,
3022 5426 3242 5484 deduxit
3261 5425 3444 5481 Eccle-

1928 5643 1947 5671 ι
1968 5637 2160 5700 Aliquot
2173 5643 2301 5700 tua,
2320 5633 2372 5684 id
2397 5639 2465 5684 est
2485 5645 2536 5682 tn
2559 5643 2758 5700 regnant
2795 5628 2941 5700 etiam
2979 5637 3240 5700 terrenum.

1928 5701 1948 5730 ²
1972 5689 2069 5758 Er.,'
2089 5689 2475 5759 subjiciebantur.
2506 5689 2636 5754 Lov.',
2660 5690 3018 5755 subigebantur.
3045 5699 3099 5741 At
3133 5697 3261 5751 uss,
3286 5689 3446 5744 subn-

1865 5761 2114 5827 gebarttur.

1933 5823 2008 5886 (α)
2040 5831 2206 5884 Supra,
2227 5822 2276 5870 in
2293 5817 2412 5871 Psal.
2432 5833 2558 5877 ιγιιι,
2581 5829 2730 5872 scrm.
2751 5816 2796 5877 1,
2818 5827 2866 5863 ιι.
2893 5815 2971 5873 15.
