3912 6464
552 355 654 414 725

553 474 685 527 siam
701 470 869 543 usque
891 473 942 527 in
961 471 1224 526 civitatem
1245 468 1693 525 circumstantize?
1707 469 1760 525 Si
1779 472 1918 527 enim
1939 473 2133 530 bellare

553 564 714 618 vellet
742 562 978 617 Ecclesia
1007 569 1062 616 et
1101 559 1277 631 gladio
1304 561 1399 627 uti,
1427 562 1698 616 videretur
1723 575 1822 633 pro
1845 564 1950 618 vita
1997 575 2131 635 pric-

554 655 696 710 senti
740 669 974 724 pugnare
1018 671 1030 707 :
1073 653 1194 723 quia
1237 667 1366 706 vero
1405 656 1777 709 centemnebat
1802 657 1960 710 vitam
1991 673 2132 726 prreo

553 757 757 802 sentem
784 789 798 814 ,
832 745 950 802 ideo
996 745 1169 801 iactus
1198 755 1281 800 est
1322 761 1542 802 acervus
1591 750 1876 804 testimonii
1918 750 1984 806 dc
2029 753 2133 807 vita

552 841 746 894 futura.

617 931 707 984 H.
739 929 890 1002 [verm
921 930 1132 1004 13.11%.
1155 948 1302 1004 ergo,
1333 935 1494 998 Deus,
1522 934 1610 1003 qui
1638 949 1741 988 non
1764 935 2052 1003 egredieris
2078 936 2131 991 in

549 1022 830 1076 virtutibus
849 1024 1066 1089 nostris,
1089 1024 1170 1078 Da
1195 1027 1335 1080 nobis
1357 1027 1604 1080 auxilium
1629 1028 1690 1079 de
1710 1027 2064 1094 tribulatione;
2085 1039 2131 1082 et

547 1131 677 1169 uana
697 1115 837 1170 salus
860 1117 1095 1172 hominis.
1126 1119 1261 1173 Eant
1286 1134 1422 1173 nunc
1449 1121 1536 1190 qui
1559 1121 1720 1174 salem
1744 1121 1761 1151 ί
1787 1133 1888 1174 non
1911 1120 2126 1188 habent,

548 1217 602 1263 et
622 1217 807 1278 eptent
829 1210 1053 1265 salutem
1089 1212 1436 1280 temporalem
1467 1213 1596 1275 suis,
1628 1229 1742 1282 qum
1772 1223 1851 1267 est
1877 1221 2006 1267 va‘na
2039 1229 2128 1269 ve-

547 1309 735 1356 tustas.
771 1301 851 1355 Do
897 1302 1038 1356 nobis
1080 1305 1367 1358 auxilium:
1399 1303 1520 1359 inde
1567 1305 1630 1357 da
1677 1305 1815 1360 unde
1860 1306 2127 1374 putabaris

548 1395 818 1461 deserere,
849 1397 972 1452 inde
1001 1397 1242 1452 subveni.
1273 1397 1350 1451 Da
1379 1399 1520 1452 nobis
1560 1399 1804 1453 auxilium
1834 1400 1898 1453 de
1919 1400 2128 1454 tribula-

550 1489 720 1553 tione;
748 1498 791 1542 et
817 1505 947 1543 vana
969 1490 1107 1544 salus
1134 1491 1368 1544 hominis.

619 1579 705 1634 15.
729 1578 884 1651 [verm
926 1579 1033 1652 Νη]
1062 1580 1123 1634 In
1158 1580 1264 1635 Deo
1304 1584 1544 1653 faciemus
1570 1586 1817 1646 virtutem,
1853 1594 1898 1638 et
1925 1587 2030 1656 ipse
2058 1589 2125 1640 ad

549 1673 765 1727 nihilum
792 1673 998 1727 deducet
1022 1674 1251 1728 inimicos
1289 1686 1484 1730 nostras
1513 1679 1554 1728 ’.
1585 1675 1698 1730 Non
1739 1677 1990 1731 iaciemus
2019 1679 2123 1732 vir-

550 1772 715 1818 tutem
741 1765 794 1817 in
819 1764 1010 1834 gladio,
1045 1780 1147 1819 non
1173 1766 1225 1820 in
1255 1767 1425 1836 equis,
1465 1777 1570 1822 non
1601 1769 1650 1821 in
1693 1768 1890 1834 loricis,
1937 1785 2040 1822 non
2069 1769 2120 1824 in

549 1855 733 1920 scutis,
783 1870 886 1908 non
930 1855 983 1909 in
1033 1864 1306 1926 potentatu
1351 1857 1651 1924 exercitus;
1682 1873 1785 1911 non
1831 1858 1980 1912 foris.
2012 1859 2121 1914 Sed

539 1945 668 1999 ubi?
693 1944 858 2012 intus,
891 1945 979 1999 ubi
1011 1947 1251 2002 latemus.
1291 1947 1387 2003 Ubi
1414 1947 1600 2001 intus?
1628 1947 1690 2000 In
1733 1948 1837 2002 Deo
1878 1950 2120 2020 faciemus

537 2038 770 2091 uirtutem
796 2053 815 2090 :
840 2047 892 2091 et
931 2041 1078 2108 quasi
1123 2040 1335 2108 ahjecti,
1367 2050 1418 2094 et
1444 2042 1590 2111 quasi
1621 2042 1935 2106 conculcati,
1968 2043 2119 2112 quasi

537 2131 736 2185 nullius
764 2133 1017 2185 momenti
1044 2131 1287 2187 homines
1311 2135 1529 2198 erimus,
1561 2133 1651 2188 sed
1679 2136 1787 2206 ipse
1813 2135 1880 2187 ad
1904 2135 2118 2189 nihilum

537 2223 748 2277 deducet
790 2225 1021 2278 inimicos
1051 2235 1267 2279 nostros.
1319 2226 1552 2292 Denique
1583 2225 1774 2280 factum
1815 2229 2022 2282 esthoc
2051 2230 2118 2284 de

535 2316 764 2370 inimicis
785 2317 1000 2370 nostris.
1030 2316 1336 2372 Concnicati
1365 2328 1487 2372 sunt
1513 2328 1772 2390 martyres
1799 2338 1810 2372 ε
1844 2319 2112 2390 patiendo,

535 2407 854 2476 perferendo
879 2450 893 2473 ,
927 2422 1096 2477 usque
1119 2407 1174 2461 in
1212 2408 1366 2462 ﬁnem
1397 2408 1801 2478 perseverando,
1827 2411 1883 2463 in
1913 2411 2022 2466 Deo
2044 2410 2116 2465 fe-

533 2510 725 2555 cerunt
752 2501 1021 2554 virtutem.
1067 2500 1215 2555 Fecit
1238 2510 1292 2554 et
1320 2501 1434 2570 ipse
1459 2501 1599 2570 quod
1639 2502 1877 2571 scmtitur
1901 2520 1914 2556 :
1941 2503 2005 2557 ad
2036 2503 2115 2558 n'i-

533 2594 703 2649 hilum
723 2594 944 2650 deduxit
969 2593 1212 2649 inimicos
1237 2609 1444 2650 eorum.
1465 2593 1563 2649 Ubi
1587 2603 1706 2649 sunt
1734 2594 1892 2648 modo
1915 2596 2111 2652 inimici

529 2696 842 2759 martyrum,
878 2687 978 2740 nisi
1009 2685 1142 2740 forte
1171 2686 1292 2756 quia
1324 2685 1483 2740 modo
1511 2701 1604 2740 cos
1628 2684 1824 2740 ebriosi
1853 2688 2110 2742 calicibus

526 2786 923 2848 persequuntur
942 2819 956 2845 ,
1008 2793 1142 2848 quos
1167 2788 1293 2833 tunc
1321 2776 1504 2833 furiosi
1536 2777 1796 2849 lapidibus
1823 2771 2110 2850 perseque-

522 2867 714 2925 bantur
728 2870 754 2924 9

525 3019 2095 3048 v-.-—-——-—-————————-————'—p—————l

962 3123 1044 3183 IN
1087 3121 1466 3183 PSALMUM
1507 3123 1621 3185 LX

1097 3241 1514 3298 ENARRATIO.

1012 3373 1183 3412 SERMO
1229 3375 1295 3412 AD
1351 3373 1576 3416 PLEBEM.

585 3477 635 3531 i.
671 3473 831 3548 [vers
863 3470 937 3547 1.]
982 3470 1435 3536 Considerandum
1467 3486 1586 3526 cum
1612 3470 1798 3528 Vestra
1830 3471 2098 3532 Charitate

512 3569 773 3639 psalmum
797 3568 953 3634 istum
980 3565 1333 3634 suscepimus.
1369 3564 1553 3620 Brevis
1578 3573 1693 3630 est;
1721 3565 1890 3622 aderit
1921 3567 2098 3622 Domi-

513 3678 612 3717 nus
634 3671 690 3717 ut
709 3659 1033 3717 sufﬁcienter
1058 3675 1123 3714 ex
1145 3674 1229 3733 eo,
1261 3669 1314 3714 et
1335 3658 1569 3714 breviter
1589 3659 1885 3730 quuamur.
1919 3663 2093 3730 Quen.

511 3766 619 3812 tum
647 3754 908 3822 adjuverit
934 3755 1047 3826 ipse
1078 3753 1164 3823 qui
1197 3767 1293 3810 nos
1316 3752 1470 3824 jubet
1500 3753 1663 3824 loqui,
1688 3755 1765 3810 sic
1790 3769 1885 3818 cro
1914 3759 2094 3812 volen-

511 3847 652 3902 tibus
673 3847 961 3912 oiﬁciosus,
995 3855 1050 3900 ut
1084 3861 1186 3900 non
1215 3845 1313 3899 sim
1341 3844 1505 3900 tardis
1534 3847 1812 3915 molestus,
1841 3864 1939 3903 nec
1967 3866 2091 3919 pau-

510 3940 587 3996 cis
611 3941 829 4007 multus,
863 3956 961 3996 nec
985 3939 1256 4010 occupatis
1283 3954 1561 3994 onerosus.
1607 3939 1814 3996 Titulus
1845 3943 1957 4014 ejus
1983 3961 2086 4000 non

504 4051 601 4090 nos
631 4044 795 4094 tenet.
829 4035 923 4090 Est
948 4035 1109 4100 enim,
1143 4032 1207 4088 In
1250 4034 1422 4103 linem,
1452 4034 1503 4087 in
1528 4035 1745 4104 hymnis,
1777 4036 1876 4106 ipsi
1905 4037 2083 4092 David.

501 4127 568 4181 In
608 4129 808 4200 hymnis
833 4168 847 4193 ,
889 4127 1070 4197 utique
1117 4127 1166 4181 in
1211 4126 1474 4181 laudibus.
1507 4125 1575 4180 In
1619 4127 1788 4196 linem,
1822 4131 2002 4199 utique
2032 4133 2082 4187 in

499 4222 789 4280 Christum.
820 4221 966 4276 Finis
1005 4222 1135 4278 enim
1173 4220 1320 4291 Legis
1345 4218 1577 4278 Christus
1611 4230 1712 4282 est.
1742 4223 1809 4275 ad
1827 4225 2081 4292 justitiam

499 4318 634 4370 omni
676 4315 893 4369 credenti
932 4313 1107 4386 (Rom.
1142 4328 1199 4379 κ,
1242 4312 1321 4380 i).
1349 4311 1413 4367 Et
1433 4312 1533 4380 ipsi
1565 4311 1747 4377 David,
1788 4330 1888 4368 non
1917 4316 2076 4374 alium

496 4422 654 4478 quam
683 4407 853 4476 ipsum
897 4406 1138 4474 accipere
1159 4403 1443 4470 debemus,
1473 4403 1564 4474 qui
1603 4405 1748 4460 venit
1777 4420 1842 4466 ex
1875 4409 2078 4464 semine

495 4502 687 4564 David,
716 4509 771 4554 ιιι
795 4509 938 4555 esset
963 4498 1125 4558 homo
1149 4499 1288 4558 inter
1315 4496 1584 4562 homines,
1613 4506 1664 4552 et
1704 4499 1937 4568 mquales
1966 4503 2046 4556 An.

493 4594 627 4664 gelis
665 4592 863 4648 faceret
902 4591 1165 4646 homines.
1194 4590 1391 4646 Vocem
1419 4599 1594 4646 autem
1627 4591 1676 4643 in
1719 4591 1819 4656 isto
1849 4594 2070 4664 psalmo,

495 4686 539 4740 si
586 4685 636 4738 in
669 4682 925 4738 membris
969 4681 1084 4749 ejus
1112 4681 1246 4738 etin
1296 4695 1521 4748 corpore
1563 4697 1782 4748 sumus,
1823 4684 1958 4737 sicut
1985 4686 2073 4742 illo

490 4780 808 4836 exhortante
849 4789 1170 4846 praesumere
1213 4773 1473 4828 audemus
1498 4816 1511 4836 ,
1542 4783 1777 4829 nostram
1818 4775 2071 4833 debemus

487 4884 798 4940 agnoscere,
827 4883 932 4922 non
957 4866 1176 4934 alicujus
1203 4868 1463 4924 extranei.
1488 4867 1728 4922 Nostram
1754 4877 1929 4925 autem
1963 4887 2069 4928 non

483 4963 564 5019 sic
594 4961 719 5028 dixi,
755 4961 903 5033 quasi
935 4975 1118 5016 eorum
1151 4969 1350 5015 tantum
1377 4960 1466 5031 qni
1495 4960 1546 5015 in
1583 4963 1861 5031 praesentia
1884 4979 2068 5021 smnus

482 5057 672 5120 modo;
716 5055 808 5111 sed
854 5063 1086 5110 nostram
1117 5053 1206 5126 qui
1234 5069 1416 5108 sumus
1456 5069 1550 5123 per
1589 5065 1754 5109 totum
1787 5057 2061 5126 mumlnm,

479 5151 567 5218 qui
593 5164 779 5204 sumus
809 5148 876 5202 ab
901 5148 1106 5203 oriente
1133 5163 1299 5218 usque
1327 5148 1376 5201 in
1407 5148 1756 5204 occidentem.
1785 5151 1847 5204 Et
1879 5161 1934 5204 ut
1965 5168 2061 5206 no-

477 5241 662 5295 veritis
706 5241 784 5295 sic
811 5255 930 5296 esse
971 5254 1154 5294 vocem
1202 5249 1437 5294 nostram
1465 5279 1480 5305 ,
1534 5240 1766 5310 loquitur
1797 5241 1880 5295 hic
1909 5244 2057 5312 quasi

474 5348 615 5387 unus
641 5332 802 5388 homo
833 5351 845 5388 :
875 5350 977 5388 non
1001 5343 1083 5386 est
1107 5343 1285 5387 autent
1315 5349 1450 5387 unus
1479 5333 1656 5397 homo,
1688 5333 1779 5388 sed
1809 5343 2054 5403 tanquam

475 5439 616 5478 unus
659 5425 832 5479 unitas
873 5423 1122 5494 loquitur.
1173 5423 1230 5478 In
1262 5423 1474 5478 Christo
1504 5436 1680 5479 autem
1727 5440 1822 5478 nos
1868 5441 2054 5483 mones

473 5531 609 5571 unus
651 5517 844 5582 homo;
889 5517 1008 5586 quia
1039 5516 1196 5584 hujus
1239 5517 1393 5570 unius
1435 5517 1661 5570 hominis
1699 5528 1853 5587 caput
1893 5521 2050 5574 estin

530 5673 547 5702 ¹
575 5669 724 5730 Fdd.,
748 5668 966 5732 salutem.
1010 5669 1195 5732 Aliquot
1233 5678 1372 5729 Mss,
1414 5671 1560 5722 saleni
1592 5685 1607 5721 :
1642 5671 1809 5721 alltrlit
1833 5675 1890 5721 ad
1934 5673 2047 5722 illud

468 5734 605 5781 επ(ςί
628 5732 676 5790 9,
709 5731 799 5781 49:
832 5731 1007 5797 [Iubeas
1052 5731 1245 5782 iurabis
1281 5735 1447 5796 δαιθνη,
1474 5735 1543 5782 uti
1564 5747 1724 5797 stqra,
1747 5750 1791 5783 n.
1813 5736 2047 5786 9.t;onl‘er

463 5802 707 5857 praetcrea
722 5807 802 5857 nn.
830 5792 860 5842 Ξ
883 5801 934 5842 et
955 5796 1001 5842 7.

528 5857 547 5886 ⁸
572 5855 790 5906 Nonnulli
815 5863 943 5916 Μεδ..
967 5853 1242 5908 tribulanlcs
1261 5869 1360 5908 nos.

1793 355 1848 411 Β.
1890 353 2250 414 Αυθυειῐηκι
2295 355 2596 420 Ei’iSi‘itif’l

3658 397 3725 455 τξι

2245 479 2399 578 coelo,
2431 491 2483 535 et
2510 483 2746 541 membra
2771 481 3214 552 adhuelahorant
3243 495 3293 550 in
3320 505 3448 554 terra
3474 512 3543 560 :et
3566 510 3656 578 'q'uia
3675 511 3725 570 li.

2239 567 2446 640 borant,
2474 578 2648 632 videte
2679 582 2800 649 quid
2829 575 3024 638 dicat".

2312 667 2366 720 2.
2397 667 2544 739 [rers.
2577 670 2721 744 2-4.]
2763 672 2982 744 Exaudi,
3029 667 3180 743 Deus,
3219 669 3727 766 deprecalionemmeam,

2239 757 2441 812 intende
2464 762 2683 816 orationi
2708 781 2848 818 mete.
2879 767 3006 832 Quis
3036 767 3206 826 dicit?
3223 774 3384 843 Quasi
3422 795 3558 836 unus.
3597 757 3730 850 Vide

2240 864 2379 903 unus
2411 869 2424 905 :
2454 853 2496 904 Α
2533 854 2717 920 finibus
2763 865 2908 912 teme
2948 860 3015 913 ad
3056 871 3102 915 te
3131 863 3365 934 clamavi,
3398 871 3508 927 dum
3548 895 3732 949 angeretur

2239 957 2325 994 cor
2364 959 2550 997 meum.
2581 945 2696 1001 .lam
2729 963 2854 1019 ergo
2885 965 2989 1006 non
3023 963 3188 1019 tinus;
3233 961 3329 1013 sed
3362 961 3475 1017 ideo
3497 945 3624 1035 unus,
3655 981 3731 1040 quia

2236 1030 2483 1089 Christus
2513 1047 2693 1104 unus,
2747 1041 2897 1110 cujus
2947 1060 3133 1100 omnes
3177 1053 3417 1108 membra
3460 1030 3734 1124 sumusihalii

2236 1129 2358 1195 quis
2381 1143 2516 1184 unus
2549 1129 2708 1184 homo
2749 1133 2944 1190 ciatnat
2970 1153 2998 1191 a
3044 1139 3237 1196 ﬁnibus
3267 1148 3460 1202 terrm?
3483 1147 3582 1218 Non
3605 1158 3732 1216 clamat

2235 1230 2261 1267 a
2294 1217 2487 1273 ﬁnibus
2535 1229 2692 1276 terra:
2717 1264 2731 1283 ,
2769 1226 2866 1278 nisi
2916 1229 3197 1286 itaet-editas
3221 1235 3318 1290 illa
3346 1280 3358 1302 ,
3402 1240 3464 1294 de
3492 1260 3577 1312 qua
3601 1248 3733 1310 dictum

2233 1316 2313 1407 est
2345 1310 2440 1378 ipsi
2476 1309 2612 1366 Filio
2642 1333 2654 1367 :
2701 1313 2918 1371 Postulo
2958 1338 2989 1373 a
3019 1339 3116 1386 me,
3142 1337 3188 1378 et
3216 1328 3351 1382 dabo
3379 1333 3462 1386 tibi
3485 1309 3733 1407 pautatim

2232 1400 2436 1454 ditatem
2459 1413 2614 1469 tuam,
2639 1412 3049 1476 etpoSscssioncm
3073 1425 3207 1470 munt
3231 1426 3467 1480 terminos
3485 1400 3735 1500 int-cupiat.

2232 1506 2286 1554 ιι,
2315 1492 2389 1563 8).
2423 1494 2547 1550 Haec
2578 1512 2704 1566 ergo
2735 1498 2934 1556 Christi
2965 1512 3253 1577 possessio,
3289 1515 3401 1570 lta-c
3429 1517 3597 1578 Chris:i
3621 1492 3734 1586 brrrc-

2230 1582 2391 1650 ditus,
2443 1587 2543 1641 hoc
2575 1590 2772 1645 Christi
2805 1610 3020 1664 corpus,
3055 1599 3166 1655 inec
3194 1615 3302 1658 una
3334 1607 3524 1664 Christi
3553 1582 3735 1688 Ecclesia,

2231 1673 2345 1730 hare
2371 1678 2547 1732 unitas
2588 1695 2705 1750 qua:
2747 1699 2844 1740 nos
2886 1703 3101 1752 sumus.
3132 1694 3328 1750 clamat
3374 1715 3400 1750 a
3431 1673 3734 1767 ﬁnibnsterrze:

2228 1767 2362 1872 (:inid
2402 1781 2576 1826 autem
2601 1776 2832 1832 clamat?
2856 1779 3008 1848 Quod
3045 1799 3200 1854 supra
3232 1788 3365 1856 dixi,
3399 1791 3602 1863 Exaudi,
3626 1800 3733 1872 Deus,

2228 1860 2627 1930 deprecationem
2657 1887 2818 1924 meum
2836 1915 2848 1938 ,
2888 1876 3090 1931 intende
3116 1884 3338 1936 orationi
3382 1899 3500 1942 mea!
3522 1907 3538 1943 .·
3563 1909 3590 1944 a
3612 1860 3735 1966 ﬁnibri

2229 1961 2375 2008 terrm
2401 1957 2467 2009 ad
2492 1968 2538 2011 te
2562 1961 2794 2018 clamavi.
2830 1964 2883 2020 id
2913 1977 3012 2034 est,
3044 1969 3142 2026 hoc
3171 1973 3238 2027 ad
3272 1983 3323 2031 te
3346 1977 3556 2036 clamavi
3585 1957 3641 2038 z'a
3657 1957 3735 2060 ﬁni;

2225 2042 2314 2098 bus
2339 2053 2484 2101 terrm
2511 2066 2529 2103 :
2549 2051 2601 2105 id
2631 2063 2729 2117 cst,
2764 2058 3016 2129 undique.

2297 2138 2349 2192 5.
2361 2139 2478 2194 Sed
2498 2159 2658 2213 quare
2676 2147 2898 2204 clamavi
2917 2153 3051 2207 hoc?
3078 2155 3204 2211 Dum
3229 2174 3502 2233 angeretur
3520 2184 3593 2222 cor
3609 2189 3734 2229 meum.

2223 2230 2467 2286 Ostendit
2511 2250 2569 2290 se
2612 2251 2730 2293 esse
2763 2256 2856 2310 per
2883 2259 3069 2301 onmes
3099 2230 3444 2320 gentes'toto
3472 2259 3588 2317 orbe
3623 2273 3734 2321 terra-

2223 2327 2339 2375 rum
2365 2324 2384 2355 ³
2410 2325 2458 2378 in
2488 2341 2674 2398 magna
2698 2334 2883 2401 gloria,
2906 2337 2997 2392 sed
3023 2338 3073 2393 in
3105 2356 3296 2412 magna
3323 2353 3735 2411 tetitaIione.Natn-

2222 2427 2324 2516 que
2345 2417 2446 2470 vita
2481 2429 2662 2475 nostra
2697 2425 2746 2477 in
2779 2425 2878 2482 hac
2906 2435 3343 2504 peregrinatione
3374 2457 3475 2497 non
3505 2457 3644 2515 potest
3661 2467 3732 2509 esse

2221 2511 2336 2560 sine
2377 2511 2668 2567 tcntationc
2710 2535 2722 2568 :
2765 2519 2883 2585 quia
2918 2535 3196 2590 provectus
3227 2543 3416 2587 noster
3442 2511 3531 2608 per
3556 2543 3733 2597 tcntatio-

2222 2611 2341 2654 nem
2372 2611 2610 2660 nostram
2637 2609 2712 2674 tit,
2749 2627 2847 2667 nec
2877 2614 2976 2669 sibi
3009 2620 3233 2690 quiSqnc
3257 2623 3536 2686 innotescit
3563 2633 3643 2688 nisi
3664 2649 3732 2693 leno

2218 2700 2360 2750 tatus
2386 2739 2400 2763 ,
2434 2713 2531 2753 nee
2572 2712 2743 2770 potest
2790 2711 3037 2764 coronari
3087 2714 3185 2768 nisi
3237 2719 3423 2775 vicerit
3449 2764 3462 2787 ,
3500 2741 3584 2780 nec
3620 2740 3732 2797 potest

2219 2796 2430 2846 vincere
2459 2796 2556 2848 nisi
2587 2800 2888 2865 certaverit,
2925 2811 3021 2859 nec
3053 2819 3229 2875 potest
3262 2825 3472 2873 certare
3503 2820 3589 2876 nisi
3613 2796 3731 2880 inimi-

2215 2887 2335 2982 cum
2365 2896 2417 2940 et
2445 2892 2765 2947 tentationcs
2798 2891 3060 2953 habuerit.
3095 2903 3328 2973 Angitur
3353 2926 3479 2982 ergo
3503 2913 3590 2969 istc
3611 2933 3633 2969 a
3656 2881 3732 2974 ﬁni-

2215 2973 2312 3028 itus
2346 2989 2501 3034 terra}
2530 2981 2784 3049 ciamaus,
2830 2989 2921 3042 sed
2954 3001 3126 3048 tamen
3166 3012 3275 3052 non
3306 2973 3615 3075 relinquitur.
3636 3009 3729 3078 Quo-

2213 3070 2353 3172 niam
2388 3087 2483 3126 nos
2515 3075 2658 3144 ipsos
2680 3119 2693 3142 ,
2728 3081 2867 3148 quod
2901 3092 2984 3138 ρει
3026 3101 3217 3157 corpus
3252 3070 3618 3161 suum,‘voluit

2213 3159 2441 3231 ﬁgurare
2466 3177 2517 3221 ct
2551 3168 2601 3222 in
2635 3169 2722 3223 illo
2745 3187 2969 3246 corpore
2993 3191 3109 3241 suo,
3140 3179 3188 3233 in
3217 3198 3330 3255 quo
3351 3159 3458 3256 jam
3487 3200 3535 3246 et
3559 3159 3731 3254 mortuus

2210 3261 2323 3315 est.
2369 3265 2419 3310 et
2465 3263 2796 3326 resurrexit,
2845 3275 2897 3320 et
2939 3266 2991 3321 in
3039 3270 3232 3327 malum
3286 3283 3550 3350 ascendit;
3588 3295 3632 3338 ut
3663 3300 3730 3354 quo

2208 3357 2370 3416 caput
2401 3354 2689 3418 praecessit,
2725 3355 2849 3410 illuc
2879 3371 2937 3414 se
2967 3362 3200 3417 membra
3232 3381 3482 3426 secutura
3503 3375 3726 3432 conﬁdant.

2205 3440 2346 3512 Ergo
2371 3461 2468 3499 nos
2498 3450 2896 3520 transﬁguravit
2939 3453 2992 3509 in
3021 3472 3098 3519 se,
3129 3461 3348 3530 quando
3371 3467 3522 3522 voluit
3547 3472 3726 3525 tentari:

2203 3544 2385 3636 satana
2437 3538 2648 3608 (illati/2.
2695 3559 2764 3607 tv,
2798 3543 2874 3611 i).
2908 3533 3062 3602 Modo
3091 3549 3372 3624 legebatur
3414 3559 3462 3614 in
3509 3562 3727 3636 Evangelia

2201 3629 2322 3698 quia
2353 3630 2609 3686 Dominus
2656 3633 2811 3690 Je‘sns
2853 3637 3096 3697 Christus
3137 3644 3188 3698 in
3218 3662 3408 3704 eremo
3440 3629 3723 3710 tentalialura

2205 3719 2438 3775 diabolo.
2487 3723 2716 3780 Prorsus
2761 3723 3002 3787 Christus
3051 3739 3361 3796 tentabatur
3402 3759 3430 3797 a
3473 3745 3667 3802 diabolo.
3688 3745 3722 3801 in

2197 3811 2408 3868 Christo
2452 3817 2592 3870 enim
2637 3829 2691 3873 tu
2719 3821 3025 3891 tcutnbaris,
3067 3829 3187 3897 quia
3221 3832 3467 3889 Christus
3491 3835 3551 3892 de
3584 3847 3626 3893 te
3654 3837 3720 3892 sibi

2197 3904 2428 3963 habebat
2467 3924 2704 3980 carnem,
2735 3915 2801 3970 de
2826 3919 2882 3971 ‘se
2913 3916 3004 3972 tibi
3035 3922 3299 3993 salutem;
3328 3927 3394 3982 de
3427 3939 3472 3984 te
3501 3933 3588 3988 sibi
3620 3948 3718 3986 mor-

2196 4007 2320 4066 tem,
2363 4000 2431 4054 de
2457 4016 2515 4056 se
2544 4004 2633 4057 tibi
2661 4006 2853 4071 vitam;
2899 4008 2963 4064 de
2995 4019 3046 4065 te
3089 4013 3186 4067 sibi
3227 4022 3717 4086 contumelias,dese

2194 4089 2285 4143 tibi
2328 4091 2592 4159 honores;
2634 4112 2760 4166 ergo
2793 4097 2858 4152 de
2894 4107 2943 4154 te
2981 4099 3078 4154 sibi
3109 4108 3471 4172 tentationcm,
3504 4109 3561 4163 de
3586 4110 3715 4165 selibi

2190 4182 2489 4237 victoriam.
2519 4184 2574 4240 Si
2620 4187 2672 4240 in
2704 4188 2794 4242 illo
2825 4206 2921 4245 nos
2968 4196 3151 4248 tentati
3196 4213 3384 4253 sumus
3407 4243 3420 4265 ,
3452 4203 3497 4255 in
3538 4204 3612 4256 illo
3645 4218 3713 4258 nos

2188 4273 2456 4328 diabolum
2482 4291 2814 4348 superamus.
2839 4283 3082 4339 Attendis
3106 4288 3226 4356 quia
3271 4290 3510 4348 Christus
3537 4303 3711 4348 tertiatos

2185 4376 2284 4433 est,
2319 4380 2369 4422 et
2402 4385 2506 4422 non
2533 4371 2762 4426 attendis
2788 4375 2907 4443 quia
2935 4376 3092 4430 vicit?
3123 4381 3366 4450 Agnosco
3390 4395 3437 4440 te
3461 4386 3505 4440 in
3527 4385 3602 4441 illo
3623 4398 3708 4441 teu-

2185 4473 2372 4529 tatum,
2419 4472 2472 4518 et
2513 4474 2562 4518 te
2593 4464 2642 4518 in
2679 4464 2767 4520 illo
2793 4482 3018 4536 agnosce
3046 4470 3368 4530 vincentem.
3414 4453 3600 4533 i’otcrat
3622 4493 3706 4533 asc

2181 4558 2451 4614 diabolum
2481 4563 2765 4632 prohibere
2799 4581 2811 4616 :
2841 4565 2932 4620 sed
2963 4568 3004 4620 si
3033 4585 3136 4624 non
3168 4578 3478 4642 tentaretur,
3511 4576 3589 4630 tibi
3617 4585 3701 4628 ten-

2180 4653 2340 4708 tando
2396 4655 2640 4711 vincendi
2689 4658 3050 4729 magisterium
3095 4681 3198 4718 non
3247 4669 3519 4736 prtrberet.
3568 4667 3699 4735 itaqttt

2179 4762 2282 4800 non
2316 4750 2527 4812 mirum,
2553 4750 2596 4802 si
2624 4750 2759 4804 inter
2790 4756 3107 4809 tentatioues
3132 4759 3334 4826 positus
3365 4761 3458 4816 iste
3483 4761 3646 4815 clamat
3677 4777 3694 4814 υ

2176 4839 2370 4896 ﬁnibus
2404 4851 2581 4897 terra}.
2614 4841 2718 4899 Sed
2741 4862 2905 4916 quare
2932 4865 3037 4904 non
3065 4851 3334 4907 vincitur?
3363 4852 3427 4911 In
3447 4863 3570 4924 petra
3591 4851 3695 4906 exal-

2175 4936 2292 4988 tasti
2316 4954 2408 4988 me.
2440 4936 2555 4991 Jam
2589 4952 2718 5007 ergo
2747 4937 2834 4994 hic
2858 4943 3198 5009 agnoscimus
3223 4947 3342 5014 quis
3365 4948 3540 5001 clamet
3559 4961 3583 4999 ο
3607 4943 3692 4996 lini-

2172 5029 2268 5083 bus
2291 5039 2464 5086 terrm.
2491 5030 2808 5086 Recolamus
2831 5034 3168 5104 Evangelium
3193 5055 3205 5090 :
3228 5039 3395 5110 Super
3414 5042 3530 5094 hanc
3548 5047 3689 5106 petram

2167 5124 2428 5193 wdiﬁcabo
2482 5125 2757 5180 Ecclesium
2810 5145 2969 5182 meam
2999 5128 3107 5200 (Id.
3155 5148 3281 5199 xvi,
3327 5134 3433 5200 18).
3477 5133 3596 5201 Ergo
3626 5128 3685 5181 illa

2166 5219 2360 5272 clamat
2386 5236 2413 5274 a
2448 5219 2638 5275 ﬁnibus
2668 5230 2843 5288 lerrre,
2887 5239 3042 5291 quam
3091 5225 3258 5282 voluit
3301 5227 3534 5282 ardilicari
3567 5232 3684 5291 super

2164 5322 2389 5381 petram.
2419 5311 2487 5368 Ut
2515 5323 2688 5368 autem
2716 5314 3070 5371 :cdiiicaretur
3100 5317 3339 5378 Ecclesia
3363 5335 3508 5390 super
3525 5325 3677 5390 petram

2161 5404 2278 5473 quis
2309 5404 2477 5458 factus
2504 5415 2585 5459 est
2615 5407 2798 5473 petra?
2829 5407 3046 5464 Paulum
3077 5410 3198 5464 audi
3241 5412 3490 5470 dicentem
3517 5427 3527 5458 :
3554 5405 3668 5460 Petra

2158 5508 2323 5548 autem
2345 5508 2448 5549 erat
2470 5495 2697 5551 Christus
2725 5496 2762 5563 (1
2788 5496 2905 5552 Cor.
2937 5515 2993 5570 Χ,
3028 5500 3106 5567 4).
3140 5501 3194 5554 in
3230 5503 3315 5556 illo
3343 5517 3457 5570 ergo
3484 5493 3670 5552 :rtiiiicati

2157 5606 2360 5645 sumus.
2405 5591 2689 5659 Propterea
2718 5600 2863 5661 petra
2909 5591 2988 5644 illa
3036 5593 3210 5662 inqua
3251 5591 3477 5647 a‘diﬁcati
3511 5596 3664 5672 sumtis.

2153 5684 2297 5755 prior
2321 5697 2564 5752 percussa
2590 5693 2669 5736 est
2693 5684 2880 5747 ventis,
2909 5683 3124 5740 ﬂumine
3147 5727 3160 5751 ,
3191 5683 3359 5755 pluvia
3393 5679 3570 5756 (.lialllt-
3595 5688 3659 5740 '1'":

2216 5801 2231 5828 ³
2259 5795 2425 5844 Plures
2442 5802 2568 5853 Mss,
2595 5795 2775 5846 dicunt.

2215 5862 2234 5890 ²
2260 5858 2389 5917 t-de.,
2417 5871 2508 5905 non
2533 5857 2581 5906 in
2606 5871 2778 5922 magna
2801 5858 2969 5922 gloria.
3000 5861 3162 5925 Abest,
3194 5878 3304 5927 non,
3327 5877 3352 5915 a
3374 5873 3466 5916 Mss.
