3912 6430
175 367 265 429 725
1254 339 1649 401 ENARRATIO
1689 337 1754 394 IN
1796 335 2120 398 PSALMUM
2159 340 2270 397 LX.

178 484 251 549 2i,
276 477 386 552 25),
411 473 623 550 quando
664 469 905 529 Christus
929 482 960 522 a
985 462 1198 522 diabolo
1241 459 1562 518 tentabatur.
1596 456 1733 512 Ecce

178 574 220 632 iu
246 588 341 646 qua
367 569 615 625 ﬁrmitate
645 575 697 621 te
723 562 889 617 voluit
920 558 1175 616 stabilire.
1221 554 1409 610 Merito
1450 567 1554 607 non
1589 558 1742 603 vacat

177 640 274 723 vos
294 673 494 729 nostra,
517 659 610 715 sed
633 656 912 715 exauditur
937 671 950 707 :
984 653 1037 707 in
1069 664 1261 721 magna
1291 647 1434 702 enim
1461 659 1555 715 spe
1582 640 1741 715 positi

175 773 343 819 tomus
366 773 379 822 ;
404 752 467 809 In
489 762 630 825 petra
649 748 880 805 exaltasti
902 763 997 802 me.

237 854 288 909 4.
334 847 598 905 Deduxisti
640 862 751 912 me,
794 845 913 913 quia
952 842 1115 911 [actus
1143 854 1195 893 es
1239 852 1350 907 spes
1390 847 1519 888 mea.
1566 831 1660 886 llle
1697 829 1741 883 si

171 955 345 1004 nostra
372 955 495 1012 spes
520 939 688 997 factus
717 952 822 992 non
847 944 1010 997 esset,
1039 949 1144 988 non
1175 945 1272 985 nos
1286 926 1605 983 deduceret.
1632 921 1743 977 De-

168 1039 311 1098 ducit
347 1046 593 1119 tanquam
621 1032 750 1097 dux,
777 1032 908 1087 etin
929 1044 988 1084 se
1012 1026 1163 1119 ducit
1189 1036 1436 1093 tanquam
1465 1020 1568 1082 via,
1598 1026 1653 1071 et
1679 1014 1746 1119 ad

166 1150 221 1190 se
253 1107 495 1204 perducit
516 1139 765 1198 tanquam
797 1121 984 1195 patria.
1011 1110 1238 1204 Deducit
1264 1129 1395 1185 ergo
1421 1127 1536 1167 nos.
1562 1107 1746 1166 Unde?

164 1200 295 1301 Quia
343 1222 512 1277 factus
556 1227 637 1276 est
683 1230 807 1288 spes
853 1220 1051 1269 nostra.
1087 1200 1245 1267 Unde
1285 1206 1457 1263 Tactus
1501 1211 1584 1257 est
1624 1214 1748 1271 spes

164 1298 385 1375 nostra?
411 1310 553 1371 Ecce
576 1310 653 1366 sic
676 1303 943 1380 quomodo
967 1300 1189 1358 audistis
1216 1298 1338 1369 quia
1371 1302 1604 1351 tentatus
1630 1299 1743 1353 est,

164 1407 287 1485 quia
316 1418 508 1495 passus
530 1409 642 1495 est,
679 1400 800 1495 quia
832 1395 1142 1495 resurrekit,
1178 1388 1457 1495 factus-est
1654 1400 1749 1495 no;

164 1476 297 1553 ειη.
316 1476 459 1566 \Quid
486 1493 629 1552 enim
671 1490 826 1547 nobis
851 1488 1078 1544 dicimus
1102 1482 1315 1557 quando
1344 1482 1459 1536 haec
1487 1476 1749 1550 legimus?

154 1586 281 1647 Non
311 1589 449 1645 enim
472 1585 659 1661 perdet
681 1599 777 1640 nos
797 1583 957 1648 Deus,
988 1580 1201 1651 propter
1221 1589 1354 1645 quos
1374 1568 1567 1630 Filium
1595 1585 1748 1627 suum

167 1681 313 1739 misit
342 1679 571 1747 tentari,
603 1673 868 1746 cruciﬁgi,
912 1672 1045 1728 mori
1065 1713 1080 1736 ,
1126 1680 1440 1739 resurgere:
1475 1678 1579 1717 non
1606 1661 1747 1716 enim

168 1789 295 1837 vere
324 1788 421 1828 nos
457 1767 686 1845 despicit
727 1764 902 1831 Deus,
950 1772 1169 1835 propter
1206 1770 1341 1831 quos
1362 1755 1501 1812 Filio
1536 1753 1749 1824 proprio

170 1884 273 1926 non
306 1865 574 1940 pepercit.
622 1863 716 1923 sed
756 1878 852 1933 pro
897 1859 1050 1915 nobis
1088 1855 1332 1911 omnibus
1378 1846 1590 1908 tradidit
1628 1865 1749 1904 eum

171 1962 344 2035 (Rom.
370 1976 492 2033 vnt,
521 1956 633 2033 52).
682 1956 772 2014 Sic
799 1970 924 2026 ergo
966 1942 1138 2007 iactus
1166 1960 1247 2005 est
1292 1962 1416 2019 spes
1446 1955 1646 2002 nostra.
1690 1943 1747 1997 In

174 2055 264 2110 illo
289 2053 436 2111 vides
465 2062 521 2110 et
558 2050 795 2107 laborem
825 2058 969 2105 tuum
990 2088 1004 2114 ,
1033 2055 1088 2102 et
1130 2042 1428 2102 mercedum
1460 2052 1635 2099 tuam;
1672 2038 1751 2093 la-

176 2148 351 2206 borem
396 2150 448 2204 in
490 2146 763 2219 passione,
802 2140 1100 2202 mercedem
1131 2140 1183 2196 in
1223 2135 1631 2193 resurrectione.
1662 2132 1753 2189 Sic

179 2256 300 2315 ergo
341 2241 509 2301 factus
539 2248 621 2297 cst
649 2253 771 2313 Spes
801 2248 1001 2292 nostra.
1046 2230 1313 2291 llabemns
1343 2229 1484 2284 enim
1512 2226 1645 2282 duas
1675 2226 1754 2280 vi-

182 2341 286 2400 tas;
331 2334 421 2389 sed
449 2349 607 2393 uuam
639 2332 689 2386 in
736 2345 837 2402 qua
882 2343 1090 2395 sumus,
1124 2328 1343 2386 alteram
1374 2339 1532 2395 quam
1561 2337 1748 2392 spera-

186 2439 313 2479 mus.
343 2422 395 2478 ln
420 2439 528 2505 qua
554 2436 755 2485 sumuS,
790 2426 911 2475 nota
944 2418 1096 2474 uobis
1123 2428 1236 2482 est;
1266 2433 1422 2489 quam
1450 2428 1747 2484 speramus,

176 2514 348 2591 ignota
377 2514 527 2572 nobis
550 2522 650 2571 est.
681 2510 869 2570 Tolera
897 2513 949 2567 in
977 2528 1077 2587 qua
1116 2527 1207 2576 cs,
1235 2519 1288 2564 et
1335 2508 1560 2562 habebis
1588 2520 1746 2574 quam

192 2606 406 2667 nondum
447 2603 633 2673 habes.
667 2603 945 2675 Quomodo
972 2596 1203 2660 toleras?
1234 2601 1301 2658 Ut
1330 2616 1433 2655 non
1462 2600 1690 2655 vincaris
1718 2612 1746 2651 a

192 2707 453 2755 mutatore.
476 2690 768 2754 Laboribus
798 2698 927 2765 suis,
960 2693 1354 2754 tentalionibus.
1390 2690 1741 2763 passionibus,

189 2801 343 2848 morte
367 2806 463 2847 sua
484 2788 866 2847 demonstravit
886 2787 977 2847 tibi
1003 2787 1162 2841 vitam
1183 2782 1428 2840 Christus
1455 2782 1507 2838 in
1529 2798 1630 2854 qua
1653 2795 1748 2850 es;

190 2883 562 2941 resurrectione
589 2897 682 2937 sua
706 2880 1087 2936 demonstravit
1117 2876 1207 2931 tibi
1233 2876 1391 2930 vitam
1412 2876 1466 2930 in
1490 2890 1589 2945 qna
1617 2874 1745 2929 eris.

188 2975 282 3033 Nos
321 2977 461 3032 enim
505 2989 611 3030 non
664 2987 983 3029 noveramus
1030 2970 1135 3026 nisi
1180 2969 1322 3023 nasci
1374 2966 1642 3020 hominem
1696 2974 1750 3019 et

190 3067 345 3137 mori;
372 3081 653 3141 resurgere
680 3062 949 3120 hominem
976 3072 1029 3119 et
1062 3061 1239 3117 vivere
1282 3060 1335 3114 in
1358 3067 1613 3113 aeternum
1642 3070 1747 3111 non

189 3172 489 3214 noveramus
513 3175 526 3210 :
557 3154 789 3231 suscepit
818 3153 960 3235 quod
988 3165 1246 3217 noveras,
1275 3160 1329 3206 et
1364 3146 1749 3204 demonstravit

188 3249 311 3329 quod
334 3266 435 3303 non
466 3263 710 3304 noveras.
742 3245 862 3300 Ideo
889 3260 1014 3317 ergo
1044 3241 1212 3298 factus
1236 3253 1318 3297 est
1337 3256 1461 3313 spes
1486 3251 1665 3295 nostra
1695 3239 1746 3292 in

190 3338 615 3411 tribulationibus,
648 3339 701 3395 in
731 3337 1130 3399 tentationibus.
1160 3333 1291 3390 Vide
1322 3333 1630 3403 Apostolnm
1662 3332 1746 3386 dio

189 3444 378 3493 centem
406 3454 419 3491 :
452 3434 573 3493 Non
601 3434 762 3490 soluat
791 3442 977 3501 autem,
1006 3430 1093 3485 sed
1119 3438 1165 3485 et
1190 3428 1501 3501 gloriamur,
1542 3422 1745 3497 inquit,

186 3529 234 3597 in
271 3528 669 3584 tribulationibus
694 3546 713 3581 :
750 3527 959 3581 scientes
1000 3526 1116 3595 quia
1159 3520 1411 3575 tribulatio
1456 3518 1750 3591 patientiam

189 3635 434 3697 operatur,
474 3621 719 3701 patientia
748 3619 1120 3691 probationem,
1165 3615 1391 3687 probatio
1432 3630 1609 3685 spem;
1636 3627 1751 3685 spes

187 3729 336 3771 autem
361 3731 461 3771 non
490 3706 754 3793 confundit
781 3728 799 3767 :
825 3710 1062 3784 quoniam
1087 3707 1307 3762 clturitas
1336 3704 1428 3760 Dei
1452 3703 1643 3772 di/I'usa
1679 3712 1754 3759 est

186 3808 231 3865 in
256 3808 483 3866 cordibus
507 3808 691 3865 nostris
716 3823 807 3879 per
840 3803 1090 3876 Spiritum
1118 3809 1345 3856 sanctum
1370 3799 1454 3873 qui
1493 3797 1642 3851 datus
1680 3806 1753 3855 est

186 3905 314 3960 nobis
343 3902 455 3981 (Id.
486 3919 540 3979 ν,
572 3890 710 3975 3-5).
754 3882 897 3969 Ergo
928 3890 1099 3954 factus
1127 3904 1208 3951 est
1242 3895 1353 3971 ipse
1381 3906 1504 3964 spes
1534 3902 1711 3946 nostra
1734 3933 1748 3961 ,

186 3996 264 4077 qui
305 3980 449 4051 dedit
494 3992 647 4053 nobis
691 3989 946 4065 Spiritum
995 3996 1235 4044 sanctum
1264 4004 1296 4077 ἰ
1327 3994 1381 4041 ct
1422 3980 1753 4039 ambulamus

188 4059 333 4143 modo
363 4085 429 4143 ad
460 4101 643 4158 spem;
675 4100 783 4140 non
812 4083 953 4139 enim
982 4059 1373 4135 ambularemus
1394 4119 1410 4146 ,
1443 4077 1542 4131 nisi
1571 4092 1754 4148 spora-

186 4194 372 4235 remus.
402 4177 537 4253 Quid
558 4176 631 4233 ait
657 4176 769 4247 ipse
793 4172 1115 4248 Apostolus?
1143 4171 1294 4247 Quod
1314 4168 1446 4225 enim
1466 4170 1595 4225 videt
1618 4169 1750 4240 quis,

182 4271 298 4347 quid
321 4270 529 4337 sperat?
555 4267 617 4326 Si
642 4268 961 4340 autemquod
984 4282 1085 4321 non
1111 4265 1335 4320 videmus
1361 4280 1641 4336 speramus,
1667 4279 1755 4333 per

176 4366 466 4451 patientiam
489 4375 853 4439 exspectamus.
884 4363 952 4420 Et
976 4363 1101 4419 item
1128 4380 1141 4417 :
1173 4359 1285 4437 Spe
1307 4361 1439 4423 enim
1468 4359 1594 4425 salvi
1630 4360 1755 4443 facti

169 4477 345 4517 sumus
376 4458 484 4531 (Id.
513 4473 629 4529 vm,
655 4458 746 4524 24,
777 4456 891 4527 25).

242 4552 298 4615 5.
334 4549 602 4609 Deduxiin
620 4565 716 4614 me,
738 4547 858 4621 quia
884 4550 1046 4619 factus
1074 4564 1126 4602 es
1152 4563 1265 4620 spes
1287 4562 1399 4600 mea
1420 4565 1439 4601 :
1468 4542 1619 4600 turris
1644 4548 1753 4614 for-

162 4641 404 4698 titudinis
432 4657 465 4695 a
507 4640 637 4717 {acie
676 4638 886 4693 inimici.
938 4638 1163 4710 Angitur
1190 4652 1284 4692 cor
1322 4652 1536 4705 meum,
1585 4635 1757 4707 inquit

156 4738 274 4794 ista
304 4735 475 4791 unitas
500 4749 530 4788 a
559 4720 751 4789 ﬁnibus
772 4741 950 4799 terra),
982 4738 1037 4786 et
1061 4729 1243 4786 laboro
1270 4729 1407 4785 inter
1434 4728 1755 4785 tentationes

154 4825 493 4891 ctscandala
520 4845 534 4882 :
563 4824 802 4881 invident
830 4822 1023 4894 Pagani
1049 4865 1065 4890 ,
1110 4820 1231 4891 quia
1276 4820 1399 4875 victi
1444 4829 1594 4887 sunt;
1626 4818 1756 4876 insi-

157 4923 385 4980 diantnr
409 4918 641 4977 hmrctiei
670 4918 828 4990 pallio
848 4915 1004 4971 velati
1032 4913 1260 4971 nominis
1284 4912 1587 4981 christiani;
1615 4913 1755 4970 intus

156 5017 219 5072 in
254 5016 370 5085 ipsa
392 5012 630 5073 Ecclesia
650 5012 755 5067 vim
775 5010 969 5082 patitur
995 5007 1320 5063 frumentum
1346 5021 1373 5060 a
1402 5006 1592 5075 palea:
1616 5006 1755 5062 inter

158 5111 288 5165 lucc
308 5110 484 5163 omnia
510 5121 632 5161 cum
662 5105 873 5177 angitur
892 5117 987 5159 cor
1006 5116 1203 5168 meum,
1239 5098 1478 5154 clamabo
1507 5113 1537 5152 a
1564 5097 1755 5155 ﬁnibus

165 5197 511 5265 terrm.'Sed
558 5214 664 5254 non
712 5214 798 5253 me
838 5194 1036 5251 deserit
1076 5193 1189 5264 ipse
1233 5191 1323 5263 qui
1371 5206 1457 5247 me
1497 5189 1756 5246 exultavit

159 5310 332 5367 super
357 5302 592 5367 petram,
624 5299 681 5346 ut
703 5290 929 5346 deducat
954 5305 1039 5344 me
1081 5302 1247 5361 usque
1272 5284 1336 5340 ad
1366 5300 1465 5341 se:
1494 5284 1617 5358 quia
1651 5280 1776 5341 etsi‘

96 5450 103 5457 ,
163 5388 379 5459 laboro,
406 5383 619 5441 diabolo
642 5397 741 5457 per
770 5392 848 5437 tot
873 5381 983 5438 loca
1016 5389 1070 5437 et
1095 5388 1331 5449 tempora
1362 5386 1416 5433 et
1446 5375 1754 5432 occasiones

161 5480 453 5545 insidiante
479 5478 735 5534 adversus
763 5491 849 5532 me
869 5518 883 5542 ,
926 5474 1010 5530 hic
1036 5480 1119 5529 est
1148 5471 1275 5528 mihi
1306 5470 1466 5527 turris
1489 5468 1755 5525 fortitudi-

159 5577 278 5638 nis;
311 5588 418 5645 quo
447 5586 567 5629 cum
604 5568 918 5638 confugero,
952 5582 1056 5621 non
1096 5565 1268 5621 solum
1305 5561 1485 5618 vitabo
1517 5561 1619 5616 tela
1648 5560 1753 5617 ini-

156 5667 312 5734 mici,
344 5664 438 5720 sed
462 5664 620 5720 etiam
648 5663 699 5717 in
726 5662 872 5717 illum
901 5674 1019 5729 qua)
1043 5659 1260 5715 voluero
1288 5672 1509 5714 securus
1536 5655 1650 5726 ipse
1669 5654 1754 5727 ja-

153 5758 406 5819 eulabor.
455 5757 572 5828 lpse
611 5754 751 5812 enim
797 5752 1037 5809 Christus
1067 5760 1148 5807 est
1194 5752 1389 5818 turris;
1440 5752 1554 5823 ipse
1599 5751 1753 5805 nobis

146 5856 337 5914 factus
363 5855 450 5908 est
473 5849 635 5909 turris
658 5862 693 5908 ε
714 5845 851 5906 facie
877 5845 1099 5918 inimici,
1120 5845 1210 5919 qui
1233 5853 1319 5904 est
1337 5852 1393 5903 et
1416 5853 1568 5918 petra
1586 5858 1751 5915 super

3323 342 3430 403 726

1844 473 2004 529 quam
2034 456 2290 513 :cdiﬁrata
2320 464 2405 513 est
2432 456 2690 513 Ecclesia.
2720 456 2892 512 Caves
2919 470 2990 512 ne
3012 456 3223 513 feriaris
3250 472 3281 513 a
3309 458 3429 515 dia-

1846 552 2013 610 bolo?
2040 553 2186 624 Fuge
2215 551 2280 607 ad
2310 561 2506 607 turrem
2536 572 2547 607 :
2576 567 2843 623 nunquam
2872 561 2924 607 te
2949 552 3015 608 ad
3056 551 3201 608 illam
3229 562 3433 609 turrem

1849 646 2113 704 diabolica
2138 646 2311 717 jacnla
2349 656 2594 701 secutura
2624 655 2776 714 sunt;
2806 645 2877 701 ibi
2906 645 3075 702 stabis
3117 645 3352 701 munitus
3377 653 3434 702 et

1850 741 2007 798 ﬁxus.
2036 739 2314 809 Quomodo
2348 750 2522 796 autem
2568 738 2737 812 fugies
2781 740 2847 796 ad
2893 739 3134 795 turrem?
3176 738 3256 796 Ne
3291 737 3436 797 forte

1850 836 2073 908 quisque
2122 836 2173 889 in
2228 836 2520 891 tentatione
2574 834 2776 906 positus
2827 834 3176 905 corporaliter
3227 840 3435 905 quaerat
3520 880 3526 889 ,

1852 938 2051 986 turrem
2079 929 2268 994 istam;
2297 939 2353 985 et
2386 944 2508 989 cum
2534 943 2650 985 eam
2679 940 2800 985 'non
2840 928 3134 990 invenerit.
3165 925 3437 1000 fatigetur,

1853 1032 1943 1077 aut
1969 1020 2185 1077 deﬁciat
2209 1022 2261 1076 in
2297 1022 2609 1078 tentatione.
2652 1022 2792 1078 Ante
2820 1030 2870 1081 te
2909 1030 2989 1077 est
3019 1022 3218 1077 turris:
3250 1036 3433 1083 recor-

1852 1115 1983 1171 dare
2007 1117 2304 1180 Christnm,
2350 1126 2406 1172 et
2432 1117 2569 1171 intra
2608 1115 2660 1171 in
2688 1124 2907 1175 turrem.
2948 1116 3228 1186 Quomodo
3252 1132 3437 1175 recor—

1852 1208 2000 1265 daris
2030 1206 2323 1270 Christum.
2346 1218 2404 1264 ut
2420 1209 2587 1265 intres
2603 1209 2655 1264 in
2684 1210 2911 1265 turrem?
2926 1210 3188 1281 Quidquid
3206 1212 3436 1283 pateris,

1854 1303 2026 1375 cogita
2054 1301 2174 1370 quia
2202 1303 2347 1371 prior
2372 1316 2566 1373 passus
2593 1310 2695 1368 est,
2720 1310 2777 1358 et
2794 1304 2965 1374 cogita
2990 1320 3095 1375 quo
3121 1305 3227 1364 ﬁne
3246 1320 3440 1379 passus

1855 1404 1967 1459 est.
2000 1404 2057 1451 ut
2098 1405 2399 1450 moreretur
2438 1405 2490 1451 et
2534 1404 2856 1468 resurgeret.
2882 1396 3064 1453 Talem
3094 1406 3150 1453 et
3177 1408 3231 1452 tu
3277 1397 3439 1455 ﬁnem

1855 1503 2011 1561 spera
2042 1490 2215 1559 qualis
2244 1491 2295 1543 in
2338 1489 2431 1549 illo
2454 1489 2762 1561 praecessit,
2808 1496 2864 1546 et
2892 1488 3097 1546 intrasti
3142 1490 3195 1546 in
3236 1499 3440 1549 turrem

1856 1596 1964 1636 non
1992 1581 2375 1637 consentiendo
2403 1580 2641 1645 inimica.
2686 1580 2743 1639 Si
2780 1583 2923 1639 cnim
2962 1583 3298 1641 consenseris
3341 1584 3443 1641 ini-

1856 1675 2020 1735 ntico,
2050 1684 2173 1728 tunc
2198 1672 2265 1729 ad
2316 1682 2368 1729 te
2393 1674 2634 1745 pervenit
2674 1676 3030 1747 oppugnantis
3063 1674 3319 1745 jacnlum.
3360 1674 3446 1735 Tu

1856 1768 2036 1838 potius
2064 1767 2115 1822 in
2145 1766 2290 1822 illum
2320 1767 2559 1836 jacnlare
2585 1767 2721 1834 tela,
2749 1766 2942 1836 quibus
2978 1766 3214 1833 feriatur,
3246 1767 3443 1845 quibus

1856 1864 2119 1914 vincatur.
2147 1859 2277 1926 Quae
2307 1868 2434 1914 sunt
2463 1860 2561 1913 ista
2590 1858 2733 1917 tela?
2756 1858 2929 1914 Verba
2979 1858 3110 1925 Dei,
3158 1858 3289 1914 ﬁdes
3313 1869 3402 1915 tua
3422 1902 3439 1929 ,

1857 1966 1981 2025 epes
2012 1953 2121 2024 ipsa
2154 1959 2239 2006 tua
2260 1994 2273 2014 ,
2298 1966 2459 2020 onera
2485 1951 2645 2006 bona.
2679 1950 2793 2006 Non
2822 1952 2943 2007 dico
2967 1970 2979 2006 :
3007 1950 3094 2007 Sic
3123 1959 3239 2007 esto
3260 1952 3312 2007 in
3341 1953 3442 2011 ista

1860 2058 2034 2110 turre,
2064 2055 2125 2103 ut
2159 2059 2315 2100 vaces
2355 2043 2460 2110 ibi,
2499 2052 2553 2103 et
2592 2042 2818 2099 sufﬁciat
2856 2044 2947 2099 tibi
2986 2044 3107 2115 quia
3140 2060 3248 2100 non
3295 2044 3359 2100 ad
3390 2054 3443 2100 te

1858 2142 2029 2199 hostis
2060 2140 2159 2195 tela
2188 2140 2527 2210 perveniunt.
2562 2139 2673 2215 Age
2711 2137 2780 2193 ibi
2811 2137 3007 2208 aliquid
3033 2154 3048 2204 ;
3080 2154 3185 2193 non
3228 2146 3443 2195 cessent

1855 2249 2047 2293 manus
2076 2250 2090 2289 :
2119 2246 2282 2303 opera
2310 2231 2447 2286 bona
2478 2241 2563 2288 tua
2592 2229 2754 2302 gladii
2776 2238 2906 2295 sunt
2932 2230 3310 2293 interﬁciemcs
3334 2230 3440 2291 ini.

1857 2329 2074 2385 micnm.

1929 2421 1980 2475 6.
2024 2416 2174 2494 [uers.
2206 2417 2285 2493 5.]
2324 2417 2612 2489 [inquilinus
2637 2434 2720 2473 ero
2748 2417 2801 2472 in
2824 2417 3145 2475 tabernaculo
3170 2426 3260 2481 tuo
3290 2434 3444 2489 usque

1854 2514 1910 2570 in
1932 2514 2143 2573 saeclo.
2177 2512 2377 2569 Videtis
2400 2512 2523 2584 quia
2569 2513 2677 2578 ille,
2714 2511 2782 2567 de
2810 2526 2914 2585 quo
2946 2510 3213 2579 diximus,
3246 2522 3330 2569 est
3352 2515 3446 2585 qui

1855 2608 2070 2663 clamat.
2091 2602 2220 2675 Quis
2251 2615 2490 2662 nostrum
2517 2614 2599 2661 est
2623 2603 2910 2677 inquilinus
2935 2618 3101 2677 usque
3125 2605 3178 2661 in
3206 2604 3445 2665 mula?

1856 2698 2046 2755 Paucis
2074 2698 2263 2755 diebus
2302 2697 2387 2754 hic
2424 2698 2678 2767 vivimus,
2726 2705 2781 2759 et
2820 2697 3108 2757 transimus
3143 2716 3159 2752 :
3199 2699 3446 2769 inquilini

1854 2790 1996 2847 enini
2038 2789 2122 2849 his
2150 2803 2354 2853 sumus,
2396 2788 2720 2849 habitatores
2753 2788 2807 2847 in
2856 2790 2995 2847 caelo
3032 2789 3249 2847 erimus.
3280 2790 3355 2847 lbi
3384 2806 3442 2846 es

1856 2882 2163 2954 inqui!inns,
2198 2881 2337 2939 unde
2362 2881 2639 2937 auditurus
2665 2896 2725 2938 es
2749 2896 2934 2941 vocem
2964 2882 3170 2941 Domini
3202 2881 3296 2943 Dei
3322 2882 3395 2943 tui
3422 2900 3439 2937 :

1848 2975 2038 3045 Migra.
2064 2973 2194 3033 Nam
2220 2974 2285 3031 de
2310 2974 2468 3029 domo
2491 2975 2576 3030 illa
2604 2980 2799 3033 aeterna
2831 2974 2883 3029 in
2914 2972 3066 3031 cmlis
3091 2987 3250 3031 nemo
3274 2984 3327 3030 te
3346 2974 3441 3043 ju-

1853 3067 1999 3125 bebit
2027 3068 2277 3137 migrare.
2328 3065 2424 3123 Hic
2448 3080 2575 3143 ergo
2600 3065 2905 3141 inquilinus.
2939 3064 3090 3121 Unde
3111 3066 3273 3125 etiam
3308 3063 3441 3121 dici-

1855 3170 1943 3225 tur
1973 3164 2024 3217 in
2052 3160 2157 3215 alio
2180 3160 2386 3233 psalmo
2418 3160 2739 3235 :lnquilinus
2765 3177 2854 3233 ego
2878 3176 2988 3219 sum
3005 3158 3145 3230 apud
3163 3168 3230 3229 te,
3253 3169 3301 3219 et
3320 3176 3439 3231 per-

1855 3258 2080 3327 egrinus,
2103 3256 2230 3311 sicut
2250 3271 2422 3311 omnes
2466 3264 2632 3325 patres
2654 3255 2750 3309 mei
2774 3253 2943 3324 (l’sal.
2965 3254 3313 3324 ιικνιιωὸ).
3340 3253 3441 3311 llic

1854 3361 1984 3418 ergo
2009 3346 2251 3417 inquilini
2288 3361 2503 3409 sumus;
2538 3345 2607 3400 ibi
2653 3346 2907 3407 Dominus
2947 3344 3101 3403 nobis
3140 3345 3445 3407 mansiones

1854 3439 1999 3497 dabit
2028 3449 2255 3496 aeternas
2295 3458 2311 3494 :
2359 3437 2559 3506 Multae,
2604 3438 2795 3509 inquit,
2839 3439 3121 3499 mansiones
3162 3448 3282 3499 sunt
3306 3439 3447 3513 apud

1856 3528 2070 3589 Patrem
2094 3549 2258 3587 nteum
2282 3530 2457 3603 (Joan.
2487 3546 2595 3596 xw.
2624 3528 2703 3604 2).
2730 3526 3030 3589 Man/siones
3061 3532 3178 3593 illas
3206 3546 3312 3593 non
3336 3540 3446 3591 tau.

1855 3641 2014 3699 quam
2061 3625 2329 3697 inquilinis
2361 3624 2526 3693 dabit,
2572 3623 2667 3681 sed
2698 3632 2945 3695 tanquam
2973 3623 3178 3687 civibus
3200 3624 3255 3685 in
3278 3634 3444 3691 mror.

1857 3734 1983 3776 num
2011 3718 2295 3774 mansuris.
2335 3716 2432 3772 ilic
2461 3726 2660 3787 tamen,
2704 3715 2916 3787 fratres,
2944 3717 3065 3789 quia
3097 3734 3204 3775 non
3234 3718 3446 3779 modico

1858 3823 2101 3883 tempore
2130 3810 2305 3871 futura
2330 3818 2446 3867 erat
2472 3808 2703 3867 Ecclesia
2725 3808 2777 3865 in
2799 3807 2900 3867 bac
2926 3817 3089 3879 terra,
3116 3810 3211 3866 sed
3238 3810 3324 3869 hic
3342 3812 3446 3874 erit

1857 3905 2095 3965 Ecclesia
2135 3920 2303 3976 usque
2346 3905 2399 3960 in
2443 3904 2603 3963 tinem
2630 3902 2811 3965 saeculi
2843 3921 2857 3958 :
2892 3901 3011 3960 ideo
3041 3902 3129 3960 hic
3152 3902 3305 3972 dixit,
3343 3904 3447 3967 la.

1858 3997 2079 4071 quilinus
2102 4012 2188 4054 er.)
2212 3997 2266 4051 in
2292 3994 2612 4053 tabernaculo
2641 4004 2726 4051 tuo
2744 4010 2901 4066 usque
2922 3993 2976 4049 in
3003 3992 3208 4055 secula.
3250 3993 3447 4055 vaiat

1859 4089 2249 4163 quantumlibet
2276 4087 2522 4143 inimicus
2545 4127 2560 4152 ,
2600 4093 2869 4162 Oppugnet
2896 4100 2983 4143 me
3003 4128 3021 4157 ,
3064 4084 3285 4149 insidias
3310 4086 3447 4147 mihi

1855 4191 2156 4265 prmparet,
2198 4180 2463 4237 scandatis
2513 4178 2832 4245 crcbrcscat,
2879 4185 2938 4235 et
2985 4176 3145 4237 faciat
3187 4177 3309 4251 angi
3350 4192 3448 4238 cur

1858 4292 2039 4339 meum
2075 4293 2087 4329 :
2122 4274 2399 4347 inquilinus
2428 4290 2514 4329 ero
2543 4273 2593 4327 in
2626 4271 2947 4337 tabernaculo
2968 4280 3056 4327 tuo
3085 4288 3239 4344 usque
3263 4271 3319 4329 in
3344 4286 3447 4327 sat-

1858 4370 1993 4427 cuta.
2036 4368 2152 4427 Non
2197 4368 2438 4425 vincetur
2465 4364 2702 4425 Ecclesia
2725 4405 2743 4432 ,
2789 4379 2895 4427 non
2925 4363 3315 4433 eradicabitut‘.
3346 4378 3448 4427 nec

1858 4462 2015 4525 cedet
2053 4461 2375 4535 quibuslibet
2404 4459 2804 4531 mutationibus,
2844 4457 3019 4516 donec
3062 4459 3241 4516 veniat
3286 4458 3447 4530 huius

1859 4556 2040 4621 seculi
2073 4556 2211 4624 ﬁnis,
2239 4565 2294 4612 et
2320 4568 2419 4613 nos
2442 4553 2512 4609 ab
2537 4554 2636 4613 ista
2665 4552 2941 4624 temporali
2959 4561 3156 4615 aeterna
3182 4552 3271 4611 illa
3294 4550 3448 4611 habi-

1860 4650 1992 4709 tatio
2019 4649 2305 4722 suscipiat,
2334 4645 2401 4705 ad
2446 4661 2604 4718 quam
2648 4662 2746 4707 nos
2771 4644 2999 4705 deducet
3024 4645 3114 4717 qui
3156 4645 3327 4705 factus
3362 4657 3449 4707 est

1858 4758 1985 4817 spes
2013 4753 2212 4799 nostra.
2247 4740 2536 4813 Inquilinus
2559 4757 2645 4797 ero
2675 4742 2731 4801 in
2752 4740 3076 4799 tabernaculo
3106 4748 3192 4795 tuo
3211 4756 3367 4813 usque
3393 4740 3449 4796 its

1858 4835 2065 4895 sarcula.
2104 4833 2162 4890 Si
2189 4833 2279 4889 diu
2317 4833 2425 4891 eris
2452 4832 2764 4903 inquilinus,
2794 4832 2947 4902 quasi
2989 4831 3092 4888 hoc
3136 4831 3209 4887 illi
3236 4830 3447 4889 dicere-

1860 4942 1981 4987 mus
2005 4970 2021 4997 ,
2051 4926 2387 4982 laboratnrus
2425 4938 2553 4994 ergo
2581 4939 2639 4985 es
2668 4923 2720 4983 in
2746 4932 2887 4987 terra
2912 4923 3053 4981 inter
3078 4933 3250 4981 tantas
3277 4933 3448 4980 tenta-

1861 5023 2035 5085 tiones
2067 5040 2081 5077 :
2123 5036 2245 5077 nam
2275 5020 2321 5076 si
2360 5033 2647 5090 paucorum
2675 5017 2881 5075 dierum
2909 5017 2996 5074 hic
3016 5027 3159 5075 esset
3184 5016 3446 5083 Ecclesia,

1858 5115 1967 5173 cito
2011 5113 2291 5171 ﬁnirentur
2336 5110 2615 5173 tentatoris
2657 5110 2881 5171 insidlai.
2932 5111 3127 5177 Bene;
3153 5124 3445 5181 paucorum

1860 5205 2066 5262 dierum
2096 5204 2260 5265 velles
2287 5218 2407 5260 esse
2449 5202 2768 5266 mutationes
2808 5222 2823 5261 :
2864 5201 2958 5258 sed
2985 5200 3254 5273 quomodo
3291 5200 3446 5261 colli-

1857 5305 2009 5370 geret
2034 5305 2186 5353 natos
2223 5311 2430 5364 omnes,
2469 5295 2572 5353 nisi
2612 5294 2702 5357 diu
2748 5295 2840 5356 hic
2861 5302 3023 5359 esset,
3051 5294 3154 5349 nisi
3182 5308 3349 5365 usque
3389 5294 3447 5351 in

1860 5389 2022 5446 ﬁnem
2052 5388 2497 5461 protenderetur?
2544 5387 2659 5445 Noli
2688 5386 2923 5445 invidere
2968 5384 3180 5441 «cteris
3208 5394 3330 5455 post
3354 5384 3445 5440 fu-

1859 5483 2021 5549 turis;
2054 5483 2182 5549 noli,
2208 5483 2330 5554 quia
2346 5481 2456 5552 jam
2479 5480 2732 5544 transisti,
2765 5486 2979 5549 pontem
3013 5475 3393 5533 misericordia:
3420 5476 3440 5509 ⁸

1858 5576 1995 5635 velle
2025 5574 2313 5648 pmcidere
2345 5592 2360 5631 :
2390 5574 2459 5630 sit
2485 5572 2571 5633 hic
2596 5586 2762 5642 usque
2787 5570 2840 5631 iu
2864 5568 3079 5627 saecula.
3128 5568 3197 5629 Et
3220 5566 3351 5641 quid
3375 5566 3447 5627 de

1911 5847 1944 5916 f
1968 5853 2088 5908 Vox,
2105 5839 2467 5904 nduﬁcordia’,
2490 5839 2629 5889 abest
2650 5849 2679 5888 a
2697 5834 2945 5900 plerisque
2966 5839 3075 5885 Ias.
