3912 6488
494 410 594 465 727
618 434 631 442 -

490 532 905 596 tentationibus,
939 546 1056 601 quae
1097 543 1314 585 necesse
1351 537 1433 582 est
1467 534 1525 581 ut
1573 523 1847 581 abundent
1887 530 2087 594 quanto

490 620 663 693 magis
693 625 907 677 veniunt
943 620 1227 677 scandala?
1274 619 1480 674 Etenim
1514 618 1626 688 ipse
1654 618 1728 670 ait
1770 633 1785 671 :
1837 615 2086 681 Quoniam

494 716 767 770 abundabit
798 714 1055 785 iniquitas,
1084 714 1374 784 refrigescet
1402 710 1625 765 Charitas
1656 708 1944 762 multorum.
1979 705 2083 760 Sed

492 810 584 866 illa
610 808 843 865 Ecclesia
874 822 992 877 quin
1020 807 1214 861 clamat
1238 821 1266 858 a
1298 803 1490 859 linibus
1516 813 1692 867 terrae,
1724 801 1775 854 iu
1804 792 1885 854 bis
1913 810 1992 855 est
2017 798 2085 854 de

491 901 684 972 quibus
700 900 938 970 sequitur
955 899 1138 954 dicens
1165 914 1179 951 :
1213 896 1312 965 Qui
1338 907 1508 951 autem
1523 894 1910 966 perseveraverit
1932 908 2088 964 usque

488 992 542 1044 in
578 991 749 1059 ﬁnem,
800 989 882 1043 Itic
923 989 1091 1043 salvus
1134 988 1227 1042 erit
1262 987 1469 1059 (Matth.
1504 1001 1649 1050 xxw,
1701 983 1785 1049 12,
1820 983 1934 1052 I3).
1979 982 2086 1037 Sed

489 1076 630 1139 unde
665 1081 1069 1154 perseverabis‘l
1106 1081 1233 1149 Qum
1258 1080 1398 1135 vires
1443 1088 1547 1134 tum.
1577 1077 1717 1132 inter
1746 1082 1889 1129 tanta
1928 1088 2087 1129 scan-

487 1177 605 1232 dala
631 1218 647 1244 ,
678 1176 817 1231 inter
866 1184 1037 1230 tantas
1092 1175 1413 1229 tentationes
1436 1214 1451 1239 ,
1485 1171 1624 1225 inter
1649 1179 1820 1224 tantas
1848 1167 2087 1239 pugnas?

488 1270 681 1340 quibus
712 1270 912 1324 viribus
934 1267 1103 1322 vincis
1142 1265 1348 1320 hostem
1385 1278 1542 1336 quem
1575 1277 1679 1316 non
1706 1260 1896 1316 vides?
1929 1274 2085 1314 num-

466 1361 617 1431 quid
645 1360 792 1418 tuis?
829 1360 970 1430 Ergo
997 1359 1117 1430 quia
1150 1373 1316 1428 usque
1346 1358 1398 1411 in
1438 1354 1631 1411 smcula
1668 1355 1769 1409 erit
1797 1352 2086 1423 inquilinus

489 1454 591 1510 iste
612 1454 719 1518 hic,
743 1470 863 1524 qua:
886 1452 957 1507 illi
986 1465 1110 1520 spes
1132 1458 1297 1507 estut
1328 1447 1520 1504 duret?
1551 1444 1826 1515 Cooperiar
1866 1444 1919 1499 in
1953 1445 2088 1498 vela-

490 1557 661 1602 mento
681 1548 879 1601 alarum
906 1554 1127 1599 tuarum.
1168 1545 1306 1599 Ecce
1331 1556 1494 1612 quare
1518 1539 1697 1597 securi
1732 1553 1917 1593 sumus
1944 1538 2088 1593 inter

491 1647 670 1694 tantas
714 1637 1050 1695 tentalioncs.
1082 1635 1252 1691 donec
1278 1633 1457 1689 Veniat
1500 1633 1620 1688 (luis
1660 1631 1866 1699 seculi,
1895 1640 1949 1685 et
1970 1644 2087 1686 sus-

492 1732 695 1801 cipiant
722 1746 819 1785 nos
873 1729 1068 1785 smcula
1094 1737 1294 1783 aeterna
1323 1725 1477 1796 :quia
1491 1725 1830 1795 e00perintur
1861 1724 1911 1778 in
1941 1723 2086 1777 vela.

491 1833 674 1880 mento
702 1824 902 1878 alarum
949 1821 1135 1891 ipsius.
1186 1818 1373 1875 Estns
1403 1828 1483 1877 est
1510 1817 1689 1874 saeculi
1715 1857 1730 1882 ,
1764 1816 1855 1872 sed
1898 1831 2085 1886 magna

492 1919 679 1975 umbra
713 1928 795 1973 est
830 1916 931 1974 sub
959 1916 1058 1972 alis
1100 1915 1195 1971 Dei
1224 1930 1240 1971 :
1271 1911 1546 1986 Cooperiar
1567 1913 1623 1968 in
1659 1911 1937 1967 velamento
1978 1910 2087 1965 ala-

490 2026 606 2066 runt
628 2020 845 2065 tuarum.

565 2104 618 2158 7.
659 2102 809 2175 [vers.
839 2099 917 2173 6.]
961 2100 1209 2167 Quoniam
1255 2108 1332 2164 tu,
1373 2097 1510 2151 Deus
1539 2098 1581 2159 ¹,
1618 2097 1870 2151 exaudisti
1894 2096 2087 2150 oratio-

492 2209 608 2250 nem
633 2209 815 2247 meam.
847 2192 1014 2260 Quam
1038 2191 1062 2245 ‘l
1086 2192 1125 2246 Α
1166 2205 1271 2261 qua
1310 2188 1471 2258 cmpit
1496 2205 1508 2241 :
1538 2186 1777 2254 Exaudi,
1807 2186 1964 2249 Deus,
2000 2187 2092 2242 de-

493 2286 830 2356 precationem
884 2300 1068 2347 meam,
1117 2282 1322 2336 intende
1359 2279 1578 2335 orationi
1622 2295 1794 2333 mete:
1831 2295 1864 2333 a
1905 2278 2089 2348 ﬁnibus

494 2385 641 2431 terra:
663 2376 731 2429 ad
757 2383 804 2428 te
830 2374 1063 2427 clamavi.
1096 2372 1205 2426 lloc
1226 2370 1291 2425 ad
1321 2377 1373 2426 te
1402 2369 1624 2425 clamavi
1650 2386 1679 2424 a
1698 2368 1889 2424 linibus
1909 2378 2085 2423 teme.

492 2465 622 2523 Ideo
640 2469 902 2536 cooperiar
925 2466 977 2518 in
999 2464 1277 2519 velamento
1303 2463 1502 2518 alarum
1532 2472 1755 2529 tuarum,
1786 2462 1905 2532 quia
1933 2475 2091 2515 exau-

495 2560 618 2616 disti
654 2559 1051 2632 deprecationem
1089 2573 1267 2612 meam.
1301 2555 1667 2613 Adtnoneutur
1693 2570 1845 2626 ergo,
1875 2553 2088 2625 fratres,

494 2669 604 2710 non
632 2666 843 2711 cessare
873 2651 1094 2719 orando,
1118 2649 1366 2721 quamdiu
1393 2659 1600 2722 tempus
1616 2664 1697 2705 ρει
1718 2651 2087 2706 mutationum.

496 2743 694 2801 Dedisti
719 2744 1060 2799 Itwreditatem
1079 2744 1366 2800 timentibus
1390 2759 1570 2797 nomen
1592 2752 1752 2796 tuum.
1777 2741 2089 2798 Persevere-

496 2852 618 2894 mus
645 2852 773 2907 ergo
800 2839 850 2892 in
885 2838 1075 2892 timore
1100 2836 1333 2891 nominis
1358 2835 1450 2890 Dei
1487 2853 1499 2889 :
1533 2844 1765 2889 :eternus
1799 2834 1959 2889 Pater
1984 2851 2089 2889 non

494 2946 597 2987 nos
627 2931 776 2987 fallit.
809 2930 1079 2987 Laborant
1101 2930 1214 2997 lilii,
1247 2938 1304 2985 ιιι
1331 2928 1625 2998 suscipiant
1653 2937 1933 2997 parentum
1960 2942 2088 2982 suo-

495 3038 615 3078 rum
656 3022 1272 3093 hmreditatem..quibus
1308 3021 1534 3077 mortuis
1571 3021 1871 3076 successuri
1916 3020 2091 3075 sunt?

494 3129 596 3170 nos
637 3128 743 3169 non
772 3114 1075 3170 laboramus
1096 3114 1349 3184 accipere
1386 3111 1849 3197 ha-reditateut'ab
1879 3111 1967 3166 illo
1994 3112 2093 3167 Pa-

496 3217 601 3275 tre,
634 3211 719 3267 cui
765 3226 871 3266 non
917 3212 1164 3266 morienti
1213 3210 1588 3277 succedamus,
1624 3191 1873 3266 stidcum
1904 3211 1994 3264 illo
2037 3210 2091 3265 in

496 3302 611 3374 ipsa
647 3303 955 3358 ltmreditate
985 3304 1035 3358 in
1063 3312 1320 3358 internum
1351 3304 1625 3359 vivamus!
1657 3303 1857 3359 Dedisti
1875 3303 2093 3359 haeredi-

499 3405 651 3451 tatcm
681 3396 963 3451 timentibus
989 3414 1169 3452 nomen
1196 3406 1356 3451 tuum.

570 3488 625 3544 8.
668 3485 815 3560 [vers
844 3486 921 3559 7.]
961 3487 1081 3542 Dies
1101 3505 1252 3560 super
1271 3488 1378 3542 dies
1398 3489 1532 3559 regis
1547 3488 1760 3561 adjicies
1779 3504 1940 3543 annos
1960 3490 2089 3561 ejus.

497 3578 601 3637 Hic
627 3589 709 3636 est
728 3595 856 3651 ergo
886 3595 983 3636 rex
1014 3580 1169 3650 cujus
1196 3582 1435 3636 membra
1463 3596 1667 3637 sumus.
1700 3582 1808 3637 [lex
1849 3581 2093 3639 Christus

500 3681 604 3739 est,
632 3681 788 3741 caput
814 3680 1075 3740 nostrum,
1109 3688 1199 3728 rex
1232 3684 1429 3729 uoster.
1462 3674 1660 3730 Dedisti
1689 3675 1760 3729 illi
1791 3675 1907 3731 dies
1930 3691 2093 3746 super

499 3763 647 3832 dies;
694 3780 799 3820 non
829 3766 1000 3819 solum
1030 3765 1159 3820 istos
1189 3766 1304 3821 dies
1334 3766 1385 3820 in
1410 3767 1519 3823 isto
1541 3775 1779 3836 tempore
1808 3784 1929 3823 cum
1963 3772 2089 3837 line,

498 3856 594 3913 sed
620 3858 734 3913 dies
763 3873 923 3925 super
951 3861 1079 3913 istos
1108 3856 1223 3913 dies
1255 3858 1371 3914 sine
1402 3858 1525 3913 line.
1576 3858 1847 3925 Habitabo,
1898 3860 2090 3932 inquit,

497 3948 553 4003 in
575 3948 724 4003 domo
744 3946 967 4014 Domini,
992 3950 1042 4002 in
1064 3949 1425 4021 longitudinem
1448 3950 1643 4006 dierum
1660 3950 1829 4020 (Psal.
1854 3968 1986 4018 xxu,
2010 3953 2090 4025 6).

499 4041 695 4109 Quare,
731 4043 783 4096 in
816 4042 1179 4113 longitudinem
1204 4043 1423 4110 dierum,
1448 4044 1547 4098 nisi
1575 4044 1697 4114 quia
1728 4045 1889 4102 modo
1918 4046 2095 4102 brevi-

501 4141 584 4188 tas
626 4143 709 4189 est
756 4133 999 4189 dierum?
1029 4133 1215 4189 Omnis
1252 4135 1395 4189 enim
1445 4149 1531 4189 res
1563 4152 1681 4205 qum
1710 4136 1869 4191 linem
1912 4137 2092 4206 habet,

501 4224 686 4281 brevis
730 4236 811 4280 est
858 4243 871 4278 :
922 4225 1015 4281 sed
1044 4228 1186 4297 regis
1213 4226 1370 4295 hujus
1395 4226 1511 4283 dies
1552 4244 1714 4297 super
1736 4228 1871 4297 dies,
1905 4240 1957 4285 ut
1988 4247 2095 4287 non

500 4318 691 4374 diebus
728 4319 899 4374 solum
939 4320 1056 4374 istis
1086 4320 1484 4376 transeuntibus
1523 4331 1709 4392 regnet
1751 4323 1997 4378 Christus
2041 4324 2095 4379 in

505 4407 747 4465 Ecclesia
779 4425 870 4463 sua
895 4451 908 4474 ,
953 4409 1045 4465 sed
1086 4419 1307 4483 regnent
1331 4425 1450 4466 cunt
1483 4411 1573 4465 illo
1601 4412 1771 4467 sancti
1814 4415 1865 4470 in
1907 4413 2096 4471 diebus

501 4502 609 4558 illis
631 4503 720 4574 qui
745 4518 846 4556 non
875 4502 1072 4557 habent
1095 4501 1270 4558 linem.
1305 4503 1378 4558 lbi
1407 4519 1545 4559 unus
1566 4504 1683 4559 dies
1712 4514 1815 4572 est,
1848 4515 1901 4560 et
1941 4506 2094 4562 multi

502 4591 617 4647 dies
639 4600 781 4647 sunt.
813 4592 946 4661 Quia
985 4593 1133 4647 multi
1161 4593 1276 4647 dies
1305 4603 1451 4660 sunt,
1482 4594 1589 4648 dixi
1617 4594 1749 4664 jam,
1780 4593 1846 4649 In
1877 4596 2097 4667 longitu-

504 4682 673 4735 dinem
699 4684 894 4736 dierum
928 4698 947 4737 :
973 4684 1094 4755 quia
1125 4698 1259 4739 unus
1284 4684 1420 4750 dies,
1454 4685 1529 4740 sic
1556 4685 1890 4757 intelligitur.
1927 4687 2096 4744 Filius

503 4790 646 4829 meus
689 4790 742 4827 es
786 4783 861 4839 tu,
894 4791 984 4846 ego
1030 4775 1179 4830 hodie
1223 4776 1374 4848 genui
1402 4786 1450 4831 te
1492 4774 1663 4849 (Psal.
1712 4793 1769 4843 ll,
1815 4776 1893 4849 7).
1920 4778 2095 4835 Unum

503 4866 645 4921 diem
678 4866 809 4921 dixit
840 4866 990 4921 Itodie
1021 4882 1039 4920 :
1065 4867 1158 4923 sed
1186 4868 1284 4923 istc
1312 4867 1427 4923 dies
1457 4883 1559 4924 non
1593 4866 1886 4939 ponitur‘in
1919 4872 2096 4929 medio

504 4957 647 5013 inter
674 4959 979 5013 hesternum
1022 4971 1074 5014 et
1109 4964 1423 5026 crastinum,
1459 4976 1558 5015 nec
1596 4960 1801 5016 initium
1826 4962 1942 5030 ejus
1974 4964 2095 5020 linis

501 5061 588 5105 est
619 5050 878 5116 hesterni,
911 5066 1011 5105 nec
1046 5050 1166 5105 ﬁnis
1191 5050 1305 5122 ejus
1336 5051 1540 5106 initium
1582 5053 1821 5109 crastini.
1869 5054 1999 5110 Nam
2039 5064 2096 5111 et

501 5147 626 5201 anni
664 5147 753 5201 llei
778 5145 904 5200 (“cli
938 5154 1062 5199 sunt
1091 5163 1104 5199 :
1137 5143 1214 5199 Tu
1236 5155 1403 5201 autem
1426 5147 1561 5201 idem
1585 5147 1695 5218 ipse
1713 5164 1784 5210 es,
1814 5157 1861 5202 et
1879 5149 2000 5203 anni
2020 5150 2096 5204 tui

502 5256 605 5294 non
636 5240 869 5306 deﬁciunt
906 5237 1076 5310 (Psal.
1101 5252 1150 5292 Cl
1169 5278 1183 5300 ,
1210 5235 1324 5308 28).
1358 5237 1638 5306 Quomodo
1667 5241 1813 5301 anni.
1843 5239 1921 5294 sic
1948 5240 2091 5307 dies,

500 5332 580 5387 sic
613 5347 748 5387 unus
772 5331 889 5385 dies
914 5372 927 5395 ,
957 5329 1223 5400 Quidquid
1252 5328 1331 5384 vis
1356 5329 1490 5385 dicis
1516 5330 1583 5384 de
1609 5332 1930 5386 aeternitate.
1970 5331 2094 5387 Ideo

502 5424 760 5496 quidquid
802 5421 879 5475 vis
907 5422 1059 5481 dicis.
1091 5422 1212 5491 quia
1245 5422 1498 5493 quidquid
1531 5423 1754 5484 disc-ris,
1801 5422 1977 5479 minus
2006 5424 2092 5479 di-

502 5514 720 5571 cis.Sed
751 5513 871 5568 ideo
908 5528 1125 5569 necesse
1148 5524 1225 5569 est
1250 5514 1445 5583 aliquid
1473 5512 1639 5577 dicas,
1664 5523 1723 5568 ut
1747 5515 1816 5570 sit
1841 5516 1978 5571 unde
2004 5532 2095 5572 co-

504 5611 639 5680 gites
667 5608 809 5679 qttvd
838 5623 941 5661 non
974 5617 1149 5677 potest
1176 5606 1301 5661 dici.
1349 5604 1471 5660 Dies
1499 5623 1653 5676 super
1674 5608 1779 5661 dies
1804 5610 1936 5679 regis
1962 5609 2095 5679 adji-

503 5703 604 5757 cies
642 5718 802 5756 annos
838 5701 966 5771 ejus,
998 5716 1154 5770 usque
1188 5699 1241 5752 in
1263 5699 1395 5753 diem
1424 5698 1756 5769 generationis
1788 5709 1834 5754 et
1874 5717 2092 5771 genera—

502 5859 758 5986 ,Ρέἇῗξὶ
775 5864 899 5910 Deus
925 5869 1078 5910 meus.
1117 5855 1284 5920 Abest,
1307 5868 1458 5918 meus,
1476 5855 1538 5908 ab
1559 5861 1636 5907 Er.
1671 5863 1725 5907 et
1745 5862 1876 5920 uss,
1898 5871 1995 5910 nec
2017 5866 2095 5911 est

1739 400 1793 456 s.
1839 395 2197 455 .\LGU$T|NI
2242 401 2540 460 EPISCOPI
3668 424 3749 483 τίς

2198 525 2364 581 tionis.
2419 524 2793 585 Generationis
2844 528 3002 602 hujus
3045 540 3101 587 et
3145 534 3521 603 generationis
3560 536 3743 597 future:

2195 620 2551 689 generationis
2593 620 2750 688 hujus
2801 636 2922 693 qua:
2966 634 3316 693 comparatur
3368 624 3531 694 lunae,
3578 644 3745 699 propter

2194 709 2334 778 quod
2366 710 2490 764 luna
2521 712 2776 777 nascitur,
2800 714 3015 780 crescit,
3046 713 3349 783 perﬁcitur,
3383 717 3668 775 senescilet
3687 737 3747 779 oc

2193 802 2351 866 cidit;
2399 804 2477 859 sic
2503 813 2627 860 sunt
2654 806 3028 876 generationes
3053 806 3169 861 istm
3193 808 3469 863 mortales
3499 826 3514 862 :
3543 820 3595 865 et
3623 827 3746 882 gene-

2194 896 2413 950 rationis
2439 912 2541 968 qua
2565 913 2943 969 regeneramur
2969 900 3312 971 resurgendo
3331 944 3345 963 .
3378 910 3439 955 et
3464 906 3747 972 permanebi-

2192 1002 2312 1042 mus
2357 988 2408 1043 in
2457 999 2716 1044 :eteruum
2761 1005 2884 1046 cum
2929 990 3060 1055 Deo,
3101 991 3327 1063 quando
3354 992 3471 1062 jam
3517 1009 3615 1048 non
3648 997 3750 1053 sicut

2194 1081 2339 1144 luna,
2369 1082 2460 1137 sed
2492 1082 2633 1151 quod
2662 1084 2739 1137 ait
2765 1083 3042 1149 Dominus,
3080 1084 3222 1139 Tunc
3237 1083 3384 1155 justi
3416 1084 3660 1156 fulgebunt
3680 1091 3745 1143 sic

2192 1182 2246 1226 ut
2266 1174 2344 1227 sol
2366 1174 2419 1228 in
2440 1190 2595 1245 regno
2624 1173 2796 1231 Patris
2814 1175 2896 1230 sui
2916 1174 3129 1247 (Matth.
3164 1191 3290 1241 xm,
3319 1177 3447 1244 45).
3489 1177 3626 1233 Luna
3643 1181 3749 1235 enim

2192 1268 2415 1339 ﬁgurate
2437 1269 2488 1323 in
2520 1269 2811 1339 Scripturis
2840 1284 2938 1339 pro
2968 1270 3335 1326 mutabilitate
3361 1270 3527 1338 hujus
3556 1273 3747 1327 mortali-

2192 1360 2319 1416 tatis
2347 1361 2579 1431 ponitur.
2616 1361 2739 1417 Ideo
2762 1362 2829 1416 ad
2852 1361 3069 1419 Jericho
3097 1363 3481 1420 descendebat
3505 1364 3589 1419 ille
3610 1366 3666 1419 ab
3685 1365 3749 1421 ie-

2192 1455 2422 1512 rusalem
2450 1456 2537 1526 qui
2567 1456 2790 1512 incurrit
2819 1456 2872 1511 in
2900 1456 3172 1514 latrones:
3203 1457 3336 1527 quia
3370 1455 3584 1512 Iericho
3609 1457 3751 1513 civitas

2192 1548 2414 1603 verbum
2441 1556 2524 1604 est
2564 1548 2858 1616 hebrmum,
2901 1558 2957 1605 et
3004 1550 3407 1620 interpretatur
3440 1548 3597 1606 latnie
3621 1549 3747 1606 Laus.

2193 1639 2563 1697 Descendebat
2585 1656 2716 1712 ergo
2737 1651 2988 1711 tanquam
3013 1641 3082 1696 ab
3118 1640 3541 1697 immortalitate
3560 1641 3620 1694 ad
3640 1657 3750 1697 mor-
3830 1634 3831 1712 ᾖ

2195 1731 2453 1788 uilitatem
2478 1749 2493 1786 :
2522 1741 2578 1787 et
2616 1733 2810 1788 merito
2838 1733 2889 1786 in
2919 1732 3109 1789 itinere
3136 1732 3469 1788 vulneratus
3509 1746 3539 1786 a
3574 1732 3747 1788 latroni-

2191 1823 2292 1879 bus
2312 1834 2366 1879 et
2385 1824 2675 1881 semivivus
2705 1825 2918 1881 relictus
2948 1834 3029 1880 est
3064 1824 3213 1897 (Luc.
3242 1840 3306 1892 x,
3346 1823 3444 1896 50)
3479 1824 3568 1879 ille
3604 1824 3748 1895 Adam,

2193 1930 2261 1972 ex
2286 1930 2393 1987 quo
2408 1926 2491 1971 est
2512 1925 2676 1971 totum
2692 1930 2863 1987 genus
2880 1916 3191 1972 humanum.
3211 1914 3371 1986 Ergo
3386 1914 3498 1970 dies
3524 1931 3658 1984 super
3671 1918 3746 1971 dies

2191 2008 2326 2080 regis
2366 2008 2578 2079 adjicies
2605 2024 2764 2062 annos
2790 2009 2924 2079 ejus,
2962 2024 3119 2077 usque
3154 2009 3209 2062 in
3250 2009 3398 2062 diem
3445 2008 3745 2080 generationis,

2193 2099 2558 2169 generationis
2587 2098 2831 2157 mortalis
2856 2099 3079 2169 accipio.
3107 2098 3278 2169 Cujus
3311 2098 3662 2169 generationis
3686 2098 3743 2152 sl-

2193 2190 2363 2246 terius
2387 2190 2712 2246 mentionem
2737 2189 2942 2245 fecisti?
2972 2190 3174 2260 Cujus?
3202 2189 3371 2246 audi:

2265 2280 2318 2336 9.
2361 2280 2511 2355 [vers.
2552 2279 2632 2355 8.]
2676 2280 2997 2337 Permanebit
3044 2284 3099 2336 in
3139 2292 3399 2338 retentum
3437 2282 3492 2337 in
3533 2292 3742 2353 consme

2195 2373 2292 2429 Dei
2313 2393 2332 2430 :
2352 2374 2656 2431 Secundum
2673 2374 2817 2445 quid,
2843 2384 2936 2430 aut
2962 2384 3179 2447 propter
3192 2376 3328 2446 quid
3345 2375 3373 2430 Ἰ
3396 2375 3744 2430 Misericordia

2194 2475 2241 2520 et
2266 2468 2521 2535 veritatem
2559 2468 2669 2537 ejus
2703 2468 2814 2534 quis
2839 2468 3054 2538 requiret
3079 2469 3164 2522 ei?
3208 2467 3356 2523 Dicit
3394 2478 3452 2523 et
3484 2466 3583 2522 alio
3619 2466 3739 2523 loco:

2200 2557 2458 2614 Universae
2477 2560 2571 2614 vita
2593 2560 2795 2614 Domini
2820 2559 3166 2615 misericordia
3191 2570 3243 2615 et
3270 2562 3487 2627 veritas,
3510 2560 3740 2631 requirend-

2195 2652 2287 2706 bus
2329 2661 2676 2707 testamentum
2709 2653 2822 2719 eius
2857 2661 2904 2709 et
2941 2652 3226 2707 testimonia
3267 2653 3388 2725 ejus
3429 2649 3592 2724 (Psal.
3630 2665 3735 2718 xm,

2197 2743 2307 2817 10).
2340 2743 2559 2816 Magnus
2598 2760 2777 2798 sermo
2814 2744 2882 2799 de
2916 2746 3143 2801 veritate
3173 2753 3229 2799 et
3259 2741 3736 2809 misericordia,scd

2193 2837 2507 2893 brevitatem
2541 2838 2903 2906 promisimus.
2933 2836 3174 2893 Breviter
3194 2837 3434 2909 accipite
3459 2835 3579 2907 quid
3600 2836 3655 2889 sit
3673 2849 3732 2888 ve-

2195 2929 2326 2984 ritas
2359 2938 2415 2984 et
2445 2926 2836 2996 misericordia;
2881 2926 3002 2998 quia
3042 2941 3146 2983 non
3186 2941 3419 2998 parvum
3449 2934 3528 2981 est
3550 2922 3734 2996 quotidi-

2195 3031 2340 3077 ctum
2404 3031 2487 3078 est
2509 3064 2524 3086 ,
2591 3019 2853 3077 Universae
2902 3022 2996 3076 viae
3057 3020 3268 3076 Domini
3337 3018 3659 3076 misericordia
3702 3027 3732 3071 et

2195 3114 2399 3169 veritas.
2430 3113 2791 3169 Misericordia
2818 3113 3017 3169 dicitur
3038 3154 3056 3181 ,
3094 3114 3216 3184 quia
3251 3129 3363 3169 non
3398 3116 3580 3169 merita
3599 3119 3731 3167 τιθείη

2195 3205 2424 3261 attendit
2484 3206 2622 3260 Deus
2652 3248 2667 3272 ,
2716 3204 2812 3263 sed
2870 3205 3160 3262 bonitatem
3207 3221 3425 3281 suamt
3463 3213 3519 3260 ut
3572 3209 3729 3274 peccatu

2195 3297 2351 3353 nobis
2379 3297 2556 3353 omnia
2581 3297 2893 3361 dimitteret,
2925 3307 2980 3354 et
3006 3298 3165 3352 vitam
3203 3307 3470 3353 aeternam
3510 3294 3729 3367 promitte-

2195 3400 2280 3445 ret
2312 3407 2324 3443 :
2354 3390 2550 3446 veritas
2572 3399 2774 3456 autem,
2818 3389 2938 3460 quia
2964 3404 3071 3445 non
3101 3389 3236 3446 fallit
3261 3388 3490 3445 reddere
3510 3401 3616 3459 quze
3637 3397 3726 3456 pro-

2196 3484 2362 3539 misit.
2396 3486 2761 3554 Aguoscatnns
2805 3482 2893 3539 hic
2936 3498 3092 3552 eam,
3140 3491 3196 3539 et
3244 3497 3350 3539 nos
3398 3480 3630 3536 l'aciantus
3658 3484 3728 3529 :ttt

2196 3576 2466 3649 quomodo
2487 3577 2639 3631 nobis
2668 3576 2807 3632 Deus
2834 3575 3078 3633 exhibuit
3101 3573 3523 3632 misericordiam
3545 3583 3667 3627 suam
3688 3575 3724 3620 et

2196 3668 2473 3723 veritatem
2518 3682 2707 3733 suam;
2759 3667 3177 3726 misericordiam
3224 3664 3723 3733 dimittendopectau

2198 3772 2402 3827 nostra,
2436 3761 2710 3816 veritatem
2736 3759 3039 3818 exhibendo
3063 3750 3327 3832 promissa
3354 3747 3448 3815 sua
3472 3777 3486 3813 :
3506 3758 3578 3813 sic
3600 3762 3723 3811 etuas

2198 3853 2454 3909 faciamus
2482 3854 2569 3909 hic
2596 3853 3014 3911 misericordiam
3056 3862 3111 3909 et
3137 3853 3418 3910 veritatem
3442 3867 3457 3918 ;
3486 3846 3723 3906 misericor-

2197 3947 2341 4004 diam
2382 3948 2525 4003 circa
2572 3947 2835 4013 inﬁrmos,
2881 3948 3022 4003 circa
3070 3956 3314 4018 egentes,
3357 3947 3494 4003 circa
3538 3938 3720 3996 inimicos

2197 4040 2357 4096 etiam
2386 4050 2595 4095 nostros
2619 4038 2934 4106 ueritatem
2957 4055 3060 4095 non
3084 4038 3378 4111 peccando,
3404 4053 3496 4093 nec
3520 4032 3717 4103 adjicien-

2198 4136 2268 4192 do
2295 4144 2566 4206 peccatum
2593 4148 2755 4203 super
2783 4143 3084 4204 peccatum.
3113 4132 3377 4201 Quoniam
3420 4130 3505 4202 qui
3546 4124 3714 4182 multum

2198 4230 2297 4285 sibi
2331 4228 2609 4299 pollicetur
2634 4225 2703 4281 de
2751 4225 3111 4282 misericordia
3146 4224 3262 4291 Dei,
3310 4222 3538 4292 subrepit
3569 4218 3612 4271 in
3632 4210 3714 4267 sni-

2198 4337 2344 4377 mum
2377 4320 2542 4392 ipsius
2571 4327 2629 4375 ut
2656 4317 2813 4373 faciat
2852 4315 3102 4389 injtistntn
3148 4318 3338 4385 Deum,
3380 4326 3434 4372 et
3470 4317 3598 4383 putet
3628 4305 3712 4376 quia

2198 4416 2243 4472 si
2271 4413 2626 4486 permanserit
2648 4422 2916 4485 peccator,
2963 4420 3017 4467 et
3047 4412 3279 4467 noluerit
3311 4407 3544 4465 recedere
3565 4400 3618 4454 ab
3638 4395 3710 4452 iui-
3757 4403 3764 4411 '

2198 4506 2486 4579 quitatibus
2515 4504 2646 4567 suis,
2678 4504 2858 4558 veniet
2886 4502 2994 4567 ille,
3035 4512 3089 4557 et
3118 4501 3187 4556 ibi
3233 4516 3356 4556 eum
3389 4495 3624 4568 positurus
3654 4491 3710 4541 est

2202 4602 2289 4656 ubi
2331 4600 2477 4671 ponit
2506 4613 2689 4655 servos
2718 4612 2843 4654 suos
2872 4596 2961 4667 qui
2989 4596 3036 4651 ei
3068 4595 3456 4666 obtemperant.
3484 4588 3542 4644 Et
3560 4584 3707 4654 justum

2199 4693 2303 4750 hoc
2332 4695 2452 4760 erit,
2499 4701 2557 4747 ut
2586 4690 2655 4747 ibi
2687 4699 2738 4746 te
2767 4697 2930 4761 ponat
2959 4696 3387 4760 perseverantem
3425 4683 3473 4737 in
3501 4672 3703 4769 mili.

2201 4788 2289 4843 ubi
2322 4786 2588 4858 positurus
2613 4792 2695 4840 est
2734 4760 2852 4839 illos
2876 4783 2964 4853 qui
2987 4789 3318 4837 recesserunt
3338 4793 3369 4833 a
3394 4760 3701 4863 peccatis

2201 4880 2282 4936 vis
2312 4848 2538 4949 injustas
2563 4891 2703 4941 esse,
2734 4885 2793 4930 ut
2821 4882 2876 4930 et
2895 4848 3085 4930 'Deum
3129 4873 3293 4929 facias
3320 4872 3545 4941 injustam
3565 4859 3585 4913 l
3607 4848 3698 4949 Quid

2202 4971 2283 5027 vis
2309 4940 2436 5040 ergo
2479 4940 2793 5025 convertere
2838 4966 3003 5021 Deum
3034 4964 3099 5021 ad
3126 4966 3443 5020 voluntatem
3478 4940 3694 5040 luaml'l'u

2201 5033 2514 5120 cuttvertcrc
2552 5060 2619 5116 ad
2648 5059 2973 5114 voluntatem
3006 5057 3123 5112 Dei.
3151 5055 3283 5124 Quis
3307 5061 3515 5121 estergo
3535 5039 3603 5114 συί
3626 5033 3695 5089 hoc

2201 5160 2347 5226 facit,
2382 5156 2483 5211 nisi
2507 5171 2572 5211 ex
2603 5153 2707 5209 illis
2736 5150 2939 5223 paucis,
2966 5151 3035 5206 de
3062 5151 3253 5222 quibus
3278 5148 3456 5205 dicitur
3478 5159 3490 5195 :
3513 5133 3590 5203 Qui
3610 5141 3688 5201 ραι

2200 5249 2493 5307 severaverit
2518 5263 2675 5319 usque
2697 5246 2751 5300 in
2774 5245 2945 5313 linem,
2974 5243 3055 5297 hic
3077 5243 3245 5297 salvus
3269 5242 3357 5297 erit
3382 5229 3567 5311 (Matth.
3591 5230 3689 5318 uti.

2203 5346 2317 5419 I3).
2344 5344 2533 5400 Merito
2562 5352 2618 5398 et
2646 5341 2731 5397 hic
2754 5336 3155 5397 misericordiam
3184 5346 3227 5390 et
3252 5336 3484 5409 veritatem
3503 5320 3587 5393 ejus

2200 5412 2415 5510 τεάυίτει
2447 5438 2535 5494 ei?
2576 5434 2715 5504 Quid
2754 5442 2858 5502 est,
2902 5432 2994 5488 ei?
3036 5429 3333 5497 Suﬂiceret,
3374 5423 3471 5499 quis
3504 5412 3684 5513 ruenf’

2201 5549 2385 5607 quare,
2416 5531 2637 5597 addidit,
2684 5528 2764 5595 ei,
2813 5525 2913 5581 nisi
2942 5526 3065 5595 quia
3109 5522 3261 5578 multi
3289 5518 3502 5593 qua-runt

2201 5588 2438 5684 dordiam
2483 5623 2598 5695 ejus
2625 5630 2679 5676 et
2710 5620 2986 5675 veritatem
3028 5616 3236 5671 discere
3266 5615 3317 5669 in
3356 5607 3484 5666 libris
3519 5588 3673 5704 95"5‘.”

2201 5737 2323 5779 cum
2351 5716 2652 5782 didicerint,
2700 5714 2798 5768 sibi
2842 5712 3043 5771 vivunt,
3091 5725 3195 5762 nttll
3236 5697 3666 5785 ίιιῑςειιοίιιιέτῖῧυξς

2342 5771 2652 5885 qtae—limi,
2676 5806 2869 5864 Christi
2912 5803 3168 5877 (Philipp.
3218 5816 3274 5866 ll,
3319 5796 3432 5866 2|);
3470 5771 3667 5890 Ilfl‘llfﬂ’l

2205 5875 2624 5967 misericordiam
2648 5912 2699 5961 et
2719 5875 3018 5970 veritauém,
3050 5908 3102 5954 et
3130 5912 3237 5953 non
3262 5893 3436 5953 faciunt
3456 5875 3659 5939 miserior-
