  <div class='ocr_page' id='page_1' title='image "/cluster/home/n/w/nwhite01/storage/ocr_20150623/36/uva.x000827105/378.png"; bbox 0 0 3912 6436; ppageno 0'>
   <div class='ocr_carea' id='block_1_1' title="bbox 122 411 235 478">
    <p class='ocr_par' dir='ltr' id='par_1_1' title="bbox 122 411 235 478">
     <span class='ocr_line' id='line_1_1' title="bbox 122 411 235 478; baseline 0.035 -4"><span class='ocrx_word' id='word_1_1' title='bbox 122 411 235 478; x_wconf 64' lang='grc' dir='ltr'><strong>τις</strong></span> 
     </span>
    </p>
   </div>
   <div class='ocr_carea' id='block_1_2' title="bbox 128 529 1716 609">
    <p class='ocr_par' dir='ltr' id='par_1_2' title="bbox 128 529 1716 609">
     <span class='ocr_line' id='line_1_2' title="bbox 128 529 1716 609; baseline -0.009 -15"><span class='ocrx_word' id='word_1_2' title='bbox 128 537 273 594; x_wconf 85' lang='lat' dir='ltr'><strong>diam</strong></span> <span class='ocrx_word' id='word_1_3' title='bbox 315 545 370 593; x_wconf 89' lang='lat' dir='ltr'><strong>et</strong></span> <span class='ocrx_word' id='word_1_4' title='bbox 414 535 739 594; x_wconf 75' lang='lat' dir='ltr'><strong>veritatem?</strong></span> <span class='ocrx_word' id='word_1_5' title='bbox 782 534 889 589; x_wconf 90' lang='lat' dir='ltr'><strong>Sed</strong></span> <span class='ocrx_word' id='word_1_6' title='bbox 927 530 1270 609; x_wconf 50' lang='lat' dir='ltr'><strong>praedicando</strong></span> <span class='ocrx_word' id='word_1_7' title='bbox 1313 529 1479 596; x_wconf 80' lang='lat' dir='ltr'><strong>illam,</strong></span> <span class='ocrx_word' id='word_1_8' title='bbox 1521 536 1716 583; x_wconf 90' lang='lat' dir='ltr'><strong>norunt</strong></span> 
     </span>
    </p>
   </div>
   <div class='ocr_carea' id='block_1_3' title="bbox 72 623 1717 699">
    <p class='ocr_par' dir='ltr' id='par_1_3' title="bbox 72 623 1717 699">
     <span class='ocr_line' id='line_1_3' title="bbox 72 623 1717 699; baseline -0.007 -12"><span class='ocrx_word' id='word_1_9' title='bbox 72 652 81 687; x_wconf 74' lang='grc' dir='ltr'><strong><em>τ</em></strong></span> <span class='ocrx_word' id='word_1_10' title='bbox 131 630 272 686; x_wconf 88' lang='lat' dir='ltr'><strong>illam</strong></span> <span class='ocrx_word' id='word_1_11' title='bbox 318 646 468 684; x_wconf 88' lang='lat' dir='ltr'><strong>:non</strong></span> <span class='ocrx_word' id='word_1_12' title='bbox 517 629 658 684; x_wconf 90' lang='lat' dir='ltr'><strong>enim</strong></span> <span class='ocrx_word' id='word_1_13' title='bbox 702 627 1055 699; x_wconf 64' lang='lat' dir='ltr'><strong>praedicarent</strong></span> <span class='ocrx_word' id='word_1_14' title='bbox 1101 625 1283 686; x_wconf 84' lang='lat' dir='ltr'><strong>illam,</strong></span> <span class='ocrx_word' id='word_1_15' title='bbox 1334 623 1439 678; x_wconf 89' lang='lat' dir='ltr'><strong>nisi</strong></span> <span class='ocrx_word' id='word_1_16' title='bbox 1497 628 1717 677; x_wconf 90' lang='lat' dir='ltr'><strong>nossent</strong></span> 
     </span>
    </p>
   </div>
   <div class='ocr_carea' id='block_1_4' title="bbox 136 714 1718 792">
    <p class='ocr_par' dir='ltr' id='par_1_4' title="bbox 136 714 1718 792">
     <span class='ocr_line' id='line_1_4' title="bbox 136 714 1718 792; baseline -0.006 -15"><span class='ocrx_word' id='word_1_17' title='bbox 136 723 296 778; x_wconf 91' lang='lat' dir='ltr'><strong>illam.</strong></span> <span class='ocrx_word' id='word_1_18' title='bbox 325 720 428 777; x_wconf 85' lang='lat' dir='ltr'><strong>Sed</strong></span> <span class='ocrx_word' id='word_1_19' title='bbox 455 722 545 792; x_wconf 88' lang='lat' dir='ltr'><strong>qui</strong></span> <span class='ocrx_word' id='word_1_20' title='bbox 579 721 745 775; x_wconf 86' lang='lat' dir='ltr'><strong>Deum</strong></span> <span class='ocrx_word' id='word_1_21' title='bbox 772 727 914 774; x_wconf 88' lang='lat' dir='ltr'><strong>amat</strong></span> <span class='ocrx_word' id='word_1_22' title='bbox 936 727 990 774; x_wconf 90' lang='lat' dir='ltr'><strong>et</strong></span> <span class='ocrx_word' id='word_1_23' title='bbox 1017 717 1304 780; x_wconf 77' lang='lat' dir='ltr'><strong>Christum,</strong></span> <span class='ocrx_word' id='word_1_24' title='bbox 1342 715 1395 769; x_wconf 91' lang='lat' dir='ltr'><strong>in</strong></span> <span class='ocrx_word' id='word_1_25' title='bbox 1424 714 1718 785; x_wconf 84' lang='lat' dir='ltr'><strong>pr:edican-</strong></span> 
     </span>
    </p>
   </div>
   <div class='ocr_carea' id='block_1_5' title="bbox 134 806 1717 879">
    <p class='ocr_par' dir='ltr' id='par_1_5' title="bbox 134 806 1717 879">
     <span class='ocr_line' id='line_1_5' title="bbox 134 806 1717 879; baseline -0.007 -9"><span class='ocrx_word' id='word_1_26' title='bbox 134 816 200 870; x_wconf 89' lang='lat' dir='ltr'><strong>do</strong></span> <span class='ocrx_word' id='word_1_27' title='bbox 240 812 658 869; x_wconf 78' lang='lat' dir='ltr'><strong>misericordiam</strong></span> <span class='ocrx_word' id='word_1_28' title='bbox 687 822 737 868; x_wconf 90' lang='lat' dir='ltr'><strong>et</strong></span> <span class='ocrx_word' id='word_1_29' title='bbox 766 812 1042 867; x_wconf 80' lang='lat' dir='ltr'><strong>veritatem</strong></span> <span class='ocrx_word' id='word_1_30' title='bbox 1085 808 1270 879; x_wconf 84' lang='lat' dir='ltr'><strong>ipsius,</strong></span> <span class='ocrx_word' id='word_1_31' title='bbox 1302 809 1415 878; x_wconf 89' lang='lat' dir='ltr'><strong>ipse</strong></span> <span class='ocrx_word' id='word_1_32' title='bbox 1455 806 1597 861; x_wconf 82' lang='lat' dir='ltr'><strong>illam</strong></span> <span class='ocrx_word' id='word_1_33' title='bbox 1627 820 1717 860; x_wconf 90' lang='lat' dir='ltr'><strong>re-</strong></span> 
     </span>
    </p>
   </div>
   <div class='ocr_carea' id='block_1_6' title="bbox 135 896 1718 979">
    <p class='ocr_par' dir='ltr' id='par_1_6' title="bbox 135 896 1718 979">
     <span class='ocr_line' id='line_1_6' title="bbox 135 896 1718 979; baseline -0.008 -16"><span class='ocrx_word' id='word_1_34' title='bbox 135 909 303 979; x_wconf 82' lang='lat' dir='ltr'><strong>quiret</strong></span> <span class='ocrx_word' id='word_1_35' title='bbox 330 907 400 972; x_wconf 91' lang='lat' dir='ltr'><strong>ei,</strong></span> <span class='ocrx_word' id='word_1_36' title='bbox 431 922 535 961; x_wconf 88' lang='lat' dir='ltr'><strong>non</strong></span> <span class='ocrx_word' id='word_1_37' title='bbox 562 906 663 961; x_wconf 84' lang='lat' dir='ltr'><strong>sibi</strong></span> <span class='ocrx_word' id='word_1_38' title='bbox 689 921 705 960; x_wconf 83' lang='lat'><strong>:</strong></span> <span class='ocrx_word' id='word_1_39' title='bbox 736 904 790 959; x_wconf 96' lang='lat' dir='ltr'><strong>id</strong></span> <span class='ocrx_word' id='word_1_40' title='bbox 820 912 920 970; x_wconf 87' lang='lat' dir='ltr'><strong>est,</strong></span> <span class='ocrx_word' id='word_1_41' title='bbox 948 917 1054 958; x_wconf 92' lang='lat' dir='ltr'><strong>non</strong></span> <span class='ocrx_word' id='word_1_42' title='bbox 1084 910 1143 956; x_wconf 88' lang='lat' dir='ltr'><strong>ut</strong></span> <span class='ocrx_word' id='word_1_43' title='bbox 1169 902 1282 973; x_wconf 89' lang='lat' dir='ltr'><strong>ipse</strong></span> <span class='ocrx_word' id='word_1_44' title='bbox 1310 899 1501 954; x_wconf 80' lang='lat' dir='ltr'><strong>habeat</strong></span> <span class='ocrx_word' id='word_1_45' title='bbox 1524 914 1587 953; x_wconf 84' lang='lat' dir='ltr'><strong>ex</strong></span> <span class='ocrx_word' id='word_1_46' title='bbox 1616 896 1718 951; x_wconf 90' lang='lat' dir='ltr'><strong>hac</strong></span> 
     </span>
    </p>
   </div>
   <div class='ocr_carea' id='block_1_7' title="bbox 132 989 1717 1075">
    <p class='ocr_par' dir='ltr' id='par_1_7' title="bbox 132 989 1717 1075">
     <span class='ocr_line' id='line_1_7' title="bbox 132 989 1717 1075; baseline -0.008 -18"><span class='ocrx_word' id='word_1_47' title='bbox 132 999 505 1075; x_wconf 64' lang='lat' dir='ltr'><strong>praedicatione</strong></span> <span class='ocrx_word' id='word_1_48' title='bbox 544 996 822 1054; x_wconf 87' lang='lat' dir='ltr'><strong>commoda</strong></span> <span class='ocrx_word' id='word_1_49' title='bbox 879 994 1230 1064; x_wconf 82' lang='lat' dir='ltr'><strong>temporalia,</strong></span> <span class='ocrx_word' id='word_1_50' title='bbox 1284 991 1379 1047; x_wconf 87' lang='lat' dir='ltr'><strong>sed</strong></span> <span class='ocrx_word' id='word_1_51' title='bbox 1439 1000 1496 1045; x_wconf 92' lang='lat' dir='ltr'><strong>ut</strong></span> <span class='ocrx_word' id='word_1_52' title='bbox 1552 989 1717 1060; x_wconf 86' lang='lat' dir='ltr'><strong>prosit</strong></span> 
     </span>
    </p>
   </div>
   <div class='ocr_carea' id='block_1_8' title="bbox 131 1081 1717 1162">
    <p class='ocr_par' dir='ltr' id='par_1_8' title="bbox 131 1081 1717 1162">
     <span class='ocr_line' id='line_1_8' title="bbox 131 1081 1717 1162; baseline -0.01 -10"><span class='ocrx_word' id='word_1_53' title='bbox 131 1093 387 1152; x_wconf 85' lang='lat' dir='ltr'><strong>membris</strong></span> <span class='ocrx_word' id='word_1_54' title='bbox 418 1092 616 1162; x_wconf 85' lang='lat' dir='ltr'><strong>ipsius,</strong></span> <span class='ocrx_word' id='word_1_55' title='bbox 644 1091 697 1146; x_wconf 90' lang='lat' dir='ltr'><strong>id</strong></span> <span class='ocrx_word' id='word_1_56' title='bbox 742 1099 827 1147; x_wconf 87' lang='lat' dir='ltr'><strong>est</strong></span> <span class='ocrx_word' id='word_1_57' title='bbox 857 1088 1100 1144; x_wconf 84' lang='lat' dir='ltr'><strong>ﬁdelibus</strong></span> <span class='ocrx_word' id='word_1_58' title='bbox 1139 1086 1288 1154; x_wconf 78' lang='lat' dir='ltr'><strong>eius,</strong></span> <span class='ocrx_word' id='word_1_59' title='bbox 1329 1099 1451 1138; x_wconf 92' lang='lat' dir='ltr'><strong>cum</strong></span> <span class='ocrx_word' id='word_1_60' title='bbox 1492 1081 1717 1137; x_wconf 76' lang='lat' dir='ltr'><strong>veritate</strong></span> 
     </span>
    </p>
   </div>
   <div class='ocr_carea' id='block_1_9' title="bbox 129 1171 1715 1253">
    <p class='ocr_par' dir='ltr' id='par_1_9' title="bbox 129 1171 1715 1253">
     <span class='ocr_line' id='line_1_9' title="bbox 129 1171 1715 1253; baseline -0.011 -9"><span class='ocrx_word' id='word_1_61' title='bbox 129 1184 481 1244; x_wconf 85' lang='lat' dir='ltr'><strong>ministrando</strong></span> <span class='ocrx_word' id='word_1_62' title='bbox 528 1182 670 1253; x_wconf 83' lang='lat' dir='ltr'><strong>quod</strong></span> <span class='ocrx_word' id='word_1_63' title='bbox 719 1182 903 1244; x_wconf 89' lang='lat' dir='ltr'><strong>novit;</strong></span> <span class='ocrx_word' id='word_1_64' title='bbox 949 1189 1007 1234; x_wconf 92' lang='lat' dir='ltr'><strong>ut</strong></span> <span class='ocrx_word' id='word_1_65' title='bbox 1051 1179 1141 1250; x_wconf 91' lang='lat' dir='ltr'><strong>qui</strong></span> <span class='ocrx_word' id='word_1_66' title='bbox 1178 1177 1307 1232; x_wconf 82' lang='lat' dir='ltr'><strong>vivit</strong></span> <span class='ocrx_word' id='word_1_67' title='bbox 1336 1189 1439 1229; x_wconf 92' lang='lat' dir='ltr'><strong>non</strong></span> <span class='ocrx_word' id='word_1_68' title='bbox 1476 1174 1584 1243; x_wconf 88' lang='lat' dir='ltr'><strong>jam</strong></span> <span class='ocrx_word' id='word_1_69' title='bbox 1614 1171 1715 1227; x_wconf 90' lang='lat' dir='ltr'><strong>sibi</strong></span> 
     </span>
    </p>
   </div>
   <div class='ocr_carea' id='block_1_10' title="bbox 128 1263 1712 1347">
    <p class='ocr_par' dir='ltr' id='par_1_10' title="bbox 128 1263 1712 1347">
     <span class='ocr_line' id='line_1_10' title="bbox 128 1263 1712 1347; baseline -0.01 -11"><span class='ocrx_word' id='word_1_70' title='bbox 128 1281 290 1347; x_wconf 84' lang='lat' dir='ltr'><strong>vivat,</strong></span> <span class='ocrx_word' id='word_1_71' title='bbox 319 1277 410 1334; x_wconf 89' lang='lat' dir='ltr'><strong>sed</strong></span> <span class='ocrx_word' id='word_1_72' title='bbox 449 1278 497 1333; x_wconf 91' lang='lat' dir='ltr'><strong>ei</strong></span> <span class='ocrx_word' id='word_1_73' title='bbox 533 1276 623 1347; x_wconf 90' lang='lat' dir='ltr'><strong>qui</strong></span> <span class='ocrx_word' id='word_1_74' title='bbox 670 1290 766 1345; x_wconf 88' lang='lat' dir='ltr'><strong>pro</strong></span> <span class='ocrx_word' id='word_1_75' title='bbox 808 1272 1055 1328; x_wconf 91' lang='lat' dir='ltr'><strong>omnibus</strong></span> <span class='ocrx_word' id='word_1_76' title='bbox 1103 1277 1341 1324; x_wconf 90' lang='lat' dir='ltr'><strong>mortuus</strong></span> <span class='ocrx_word' id='word_1_77' title='bbox 1364 1274 1447 1322; x_wconf 82' lang='lat' dir='ltr'><strong>est</strong></span> <span class='ocrx_word' id='word_1_78' title='bbox 1490 1263 1572 1339; x_wconf 85' lang='lat' dir='ltr'><strong>(ll</strong></span> <span class='ocrx_word' id='word_1_79' title='bbox 1596 1264 1712 1320; x_wconf 84' lang='lat' dir='ltr'><strong>Cor.</strong></span> 
     </span>
    </p>
   </div>
   <div class='ocr_carea' id='block_1_11' title="bbox 127 1359 1714 1446">
    <p class='ocr_par' dir='ltr' id='par_1_11' title="bbox 127 1359 1714 1446">
     <span class='ocr_line' id='line_1_11' title="bbox 127 1359 1714 1446; baseline -0.011 -16"><span class='ocrx_word' id='word_1_80' title='bbox 127 1389 194 1440; x_wconf 89' lang='lat' dir='ltr'><strong>v,</strong></span> <span class='ocrx_word' id='word_1_81' title='bbox 226 1374 343 1446; x_wconf 77' lang='lat' dir='ltr'><strong>i5).</strong></span> <span class='ocrx_word' id='word_1_82' title='bbox 374 1369 781 1427; x_wconf 76' lang='lat' dir='ltr'><strong>Misericordth</strong></span> <span class='ocrx_word' id='word_1_83' title='bbox 823 1376 873 1424; x_wconf 88' lang='lat' dir='ltr'><strong>et</strong></span> <span class='ocrx_word' id='word_1_84' title='bbox 919 1364 1175 1423; x_wconf 86' lang='lat' dir='ltr'><strong>veritatem</strong></span> <span class='ocrx_word' id='word_1_85' title='bbox 1216 1364 1326 1433; x_wconf 86' lang='lat' dir='ltr'><strong>ejus</strong></span> <span class='ocrx_word' id='word_1_86' title='bbox 1378 1360 1488 1433; x_wconf 82' lang='lat' dir='ltr'><strong>quis</strong></span> <span class='ocrx_word' id='word_1_87' title='bbox 1542 1359 1714 1431; x_wconf 84' lang='lat' dir='ltr'><strong>requi-</strong></span> 
     </span>
    </p>
   </div>
   <div class='ocr_carea' id='block_1_12' title="bbox 123 1465 308 1523">
    <p class='ocr_par' dir='ltr' id='par_1_12' title="bbox 123 1465 308 1523">
     <span class='ocr_line' id='line_1_12' title="bbox 123 1465 308 1523; baseline -0.011 -1"><span class='ocrx_word' id='word_1_88' title='bbox 123 1465 308 1523; x_wconf 75' lang='lat' dir='ltr'><strong>retei?</strong></span> 
     </span>
    </p>
   </div>
   <div class='ocr_carea' id='block_1_13' title="bbox 194 1547 1710 1630">
    <p class='ocr_par' dir='ltr' id='par_1_13' title="bbox 194 1547 1710 1630">
     <span class='ocr_line' id='line_1_13' title="bbox 194 1547 1710 1630; baseline -0.01 -16"><span class='ocrx_word' id='word_1_89' title='bbox 194 1557 287 1616; x_wconf 75' lang='grc'><strong>10.</strong></span> <span class='ocrx_word' id='word_1_90' title='bbox 315 1555 468 1630; x_wconf 85' lang='lat' dir='ltr'><strong>[vers.</strong></span> <span class='ocrx_word' id='word_1_91' title='bbox 486 1554 569 1629; x_wconf 88' lang='lat'><strong>9.]</strong></span> <span class='ocrx_word' id='word_1_92' title='bbox 602 1555 690 1612; x_wconf 88' lang='lat' dir='ltr'><strong>Sic</strong></span> <span class='ocrx_word' id='word_1_93' title='bbox 718 1553 934 1627; x_wconf 79' lang='lat' dir='ltr'><strong>psallam</strong></span> <span class='ocrx_word' id='word_1_94' title='bbox 959 1550 1149 1607; x_wconf 87' lang='lat' dir='ltr'><strong>nomini</strong></span> <span class='ocrx_word' id='word_1_95' title='bbox 1173 1558 1278 1616; x_wconf 88' lang='lat' dir='ltr'><strong>tuo,</strong></span> <span class='ocrx_word' id='word_1_96' title='bbox 1297 1547 1455 1612; x_wconf 87' lang='lat' dir='ltr'><strong>Deus,</strong></span> <span class='ocrx_word' id='word_1_97' title='bbox 1473 1547 1527 1600; x_wconf 88' lang='lat' dir='ltr'><strong>in</strong></span> <span class='ocrx_word' id='word_1_98' title='bbox 1547 1561 1710 1600; x_wconf 73' lang='lat' dir='ltr'><strong>scecu-</strong></span> 
     </span>
    </p>
   </div>
   <div class='ocr_carea' id='block_1_14' title="bbox 124 1639 1717 1715">
    <p class='ocr_par' dir='ltr' id='par_1_14' title="bbox 124 1639 1717 1715">
     <span class='ocr_line' id='line_1_14' title="bbox 124 1639 1717 1715; baseline -0.011 -6"><span class='ocrx_word' id='word_1_99' title='bbox 124 1658 227 1709; x_wconf 75' lang='lat' dir='ltr'><strong>lum</strong></span> <span class='ocrx_word' id='word_1_100' title='bbox 251 1653 446 1715; x_wconf 73' lang='lat' dir='ltr'><strong>swculi,</strong></span> <span class='ocrx_word' id='word_1_101' title='bbox 470 1660 525 1706; x_wconf 92' lang='lat' dir='ltr'><strong>ut</strong></span> <span class='ocrx_word' id='word_1_102' title='bbox 550 1651 760 1706; x_wconf 89' lang='lat' dir='ltr'><strong>reddam</strong></span> <span class='ocrx_word' id='word_1_103' title='bbox 783 1657 897 1702; x_wconf 88' lang='lat' dir='ltr'><strong>vota</strong></span> <span class='ocrx_word' id='word_1_104' title='bbox 921 1663 1031 1702; x_wconf 89' lang='lat' dir='ltr'><strong>mea</strong></span> <span class='ocrx_word' id='word_1_105' title='bbox 1050 1644 1114 1700; x_wconf 84' lang='lat' dir='ltr'><strong>de</strong></span> <span class='ocrx_word' id='word_1_106' title='bbox 1130 1644 1212 1698; x_wconf 87' lang='lat' dir='ltr'><strong>die</strong></span> <span class='ocrx_word' id='word_1_107' title='bbox 1236 1644 1289 1697; x_wconf 90' lang='lat' dir='ltr'><strong>in</strong></span> <span class='ocrx_word' id='word_1_108' title='bbox 1317 1644 1469 1698; x_wconf 89' lang='lat' dir='ltr'><strong>diem.</strong></span> <span class='ocrx_word' id='word_1_109' title='bbox 1497 1639 1551 1696; x_wconf 91' lang='lat' dir='ltr'><strong>Si</strong></span> <span class='ocrx_word' id='word_1_110' title='bbox 1576 1639 1717 1710; x_wconf 66' lang='lat' dir='ltr'><strong>psala</strong></span> 
     </span>
    </p>
   </div>
   <div class='ocr_carea' id='block_1_15' title="bbox 124 1733 1715 1811">
    <p class='ocr_par' dir='ltr' id='par_1_15' title="bbox 124 1733 1715 1811">
     <span class='ocr_line' id='line_1_15' title="bbox 124 1733 1715 1811; baseline -0.011 -10"><span class='ocrx_word' id='word_1_111' title='bbox 124 1745 190 1801; x_wconf 84' lang='lat' dir='ltr'><strong>lis</strong></span> <span class='ocrx_word' id='word_1_112' title='bbox 217 1743 418 1800; x_wconf 90' lang='lat' dir='ltr'><strong>nomini</strong></span> <span class='ocrx_word' id='word_1_113' title='bbox 452 1743 567 1806; x_wconf 86' lang='lat' dir='ltr'><strong>Dei,</strong></span> <span class='ocrx_word' id='word_1_114' title='bbox 611 1756 681 1797; x_wconf 91' lang='lat' dir='ltr'><strong>ne</strong></span> <span class='ocrx_word' id='word_1_115' title='bbox 708 1739 908 1811; x_wconf 89' lang='lat' dir='ltr'><strong>psallas</strong></span> <span class='ocrx_word' id='word_1_116' title='bbox 948 1737 1015 1792; x_wconf 92' lang='lat' dir='ltr'><strong>ad</strong></span> <span class='ocrx_word' id='word_1_117' title='bbox 1068 1746 1296 1805; x_wconf 91' lang='lat' dir='ltr'><strong>tempus.</strong></span> <span class='ocrx_word' id='word_1_118' title='bbox 1331 1733 1422 1787; x_wconf 85' lang='lat' dir='ltr'><strong>Vis</strong></span> <span class='ocrx_word' id='word_1_119' title='bbox 1453 1734 1504 1787; x_wconf 90' lang='lat' dir='ltr'><strong>in</strong></span> <span class='ocrx_word' id='word_1_120' title='bbox 1545 1745 1715 1785; x_wconf 74' lang='lat' dir='ltr'><strong>smon-</strong></span> 
     </span>
    </p>
   </div>
   <div class='ocr_carea' id='block_1_16' title="bbox 126 1820 1713 1905">
    <p class='ocr_par' dir='ltr' id='par_1_16' title="bbox 126 1820 1713 1905">
     <span class='ocr_line' id='line_1_16' title="bbox 126 1820 1713 1905; baseline -0.01 -13"><span class='ocrx_word' id='word_1_121' title='bbox 126 1837 233 1892; x_wconf 90' lang='lat' dir='ltr'><strong>lum</strong></span> <span class='ocrx_word' id='word_1_122' title='bbox 255 1834 437 1890; x_wconf 70' lang='lat' dir='ltr'><strong>sreculi</strong></span> <span class='ocrx_word' id='word_1_123' title='bbox 467 1830 740 1905; x_wconf 80' lang='lat' dir='ltr'><strong>psallere?</strong></span> <span class='ocrx_word' id='word_1_124' title='bbox 763 1830 840 1884; x_wconf 92' lang='lat' dir='ltr'><strong>vis</strong></span> <span class='ocrx_word' id='word_1_125' title='bbox 870 1829 921 1883; x_wconf 90' lang='lat' dir='ltr'><strong>in</strong></span> <span class='ocrx_word' id='word_1_126' title='bbox 953 1836 1211 1882; x_wconf 77' lang='lat' dir='ltr'><strong>:eternum</strong></span> <span class='ocrx_word' id='word_1_127' title='bbox 1232 1822 1499 1895; x_wconf 83' lang='lat' dir='ltr'><strong>psallere?</strong></span> <span class='ocrx_word' id='word_1_128' title='bbox 1532 1820 1713 1876; x_wconf 78' lang='lat' dir='ltr'><strong>Redde</strong></span> 
     </span>
    </p>
   </div>
   <div class='ocr_carea' id='block_1_17' title="bbox 127 1913 1709 1986">
    <p class='ocr_par' dir='ltr' id='par_1_17' title="bbox 127 1913 1709 1986">
     <span class='ocr_line' id='line_1_17' title="bbox 127 1913 1709 1986; baseline -0.009 -5"><span class='ocrx_word' id='word_1_129' title='bbox 127 1928 175 1982; x_wconf 88' lang='lat' dir='ltr'><strong>ei</strong></span> <span class='ocrx_word' id='word_1_130' title='bbox 202 1935 323 1981; x_wconf 89' lang='lat' dir='ltr'><strong>vota</strong></span> <span class='ocrx_word' id='word_1_131' title='bbox 354 1934 440 1980; x_wconf 89' lang='lat' dir='ltr'><strong>tua</strong></span> <span class='ocrx_word' id='word_1_132' title='bbox 466 1923 535 1979; x_wconf 91' lang='lat' dir='ltr'><strong>de</strong></span> <span class='ocrx_word' id='word_1_133' title='bbox 577 1923 664 1977; x_wconf 90' lang='lat' dir='ltr'><strong>die</strong></span> <span class='ocrx_word' id='word_1_134' title='bbox 694 1921 746 1977; x_wconf 90' lang='lat' dir='ltr'><strong>in</strong></span> <span class='ocrx_word' id='word_1_135' title='bbox 777 1920 939 1975; x_wconf 90' lang='lat' dir='ltr'><strong>diem.</strong></span> <span class='ocrx_word' id='word_1_136' title='bbox 971 1916 1108 1986; x_wconf 86' lang='lat' dir='ltr'><strong>Quid</strong></span> <span class='ocrx_word' id='word_1_137' title='bbox 1153 1925 1254 1976; x_wconf 74' lang='grc' dir='ltr'><strong>εει.</strong></span> <span class='ocrx_word' id='word_1_138' title='bbox 1303 1913 1467 1969; x_wconf 85' lang='lat' dir='ltr'><strong>redde</strong></span> <span class='ocrx_word' id='word_1_139' title='bbox 1512 1913 1561 1967; x_wconf 90' lang='lat' dir='ltr'><strong>ei</strong></span> <span class='ocrx_word' id='word_1_140' title='bbox 1591 1920 1709 1966; x_wconf 84' lang='lat' dir='ltr'><strong>vota</strong></span> 
     </span>
    </p>
   </div>
   <div class='ocr_carea' id='block_1_18' title="bbox 130 2004 1708 2072">
    <p class='ocr_par' dir='ltr' id='par_1_18' title="bbox 130 2004 1708 2072">
     <span class='ocr_line' id='line_1_18' title="bbox 130 2004 1708 2072; baseline -0.01 -1"><span class='ocrx_word' id='word_1_141' title='bbox 130 2026 210 2071; x_wconf 88' lang='lat' dir='ltr'><strong>tua</strong></span> <span class='ocrx_word' id='word_1_142' title='bbox 232 2016 300 2072; x_wconf 90' lang='lat' dir='ltr'><strong>de</strong></span> <span class='ocrx_word' id='word_1_143' title='bbox 324 2015 410 2070; x_wconf 91' lang='lat' dir='ltr'><strong>die</strong></span> <span class='ocrx_word' id='word_1_144' title='bbox 436 2015 489 2069; x_wconf 90' lang='lat' dir='ltr'><strong>in</strong></span> <span class='ocrx_word' id='word_1_145' title='bbox 518 2012 699 2069; x_wconf 91' lang='lat' dir='ltr'><strong>diem?</strong></span> <span class='ocrx_word' id='word_1_146' title='bbox 731 2010 804 2066; x_wconf 88' lang='lat' dir='ltr'><strong>De</strong></span> <span class='ocrx_word' id='word_1_147' title='bbox 831 2007 916 2064; x_wconf 89' lang='lat' dir='ltr'><strong>die</strong></span> <span class='ocrx_word' id='word_1_148' title='bbox 946 2009 1047 2063; x_wconf 89' lang='lat' dir='ltr'><strong>isto</strong></span> <span class='ocrx_word' id='word_1_149' title='bbox 1073 2008 1124 2062; x_wconf 93' lang='lat' dir='ltr'><strong>iu</strong></span> <span class='ocrx_word' id='word_1_150' title='bbox 1151 2007 1297 2060; x_wconf 92' lang='lat' dir='ltr'><strong>illum</strong></span> <span class='ocrx_word' id='word_1_151' title='bbox 1323 2005 1480 2059; x_wconf 89' lang='lat' dir='ltr'><strong>diem.</strong></span> <span class='ocrx_word' id='word_1_152' title='bbox 1515 2004 1708 2058; x_wconf 84' lang='lat' dir='ltr'><strong>Perse-</strong></span> 
     </span>
    </p>
   </div>
   <div class='ocr_carea' id='block_1_19' title="bbox 130 2095 1706 2167">
    <p class='ocr_par' dir='ltr' id='par_1_19' title="bbox 130 2095 1706 2167">
     <span class='ocr_line' id='line_1_19' title="bbox 130 2095 1706 2167; baseline -0.011 -3"><span class='ocrx_word' id='word_1_153' title='bbox 130 2125 253 2167; x_wconf 85' lang='lat' dir='ltr'><strong>vera</strong></span> <span class='ocrx_word' id='word_1_154' title='bbox 280 2108 504 2165; x_wconf 88' lang='lat' dir='ltr'><strong>reddere</strong></span> <span class='ocrx_word' id='word_1_155' title='bbox 532 2114 650 2162; x_wconf 86' lang='lat' dir='ltr'><strong>vota</strong></span> <span class='ocrx_word' id='word_1_156' title='bbox 682 2105 737 2159; x_wconf 91' lang='lat' dir='ltr'><strong>in</strong></span> <span class='ocrx_word' id='word_1_157' title='bbox 772 2102 877 2157; x_wconf 89' lang='lat' dir='ltr'><strong>isto</strong></span> <span class='ocrx_word' id='word_1_158' title='bbox 906 2101 1015 2167; x_wconf 91' lang='lat' dir='ltr'><strong>die,</strong></span> <span class='ocrx_word' id='word_1_159' title='bbox 1044 2100 1217 2156; x_wconf 91' lang='lat' dir='ltr'><strong>donec</strong></span> <span class='ocrx_word' id='word_1_160' title='bbox 1241 2098 1425 2153; x_wconf 87' lang='lat' dir='ltr'><strong>venias</strong></span> <span class='ocrx_word' id='word_1_161' title='bbox 1464 2095 1529 2151; x_wconf 92' lang='lat' dir='ltr'><strong>ad</strong></span> <span class='ocrx_word' id='word_1_162' title='bbox 1560 2095 1706 2149; x_wconf 90' lang='lat' dir='ltr'><strong>illum</strong></span> 
     </span>
    </p>
   </div>
   <div class='ocr_carea' id='block_1_20' title="bbox 136 2186 1709 2270">
    <p class='ocr_par' dir='ltr' id='par_1_20' title="bbox 136 2186 1709 2270">
     <span class='ocr_line' id='line_1_20' title="bbox 136 2186 1709 2270; baseline -0.01 -13"><span class='ocrx_word' id='word_1_163' title='bbox 136 2202 265 2257; x_wconf 88' lang='lat' dir='ltr'><strong>diem</strong></span> <span class='ocrx_word' id='word_1_164' title='bbox 295 2219 309 2257; x_wconf 91' lang='lat'><strong>:</strong></span> <span class='ocrx_word' id='word_1_165' title='bbox 338 2200 440 2257; x_wconf 87' lang='lat' dir='ltr'><strong>hoc</strong></span> <span class='ocrx_word' id='word_1_166' title='bbox 464 2205 566 2265; x_wconf 90' lang='lat' dir='ltr'><strong>est,</strong></span> <span class='ocrx_word' id='word_1_167' title='bbox 602 2197 701 2267; x_wconf 89' lang='lat' dir='ltr'><strong>Qui</strong></span> <span class='ocrx_word' id='word_1_168' title='bbox 730 2193 1114 2270; x_wconf 75' lang='lat' dir='ltr'><strong>perseveraverit</strong></span> <span class='ocrx_word' id='word_1_169' title='bbox 1153 2206 1308 2262; x_wconf 83' lang='lat' dir='ltr'><strong>usque</strong></span> <span class='ocrx_word' id='word_1_170' title='bbox 1326 2190 1380 2245; x_wconf 90' lang='lat' dir='ltr'><strong>in</strong></span> <span class='ocrx_word' id='word_1_171' title='bbox 1407 2190 1581 2259; x_wconf 76' lang='lat' dir='ltr'><strong>ﬁnem,</strong></span> <span class='ocrx_word' id='word_1_172' title='bbox 1624 2186 1709 2241; x_wconf 87' lang='lat' dir='ltr'><strong>hic</strong></span> 
     </span>
    </p>
   </div>
   <div class='ocr_carea' id='block_1_21' title="bbox 140 2292 426 2349">
    <p class='ocr_par' dir='ltr' id='par_1_21' title="bbox 140 2292 426 2349">
     <span class='ocr_line' id='line_1_21' title="bbox 140 2292 426 2349; baseline -0.014 0"><span class='ocrx_word' id='word_1_173' title='bbox 140 2293 291 2349; x_wconf 76' lang='lat' dir='ltr'><strong>salvus</strong></span> <span class='ocrx_word' id='word_1_174' title='bbox 316 2292 426 2347; x_wconf 87' lang='lat' dir='ltr'><strong>erit.</strong></span> 
     </span>
    </p>
   </div>
   <div class='ocr_carea' id='block_1_22' title="bbox 156 2416 1693 2446">
    <p class='ocr_par' dir='ltr' id='par_1_22' title="bbox 156 2416 1693 2446">
     <span class='ocr_line' id='line_1_22' title="bbox 156 2416 1693 2446; baseline -0.006 -6"><span class='ocrx_word' id='word_1_175' title='bbox 156 2416 1693 2446; x_wconf 48' lang='grc' dir='ltr'><em>Μ</em></span> 
     </span>
    </p>
   </div>
   <div class='ocr_carea' id='block_1_23' title="bbox 550 2495 1242 2563">
    <p class='ocr_par' dir='ltr' id='par_1_23' title="bbox 550 2495 1242 2563">
     <span class='ocr_line' id='line_1_23' title="bbox 550 2495 1242 2563; baseline -0.007 0"><span class='ocrx_word' id='word_1_176' title='bbox 550 2500 631 2563; x_wconf 87' lang='grc' dir='ltr'><strong>ΙΝ</strong></span> <span class='ocrx_word' id='word_1_177' title='bbox 673 2497 1054 2563; x_wconf 85' lang='lat' dir='ltr'><strong>PSALMUM</strong></span> <span class='ocrx_word' id='word_1_178' title='bbox 1096 2495 1242 2559; x_wconf 78' lang='lat' dir='ltr'><strong>LXI</strong></span> 
     </span>
    </p>
   </div>
   <div class='ocr_carea' id='block_1_24' title="bbox 686 2598 1104 2656">
    <p class='ocr_par' dir='ltr' id='par_1_24' title="bbox 686 2598 1104 2656">
     <span class='ocr_line' id='line_1_24' title="bbox 686 2598 1104 2656; baseline -0.012 0"><span class='ocrx_word' id='word_1_179' title='bbox 686 2598 1104 2656; x_wconf 75' lang='lat' dir='ltr'><strong>ENARRA&#39;I&#39;IO.</strong></span> 
     </span>
    </p>
   </div>
   <div class='ocr_carea' id='block_1_25' title="bbox 608 2705 1149 2750">
    <p class='ocr_par' dir='ltr' id='par_1_25' title="bbox 608 2705 1149 2750">
     <span class='ocr_line' id='line_1_25' title="bbox 608 2705 1149 2750; baseline -0.013 0"><span class='ocrx_word' id='word_1_180' title='bbox 608 2707 780 2750; x_wconf 73' lang='lat' dir='ltr'><strong>SERIO</strong></span> <span class='ocrx_word' id='word_1_181' title='bbox 816 2707 884 2747; x_wconf 78' lang='lat' dir='ltr'><strong>AD</strong></span> <span class='ocrx_word' id='word_1_182' title='bbox 923 2705 1149 2746; x_wconf 72' lang='grc' dir='ltr'>Ριειιειι.</span> 
     </span>
    </p>
   </div>
   <div class='ocr_carea' id='block_1_26' title="bbox 209 2782 1707 2865">
    <p class='ocr_par' dir='ltr' id='par_1_26' title="bbox 209 2782 1707 2865">
     <span class='ocr_line' id='line_1_26' title="bbox 209 2782 1707 2865; baseline -0.007 -16"><span class='ocrx_word' id='word_1_183' title='bbox 209 2794 254 2849; x_wconf 82' lang='lat' dir='ltr'><strong>l.</strong></span> <span class='ocrx_word' id='word_1_184' title='bbox 284 2792 429 2865; x_wconf 77' lang='lat' dir='ltr'><strong>[eers.</strong></span> <span class='ocrx_word' id='word_1_185' title='bbox 460 2787 538 2862; x_wconf 75' lang='grc'><strong>1.]</strong></span> <span class='ocrx_word' id='word_1_186' title='bbox 580 2787 875 2844; x_wconf 85' lang='lat' dir='ltr'><strong>Delectatio</strong></span> <span class='ocrx_word' id='word_1_187' title='bbox 903 2784 1203 2848; x_wconf 80' lang='lat' dir='ltr'><strong>divinorum</strong></span> <span class='ocrx_word' id='word_1_188' title='bbox 1242 2782 1572 2854; x_wconf 88' lang='lat' dir='ltr'><strong>eloquiorum</strong></span> <span class='ocrx_word' id='word_1_189' title='bbox 1600 2822 1616 2850; x_wconf 93' lang='lat'><strong>,</strong></span> <span class='ocrx_word' id='word_1_190' title='bbox 1651 2791 1707 2838; x_wconf 94' lang='lat' dir='ltr'><strong>et</strong></span> 
     </span>
    </p>
   </div>
   <div class='ocr_carea' id='block_1_27' title="bbox 148 2872 1706 2950">
    <p class='ocr_par' dir='ltr' id='par_1_27' title="bbox 148 2872 1706 2950">
     <span class='ocr_line' id='line_1_27' title="bbox 148 2872 1706 2950; baseline -0.006 -12"><span class='ocrx_word' id='word_1_191' title='bbox 148 2882 346 2939; x_wconf 81' lang='lat' dir='ltr'><strong>dulcedo</strong></span> <span class='ocrx_word' id='word_1_192' title='bbox 371 2877 692 2950; x_wconf 76' lang='lat' dir='ltr'><strong>intelligendi</strong></span> <span class='ocrx_word' id='word_1_193' title='bbox 724 2876 869 2932; x_wconf 87' lang='lat' dir='ltr'><strong>verbi</strong></span> <span class='ocrx_word' id='word_1_194' title='bbox 901 2874 1016 2941; x_wconf 88' lang='lat' dir='ltr'><strong>Dei,</strong></span> <span class='ocrx_word' id='word_1_195' title='bbox 1046 2873 1330 2945; x_wconf 85' lang='lat' dir='ltr'><strong>adjuvaute</strong></span> <span class='ocrx_word' id='word_1_196' title='bbox 1357 2874 1472 2944; x_wconf 87' lang='lat' dir='ltr'><strong>ipso</strong></span> <span class='ocrx_word' id='word_1_197' title='bbox 1496 2872 1584 2944; x_wconf 88' lang='lat' dir='ltr'><strong>qui</strong></span> <span class='ocrx_word' id='word_1_198' title='bbox 1614 2872 1706 2929; x_wconf 87' lang='lat' dir='ltr'><strong>dat</strong></span> 
     </span>
    </p>
   </div>
   <div class='ocr_carea' id='block_1_28' title="bbox 144 2964 1701 3038">
    <p class='ocr_par' dir='ltr' id='par_1_28' title="bbox 144 2964 1701 3038">
     <span class='ocr_line' id='line_1_28' title="bbox 144 2964 1701 3038; baseline -0.004 -9"><span class='ocrx_word' id='word_1_199' title='bbox 144 2976 429 3030; x_wconf 80' lang='lat' dir='ltr'><strong>suavitatem</strong></span> <span class='ocrx_word' id='word_1_200' title='bbox 449 3012 465 3038; x_wconf 92' lang='lat'><strong>,</strong></span> <span class='ocrx_word' id='word_1_201' title='bbox 514 2978 573 3027; x_wconf 91' lang='lat' dir='ltr'><strong>ut</strong></span> <span class='ocrx_word' id='word_1_202' title='bbox 600 2978 739 3026; x_wconf 89' lang='lat' dir='ltr'><strong>terra</strong></span> <span class='ocrx_word' id='word_1_203' title='bbox 766 2976 949 3024; x_wconf 89' lang='lat' dir='ltr'><strong>nostra</strong></span> <span class='ocrx_word' id='word_1_204' title='bbox 975 2967 1065 3023; x_wconf 89' lang='lat' dir='ltr'><strong>det</strong></span> <span class='ocrx_word' id='word_1_205' title='bbox 1096 2966 1318 3022; x_wconf 79' lang='lat' dir='ltr'><strong>fructum</strong></span> <span class='ocrx_word' id='word_1_206' title='bbox 1346 2980 1499 3022; x_wconf 92' lang='lat' dir='ltr'><strong>suum</strong></span> <span class='ocrx_word' id='word_1_207' title='bbox 1527 2964 1701 3036; x_wconf 84' lang='lat' dir='ltr'><strong>(Psal.</strong></span> 
     </span>
    </p>
   </div>
   <div class='ocr_carea' id='block_1_29' title="bbox 140 3058 1702 3138">
    <p class='ocr_par' dir='ltr' id='par_1_29' title="bbox 140 3058 1702 3138">
     <span class='ocr_line' id='line_1_29' title="bbox 140 3058 1702 3138; baseline -0.007 -15"><span class='ocrx_word' id='word_1_208' title='bbox 140 3079 337 3133; x_wconf 74' lang='lat' dir='ltr'><strong>Lxxxw,</strong></span> <span class='ocrx_word' id='word_1_209' title='bbox 370 3064 481 3138; x_wconf 76' lang='lat' dir='ltr'><strong>l5),</strong></span> <span class='ocrx_word' id='word_1_210' title='bbox 513 3072 568 3120; x_wconf 89' lang='lat' dir='ltr'><strong>et</strong></span> <span class='ocrx_word' id='word_1_211' title='bbox 592 3077 693 3120; x_wconf 90' lang='lat' dir='ltr'><strong>nos</strong></span> <span class='ocrx_word' id='word_1_212' title='bbox 717 3061 783 3118; x_wconf 90' lang='lat' dir='ltr'><strong>ad</strong></span> <span class='ocrx_word' id='word_1_213' title='bbox 812 3058 1135 3130; x_wconf 90' lang='lat' dir='ltr'><strong>loquendum</strong></span> <span class='ocrx_word' id='word_1_214' title='bbox 1156 3100 1171 3123; x_wconf 92' lang='lat'><strong>,</strong></span> <span class='ocrx_word' id='word_1_215' title='bbox 1199 3068 1254 3114; x_wconf 90' lang='lat' dir='ltr'><strong>et</strong></span> <span class='ocrx_word' id='word_1_216' title='bbox 1278 3074 1370 3114; x_wconf 88' lang='lat' dir='ltr'><strong>vos</strong></span> <span class='ocrx_word' id='word_1_217' title='bbox 1390 3058 1457 3113; x_wconf 89' lang='lat' dir='ltr'><strong>ad</strong></span> <span class='ocrx_word' id='word_1_218' title='bbox 1478 3058 1702 3113; x_wconf 82' lang='lat' dir='ltr'><strong>audien-</strong></span> 
     </span>
    </p>
   </div>
   <div class='ocr_carea' id='block_1_30' title="bbox 127 3149 1704 3218">
    <p class='ocr_par' dir='ltr' id='par_1_30' title="bbox 127 3149 1704 3218">
     <span class='ocr_line' id='line_1_30' title="bbox 127 3149 1704 3218; baseline -0.009 0"><span class='ocrx_word' id='word_1_219' title='bbox 127 3161 250 3218; x_wconf 89' lang='lat' dir='ltr'><strong>dum</strong></span> <span class='ocrx_word' id='word_1_220' title='bbox 271 3160 594 3215; x_wconf 83' lang='lat' dir='ltr'><strong>exhortatur.</strong></span> <span class='ocrx_word' id='word_1_221' title='bbox 646 3154 815 3210; x_wconf 84' lang='lat' dir='ltr'><strong>Video</strong></span> <span class='ocrx_word' id='word_1_222' title='bbox 855 3167 952 3209; x_wconf 86' lang='lat' dir='ltr'><strong>vos</strong></span> <span class='ocrx_word' id='word_1_223' title='bbox 991 3153 1108 3207; x_wconf 86' lang='lat' dir='ltr'><strong>sine</strong></span> <span class='ocrx_word' id='word_1_224' title='bbox 1153 3149 1365 3206; x_wconf 82' lang='lat' dir='ltr'><strong>fastidio</strong></span> <span class='ocrx_word' id='word_1_225' title='bbox 1392 3149 1576 3205; x_wconf 86' lang='lat' dir='ltr'><strong>audire.</strong></span> <span class='ocrx_word' id='word_1_226' title='bbox 1599 3190 1615 3215; x_wconf 90' lang='lat'><strong>,</strong></span> <span class='ocrx_word' id='word_1_227' title='bbox 1648 3158 1704 3205; x_wconf 90' lang='lat' dir='ltr'><strong>et</strong></span> 
     </span>
    </p>
   </div>
   <div class='ocr_carea' id='block_1_31' title="bbox 121 3239 1704 3325">
    <p class='ocr_par' dir='ltr' id='par_1_31' title="bbox 121 3239 1704 3325">
     <span class='ocr_line' id='line_1_31' title="bbox 121 3239 1704 3325; baseline -0.006 -18"><span class='ocrx_word' id='word_1_228' title='bbox 121 3251 322 3325; x_wconf 70' lang='lat' dir='ltr'><strong>gaudeo</strong></span> <span class='ocrx_word' id='word_1_229' title='bbox 348 3250 522 3322; x_wconf 80' lang='lat' dir='ltr'><strong>palato</strong></span> <span class='ocrx_word' id='word_1_230' title='bbox 535 3246 727 3304; x_wconf 68' lang='lat' dir='ltr'><strong>cordis</strong></span> <span class='ocrx_word' id='word_1_231' title='bbox 752 3244 934 3311; x_wconf 87' lang='lat' dir='ltr'><strong>vestri,</strong></span> <span class='ocrx_word' id='word_1_232' title='bbox 964 3258 995 3298; x_wconf 90' lang='lat' dir='ltr'><strong>a</strong></span> <span class='ocrx_word' id='word_1_233' title='bbox 1015 3256 1122 3314; x_wconf 91' lang='lat' dir='ltr'><strong>quo</strong></span> <span class='ocrx_word' id='word_1_234' title='bbox 1143 3242 1192 3297; x_wconf 93' lang='lat' dir='ltr'><strong>id</strong></span> <span class='ocrx_word' id='word_1_235' title='bbox 1214 3240 1353 3313; x_wconf 87' lang='lat' dir='ltr'><strong>quod</strong></span> <span class='ocrx_word' id='word_1_236' title='bbox 1379 3239 1592 3296; x_wconf 88' lang='lat' dir='ltr'><strong>salubre</strong></span> <span class='ocrx_word' id='word_1_237' title='bbox 1620 3251 1704 3298; x_wconf 85' lang='lat' dir='ltr'><strong>est</strong></span> 
     </span>
    </p>
   </div>
   <div class='ocr_carea' id='block_1_32' title="bbox 122 3332 1700 3415">
    <p class='ocr_par' dir='ltr' id='par_1_32' title="bbox 122 3332 1700 3415">
     <span class='ocr_line' id='line_1_32' title="bbox 122 3332 1700 3415; baseline -0.01 -13"><span class='ocrx_word' id='word_1_238' title='bbox 122 3359 234 3403; x_wconf 87' lang='lat' dir='ltr'><strong>non</strong></span> <span class='ocrx_word' id='word_1_239' title='bbox 261 3343 539 3415; x_wconf 87' lang='lat' dir='ltr'><strong>respuitur,</strong></span> <span class='ocrx_word' id='word_1_240' title='bbox 562 3339 656 3397; x_wconf 90' lang='lat' dir='ltr'><strong>sed</strong></span> <span class='ocrx_word' id='word_1_241' title='bbox 686 3352 805 3393; x_wconf 92' lang='lat' dir='ltr'><strong>cum</strong></span> <span class='ocrx_word' id='word_1_242' title='bbox 832 3335 1087 3391; x_wconf 88' lang='lat' dir='ltr'><strong>aviditate</strong></span> <span class='ocrx_word' id='word_1_243' title='bbox 1117 3334 1404 3405; x_wconf 88' lang='lat' dir='ltr'><strong>percipitur</strong></span> <span class='ocrx_word' id='word_1_244' title='bbox 1424 3373 1441 3399; x_wconf 89' lang='lat'><strong>,</strong></span> <span class='ocrx_word' id='word_1_245' title='bbox 1472 3341 1527 3388; x_wconf 90' lang='lat' dir='ltr'><strong>et</strong></span> <span class='ocrx_word' id='word_1_246' title='bbox 1555 3332 1700 3389; x_wconf 90' lang='lat' dir='ltr'><strong>utili-</strong></span> 
     </span>
    </p>
   </div>
   <div class='ocr_carea' id='block_1_33' title="bbox 122 3424 1702 3501">
    <p class='ocr_par' dir='ltr' id='par_1_33' title="bbox 122 3424 1702 3501">
     <span class='ocr_line' id='line_1_33' title="bbox 122 3424 1702 3501; baseline -0.009 -6"><span class='ocrx_word' id='word_1_247' title='bbox 122 3448 214 3495; x_wconf 87' lang='lat' dir='ltr'><strong>ter</strong></span> <span class='ocrx_word' id='word_1_248' title='bbox 236 3437 543 3492; x_wconf 91' lang='lat' dir='ltr'><strong>continetur.</strong></span> <span class='ocrx_word' id='word_1_249' title='bbox 591 3431 898 3501; x_wconf 86' lang='lat' dir='ltr'><strong>Loquamur</strong></span> <span class='ocrx_word' id='word_1_250' title='bbox 915 3442 1045 3498; x_wconf 81' lang='lat' dir='ltr'><strong>ergo</strong></span> <span class='ocrx_word' id='word_1_251' title='bbox 1073 3426 1223 3481; x_wconf 89' lang='lat' dir='ltr'><strong>vobis</strong></span> <span class='ocrx_word' id='word_1_252' title='bbox 1248 3436 1300 3481; x_wconf 91' lang='lat' dir='ltr'><strong>et</strong></span> <span class='ocrx_word' id='word_1_253' title='bbox 1326 3424 1506 3490; x_wconf 88' lang='lat' dir='ltr'><strong>hodie,</strong></span> <span class='ocrx_word' id='word_1_254' title='bbox 1534 3440 1702 3496; x_wconf 88' lang='lat' dir='ltr'><strong>quan-</strong></span> 
     </span>
    </p>
   </div>
   <div class='ocr_carea' id='block_1_34' title="bbox 120 3515 1702 3590">
    <p class='ocr_par' dir='ltr' id='par_1_34' title="bbox 120 3515 1702 3590">
     <span class='ocr_line' id='line_1_34' title="bbox 120 3515 1702 3590; baseline -0.009 -5"><span class='ocrx_word' id='word_1_255' title='bbox 120 3541 235 3586; x_wconf 90' lang='lat' dir='ltr'><strong>tum</strong></span> <span class='ocrx_word' id='word_1_256' title='bbox 253 3529 500 3585; x_wconf 90' lang='lat' dir='ltr'><strong>Dominus</strong></span> <span class='ocrx_word' id='word_1_257' title='bbox 526 3525 717 3589; x_wconf 88' lang='lat' dir='ltr'><strong>donat,</strong></span> <span class='ocrx_word' id='word_1_258' title='bbox 747 3521 815 3577; x_wconf 89' lang='lat' dir='ltr'><strong>de</strong></span> <span class='ocrx_word' id='word_1_259' title='bbox 844 3521 945 3576; x_wconf 91' lang='lat' dir='ltr'><strong>isto</strong></span> <span class='ocrx_word' id='word_1_260' title='bbox 968 3519 1173 3590; x_wconf 86' lang='lat' dir='ltr'><strong>psalmo</strong></span> <span class='ocrx_word' id='word_1_261' title='bbox 1200 3533 1358 3588; x_wconf 89' lang='lat' dir='ltr'><strong>quem</strong></span> <span class='ocrx_word' id='word_1_262' title='bbox 1391 3515 1548 3571; x_wconf 90' lang='lat' dir='ltr'><strong>modo</strong></span> <span class='ocrx_word' id='word_1_263' title='bbox 1574 3531 1702 3571; x_wconf 87' lang='lat' dir='ltr'><strong>can-</strong></span> 
     </span>
    </p>
   </div>
   <div class='ocr_carea' id='block_1_35' title="bbox 121 3606 1705 3686">
    <p class='ocr_par' dir='ltr' id='par_1_35' title="bbox 121 3606 1705 3686">
     <span class='ocr_line' id='line_1_35' title="bbox 121 3606 1705 3686; baseline -0.01 -7"><span class='ocrx_word' id='word_1_264' title='bbox 121 3624 360 3679; x_wconf 77' lang='lat' dir='ltr'><strong>lavimus.</strong></span> <span class='ocrx_word' id='word_1_265' title='bbox 390 3618 599 3675; x_wconf 77' lang='lat' dir='ltr'><strong>&#39;l‘itulus</strong></span> <span class='ocrx_word' id='word_1_266' title='bbox 623 3617 737 3686; x_wconf 88' lang='lat' dir='ltr'><strong>ejus</strong></span> <span class='ocrx_word' id='word_1_267' title='bbox 755 3624 854 3678; x_wconf 88' lang='lat' dir='ltr'><strong>est,</strong></span> <span class='ocrx_word' id='word_1_268' title='bbox 873 3612 937 3666; x_wconf 81' lang='lat' dir='ltr'><strong>In</strong></span> <span class='ocrx_word' id='word_1_269' title='bbox 957 3612 1109 3679; x_wconf 80' lang='lat' dir='ltr'><strong>linem</strong></span> <span class='ocrx_word' id='word_1_270' title='bbox 1130 3652 1146 3677; x_wconf 95' lang='lat'><strong>,</strong></span> <span class='ocrx_word' id='word_1_271' title='bbox 1174 3626 1265 3681; x_wconf 88' lang='lat' dir='ltr'><strong>pro</strong></span> <span class='ocrx_word' id='word_1_272' title='bbox 1285 3607 1518 3674; x_wconf 85' lang='lat' dir='ltr'><strong>Idithun,</strong></span> <span class='ocrx_word' id='word_1_273' title='bbox 1553 3606 1705 3663; x_wconf 81' lang='lat' dir='ltr'><strong>Psal-</strong></span> 
     </span>
    </p>
   </div>
   <div class='ocr_carea' id='block_1_36' title="bbox 32 3699 1703 3784">
    <p class='ocr_par' dir='ltr' id='par_1_36' title="bbox 32 3699 1703 3784">
     <span class='ocr_line' id='line_1_36' title="bbox 32 3699 1703 3784; baseline -0.008 -14"><span class='ocrx_word' id='word_1_274' title='bbox 32 3728 33 3735; x_wconf 82' lang='lat'>‘</span> <span class='ocrx_word' id='word_1_275' title='bbox 114 3731 235 3769; x_wconf 86' lang='lat' dir='ltr'><strong>mus</strong></span> <span class='ocrx_word' id='word_1_276' title='bbox 260 3714 353 3784; x_wconf 86' lang='lat' dir='ltr'><strong>ipsi</strong></span> <span class='ocrx_word' id='word_1_277' title='bbox 377 3710 569 3768; x_wconf 82' lang='lat' dir='ltr'><strong>David.</strong></span> <span class='ocrx_word' id='word_1_278' title='bbox 620 3708 736 3765; x_wconf 82' lang='lat' dir='ltr'><strong>Jam</strong></span> <span class='ocrx_word' id='word_1_279' title='bbox 778 3705 927 3760; x_wconf 86' lang='lat' dir='ltr'><strong>vobis</strong></span> <span class='ocrx_word' id='word_1_280' title='bbox 970 3703 1293 3757; x_wconf 88' lang='lat' dir='ltr'><strong>insinuatum</strong></span> <span class='ocrx_word' id='word_1_281' title='bbox 1328 3715 1448 3756; x_wconf 89' lang='lat' dir='ltr'><strong>esse</strong></span> <span class='ocrx_word' id='word_1_282' title='bbox 1476 3699 1602 3770; x_wconf 89' lang='lat' dir='ltr'><strong>quid</strong></span> <span class='ocrx_word' id='word_1_283' title='bbox 1632 3700 1703 3756; x_wconf 86' lang='lat' dir='ltr'><strong>sit</strong></span> 
     </span>
    </p>
   </div>
   <div class='ocr_carea' id='block_1_37' title="bbox 112 3793 1699 3874">
    <p class='ocr_par' dir='ltr' id='par_1_37' title="bbox 112 3793 1699 3874">
     <span class='ocr_line' id='line_1_37' title="bbox 112 3793 1699 3874; baseline -0.009 -11"><span class='ocrx_word' id='word_1_284' title='bbox 112 3806 324 3863; x_wconf 83' lang='lat' dir='ltr'><strong>ldithun</strong></span> <span class='ocrx_word' id='word_1_285' title='bbox 348 3848 362 3872; x_wconf 89' lang='lat'><strong>,</strong></span> <span class='ocrx_word' id='word_1_286' title='bbox 396 3803 578 3862; x_wconf 91' lang='lat' dir='ltr'><strong>recolo</strong></span> <span class='ocrx_word' id='word_1_287' title='bbox 613 3800 804 3874; x_wconf 85' lang='lat' dir='ltr'><strong>(a).Ex</strong></span> <span class='ocrx_word' id='word_1_288' title='bbox 831 3795 1270 3867; x_wconf 82' lang='lat' dir='ltr'><strong>interpretatione</strong></span> <span class='ocrx_word' id='word_1_289' title='bbox 1298 3793 1441 3849; x_wconf 89' lang='lat' dir='ltr'><strong>enim</strong></span> <span class='ocrx_word' id='word_1_290' title='bbox 1472 3793 1699 3849; x_wconf 68' lang='lat' dir='ltr'><strong>hebrtete</strong></span> 
     </span>
    </p>
   </div>
   <div class='ocr_carea' id='block_1_38' title="bbox 113 3885 1701 3967">
    <p class='ocr_par' dir='ltr' id='par_1_38' title="bbox 113 3885 1701 3967">
     <span class='ocr_line' id='line_1_38' title="bbox 113 3885 1701 3967; baseline -0.008 -12"><span class='ocrx_word' id='word_1_291' title='bbox 113 3899 310 3967; x_wconf 73' lang='lat' dir='ltr'><strong>linguze</strong></span> <span class='ocrx_word' id='word_1_292' title='bbox 339 3910 394 3953; x_wconf 92' lang='lat' dir='ltr'><strong>ut</strong></span> <span class='ocrx_word' id='word_1_293' title='bbox 414 3897 479 3953; x_wconf 87' lang='lat' dir='ltr'><strong>ad</strong></span> <span class='ocrx_word' id='word_1_294' title='bbox 505 3911 601 3951; x_wconf 92' lang='lat' dir='ltr'><strong>nos</strong></span> <span class='ocrx_word' id='word_1_295' title='bbox 620 3892 876 3964; x_wconf 75' lang='lat' dir='ltr'><strong>pervenit,</strong></span> <span class='ocrx_word' id='word_1_296' title='bbox 908 3889 1066 3945; x_wconf 90' lang='lat' dir='ltr'><strong>latine</strong></span> <span class='ocrx_word' id='word_1_297' title='bbox 1086 3887 1279 3943; x_wconf 91' lang='lat' dir='ltr'><strong>dicitur</strong></span> <span class='ocrx_word' id='word_1_298' title='bbox 1304 3885 1511 3942; x_wconf 90' lang='lat' dir='ltr'><strong>ldithun</strong></span> <span class='ocrx_word' id='word_1_299' title='bbox 1531 3885 1701 3942; x_wconf 88' lang='lat' dir='ltr'><strong>Tran-</strong></span> 
     </span>
    </p>
   </div>
   <div class='ocr_carea' id='block_1_39' title="bbox 113 3977 1695 4054">
    <p class='ocr_par' dir='ltr' id='par_1_39' title="bbox 113 3977 1695 4054">
     <span class='ocr_line' id='line_1_39' title="bbox 113 3977 1695 4054; baseline -0.011 -6"><span class='ocrx_word' id='word_1_300' title='bbox 113 3991 299 4048; x_wconf 84' lang='lat' dir='ltr'><strong>siliens</strong></span> <span class='ocrx_word' id='word_1_301' title='bbox 325 4005 438 4046; x_wconf 90' lang='lat' dir='ltr'><strong>eos.</strong></span> <span class='ocrx_word' id='word_1_302' title='bbox 489 3985 743 4043; x_wconf 63' lang='lat' dir='ltr'><strong>Transilit</strong></span> <span class='ocrx_word' id='word_1_303' title='bbox 784 3997 914 4054; x_wconf 81' lang='lat' dir='ltr'><strong>ergo</strong></span> <span class='ocrx_word' id='word_1_304' title='bbox 958 3983 1056 4036; x_wconf 89' lang='lat' dir='ltr'><strong>iste</strong></span> <span class='ocrx_word' id='word_1_305' title='bbox 1084 3981 1172 4052; x_wconf 89' lang='lat' dir='ltr'><strong>qui</strong></span> <span class='ocrx_word' id='word_1_306' title='bbox 1212 3987 1390 4034; x_wconf 86' lang='lat' dir='ltr'><strong>cantat</strong></span> <span class='ocrx_word' id='word_1_307' title='bbox 1416 3977 1695 4049; x_wconf 89' lang='lat' dir='ltr'><strong>quosdam,</strong></span> 
     </span>
    </p>
   </div>
   <div class='ocr_carea' id='block_1_40' title="bbox 113 4071 1699 4155">
    <p class='ocr_par' dir='ltr' id='par_1_40' title="bbox 113 4071 1699 4155">
     <span class='ocr_line' id='line_1_40' title="bbox 113 4071 1699 4155; baseline -0.008 -18"><span class='ocrx_word' id='word_1_308' title='bbox 113 4098 256 4155; x_wconf 87' lang='lat' dir='ltr'><strong>quos</strong></span> <span class='ocrx_word' id='word_1_309' title='bbox 282 4083 510 4152; x_wconf 89' lang='lat' dir='ltr'><strong>desuper</strong></span> <span class='ocrx_word' id='word_1_310' title='bbox 536 4078 782 4150; x_wconf 59' lang='lat' dir='ltr'><strong>destiicit.</strong></span> <span class='ocrx_word' id='word_1_311' title='bbox 816 4073 1103 4130; x_wconf 85' lang='lat' dir='ltr'><strong>Videamus</strong></span> <span class='ocrx_word' id='word_1_312' title='bbox 1130 4086 1408 4142; x_wconf 82' lang='lat' dir='ltr'><strong>quousque</strong></span> <span class='ocrx_word' id='word_1_313' title='bbox 1431 4071 1699 4126; x_wconf 89' lang='lat' dir='ltr'><strong>transilie-</strong></span> 
     </span>
    </p>
   </div>
   <div class='ocr_carea' id='block_1_41' title="bbox 112 4161 1699 4244">
    <p class='ocr_par' dir='ltr' id='par_1_41' title="bbox 112 4161 1699 4244">
     <span class='ocr_line' id='line_1_41' title="bbox 112 4161 1699 4244; baseline -0.008 -15"><span class='ocrx_word' id='word_1_314' title='bbox 112 4175 226 4238; x_wconf 85' lang='lat' dir='ltr'><strong>rit,</strong></span> <span class='ocrx_word' id='word_1_315' title='bbox 270 4182 323 4229; x_wconf 90' lang='lat' dir='ltr'><strong>et</strong></span> <span class='ocrx_word' id='word_1_316' title='bbox 348 4187 482 4244; x_wconf 89' lang='lat' dir='ltr'><strong>quos</strong></span> <span class='ocrx_word' id='word_1_317' title='bbox 512 4167 865 4234; x_wconf 89' lang='lat' dir='ltr'><strong>trausilierit,</strong></span> <span class='ocrx_word' id='word_1_318' title='bbox 919 4174 974 4221; x_wconf 88' lang='lat' dir='ltr'><strong>et</strong></span> <span class='ocrx_word' id='word_1_319' title='bbox 1020 4163 1105 4218; x_wconf 90' lang='lat' dir='ltr'><strong>ubi</strong></span> <span class='ocrx_word' id='word_1_320' title='bbox 1152 4163 1394 4241; x_wconf 83' lang='lat' dir='ltr'><strong>quamvis</strong></span> <span class='ocrx_word' id='word_1_321' title='bbox 1441 4161 1699 4232; x_wconf 86' lang='lat' dir='ltr'><strong>quosdam</strong></span> 
     </span>
    </p>
   </div>
   <div class='ocr_carea' id='block_1_42' title="bbox 112 4252 1702 4333">
    <p class='ocr_par' dir='ltr' id='par_1_42' title="bbox 112 4252 1702 4333">
     <span class='ocr_line' id='line_1_42' title="bbox 112 4252 1702 4333; baseline -0.007 -13"><span class='ocrx_word' id='word_1_322' title='bbox 112 4265 421 4320; x_wconf 85' lang='lat' dir='ltr'><strong>trausilierit</strong></span> <span class='ocrx_word' id='word_1_323' title='bbox 465 4262 670 4333; x_wconf 87' lang='lat' dir='ltr'><strong>positus</strong></span> <span class='ocrx_word' id='word_1_324' title='bbox 715 4260 783 4313; x_wconf 86' lang='lat' dir='ltr'><strong>sit</strong></span> <span class='ocrx_word' id='word_1_325' title='bbox 817 4276 831 4313; x_wconf 89' lang='lat'><strong>:</strong></span> <span class='ocrx_word' id='word_1_326' title='bbox 860 4256 928 4311; x_wconf 89' lang='lat' dir='ltr'><strong>de</strong></span> <span class='ocrx_word' id='word_1_327' title='bbox 961 4269 1067 4326; x_wconf 90' lang='lat' dir='ltr'><strong>quo</strong></span> <span class='ocrx_word' id='word_1_328' title='bbox 1094 4252 1350 4324; x_wconf 81' lang='lat' dir='ltr'><strong>Spirituall</strong></span> <span class='ocrx_word' id='word_1_329' title='bbox 1390 4252 1617 4325; x_wconf 84' lang='lat' dir='ltr'><strong>quodam</strong></span> <span class='ocrx_word' id='word_1_330' title='bbox 1645 4261 1702 4309; x_wconf 86' lang='lat' dir='ltr'><strong>et</strong></span> 
     </span>
    </p>
   </div>
   <div class='ocr_carea' id='block_1_43' title="bbox 112 4348 1696 4419">
    <p class='ocr_par' dir='ltr' id='par_1_43' title="bbox 112 4348 1696 4419">
     <span class='ocr_line' id='line_1_43' title="bbox 112 4348 1696 4419; baseline -0.006 -6"><span class='ocrx_word' id='word_1_331' title='bbox 112 4372 302 4413; x_wconf 80' lang='lat' dir='ltr'><strong>securo</strong></span> <span class='ocrx_word' id='word_1_332' title='bbox 330 4358 448 4412; x_wconf 87' lang='lat' dir='ltr'><strong>loco</strong></span> <span class='ocrx_word' id='word_1_333' title='bbox 484 4356 750 4411; x_wconf 87' lang='lat' dir='ltr'><strong>intueatur</strong></span> <span class='ocrx_word' id='word_1_334' title='bbox 775 4351 910 4417; x_wconf 89' lang='lat' dir='ltr'><strong>ima;</strong></span> <span class='ocrx_word' id='word_1_335' title='bbox 943 4366 1047 4404; x_wconf 88' lang='lat' dir='ltr'><strong>non</strong></span> <span class='ocrx_word' id='word_1_336' title='bbox 1078 4349 1148 4403; x_wconf 88' lang='lat' dir='ltr'><strong>ita</strong></span> <span class='ocrx_word' id='word_1_337' title='bbox 1190 4348 1484 4419; x_wconf 88' lang='lat' dir='ltr'><strong>respiciens</strong></span> <span class='ocrx_word' id='word_1_338' title='bbox 1514 4356 1570 4401; x_wconf 89' lang='lat' dir='ltr'><strong>ut</strong></span> <span class='ocrx_word' id='word_1_339' title='bbox 1604 4362 1696 4403; x_wconf 80' lang='lat' dir='ltr'><strong>ca-</strong></span> 
     </span>
    </p>
   </div>
   <div class='ocr_carea' id='block_1_44' title="bbox 79 4440 1696 4516">
    <p class='ocr_par' dir='ltr' id='par_1_44' title="bbox 79 4440 1696 4516">
     <span class='ocr_line' id='line_1_44' title="bbox 79 4440 1696 4516; baseline -0.005 -11"><span class='ocrx_word' id='word_1_340' title='bbox 79 4440 94 4461; x_wconf 83' lang='grc'><em>”</em></span> <span class='ocrx_word' id='word_1_341' title='bbox 110 4450 225 4516; x_wconf 85' lang='lat' dir='ltr'><strong>dat,</strong></span> <span class='ocrx_word' id='word_1_342' title='bbox 245 4449 336 4504; x_wconf 91' lang='lat' dir='ltr'><strong>scd</strong></span> <span class='ocrx_word' id='word_1_343' title='bbox 358 4459 413 4505; x_wconf 90' lang='lat' dir='ltr'><strong>ut</strong></span> <span class='ocrx_word' id='word_1_344' title='bbox 440 4455 650 4503; x_wconf 89' lang='lat' dir='ltr'><strong>moveat</strong></span> <span class='ocrx_word' id='word_1_345' title='bbox 667 4447 684 4477; x_wconf 76' lang='grc' dir='ltr'><strong>ι</strong></span> <span class='ocrx_word' id='word_1_346' title='bbox 705 4445 792 4516; x_wconf 89' lang='lat' dir='ltr'><strong>qui</strong></span> <span class='ocrx_word' id='word_1_347' title='bbox 810 4444 1092 4499; x_wconf 86' lang='lat' dir='ltr'><strong>transilivit</strong></span> <span class='ocrx_word' id='word_1_348' title='bbox 1116 4443 1293 4513; x_wconf 80' lang='lat' dir='ltr'><strong>pigros</strong></span> <span class='ocrx_word' id='word_1_349' title='bbox 1319 4450 1373 4496; x_wconf 93' lang='lat' dir='ltr'><strong>ut</strong></span> <span class='ocrx_word' id='word_1_350' title='bbox 1389 4450 1696 4512; x_wconf 87' lang='lat' dir='ltr'><strong>sequantur,</strong></span> 
     </span>
    </p>
   </div>
   <div class='ocr_carea' id='block_1_45' title="bbox 109 4535 1698 4610">
    <p class='ocr_par' dir='ltr' id='par_1_45' title="bbox 109 4535 1698 4610">
     <span class='ocr_line' id='line_1_45' title="bbox 109 4535 1698 4610; baseline -0.005 -12"><span class='ocrx_word' id='word_1_351' title='bbox 109 4550 174 4599; x_wconf 87' lang='lat' dir='ltr'><strong>et</strong></span> <span class='ocrx_word' id='word_1_352' title='bbox 196 4543 367 4598; x_wconf 86' lang='lat' dir='ltr'><strong>laudet</strong></span> <span class='ocrx_word' id='word_1_353' title='bbox 404 4541 582 4597; x_wconf 93' lang='lat' dir='ltr'><strong>locum</strong></span> <span class='ocrx_word' id='word_1_354' title='bbox 625 4553 732 4610; x_wconf 92' lang='lat' dir='ltr'><strong>quo</strong></span> <span class='ocrx_word' id='word_1_355' title='bbox 777 4535 1118 4592; x_wconf 70' lang='lat' dir='ltr'><strong>transiliendo</strong></span> <span class='ocrx_word' id='word_1_356' title='bbox 1166 4536 1425 4607; x_wconf 86' lang='lat' dir='ltr'><strong>pervenit.</strong></span> <span class='ocrx_word' id='word_1_357' title='bbox 1456 4536 1528 4591; x_wconf 91' lang='lat' dir='ltr'><strong>Ita</strong></span> <span class='ocrx_word' id='word_1_358' title='bbox 1555 4537 1698 4593; x_wconf 90' lang='lat' dir='ltr'><strong>enim</strong></span> 
     </span>
    </p>
   </div>
   <div class='ocr_carea' id='block_1_46' title="bbox 110 4627 1695 4702">
    <p class='ocr_par' dir='ltr' id='par_1_46' title="bbox 110 4627 1695 4702">
     <span class='ocr_line' id='line_1_46' title="bbox 110 4627 1695 4702; baseline -0.004 -12"><span class='ocrx_word' id='word_1_359' title='bbox 110 4636 220 4690; x_wconf 90' lang='lat' dir='ltr'><strong>iste</strong></span> <span class='ocrx_word' id='word_1_360' title='bbox 260 4634 560 4689; x_wconf 76' lang='lat' dir='ltr'><strong>transiliens</strong></span> <span class='ocrx_word' id='word_1_361' title='bbox 604 4645 765 4702; x_wconf 89' lang='lat' dir='ltr'><strong>super</strong></span> <span class='ocrx_word' id='word_1_362' title='bbox 792 4628 987 4699; x_wconf 89' lang='lat' dir='ltr'><strong>aliquid</strong></span> <span class='ocrx_word' id='word_1_363' title='bbox 1015 4635 1097 4683; x_wconf 92' lang='lat' dir='ltr'><strong>est</strong></span> <span class='ocrx_word' id='word_1_364' title='bbox 1115 4669 1132 4694; x_wconf 93' lang='lat'><strong>,</strong></span> <span class='ocrx_word' id='word_1_365' title='bbox 1173 4636 1229 4681; x_wconf 86' lang='grc' dir='ltr'><strong>ιιι</strong></span> <span class='ocrx_word' id='word_1_366' title='bbox 1251 4627 1352 4683; x_wconf 85' lang='lat' dir='ltr'><strong>sub</strong></span> <span class='ocrx_word' id='word_1_367' title='bbox 1376 4627 1553 4699; x_wconf 88' lang='lat' dir='ltr'><strong>aliquo</strong></span> <span class='ocrx_word' id='word_1_368' title='bbox 1580 4630 1650 4684; x_wconf 88' lang='lat' dir='ltr'><strong>sit</strong></span> <span class='ocrx_word' id='word_1_369' title='bbox 1680 4646 1695 4683; x_wconf 89' lang='lat'><strong>:</strong></span> 
     </span>
    </p>
   </div>
   <div class='ocr_carea' id='block_1_47' title="bbox 114 4719 1696 4796">
    <p class='ocr_par' dir='ltr' id='par_1_47' title="bbox 114 4719 1696 4796">
     <span class='ocr_line' id='line_1_47' title="bbox 114 4719 1696 4796; baseline -0.006 -14"><span class='ocrx_word' id='word_1_370' title='bbox 114 4728 256 4782; x_wconf 84' lang='lat' dir='ltr'><strong>unde</strong></span> <span class='ocrx_word' id='word_1_371' title='bbox 284 4728 428 4796; x_wconf 87' lang='lat' dir='ltr'><strong>prius</strong></span> <span class='ocrx_word' id='word_1_372' title='bbox 457 4724 609 4781; x_wconf 88' lang='lat' dir='ltr'><strong>nobis</strong></span> <span class='ocrx_word' id='word_1_373' title='bbox 653 4721 923 4777; x_wconf 85' lang='lat' dir='ltr'><strong>insinuare</strong></span> <span class='ocrx_word' id='word_1_374' title='bbox 952 4719 1116 4774; x_wconf 91' lang='lat' dir='ltr'><strong>voluit</strong></span> <span class='ocrx_word' id='word_1_375' title='bbox 1157 4721 1256 4774; x_wconf 88' lang='lat' dir='ltr'><strong>sub</strong></span> <span class='ocrx_word' id='word_1_376' title='bbox 1283 4734 1390 4790; x_wconf 90' lang='lat' dir='ltr'><strong>quo</strong></span> <span class='ocrx_word' id='word_1_377' title='bbox 1438 4730 1582 4775; x_wconf 89' lang='lat' dir='ltr'><strong>tutus</strong></span> <span class='ocrx_word' id='word_1_378' title='bbox 1607 4720 1696 4789; x_wconf 88' lang='lat' dir='ltr'><strong>sit,</strong></span> 
     </span>
    </p>
   </div>
   <div class='ocr_carea' id='block_1_48' title="bbox 115 4810 1695 4891">
    <p class='ocr_par' dir='ltr' id='par_1_48' title="bbox 115 4810 1695 4891">
     <span class='ocr_line' id='line_1_48' title="bbox 115 4810 1695 4891; baseline -0.005 -16"><span class='ocrx_word' id='word_1_379' title='bbox 115 4830 178 4875; x_wconf 92' lang='lat' dir='ltr'><strong>ut</strong></span> <span class='ocrx_word' id='word_1_380' title='bbox 204 4820 330 4876; x_wconf 87' lang='lat' dir='ltr'><strong>illud</strong></span> <span class='ocrx_word' id='word_1_381' title='bbox 358 4817 502 4891; x_wconf 88' lang='lat' dir='ltr'><strong>quod</strong></span> <span class='ocrx_word' id='word_1_382' title='bbox 541 4813 860 4882; x_wconf 84' lang='lat' dir='ltr'><strong>trausilivit,</strong></span> <span class='ocrx_word' id='word_1_383' title='bbox 903 4826 1010 4868; x_wconf 90' lang='lat' dir='ltr'><strong>non</strong></span> <span class='ocrx_word' id='word_1_384' title='bbox 1046 4811 1116 4867; x_wconf 85' lang='lat' dir='ltr'><strong>sit</strong></span> <span class='ocrx_word' id='word_1_385' title='bbox 1142 4810 1406 4881; x_wconf 72' lang='lat' dir='ltr'><strong>superbia:</strong></span> <span class='ocrx_word' id='word_1_386' title='bbox 1445 4811 1540 4867; x_wconf 90' lang='lat' dir='ltr'><strong>sed</strong></span> <span class='ocrx_word' id='word_1_387' title='bbox 1567 4826 1695 4883; x_wconf 89' lang='lat' dir='ltr'><strong>pro-</strong></span> 
     </span>
    </p>
   </div>
   <div class='ocr_carea' id='block_1_49' title="bbox 119 4921 315 4967">
    <p class='ocr_par' dir='ltr' id='par_1_49' title="bbox 119 4921 315 4967">
     <span class='ocr_line' id='line_1_49' title="bbox 119 4921 315 4967; baseline -0.005 -2"><span class='ocrx_word' id='word_1_388' title='bbox 119 4921 315 4967; x_wconf 72' lang='lat' dir='ltr'><strong>VCCIUS.</strong></span> 
     </span>
    </p>
   </div>
   <div class='ocr_carea' id='block_1_50' title="bbox 186 4993 1700 5076">
    <p class='ocr_par' dir='ltr' id='par_1_50' title="bbox 186 4993 1700 5076">
     <span class='ocr_line' id='line_1_50' title="bbox 186 4993 1700 5076; baseline -0.006 -20"><span class='ocrx_word' id='word_1_389' title='bbox 186 5001 237 5057; x_wconf 74' lang='lat'><strong>2.</strong></span> <span class='ocrx_word' id='word_1_390' title='bbox 273 5001 423 5076; x_wconf 87' lang='lat' dir='ltr'><strong>[vers.</strong></span> <span class='ocrx_word' id='word_1_391' title='bbox 450 4998 592 5071; x_wconf 67' lang='lat'><strong>2-4.]</strong></span> <span class='ocrx_word' id='word_1_392' title='bbox 641 4997 696 5053; x_wconf 82' lang='lat' dir='ltr'><strong>In</strong></span> <span class='ocrx_word' id='word_1_393' title='bbox 736 4994 965 5067; x_wconf 89' lang='lat' dir='ltr'><strong>quodam</strong></span> <span class='ocrx_word' id='word_1_394' title='bbox 992 5007 1120 5065; x_wconf 82' lang='lat' dir='ltr'><strong>ergo</strong></span> <span class='ocrx_word' id='word_1_395' title='bbox 1166 4993 1286 5047; x_wconf 90' lang='lat' dir='ltr'><strong>loco</strong></span> <span class='ocrx_word' id='word_1_396' title='bbox 1323 4993 1526 5048; x_wconf 91' lang='lat' dir='ltr'><strong>munito</strong></span> <span class='ocrx_word' id='word_1_397' title='bbox 1553 4994 1700 5063; x_wconf 86' lang='lat' dir='ltr'><strong>posi-</strong></span> 
     </span>
    </p>
   </div>
   <div class='ocr_carea' id='block_1_51' title="bbox 126 5086 1701 5160">
    <p class='ocr_par' dir='ltr' id='par_1_51' title="bbox 126 5086 1701 5160">
     <span class='ocr_line' id='line_1_51' title="bbox 126 5086 1701 5160; baseline -0.004 -13"><span class='ocrx_word' id='word_1_398' title='bbox 126 5104 202 5151; x_wconf 89' lang='lat' dir='ltr'><strong>tus</strong></span> <span class='ocrx_word' id='word_1_399' title='bbox 225 5099 337 5160; x_wconf 89' lang='lat' dir='ltr'><strong>ait,</strong></span> <span class='ocrx_word' id='word_1_400' title='bbox 371 5092 558 5148; x_wconf 85' lang='lat' dir='ltr'><strong>Nonne</strong></span> <span class='ocrx_word' id='word_1_401' title='bbox 587 5091 691 5145; x_wconf 89' lang='lat' dir='ltr'><strong>Deo</strong></span> <span class='ocrx_word' id='word_1_402' title='bbox 729 5089 1015 5159; x_wconf 85' lang='lat' dir='ltr'><strong>subjicietur</strong></span> <span class='ocrx_word' id='word_1_403' title='bbox 1041 5086 1213 5140; x_wconf 87' lang='lat' dir='ltr'><strong>animo</strong></span> <span class='ocrx_word' id='word_1_404' title='bbox 1259 5087 1409 5140; x_wconf 81' lang='lat' dir='ltr'><strong>mea?</strong></span> <span class='ocrx_word' id='word_1_405' title='bbox 1451 5086 1701 5140; x_wconf 81' lang='lat' dir='ltr'><strong>Audierat</strong></span> 
     </span>
    </p>
   </div>
   <div class='ocr_carea' id='block_1_52' title="bbox 127 5178 1700 5257">
    <p class='ocr_par' dir='ltr' id='par_1_52' title="bbox 127 5178 1700 5257">
     <span class='ocr_line' id='line_1_52' title="bbox 127 5178 1700 5257; baseline -0.008 -14"><span class='ocrx_word' id='word_1_406' title='bbox 127 5190 255 5244; x_wconf 88' lang='lat' dir='ltr'><strong>enim</strong></span> <span class='ocrx_word' id='word_1_407' title='bbox 279 5232 293 5257; x_wconf 86' lang='lat'><strong>,</strong></span> <span class='ocrx_word' id='word_1_408' title='bbox 326 5188 425 5257; x_wconf 87' lang='lat' dir='ltr'><strong>Qui</strong></span> <span class='ocrx_word' id='word_1_409' title='bbox 453 5203 506 5241; x_wconf 90' lang='lat' dir='ltr'><strong>se</strong></span> <span class='ocrx_word' id='word_1_410' title='bbox 528 5184 717 5240; x_wconf 75' lang='lat' dir='ltr'><strong>exultat</strong></span> <span class='ocrx_word' id='word_1_411' title='bbox 735 5224 748 5246; x_wconf 91' lang='lat'><strong>,</strong></span> <span class='ocrx_word' id='word_1_412' title='bbox 787 5180 1163 5243; x_wconf 86' lang='lat' dir='ltr'><strong>humiliubitur;</strong></span> <span class='ocrx_word' id='word_1_413' title='bbox 1188 5189 1232 5232; x_wconf 90' lang='lat' dir='ltr'><strong>et</strong></span> <span class='ocrx_word' id='word_1_414' title='bbox 1256 5179 1342 5249; x_wconf 87' lang='lat' dir='ltr'><strong>qui</strong></span> <span class='ocrx_word' id='word_1_415' title='bbox 1368 5195 1420 5233; x_wconf 90' lang='lat' dir='ltr'><strong>se</strong></span> <span class='ocrx_word' id='word_1_416' title='bbox 1445 5178 1700 5246; x_wconf 87' lang='lat' dir='ltr'><strong>humiliat,</strong></span> 
     </span>
    </p>
   </div>
   <div class='ocr_carea' id='block_1_53' title="bbox 132 5275 1705 5352">
    <p class='ocr_par' dir='ltr' id='par_1_53' title="bbox 132 5275 1705 5352">
     <span class='ocr_line' id='line_1_53' title="bbox 132 5275 1705 5352; baseline -0.003 -18"><span class='ocrx_word' id='word_1_417' title='bbox 132 5285 420 5339; x_wconf 61' lang='lat' dir='ltr'><strong>multabitur</strong></span> <span class='ocrx_word' id='word_1_418' title='bbox 450 5278 662 5352; x_wconf 76' lang='lat' dir='ltr'><strong>(Matth.</strong></span> <span class='ocrx_word' id='word_1_419' title='bbox 694 5293 819 5331; x_wconf 66' lang='grc' dir='ltr'>χχιιι</span> <span class='ocrx_word' id='word_1_420' title='bbox 847 5317 859 5339; x_wconf 91' lang='grc'>,</span> <span class='ocrx_word' id='word_1_421' title='bbox 894 5275 981 5346; x_wconf 69' lang='lat' dir='ltr'><strong>i2)</strong></span> <span class='ocrx_word' id='word_1_422' title='bbox 1020 5293 1031 5329; x_wconf 93' lang='lat'><strong>:</strong></span> <span class='ocrx_word' id='word_1_423' title='bbox 1061 5285 1115 5329; x_wconf 90' lang='lat' dir='ltr'><strong>et</strong></span> <span class='ocrx_word' id='word_1_424' title='bbox 1157 5275 1391 5345; x_wconf 86' lang='lat' dir='ltr'><strong>trepidus</strong></span> <span class='ocrx_word' id='word_1_425' title='bbox 1415 5288 1483 5329; x_wconf 89' lang='lat' dir='ltr'><strong>ne</strong></span> <span class='ocrx_word' id='word_1_426' title='bbox 1512 5275 1705 5330; x_wconf 86' lang='lat' dir='ltr'><strong>trausi-</strong></span> 
     </span>
    </p>
   </div>
   <div class='ocr_carea' id='block_1_54' title="bbox 134 5365 1701 5443">
    <p class='ocr_par' dir='ltr' id='par_1_54' title="bbox 134 5365 1701 5443">
     <span class='ocr_line' id='line_1_54' title="bbox 134 5365 1701 5443; baseline -0.003 -19"><span class='ocrx_word' id='word_1_427' title='bbox 134 5373 297 5431; x_wconf 83' lang='lat' dir='ltr'><strong>liendo</strong></span> <span class='ocrx_word' id='word_1_428' title='bbox 327 5371 646 5443; x_wconf 87' lang='lat' dir='ltr'><strong>superbiret,</strong></span> <span class='ocrx_word' id='word_1_429' title='bbox 676 5382 780 5422; x_wconf 86' lang='lat' dir='ltr'><strong>non</strong></span> <span class='ocrx_word' id='word_1_430' title='bbox 806 5367 975 5421; x_wconf 76' lang='lat' dir='ltr'><strong>elatus</strong></span> <span class='ocrx_word' id='word_1_431' title='bbox 998 5382 1063 5421; x_wconf 77' lang='lat' dir='ltr'><strong>ex</strong></span> <span class='ocrx_word' id='word_1_432' title='bbox 1089 5365 1172 5420; x_wconf 90' lang='lat' dir='ltr'><strong>his</strong></span> <span class='ocrx_word' id='word_1_433' title='bbox 1197 5382 1315 5436; x_wconf 68' lang='lat' dir='ltr'><strong>quce</strong></span> <span class='ocrx_word' id='word_1_434' title='bbox 1342 5365 1476 5419; x_wconf 80' lang='lat' dir='ltr'><strong>infra</strong></span> <span class='ocrx_word' id='word_1_435' title='bbox 1502 5377 1701 5431; x_wconf 87' lang='lat' dir='ltr'><strong>essent,</strong></span> 
     </span>
    </p>
   </div>
   <div class='ocr_carea' id='block_1_55' title="bbox 136 5460 1707 5533">
    <p class='ocr_par' dir='ltr' id='par_1_55' title="bbox 136 5460 1707 5533">
     <span class='ocr_line' id='line_1_55' title="bbox 136 5460 1707 5533; baseline -0.006 -9"><span class='ocrx_word' id='word_1_436' title='bbox 136 5469 215 5524; x_wconf 76' lang='lat' dir='ltr'><strong>sed</strong></span> <span class='ocrx_word' id='word_1_437' title='bbox 246 5468 459 5523; x_wconf 88' lang='lat' dir='ltr'><strong>humilis</strong></span> <span class='ocrx_word' id='word_1_438' title='bbox 487 5480 553 5520; x_wconf 81' lang='lat' dir='ltr'><strong>ex</strong></span> <span class='ocrx_word' id='word_1_439' title='bbox 579 5477 646 5519; x_wconf 92' lang='lat' dir='ltr'><strong>co</strong></span> <span class='ocrx_word' id='word_1_440' title='bbox 667 5465 756 5533; x_wconf 91' lang='lat' dir='ltr'><strong>qui</strong></span> <span class='ocrx_word' id='word_1_441' title='bbox 785 5462 806 5491; x_wconf 82' lang='lat'>&#39;</span> <span class='ocrx_word' id='word_1_442' title='bbox 830 5476 986 5530; x_wconf 87' lang='lat' dir='ltr'><strong>supra</strong></span> <span class='ocrx_word' id='word_1_443' title='bbox 1009 5468 1188 5524; x_wconf 88' lang='lat' dir='ltr'><strong>esset;</strong></span> <span class='ocrx_word' id='word_1_444' title='bbox 1229 5470 1477 5530; x_wconf 88' lang='lat' dir='ltr'><strong>tanquam</strong></span> <span class='ocrx_word' id='word_1_445' title='bbox 1499 5460 1707 5514; x_wconf 91' lang='lat' dir='ltr'><strong>minan-</strong></span> 
     </span>
    </p>
   </div>
   <div class='ocr_carea' id='block_1_56' title="bbox 137 5553 1705 5623">
    <p class='ocr_par' dir='ltr' id='par_1_56' title="bbox 137 5553 1705 5623">
     <span class='ocr_line' id='line_1_56' title="bbox 137 5553 1705 5623; baseline -0.003 -11"><span class='ocrx_word' id='word_1_446' title='bbox 137 5556 263 5617; x_wconf 84' lang='lat' dir='ltr'><strong>tibus</strong></span> <span class='ocrx_word' id='word_1_447' title='bbox 291 5560 339 5615; x_wconf 89' lang='lat' dir='ltr'><strong>ei</strong></span> <span class='ocrx_word' id='word_1_448' title='bbox 385 5559 594 5615; x_wconf 85' lang='lat' dir='ltr'><strong>ruinam</strong></span> <span class='ocrx_word' id='word_1_449' title='bbox 621 5553 814 5610; x_wconf 87' lang='lat' dir='ltr'><strong>invidis</strong></span> <span class='ocrx_word' id='word_1_450' title='bbox 840 5553 927 5623; x_wconf 92' lang='lat' dir='ltr'><strong>qui</strong></span> <span class='ocrx_word' id='word_1_451' title='bbox 963 5568 1083 5606; x_wconf 90' lang='lat' dir='ltr'><strong>eum</strong></span> <span class='ocrx_word' id='word_1_452' title='bbox 1128 5553 1475 5608; x_wconf 73' lang='lat' dir='ltr'><strong>trausiltvisse</strong></span> <span class='ocrx_word' id='word_1_453' title='bbox 1515 5553 1705 5608; x_wconf 86' lang='lat' dir='ltr'><strong>dolue-</strong></span> 
     </span>
    </p>
   </div>
   <div class='ocr_carea' id='block_1_57' title="bbox 136 5642 1708 5723">
    <p class='ocr_par' dir='ltr' id='par_1_57' title="bbox 136 5642 1708 5723">
     <span class='ocr_line' id='line_1_57' title="bbox 136 5642 1708 5723; baseline -0.004 -17"><span class='ocrx_word' id='word_1_454' title='bbox 136 5659 243 5710; x_wconf 76' lang='lat' dir='ltr'><strong>raut</strong></span> <span class='ocrx_word' id='word_1_455' title='bbox 265 5695 280 5721; x_wconf 89' lang='lat'><strong>,</strong></span> <span class='ocrx_word' id='word_1_456' title='bbox 311 5648 585 5723; x_wconf 88' lang='lat' dir='ltr'><strong>respondit</strong></span> <span class='ocrx_word' id='word_1_457' title='bbox 608 5691 624 5716; x_wconf 90' lang='lat'><strong>,</strong></span> <span class='ocrx_word' id='word_1_458' title='bbox 669 5645 855 5702; x_wconf 87' lang='lat' dir='ltr'><strong>Nonne</strong></span> <span class='ocrx_word' id='word_1_459' title='bbox 885 5642 992 5700; x_wconf 89' lang='lat' dir='ltr'><strong>Deo</strong></span> <span class='ocrx_word' id='word_1_460' title='bbox 1017 5645 1306 5717; x_wconf 77' lang='lat' dir='ltr'><strong>subjiciatur</strong></span> <span class='ocrx_word' id='word_1_461' title='bbox 1348 5646 1518 5700; x_wconf 85' lang='lat' dir='ltr'><strong>anima</strong></span> <span class='ocrx_word' id='word_1_462' title='bbox 1555 5646 1708 5700; x_wconf 79' lang='lat' dir='ltr'><strong>mea?</strong></span> 
     </span>
    </p>
   </div>
   <div class='ocr_carea' id='block_1_58' title="bbox 191 5810 779 5866">
    <p class='ocr_par' dir='ltr' id='par_1_58' title="bbox 191 5810 779 5866">
     <span class='ocr_line' id='line_1_58' title="bbox 191 5810 779 5866; baseline -0.026 -2"><span class='ocrx_word' id='word_1_463' title='bbox 191 5817 210 5850; x_wconf 82' lang='grc'>¹</span> <span class='ocrx_word' id='word_1_464' title='bbox 237 5811 404 5864; x_wconf 79' lang='lat' dir='ltr'><strong>Plures</strong></span> <span class='ocrx_word' id='word_1_465' title='bbox 424 5813 549 5866; x_wconf 40' lang='lat' dir='ltr'><strong>uss&quot;</strong></span> <span class='ocrx_word' id='word_1_466' title='bbox 574 5810 779 5857; x_wconf 80' lang='lat' dir='ltr'><strong>moneat.</strong></span> 
     </span>
    </p>
   </div>
   <div class='ocr_carea' id='block_1_59' title="bbox 194 5866 1577 5936">
    <p class='ocr_par' dir='ltr' id='par_1_59' title="bbox 194 5866 1577 5936">
     <span class='ocr_line' id='line_1_59' title="bbox 194 5866 1577 5936; baseline 0.007 -25"><span class='ocrx_word' id='word_1_467' title='bbox 194 5879 217 5911; x_wconf 70' lang='grc' dir='ltr'><strong><em>ς</em></strong></span> <span class='ocrx_word' id='word_1_468' title='bbox 237 5877 310 5925; x_wconf 70' lang='lat' dir='ltr'><strong>sic</strong></span> <span class='ocrx_word' id='word_1_469' title='bbox 330 5871 512 5936; x_wconf 74' lang='lat' dir='ltr'><strong>aliquot</strong></span> <span class='ocrx_word' id='word_1_470' title='bbox 535 5875 636 5917; x_wconf 78' lang='lat' dir='ltr'><strong>Mss.</strong></span> <span class='ocrx_word' id='word_1_471' title='bbox 664 5866 776 5917; x_wconf 68' lang='lat' dir='ltr'><strong>add.</strong></span> <span class='ocrx_word' id='word_1_472' title='bbox 797 5879 934 5936; x_wconf 74' lang='lat' dir='ltr'><strong>vero,</strong></span> <span class='ocrx_word' id='word_1_473' title='bbox 957 5879 1021 5919; x_wconf 70' lang='lat' dir='ltr'><strong>ex</strong></span> <span class='ocrx_word' id='word_1_474' title='bbox 1044 5880 1101 5918; x_wconf 77' lang='lat' dir='ltr'><strong>eo</strong></span> <span class='ocrx_word' id='word_1_475' title='bbox 1121 5867 1249 5936; x_wconf 82' lang='lat' dir='ltr'><strong>quod</strong></span> <span class='ocrx_word' id='word_1_476' title='bbox 1273 5881 1423 5934; x_wconf 84' lang='lat' dir='ltr'><strong>supra</strong></span> <span class='ocrx_word' id='word_1_477' title='bbox 1439 5876 1577 5922; x_wconf 80' lang='lat' dir='ltr'><strong>esset.</strong></span> 
     </span>
    </p>
   </div>
   <div class='ocr_carea' id='block_1_60' title="bbox 196 5929 860 5993">
    <p class='ocr_par' dir='ltr' id='par_1_60' title="bbox 196 5929 860 5993">
     <span class='ocr_line' id='line_1_60' title="bbox 196 5929 860 5993; baseline -0.024 0"><span class='ocrx_word' id='word_1_478' title='bbox 196 5938 270 5993; x_wconf 73' lang='lat' dir='ltr'><strong>la)</strong></span> <span class='ocrx_word' id='word_1_479' title='bbox 300 5942 349 5985; x_wconf 88' lang='lat' dir='ltr'><strong>tn</strong></span> <span class='ocrx_word' id='word_1_480' title='bbox 373 5929 490 5983; x_wconf 59' lang='lat' dir='ltr'><strong>Paed.</strong></span> <span class='ocrx_word' id='word_1_481' title='bbox 517 5943 714 5983; x_wconf 71' lang='lat' dir='ltr'><strong>xxxvut.</strong></span> <span class='ocrx_word' id='word_1_482' title='bbox 739 5942 788 5981; x_wconf 93' lang='lat' dir='ltr'><strong>n.</strong></span> <span class='ocrx_word' id='word_1_483' title='bbox 815 5929 860 5978; x_wconf 78' lang='grc'><strong>1.</strong></span> 
     </span>
    </p>
   </div>
   <div class='ocr_carea' id='block_1_61' title="bbox 1265 404 2306 470">
    <p class='ocr_par' dir='ltr' id='par_1_61' title="bbox 1265 404 2306 470">
     <span class='ocr_line' id='line_1_61' title="bbox 1265 404 2306 470; baseline 0.002 -2"><span class='ocrx_word' id='word_1_484' title='bbox 1265 406 1660 468; x_wconf 63' lang='lat' dir='ltr'><strong>ENARRATIO</strong></span> <span class='ocrx_word' id='word_1_485' title='bbox 1696 404 1763 461; x_wconf 83' lang='lat' dir='ltr'><strong>IN</strong></span> <span class='ocrx_word' id='word_1_486' title='bbox 1802 406 2132 468; x_wconf 75' lang='lat' dir='ltr'><strong>PSALMUM</strong></span> <span class='ocrx_word' id='word_1_487' title='bbox 2170 412 2306 470; x_wconf 80' lang='lat' dir='ltr'><strong>LXI.</strong></span> 
     </span>
    </p>
   </div>
   <div class='ocr_carea' id='block_1_62' title="bbox 3320 420 3426 477">
    <p class='ocr_par' dir='ltr' id='par_1_62' title="bbox 3320 420 3426 477">
     <span class='ocr_line' id='line_1_62' title="bbox 3320 420 3426 477; baseline 0 -1"><span class='ocrx_word' id='word_1_488' title='bbox 3320 420 3426 477; x_wconf 78' lang='lat'><strong>7&#39;50</strong></span> 
     </span>
    </p>
   </div>
   <div class='ocr_carea' id='block_1_63' title="bbox 1824 527 3420 612">
    <p class='ocr_par' dir='ltr' id='par_1_63' title="bbox 1824 527 3420 612">
     <span class='ocr_line' id='line_1_63' title="bbox 1824 527 3420 612; baseline 0.009 -31"><span class='ocrx_word' id='word_1_489' title='bbox 1824 527 1960 597; x_wconf 85' lang='lat' dir='ltr'><strong>Quid</strong></span> <span class='ocrx_word' id='word_1_490' title='bbox 1977 540 2061 588; x_wconf 90' lang='lat' dir='ltr'><strong>est</strong></span> <span class='ocrx_word' id='word_1_491' title='bbox 2079 531 2221 603; x_wconf 92' lang='lat' dir='ltr'><strong>quod</strong></span> <span class='ocrx_word' id='word_1_492' title='bbox 2244 532 2374 592; x_wconf 85' lang='lat' dir='ltr'><strong>mihi</strong></span> <span class='ocrx_word' id='word_1_493' title='bbox 2389 533 2549 591; x_wconf 88' lang='lat' dir='ltr'><strong>veluti</strong></span> <span class='ocrx_word' id='word_1_494' title='bbox 2571 535 2886 592; x_wconf 77' lang='lat' dir='ltr'><strong>transilienti</strong></span> <span class='ocrx_word' id='word_1_495' title='bbox 2903 538 3141 610; x_wconf 71' lang='lat' dir='ltr'><strong>qttmritis</strong></span> <span class='ocrx_word' id='word_1_496' title='bbox 3158 538 3376 612; x_wconf 77' lang='lat' dir='ltr'><strong>laqueos</strong></span> <span class='ocrx_word' id='word_1_497' title='bbox 3394 540 3420 595; x_wconf 86' lang='lat'><strong>?</strong></span> 
     </span>
    </p>
   </div>
   <div class='ocr_carea' id='block_1_64' title="bbox 1825 622 3417 697">
    <p class='ocr_par' dir='ltr' id='par_1_64' title="bbox 1825 622 3417 697">
     <span class='ocr_line' id='line_1_64' title="bbox 1825 622 3417 697; baseline 0.009 -21"><span class='ocrx_word' id='word_1_498' title='bbox 1825 622 2172 681; x_wconf 89' lang='lat' dir='ltr'><strong>lnsultatioue</strong></span> <span class='ocrx_word' id='word_1_499' title='bbox 2198 626 2433 697; x_wconf 86' lang='lat' dir='ltr'><strong>dejicere</strong></span> <span class='ocrx_word' id='word_1_500' title='bbox 2462 644 2547 685; x_wconf 90' lang='lat' dir='ltr'><strong>me</strong></span> <span class='ocrx_word' id='word_1_501' title='bbox 2574 630 2760 697; x_wconf 87' lang='lat' dir='ltr'><strong>vultis,</strong></span> <span class='ocrx_word' id='word_1_502' title='bbox 2805 641 2898 687; x_wconf 91' lang='lat' dir='ltr'><strong>aut</strong></span> <span class='ocrx_word' id='word_1_503' title='bbox 2938 633 3248 690; x_wconf 80' lang='lat' dir='ltr'><strong>seductione</strong></span> <span class='ocrx_word' id='word_1_504' title='bbox 3270 636 3417 692; x_wconf 78' lang='lat' dir='ltr'><strong>deei-</strong></span> 
     </span>
    </p>
   </div>
   <div class='ocr_carea' id='block_1_65' title="bbox 1826 717 3417 797">
    <p class='ocr_par' dir='ltr' id='par_1_65' title="bbox 1826 717 3417 797">
     <span class='ocr_line' id='line_1_65' title="bbox 1826 717 3417 797; baseline 0.009 -27"><span class='ocrx_word' id='word_1_505' title='bbox 1826 730 1974 787; x_wconf 90' lang='lat' dir='ltr'><strong>pere.</strong></span> <span class='ocrx_word' id='word_1_506' title='bbox 2002 717 2269 797; x_wconf 84' lang='lat' dir='ltr'><strong>Numquid</strong></span> <span class='ocrx_word' id='word_1_507' title='bbox 2297 722 2367 777; x_wconf 90' lang='lat' dir='ltr'><strong>ita</strong></span> <span class='ocrx_word' id='word_1_508' title='bbox 2394 722 2611 778; x_wconf 89' lang='lat' dir='ltr'><strong>memini</strong></span> <span class='ocrx_word' id='word_1_509' title='bbox 2638 740 2797 794; x_wconf 90' lang='lat' dir='ltr'><strong>supra</strong></span> <span class='ocrx_word' id='word_1_510' title='bbox 2829 727 2967 797; x_wconf 89' lang='lat' dir='ltr'><strong>quod</strong></span> <span class='ocrx_word' id='word_1_511' title='bbox 2992 742 3109 781; x_wconf 89' lang='lat' dir='ltr'><strong>sum</strong></span> <span class='ocrx_word' id='word_1_512' title='bbox 3134 770 3148 788; x_wconf 93' lang='lat'><strong>,</strong></span> <span class='ocrx_word' id='word_1_513' title='bbox 3188 739 3244 783; x_wconf 92' lang='lat' dir='ltr'><strong>ut</strong></span> <span class='ocrx_word' id='word_1_514' title='bbox 3281 729 3417 785; x_wconf 84' lang='lat' dir='ltr'><strong>obli-</strong></span> 
     </span>
    </p>
   </div>
   <div class='ocr_carea' id='block_1_66' title="bbox 1826 808 3414 889">
    <p class='ocr_par' dir='ltr' id='par_1_66' title="bbox 1826 808 3414 889">
     <span class='ocr_line' id='line_1_66' title="bbox 1826 808 3414 889; baseline 0.008 -26"><span class='ocrx_word' id='word_1_515' title='bbox 1826 817 1909 865; x_wconf 89' lang='lat' dir='ltr'><strong>tus</strong></span> <span class='ocrx_word' id='word_1_516' title='bbox 1934 812 2035 866; x_wconf 86' lang='lat' dir='ltr'><strong>sim</strong></span> <span class='ocrx_word' id='word_1_517' title='bbox 2072 808 2171 866; x_wconf 86' lang='lat' dir='ltr'><strong>sub</strong></span> <span class='ocrx_word' id='word_1_518' title='bbox 2196 829 2302 883; x_wconf 92' lang='lat' dir='ltr'><strong>qun</strong></span> <span class='ocrx_word' id='word_1_519' title='bbox 2326 815 2488 871; x_wconf 89' lang='lat' dir='ltr'><strong>sum?</strong></span> <span class='ocrx_word' id='word_1_520' title='bbox 2529 815 2717 872; x_wconf 84' lang='lat' dir='ltr'><strong>Nonne</strong></span> <span class='ocrx_word' id='word_1_521' title='bbox 2744 815 2848 873; x_wconf 81' lang='lat' dir='ltr'><strong>Deo</strong></span> <span class='ocrx_word' id='word_1_522' title='bbox 2877 818 3099 889; x_wconf 85' lang='lat' dir='ltr'><strong>subjecta</strong></span> <span class='ocrx_word' id='word_1_523' title='bbox 3126 820 3218 874; x_wconf 86' lang='lat' dir='ltr'><strong>erit</strong></span> <span class='ocrx_word' id='word_1_524' title='bbox 3242 822 3414 876; x_wconf 82' lang='lat' dir='ltr'><strong>animo</strong></span> 
     </span>
    </p>
   </div>
   <div class='ocr_carea' id='block_1_67' title="bbox 1822 903 3414 981">
    <p class='ocr_par' dir='ltr' id='par_1_67' title="bbox 1822 903 3414 981">
     <span class='ocr_line' id='line_1_67' title="bbox 1822 903 3414 981; baseline 0.009 -25"><span class='ocrx_word' id='word_1_525' title='bbox 1822 904 1981 958; x_wconf 78' lang='lat' dir='ltr'><strong>mea?</strong></span> <span class='ocrx_word' id='word_1_526' title='bbox 2029 903 2527 979; x_wconf 88' lang='lat' dir='ltr'><strong>Quantumcumque</strong></span> <span class='ocrx_word' id='word_1_527' title='bbox 2575 909 2866 977; x_wconf 86' lang='lat' dir='ltr'><strong>accedam,</strong></span> <span class='ocrx_word' id='word_1_528' title='bbox 2925 921 3414 981; x_wconf 70' lang='lat' dir='ltr'><strong>quantumcumque</strong></span> 
     </span>
    </p>
   </div>
   <div class='ocr_carea' id='block_1_68' title="bbox 1823 995 3406 1073">
    <p class='ocr_par' dir='ltr' id='par_1_68' title="bbox 1823 995 3406 1073">
     <span class='ocr_line' id='line_1_68' title="bbox 1823 995 3406 1073; baseline 0.011 -26"><span class='ocrx_word' id='word_1_529' title='bbox 1823 995 2134 1054; x_wconf 90' lang='lat' dir='ltr'><strong>ascendam.</strong></span> <span class='ocrx_word' id='word_1_530' title='bbox 2167 1010 2655 1072; x_wconf 86' lang='lat' dir='ltr'><strong>quantumcumque</strong></span> <span class='ocrx_word' id='word_1_531' title='bbox 2678 1003 2992 1069; x_wconf 89' lang='lat' dir='ltr'><strong>transiliam,</strong></span> <span class='ocrx_word' id='word_1_532' title='bbox 3025 1006 3125 1061; x_wconf 86' lang='lat' dir='ltr'><strong>sub</strong></span> <span class='ocrx_word' id='word_1_533' title='bbox 3157 1007 3263 1062; x_wconf 89' lang='lat' dir='ltr'><strong>Deo</strong></span> <span class='ocrx_word' id='word_1_534' title='bbox 3291 1023 3406 1073; x_wconf 83' lang='lat' dir='ltr'><strong>ero.</strong></span> 
     </span>
    </p>
   </div>
   <div class='ocr_carea' id='block_1_69' title="bbox 1822 1089 3410 1166">
    <p class='ocr_par' dir='ltr' id='par_1_69' title="bbox 1822 1089 3410 1166">
     <span class='ocr_line' id='line_1_69' title="bbox 1822 1089 3410 1166; baseline 0.006 -25"><span class='ocrx_word' id='word_1_535' title='bbox 1822 1101 1929 1142; x_wconf 90' lang='lat' dir='ltr'><strong>non</strong></span> <span class='ocrx_word' id='word_1_536' title='bbox 1973 1099 2158 1144; x_wconf 88' lang='lat' dir='ltr'><strong>contra</strong></span> <span class='ocrx_word' id='word_1_537' title='bbox 2206 1089 2391 1147; x_wconf 88' lang='lat' dir='ltr'><strong>Deum.</strong></span> <span class='ocrx_word' id='word_1_538' title='bbox 2439 1091 2670 1149; x_wconf 86' lang='lat' dir='ltr'><strong>Securus</strong></span> <span class='ocrx_word' id='word_1_539' title='bbox 2698 1109 2825 1166; x_wconf 81' lang='lat' dir='ltr'><strong>ergo</strong></span> <span class='ocrx_word' id='word_1_540' title='bbox 2854 1090 3168 1152; x_wconf 67' lang='lat' dir='ltr'><strong>transcendi)</strong></span> <span class='ocrx_word' id='word_1_541' title='bbox 3195 1108 3410 1166; x_wconf 86' lang='lat' dir='ltr'><strong>ca-tera,</strong></span> 
     </span>
    </p>
   </div>
   <div class='ocr_carea' id='block_1_70' title="bbox 1821 1183 3410 1261">
    <p class='ocr_par' dir='ltr' id='par_1_70' title="bbox 1821 1183 3410 1261">
     <span class='ocr_line' id='line_1_70' title="bbox 1821 1183 3410 1261; baseline 0.008 -25"><span class='ocrx_word' id='word_1_542' title='bbox 1821 1183 2035 1255; x_wconf 87' lang='lat' dir='ltr'><strong>quando</strong></span> <span class='ocrx_word' id='word_1_543' title='bbox 2059 1185 2147 1241; x_wconf 89' lang='lat' dir='ltr'><strong>ille</strong></span> <span class='ocrx_word' id='word_1_544' title='bbox 2177 1200 2263 1241; x_wconf 91' lang='lat' dir='ltr'><strong>me</strong></span> <span class='ocrx_word' id='word_1_545' title='bbox 2303 1187 2405 1241; x_wconf 90' lang='lat' dir='ltr'><strong>sub</strong></span> <span class='ocrx_word' id='word_1_546' title='bbox 2450 1202 2510 1243; x_wconf 90' lang='lat' dir='ltr'><strong>se</strong></span> <span class='ocrx_word' id='word_1_547' title='bbox 2554 1197 2735 1254; x_wconf 90' lang='lat' dir='ltr'><strong>tenet,</strong></span> <span class='ocrx_word' id='word_1_548' title='bbox 2785 1190 2986 1259; x_wconf 89' lang='lat' dir='ltr'><strong>quiest</strong></span> <span class='ocrx_word' id='word_1_549' title='bbox 3023 1205 3184 1261; x_wconf 87' lang='lat' dir='ltr'><strong>super</strong></span> <span class='ocrx_word' id='word_1_550' title='bbox 3209 1193 3410 1248; x_wconf 80' lang='lat' dir='ltr'><strong>ontnia.</strong></span> 
     </span>
    </p>
   </div>
   <div class='ocr_carea' id='block_1_71' title="bbox 1822 1274 3409 1354">
    <p class='ocr_par' dir='ltr' id='par_1_71' title="bbox 1822 1274 3409 1354">
     <span class='ocr_line' id='line_1_71' title="bbox 1822 1274 3409 1354; baseline 0.006 -25"><span class='ocrx_word' id='word_1_551' title='bbox 1822 1274 2012 1331; x_wconf 88' lang='lat' dir='ltr'><strong>Nonne</strong></span> <span class='ocrx_word' id='word_1_552' title='bbox 2048 1275 2158 1330; x_wconf 87' lang='lat' dir='ltr'><strong>Deo</strong></span> <span class='ocrx_word' id='word_1_553' title='bbox 2184 1276 2407 1347; x_wconf 81' lang='lat' dir='ltr'><strong>subjecta</strong></span> <span class='ocrx_word' id='word_1_554' title='bbox 2430 1279 2523 1332; x_wconf 86' lang='lat' dir='ltr'><strong>erit</strong></span> <span class='ocrx_word' id='word_1_555' title='bbox 2551 1280 2723 1333; x_wconf 87' lang='lat' dir='ltr'><strong>anima</strong></span> <span class='ocrx_word' id='word_1_556' title='bbox 2741 1281 2891 1335; x_wconf 81' lang='lat' dir='ltr'><strong>mea?</strong></span> <span class='ocrx_word' id='word_1_557' title='bbox 2918 1281 2993 1335; x_wconf 80' lang='lat' dir='ltr'><strong>Ab</strong></span> <span class='ocrx_word' id='word_1_558' title='bbox 3022 1283 3133 1354; x_wconf 90' lang='lat' dir='ltr'><strong>ipso</strong></span> <span class='ocrx_word' id='word_1_559' title='bbox 3159 1283 3291 1337; x_wconf 88' lang='lat' dir='ltr'><strong>enim</strong></span> <span class='ocrx_word' id='word_1_560' title='bbox 3321 1300 3409 1338; x_wconf 88' lang='lat' dir='ltr'><strong>sa-</strong></span> 
     </span>
    </p>
   </div>
   <div class='ocr_carea' id='block_1_72' title="bbox 1821 1364 3405 1440">
    <p class='ocr_par' dir='ltr' id='par_1_72' title="bbox 1821 1364 3405 1440">
     <span class='ocr_line' id='line_1_72' title="bbox 1821 1364 3405 1440; baseline 0.006 -20"><span class='ocrx_word' id='word_1_561' title='bbox 1821 1366 1988 1420; x_wconf 88' lang='lat' dir='ltr'><strong>lutare</strong></span> <span class='ocrx_word' id='word_1_562' title='bbox 2000 1383 2182 1420; x_wconf 82' lang='lat' dir='ltr'><strong>meum.</strong></span> <span class='ocrx_word' id='word_1_563' title='bbox 2206 1364 2404 1422; x_wconf 83' lang='lat' dir='ltr'><strong>Etenim</strong></span> <span class='ocrx_word' id='word_1_564' title='bbox 2423 1368 2531 1440; x_wconf 85' lang='lat' dir='ltr'><strong>ipse</strong></span> <span class='ocrx_word' id='word_1_565' title='bbox 2539 1378 2608 1423; x_wconf 87' lang='lat' dir='ltr'><strong>est</strong></span> <span class='ocrx_word' id='word_1_566' title='bbox 2634 1368 2769 1424; x_wconf 85' lang='lat' dir='ltr'><strong>Deus</strong></span> <span class='ocrx_word' id='word_1_567' title='bbox 2784 1387 2921 1425; x_wconf 87' lang='lat' dir='ltr'><strong>meus</strong></span> <span class='ocrx_word' id='word_1_568' title='bbox 2934 1380 2978 1425; x_wconf 89' lang='lat' dir='ltr'><strong>et</strong></span> <span class='ocrx_word' id='word_1_569' title='bbox 2989 1371 3225 1426; x_wconf 88' lang='lat' dir='ltr'><strong>salutaris</strong></span> <span class='ocrx_word' id='word_1_570' title='bbox 3246 1388 3405 1440; x_wconf 86' lang='lat' dir='ltr'><strong>meus,</strong></span> 
     </span>
    </p>
   </div>
   <div class='ocr_carea' id='block_1_73' title="bbox 1820 1460 3412 1536">
    <p class='ocr_par' dir='ltr' id='par_1_73' title="bbox 1820 1460 3412 1536">
     <span class='ocr_line' id='line_1_73' title="bbox 1820 1460 3412 1536; baseline 0.004 -23"><span class='ocrx_word' id='word_1_571' title='bbox 1820 1468 2082 1529; x_wconf 77' lang='lat' dir='ltr'><strong>susceptor</strong></span> <span class='ocrx_word' id='word_1_572' title='bbox 2108 1475 2250 1514; x_wconf 89' lang='lat' dir='ltr'><strong>meus</strong></span> <span class='ocrx_word' id='word_1_573' title='bbox 2265 1501 2282 1526; x_wconf 91' lang='lat'><strong>,</strong></span> <span class='ocrx_word' id='word_1_574' title='bbox 2311 1476 2411 1515; x_wconf 89' lang='lat' dir='ltr'><strong>non</strong></span> <span class='ocrx_word' id='word_1_575' title='bbox 2442 1460 2674 1516; x_wconf 82' lang='lat' dir='ltr'><strong>movebar</strong></span> <span class='ocrx_word' id='word_1_576' title='bbox 2699 1462 2937 1530; x_wconf 75' lang='lat' dir='ltr'><strong>amplius.</strong></span> <span class='ocrx_word' id='word_1_577' title='bbox 2961 1462 3085 1519; x_wconf 88' lang='lat' dir='ltr'><strong>Seio</strong></span> <span class='ocrx_word' id='word_1_578' title='bbox 3110 1465 3229 1534; x_wconf 88' lang='lat' dir='ltr'><strong>quis</strong></span> <span class='ocrx_word' id='word_1_579' title='bbox 3253 1480 3412 1536; x_wconf 88' lang='lat' dir='ltr'><strong>supra</strong></span> 
     </span>
    </p>
   </div>
   <div class='ocr_carea' id='block_1_74' title="bbox 1820 1552 3412 1624">
    <p class='ocr_par' dir='ltr' id='par_1_74' title="bbox 1820 1552 3412 1624">
     <span class='ocr_line' id='line_1_74' title="bbox 1820 1552 3412 1624; baseline 0.004 -18"><span class='ocrx_word' id='word_1_580' title='bbox 1820 1567 1909 1607; x_wconf 90' lang='lat' dir='ltr'><strong>me</strong></span> <span class='ocrx_word' id='word_1_581' title='bbox 1933 1553 2022 1620; x_wconf 85' lang='lat' dir='ltr'><strong>sit,</strong></span> <span class='ocrx_word' id='word_1_582' title='bbox 2040 1554 2153 1608; x_wconf 87' lang='lat' dir='ltr'><strong>scio</strong></span> <span class='ocrx_word' id='word_1_583' title='bbox 2178 1554 2297 1624; x_wconf 89' lang='lat' dir='ltr'><strong>quis</strong></span> <span class='ocrx_word' id='word_1_584' title='bbox 2315 1552 2609 1624; x_wconf 71' lang='lat' dir='ltr'><strong>prmtendat</strong></span> <span class='ocrx_word' id='word_1_585' title='bbox 2634 1555 3049 1612; x_wconf 88' lang='lat' dir='ltr'><strong>misericordiam</strong></span> <span class='ocrx_word' id='word_1_586' title='bbox 3066 1571 3216 1612; x_wconf 89' lang='lat' dir='ltr'><strong>suam</strong></span> <span class='ocrx_word' id='word_1_587' title='bbox 3236 1558 3412 1613; x_wconf 88' lang='lat' dir='ltr'><strong>scien-</strong></span> 
     </span>
    </p>
   </div>
   <div class='ocr_carea' id='block_1_75' title="bbox 1821 1642 3411 1719">
    <p class='ocr_par' dir='ltr' id='par_1_75' title="bbox 1821 1642 3411 1719">
     <span class='ocr_line' id='line_1_75' title="bbox 1821 1642 3411 1719; baseline 0.003 -20"><span class='ocrx_word' id='word_1_588' title='bbox 1821 1642 1964 1699; x_wconf 91' lang='lat' dir='ltr'><strong>tibus</strong></span> <span class='ocrx_word' id='word_1_589' title='bbox 1983 1657 2062 1710; x_wconf 89' lang='lat' dir='ltr'><strong>se,</strong></span> <span class='ocrx_word' id='word_1_590' title='bbox 2090 1645 2205 1701; x_wconf 91' lang='lat' dir='ltr'><strong>scio</strong></span> <span class='ocrx_word' id='word_1_591' title='bbox 2231 1645 2331 1701; x_wconf 89' lang='lat' dir='ltr'><strong>sub</strong></span> <span class='ocrx_word' id='word_1_592' title='bbox 2356 1645 2509 1716; x_wconf 87' lang='lat' dir='ltr'><strong>cujus</strong></span> <span class='ocrx_word' id='word_1_593' title='bbox 2527 1646 2731 1701; x_wconf 88' lang='lat' dir='ltr'><strong>alarum</strong></span> <span class='ocrx_word' id='word_1_594' title='bbox 2762 1647 2996 1718; x_wconf 78' lang='lat' dir='ltr'><strong>tegmine</strong></span> <span class='ocrx_word' id='word_1_595' title='bbox 3019 1663 3228 1719; x_wconf 81' lang='lat' dir='ltr'><strong>sperem</strong></span> <span class='ocrx_word' id='word_1_596' title='bbox 3261 1666 3278 1706; x_wconf 93' lang='lat'><strong>:</strong></span> <span class='ocrx_word' id='word_1_597' title='bbox 3310 1665 3411 1704; x_wconf 90' lang='lat' dir='ltr'><strong>non</strong></span> 
     </span>
    </p>
   </div>
   <div class='ocr_carea' id='block_1_76' title="bbox 1820 1738 3407 1811">
    <p class='ocr_par' dir='ltr' id='par_1_76' title="bbox 1820 1738 3407 1811">
     <span class='ocr_line' id='line_1_76' title="bbox 1820 1738 3407 1811; baseline 0.003 -19"><span class='ocrx_word' id='word_1_598' title='bbox 1820 1738 2052 1793; x_wconf 85' lang='lat' dir='ltr'><strong>movebar</strong></span> <span class='ocrx_word' id='word_1_599' title='bbox 2091 1738 2330 1811; x_wconf 83' lang='lat' dir='ltr'><strong>amplius.</strong></span> <span class='ocrx_word' id='word_1_600' title='bbox 2367 1739 2537 1810; x_wconf 78' lang='lat' dir='ltr'><strong>Agitis</strong></span> <span class='ocrx_word' id='word_1_601' title='bbox 2563 1739 2777 1811; x_wconf 89' lang='lat' dir='ltr'><strong>quidem</strong></span> <span class='ocrx_word' id='word_1_602' title='bbox 2809 1755 2903 1797; x_wconf 91' lang='lat' dir='ltr'><strong>vos</strong></span> <span class='ocrx_word' id='word_1_603' title='bbox 2924 1782 2941 1807; x_wconf 86' lang='lat'><strong>,</strong></span> <span class='ocrx_word' id='word_1_604' title='bbox 2971 1741 3045 1795; x_wconf 87' lang='lat' dir='ltr'><strong>ait</strong></span> <span class='ocrx_word' id='word_1_605' title='bbox 3068 1740 3407 1811; x_wconf 88' lang='lat' dir='ltr'><strong>quibusdam,</strong></span> 
     </span>
    </p>
   </div>
   <div class='ocr_carea' id='block_1_77' title="bbox 1820 1830 3403 1903">
    <p class='ocr_par' dir='ltr' id='par_1_77' title="bbox 1820 1830 3403 1903">
     <span class='ocr_line' id='line_1_77' title="bbox 1820 1830 3403 1903; baseline 0.003 -20"><span class='ocrx_word' id='word_1_606' title='bbox 1820 1830 2129 1885; x_wconf 90' lang='lat' dir='ltr'><strong>transiliens</strong></span> <span class='ocrx_word' id='word_1_607' title='bbox 2157 1845 2251 1886; x_wconf 90' lang='lat' dir='ltr'><strong>eos</strong></span> <span class='ocrx_word' id='word_1_608' title='bbox 2278 1831 2421 1901; x_wconf 89' lang='lat' dir='ltr'><strong>ipsos</strong></span> <span class='ocrx_word' id='word_1_609' title='bbox 2450 1831 2642 1902; x_wconf 90' lang='lat' dir='ltr'><strong>quibus</strong></span> <span class='ocrx_word' id='word_1_610' title='bbox 2667 1832 2796 1887; x_wconf 90' lang='lat' dir='ltr'><strong>dicit</strong></span> <span class='ocrx_word' id='word_1_611' title='bbox 2825 1849 2839 1888; x_wconf 90' lang='lat'><strong>:</strong></span> <span class='ocrx_word' id='word_1_612' title='bbox 2870 1833 3027 1902; x_wconf 80' lang='lat' dir='ltr'><strong>agitis</strong></span> <span class='ocrx_word' id='word_1_613' title='bbox 3060 1833 3278 1903; x_wconf 89' lang='lat' dir='ltr'><strong>quidem</strong></span> <span class='ocrx_word' id='word_1_614' title='bbox 3306 1848 3403 1888; x_wconf 91' lang='lat' dir='ltr'><strong>vos</strong></span> 
     </span>
    </p>
   </div>
   <div class='ocr_carea' id='block_1_78' title="bbox 1818 1923 3409 1995">
    <p class='ocr_par' dir='ltr' id='par_1_78' title="bbox 1818 1923 3409 1995">
     <span class='ocr_line' id='line_1_78' title="bbox 1818 1923 3409 1995; baseline 0.003 -18"><span class='ocrx_word' id='word_1_615' title='bbox 1818 1932 1876 1977; x_wconf 93' lang='lat' dir='ltr'><strong>ut</strong></span> <span class='ocrx_word' id='word_1_616' title='bbox 1906 1938 2154 1988; x_wconf 87' lang='lat' dir='ltr'><strong>movear,</strong></span> <span class='ocrx_word' id='word_1_617' title='bbox 2184 1923 2277 1978; x_wconf 92' lang='lat' dir='ltr'><strong>sed</strong></span> <span class='ocrx_word' id='word_1_618' title='bbox 2307 1939 2406 1978; x_wconf 89' lang='lat' dir='ltr'><strong>non</strong></span> <span class='ocrx_word' id='word_1_619' title='bbox 2430 1923 2593 1978; x_wconf 84' lang='lat' dir='ltr'><strong>veniat</strong></span> <span class='ocrx_word' id='word_1_620' title='bbox 2618 1924 2743 1977; x_wconf 84' lang='lat' dir='ltr'><strong>mihi</strong></span> <span class='ocrx_word' id='word_1_621' title='bbox 2766 1940 2854 1995; x_wconf 89' lang='lat' dir='ltr'><strong>pes</strong></span> <span class='ocrx_word' id='word_1_622' title='bbox 2881 1924 3150 1994; x_wconf 65' lang='lat' dir='ltr'><strong>superbire.</strong></span> <span class='ocrx_word' id='word_1_623' title='bbox 3198 1924 3279 1981; x_wconf 76' lang='lat' dir='ltr'><strong>Es</strong></span> <span class='ocrx_word' id='word_1_624' title='bbox 3306 1923 3409 1981; x_wconf 84' lang='lat' dir='ltr'><strong>hoc</strong></span> 
     </span>
    </p>
   </div>
   <div class='ocr_carea' id='block_1_79' title="bbox 1817 2016 3408 2088">
    <p class='ocr_par' dir='ltr' id='par_1_79' title="bbox 1817 2016 3408 2088">
     <span class='ocr_line' id='line_1_79' title="bbox 1817 2016 3408 2088; baseline 0.001 -17"><span class='ocrx_word' id='word_1_625' title='bbox 1817 2017 1960 2071; x_wconf 91' lang='lat' dir='ltr'><strong>enim</strong></span> <span class='ocrx_word' id='word_1_626' title='bbox 1990 2018 2049 2072; x_wconf 83' lang='lat' dir='ltr'><strong>lit</strong></span> <span class='ocrx_word' id='word_1_627' title='bbox 2076 2017 2216 2088; x_wconf 90' lang='lat' dir='ltr'><strong>quod</strong></span> <span class='ocrx_word' id='word_1_628' title='bbox 2240 2027 2293 2072; x_wconf 91' lang='lat' dir='ltr'><strong>et</strong></span> <span class='ocrx_word' id='word_1_629' title='bbox 2319 2018 2370 2072; x_wconf 92' lang='lat' dir='ltr'><strong>iu</strong></span> <span class='ocrx_word' id='word_1_630' title='bbox 2400 2017 2515 2087; x_wconf 85' lang='lat' dir='ltr'><strong>ipso</strong></span> <span class='ocrx_word' id='word_1_631' title='bbox 2541 2016 2747 2088; x_wconf 87' lang='lat' dir='ltr'><strong>psalmo</strong></span> <span class='ocrx_word' id='word_1_632' title='bbox 2778 2017 3017 2088; x_wconf 90' lang='lat' dir='ltr'><strong>sequitur</strong></span> <span class='ocrx_word' id='word_1_633' title='bbox 3039 2057 3054 2081; x_wconf 92' lang='lat'><strong>,</strong></span> <span class='ocrx_word' id='word_1_634' title='bbox 3089 2016 3200 2071; x_wconf 87' lang='lat' dir='ltr'><strong>Nec</strong></span> <span class='ocrx_word' id='word_1_635' title='bbox 3226 2034 3408 2073; x_wconf 85' lang='lat' dir='ltr'><strong>manus</strong></span> 
     </span>
    </p>
   </div>
   <div class='ocr_carea' id='block_1_80' title="bbox 1815 2107 3408 2182">
    <p class='ocr_par' dir='ltr' id='par_1_80' title="bbox 1815 2107 3408 2182">
     <span class='ocr_line' id='line_1_80' title="bbox 1815 2107 3408 2182; baseline 0.003 -21"><span class='ocrx_word' id='word_1_636' title='bbox 1815 2118 2134 2179; x_wconf 83' lang='lat' dir='ltr'><strong>peccatorum</strong></span> <span class='ocrx_word' id='word_1_637' title='bbox 2158 2109 2406 2164; x_wconf 85' lang='lat' dir='ltr'><strong>dimoveat</strong></span> <span class='ocrx_word' id='word_1_638' title='bbox 2426 2126 2507 2165; x_wconf 86' lang='lat' dir='ltr'><strong>me</strong></span> <span class='ocrx_word' id='word_1_639' title='bbox 2533 2107 2703 2182; x_wconf 84' lang='lat' dir='ltr'><strong>(Psal.</strong></span> <span class='ocrx_word' id='word_1_640' title='bbox 2728 2124 2867 2164; x_wconf 77' lang='lat' dir='ltr'><strong>xxxv</strong></span> <span class='ocrx_word' id='word_1_641' title='bbox 2887 2150 2903 2176; x_wconf 90' lang='lat'><strong>,</strong></span> <span class='ocrx_word' id='word_1_642' title='bbox 2931 2108 3024 2179; x_wconf 75' lang='grc'><strong>12)</strong></span> <span class='ocrx_word' id='word_1_643' title='bbox 3054 2126 3067 2163; x_wconf 87' lang='lat'><strong>:</strong></span> <span class='ocrx_word' id='word_1_644' title='bbox 3101 2109 3185 2163; x_wconf 90' lang='lat' dir='ltr'><strong>cui</strong></span> <span class='ocrx_word' id='word_1_645' title='bbox 3217 2124 3408 2166; x_wconf 87' lang='lat' dir='ltr'><strong>conso-</strong></span> 
     </span>
    </p>
   </div>
   <div class='ocr_carea' id='block_1_81' title="bbox 1815 2200 3404 2274">
    <p class='ocr_par' dir='ltr' id='par_1_81' title="bbox 1815 2200 3404 2274">
     <span class='ocr_line' id='line_1_81' title="bbox 1815 2200 3404 2274; baseline 0.002 -18"><span class='ocrx_word' id='word_1_646' title='bbox 1815 2211 1941 2270; x_wconf 85' lang='lat' dir='ltr'><strong>nat,</strong></span> <span class='ocrx_word' id='word_1_647' title='bbox 1990 2200 2111 2256; x_wconf 87' lang='lat' dir='ltr'><strong>Non</strong></span> <span class='ocrx_word' id='word_1_648' title='bbox 2145 2201 2378 2258; x_wconf 87' lang='lat' dir='ltr'><strong>movebar</strong></span> <span class='ocrx_word' id='word_1_649' title='bbox 2404 2202 2643 2274; x_wconf 86' lang='lat' dir='ltr'><strong>amplius.</strong></span> <span class='ocrx_word' id='word_1_650' title='bbox 2697 2201 2777 2257; x_wconf 87' lang='lat' dir='ltr'><strong>Ad</strong></span> <span class='ocrx_word' id='word_1_651' title='bbox 2823 2201 2948 2257; x_wconf 88' lang='lat' dir='ltr'><strong>illud</strong></span> <span class='ocrx_word' id='word_1_652' title='bbox 2988 2202 3131 2257; x_wconf 91' lang='lat' dir='ltr'><strong>enim</strong></span> <span class='ocrx_word' id='word_1_653' title='bbox 3163 2202 3306 2273; x_wconf 81' lang='lat' dir='ltr'><strong>quod</strong></span> <span class='ocrx_word' id='word_1_654' title='bbox 3334 2204 3404 2258; x_wconf 88' lang='lat' dir='ltr'><strong>ibi</strong></span> 
     </span>
    </p>
   </div>
   <div class='ocr_carea' id='block_1_82' title="bbox 1812 2297 3408 2368">
    <p class='ocr_par' dir='ltr' id='par_1_82' title="bbox 1812 2297 3408 2368">
     <span class='ocr_line' id='line_1_82' title="bbox 1812 2297 3408 2368; baseline 0.001 -16"><span class='ocrx_word' id='word_1_655' title='bbox 1812 2297 2012 2353; x_wconf 89' lang='lat' dir='ltr'><strong>dictum</strong></span> <span class='ocrx_word' id='word_1_656' title='bbox 2038 2309 2152 2365; x_wconf 88' lang='lat' dir='ltr'><strong>est,</strong></span> <span class='ocrx_word' id='word_1_657' title='bbox 2199 2297 2309 2352; x_wconf 85' lang='lat' dir='ltr'><strong>Nec</strong></span> <span class='ocrx_word' id='word_1_658' title='bbox 2336 2314 2518 2352; x_wconf 86' lang='lat' dir='ltr'><strong>manus</strong></span> <span class='ocrx_word' id='word_1_659' title='bbox 2561 2308 2880 2368; x_wconf 81' lang='lat' dir='ltr'><strong>peccatorum</strong></span> <span class='ocrx_word' id='word_1_660' title='bbox 2900 2297 3148 2351; x_wconf 86' lang='lat' dir='ltr'><strong>dimoveat</strong></span> <span class='ocrx_word' id='word_1_661' title='bbox 3174 2314 3276 2362; x_wconf 88' lang='lat' dir='ltr'><strong>me,</strong></span> <span class='ocrx_word' id='word_1_662' title='bbox 3320 2313 3408 2355; x_wconf 86' lang='lat' dir='ltr'><strong>re-</strong></span> 
     </span>
    </p>
   </div>
   <div class='ocr_carea' id='block_1_83' title="bbox 1810 2386 3404 2460">
    <p class='ocr_par' dir='ltr' id='par_1_83' title="bbox 1810 2386 3404 2460">
     <span class='ocr_line' id='line_1_83' title="bbox 1810 2386 3404 2460; baseline -0.001 -16"><span class='ocrx_word' id='word_1_663' title='bbox 1810 2388 2041 2460; x_wconf 84' lang='lat' dir='ltr'><strong>spondet</strong></span> <span class='ocrx_word' id='word_1_664' title='bbox 2086 2389 2206 2456; x_wconf 90' lang='lat' dir='ltr'><strong>hic,</strong></span> <span class='ocrx_word' id='word_1_665' title='bbox 2256 2387 2377 2443; x_wconf 89' lang='lat' dir='ltr'><strong>Non</strong></span> <span class='ocrx_word' id='word_1_666' title='bbox 2413 2387 2643 2442; x_wconf 87' lang='lat' dir='ltr'><strong>movebar</strong></span> <span class='ocrx_word' id='word_1_667' title='bbox 2665 2386 2886 2458; x_wconf 87' lang='lat' dir='ltr'><strong>amplius</strong></span> <span class='ocrx_word' id='word_1_668' title='bbox 2911 2403 2930 2444; x_wconf 89' lang='lat'><strong><em>:</em></strong></span> <span class='ocrx_word' id='word_1_669' title='bbox 2958 2386 3023 2440; x_wconf 90' lang='lat' dir='ltr'><strong>ad</strong></span> <span class='ocrx_word' id='word_1_670' title='bbox 3055 2387 3180 2441; x_wconf 91' lang='lat' dir='ltr'><strong>illud</strong></span> <span class='ocrx_word' id='word_1_671' title='bbox 3222 2396 3404 2444; x_wconf 86' lang='lat' dir='ltr'><strong>autem</strong></span> 
     </span>
    </p>
   </div>
   <div class='ocr_carea' id='block_1_84' title="bbox 1810 2479 3405 2553">
    <p class='ocr_par' dir='ltr' id='par_1_84' title="bbox 1810 2479 3405 2553">
     <span class='ocr_line' id='line_1_84' title="bbox 1810 2479 3405 2553; baseline 0 -18"><span class='ocrx_word' id='word_1_672' title='bbox 1810 2483 1952 2553; x_wconf 85' lang='lat' dir='ltr'><strong>quod</strong></span> <span class='ocrx_word' id='word_1_673' title='bbox 2013 2482 2082 2538; x_wconf 89' lang='lat' dir='ltr'><strong>ibi</strong></span> <span class='ocrx_word' id='word_1_674' title='bbox 2128 2482 2324 2537; x_wconf 88' lang='lat' dir='ltr'><strong>dictum</strong></span> <span class='ocrx_word' id='word_1_675' title='bbox 2366 2490 2483 2549; x_wconf 89' lang='lat' dir='ltr'><strong>est,</strong></span> <span class='ocrx_word' id='word_1_676' title='bbox 2544 2479 2664 2534; x_wconf 85' lang='lat' dir='ltr'><strong>Non</strong></span> <span class='ocrx_word' id='word_1_677' title='bbox 2713 2480 2877 2534; x_wconf 83' lang='lat' dir='ltr'><strong>veniat</strong></span> <span class='ocrx_word' id='word_1_678' title='bbox 2915 2480 3040 2534; x_wconf 87' lang='lat' dir='ltr'><strong>mihi</strong></span> <span class='ocrx_word' id='word_1_679' title='bbox 3084 2497 3172 2553; x_wconf 89' lang='lat' dir='ltr'><strong>pes</strong></span> <span class='ocrx_word' id='word_1_680' title='bbox 3223 2497 3405 2552; x_wconf 84' lang='lat' dir='ltr'><strong>super-</strong></span> 
     </span>
    </p>
   </div>
   <div class='ocr_carea' id='block_1_85' title="bbox 1809 2570 3405 2647">
    <p class='ocr_par' dir='ltr' id='par_1_85' title="bbox 1809 2570 3405 2647">
     <span class='ocr_line' id='line_1_85' title="bbox 1809 2570 3405 2647; baseline -0.001 -18"><span class='ocrx_word' id='word_1_681' title='bbox 1809 2575 1937 2638; x_wconf 63' lang='lat' dir='ltr'><strong>bire,</strong></span> <span class='ocrx_word' id='word_1_682' title='bbox 1980 2573 2270 2647; x_wconf 80' lang='lat' dir='ltr'><strong>reSpondet</strong></span> <span class='ocrx_word' id='word_1_683' title='bbox 2310 2573 2432 2642; x_wconf 88' lang='lat' dir='ltr'><strong>hic,</strong></span> <span class='ocrx_word' id='word_1_684' title='bbox 2480 2571 2668 2629; x_wconf 86' lang='lat' dir='ltr'><strong>Nonne</strong></span> <span class='ocrx_word' id='word_1_685' title='bbox 2700 2570 2811 2629; x_wconf 85' lang='lat' dir='ltr'><strong>Deo</strong></span> <span class='ocrx_word' id='word_1_686' title='bbox 2846 2572 3073 2645; x_wconf 86' lang='lat' dir='ltr'><strong>subjecta</strong></span> <span class='ocrx_word' id='word_1_687' title='bbox 3101 2573 3195 2627; x_wconf 90' lang='lat' dir='ltr'><strong>erit</strong></span> <span class='ocrx_word' id='word_1_688' title='bbox 3230 2573 3405 2628; x_wconf 87' lang='lat' dir='ltr'><strong>anima</strong></span> 
     </span>
    </p>
   </div>
   <div class='ocr_carea' id='block_1_86' title="bbox 1807 2668 1967 2724">
    <p class='ocr_par' dir='ltr' id='par_1_86' title="bbox 1807 2668 1967 2724">
     <span class='ocr_line' id='line_1_86' title="bbox 1807 2668 1967 2724; baseline 0 -1"><span class='ocrx_word' id='word_1_689' title='bbox 1807 2668 1967 2724; x_wconf 77' lang='lat' dir='ltr'><strong>mea?</strong></span> 
     </span>
    </p>
   </div>
   <div class='ocr_carea' id='block_1_87' title="bbox 1885 2758 3404 2830">
    <p class='ocr_par' dir='ltr' id='par_1_87' title="bbox 1885 2758 3404 2830">
     <span class='ocr_line' id='line_1_87' title="bbox 1885 2758 3404 2830; baseline 0.001 -15"><span class='ocrx_word' id='word_1_690' title='bbox 1885 2761 1937 2815; x_wconf 80' lang='grc'><strong>5.</strong></span> <span class='ocrx_word' id='word_1_691' title='bbox 1969 2758 2111 2829; x_wconf 75' lang='lat' dir='ltr'><strong>Ergo</strong></span> <span class='ocrx_word' id='word_1_692' title='bbox 2140 2758 2208 2813; x_wconf 89' lang='lat' dir='ltr'><strong>de</strong></span> <span class='ocrx_word' id='word_1_693' title='bbox 2232 2759 2510 2830; x_wconf 88' lang='lat' dir='ltr'><strong>superiore</strong></span> <span class='ocrx_word' id='word_1_694' title='bbox 2556 2759 2675 2815; x_wconf 90' lang='lat' dir='ltr'><strong>loco</strong></span> <span class='ocrx_word' id='word_1_695' title='bbox 2711 2758 2949 2814; x_wconf 90' lang='lat' dir='ltr'><strong>munitus</strong></span> <span class='ocrx_word' id='word_1_696' title='bbox 2990 2766 3045 2814; x_wconf 90' lang='lat' dir='ltr'><strong>et</strong></span> <span class='ocrx_word' id='word_1_697' title='bbox 3091 2765 3269 2819; x_wconf 88' lang='lat' dir='ltr'><strong>tutus.</strong></span> <span class='ocrx_word' id='word_1_698' title='bbox 3318 2760 3404 2816; x_wconf 90' lang='lat' dir='ltr'><strong>cui</strong></span> 
     </span>
    </p>
   </div>
   <div class='ocr_carea' id='block_1_88' title="bbox 1808 2852 3403 2925">
    <p class='ocr_par' dir='ltr' id='par_1_88' title="bbox 1808 2852 3403 2925">
     <span class='ocr_line' id='line_1_88' title="bbox 1808 2852 3403 2925; baseline -0.001 -16"><span class='ocrx_word' id='word_1_699' title='bbox 1808 2852 1985 2910; x_wconf 76' lang='lat' dir='ltr'><strong>factus</strong></span> <span class='ocrx_word' id='word_1_700' title='bbox 2007 2862 2089 2910; x_wconf 89' lang='lat' dir='ltr'><strong>est</strong></span> <span class='ocrx_word' id='word_1_701' title='bbox 2118 2854 2372 2910; x_wconf 89' lang='lat' dir='ltr'><strong>Dominus</strong></span> <span class='ocrx_word' id='word_1_702' title='bbox 2401 2854 2686 2925; x_wconf 81' lang='lat' dir='ltr'><strong>refugium,</strong></span> <span class='ocrx_word' id='word_1_703' title='bbox 2719 2855 2803 2909; x_wconf 93' lang='lat' dir='ltr'><strong>cui</strong></span> <span class='ocrx_word' id='word_1_704' title='bbox 2831 2864 2913 2910; x_wconf 89' lang='lat' dir='ltr'><strong>est</strong></span> <span class='ocrx_word' id='word_1_705' title='bbox 2938 2852 3050 2923; x_wconf 89' lang='lat' dir='ltr'><strong>ipse</strong></span> <span class='ocrx_word' id='word_1_706' title='bbox 3070 2855 3211 2910; x_wconf 86' lang='lat' dir='ltr'><strong>Deus</strong></span> <span class='ocrx_word' id='word_1_707' title='bbox 3240 2855 3291 2910; x_wconf 92' lang='lat' dir='ltr'><strong>in</strong></span> <span class='ocrx_word' id='word_1_708' title='bbox 3323 2853 3403 2909; x_wconf 85' lang='lat' dir='ltr'><strong>lo-</strong></span> 
     </span>
    </p>
   </div>
   <div class='ocr_carea' id='block_1_89' title="bbox 1808 2932 3402 3019">
    <p class='ocr_par' dir='ltr' id='par_1_89' title="bbox 1808 2932 3402 3019">
     <span class='ocr_line' id='line_1_89' title="bbox 1808 2932 3402 3019; baseline -0.001 -15"><span class='ocrx_word' id='word_1_709' title='bbox 1808 2962 1930 3004; x_wconf 90' lang='lat' dir='ltr'><strong>cum</strong></span> <span class='ocrx_word' id='word_1_710' title='bbox 1962 2932 2245 3013; x_wconf 77' lang='lat' dir='ltr'><strong>munitum,</strong></span> <span class='ocrx_word' id='word_1_711' title='bbox 2279 2947 2498 3019; x_wconf 73' lang='lat' dir='ltr'><strong>respicit</strong></span> <span class='ocrx_word' id='word_1_712' title='bbox 2523 2947 2588 3002; x_wconf 86' lang='lat' dir='ltr'><strong>ad</strong></span> <span class='ocrx_word' id='word_1_713' title='bbox 2619 2961 2713 3001; x_wconf 87' lang='lat' dir='ltr'><strong>eos</strong></span> <span class='ocrx_word' id='word_1_714' title='bbox 2733 2962 2869 3018; x_wconf 87' lang='lat' dir='ltr'><strong>quos</strong></span> <span class='ocrx_word' id='word_1_715' title='bbox 2891 2946 3194 3014; x_wconf 89' lang='lat' dir='ltr'><strong>transilivit,</strong></span> <span class='ocrx_word' id='word_1_716' title='bbox 3224 2957 3274 3003; x_wconf 91' lang='lat' dir='ltr'><strong>et</strong></span> <span class='ocrx_word' id='word_1_717' title='bbox 3304 2948 3402 3003; x_wconf 76' lang='lat' dir='ltr'><strong>de-</strong></span> 
     </span>
    </p>
   </div>
   <div class='ocr_carea' id='block_1_90' title="bbox 1808 3040 3437 3127">
    <p class='ocr_par' dir='ltr' id='par_1_90' title="bbox 1808 3040 3437 3127">
     <span class='ocr_line' id='line_1_90' title="bbox 1808 3040 3437 3127; baseline -0.001 -30"><span class='ocrx_word' id='word_1_718' title='bbox 1808 3042 2042 3115; x_wconf 86' lang='lat' dir='ltr'><strong>spiciens</strong></span> <span class='ocrx_word' id='word_1_719' title='bbox 2071 3041 2444 3127; x_wconf 48' lang='lat' dir='ltr'><strong>eos.loquitur,</strong></span> <span class='ocrx_word' id='word_1_720' title='bbox 2471 3050 2718 3112; x_wconf 89' lang='lat' dir='ltr'><strong>tanquam</strong></span> <span class='ocrx_word' id='word_1_721' title='bbox 2742 3041 2809 3095; x_wconf 87' lang='lat' dir='ltr'><strong>de.</strong></span> <span class='ocrx_word' id='word_1_722' title='bbox 2832 3041 2960 3095; x_wconf 91' lang='lat' dir='ltr'><strong>turri</strong></span> <span class='ocrx_word' id='word_1_723' title='bbox 2991 3040 3201 3096; x_wconf 80' lang='lat' dir='ltr'><strong>excelsa</strong></span> <span class='ocrx_word' id='word_1_724' title='bbox 3228 3057 3243 3105; x_wconf 85' lang='lat'><strong>;</strong></span> <span class='ocrx_word' id='word_1_725' title='bbox 3278 3057 3400 3096; x_wconf 89' lang='lat' dir='ltr'><strong>nam</strong></span> <span class='ocrx_word' id='word_1_726' title='bbox 3434 3054 3437 3055; x_wconf 71' lang='lat'><strong><em>&#39;</em></strong></span> 
     </span>
    </p>
   </div>
   <div class='ocr_carea' id='block_1_91' title="bbox 1808 3131 3402 3213">
    <p class='ocr_par' dir='ltr' id='par_1_91' title="bbox 1808 3131 3402 3213">
     <span class='ocr_line' id='line_1_91' title="bbox 1808 3131 3402 3213; baseline 0 -24"><span class='ocrx_word' id='word_1_727' title='bbox 1808 3144 1865 3191; x_wconf 88' lang='lat' dir='ltr'><strong>et</strong></span> <span class='ocrx_word' id='word_1_728' title='bbox 1893 3134 1993 3190; x_wconf 89' lang='lat' dir='ltr'><strong>hoc</strong></span> <span class='ocrx_word' id='word_1_729' title='bbox 2035 3134 2243 3190; x_wconf 84' lang='lat' dir='ltr'><strong>dictum.</strong></span> <span class='ocrx_word' id='word_1_730' title='bbox 2259 3142 2349 3213; x_wconf 66' lang='lat' dir='ltr'><strong>est</strong></span> <span class='ocrx_word' id='word_1_731' title='bbox 2384 3133 2453 3191; x_wconf 90' lang='lat' dir='ltr'><strong>de</strong></span> <span class='ocrx_word' id='word_1_732' title='bbox 2495 3149 2562 3189; x_wconf 91' lang='lat' dir='ltr'><strong>eo</strong></span> <span class='ocrx_word' id='word_1_733' title='bbox 2582 3176 2597 3201; x_wconf 94' lang='lat'><strong>,</strong></span> <span class='ocrx_word' id='word_1_734' title='bbox 2644 3131 2827 3187; x_wconf 87' lang='lat' dir='ltr'><strong>Turris</strong></span> <span class='ocrx_word' id='word_1_735' title='bbox 2865 3134 3180 3205; x_wconf 79' lang='lat' dir='ltr'><strong>fortitudinis</strong></span> <span class='ocrx_word' id='word_1_736' title='bbox 3211 3151 3241 3186; x_wconf 92' lang='lat' dir='ltr'><strong>a</strong></span> <span class='ocrx_word' id='word_1_737' title='bbox 3272 3134 3402 3206; x_wconf 81' lang='lat' dir='ltr'><strong>facie</strong></span> 
     </span>
    </p>
   </div>
   <div class='ocr_carea' id='block_1_92' title="bbox 1805 3214 3397 3301">
    <p class='ocr_par' dir='ltr' id='par_1_92' title="bbox 1805 3214 3397 3301">
     <span class='ocr_line' id='line_1_92' title="bbox 1805 3214 3397 3301; baseline 0 -18"><span class='ocrx_word' id='word_1_738' title='bbox 1805 3228 1997 3283; x_wconf 89' lang='lat' dir='ltr'><strong>inimici</strong></span> <span class='ocrx_word' id='word_1_739' title='bbox 2008 3214 2296 3301; x_wconf 61' lang='lat' dir='ltr'><strong>&#39;(Psal.&#39;Li</strong></span> <span class='ocrx_word' id='word_1_740' title='bbox 2315 3269 2331 3291; x_wconf 91' lang='lat'><strong>,</strong></span> <span class='ocrx_word' id='word_1_741' title='bbox 2360 3226 2416 3300; x_wconf 76' lang='grc'><strong>4)</strong></span> <span class='ocrx_word' id='word_1_742' title='bbox 2450 3243 2463 3281; x_wconf 90' lang='lat'><strong>:</strong></span> <span class='ocrx_word' id='word_1_743' title='bbox 2497 3226 2723 3285; x_wconf 89' lang='lat' dir='ltr'><strong>attendit</strong></span> <span class='ocrx_word' id='word_1_744' title='bbox 2760 3241 2888 3298; x_wconf 81' lang='lat' dir='ltr'><strong>ergo</strong></span> <span class='ocrx_word' id='word_1_745' title='bbox 2915 3226 2982 3282; x_wconf 87' lang='lat' dir='ltr'><strong>ad</strong></span> <span class='ocrx_word' id='word_1_746' title='bbox 3008 3242 3100 3282; x_wconf 86' lang='lat' dir='ltr'><strong>eos</strong></span> <span class='ocrx_word' id='word_1_747' title='bbox 3124 3269 3140 3294; x_wconf 91' lang='lat'><strong>,</strong></span> <span class='ocrx_word' id='word_1_748' title='bbox 3167 3237 3221 3284; x_wconf 91' lang='lat' dir='ltr'><strong>et</strong></span> <span class='ocrx_word' id='word_1_749' title='bbox 3246 3226 3397 3293; x_wconf 90' lang='lat' dir='ltr'><strong>dicit,</strong></span> 
     </span>
    </p>
   </div>
   <div class='ocr_carea' id='block_1_93' title="bbox 1811 3318 3401 3393">
    <p class='ocr_par' dir='ltr' id='par_1_93' title="bbox 1811 3318 3401 3393">
     <span class='ocr_line' id='line_1_93' title="bbox 1811 3318 3401 3393; baseline 0 -19"><span class='ocrx_word' id='word_1_750' title='bbox 1811 3321 2083 3393; x_wconf 80' lang='lat' dir='ltr'><strong>Quousque</strong></span> <span class='ocrx_word' id='word_1_751' title='bbox 2108 3322 2366 3393; x_wconf 87' lang='lat' dir='ltr'><strong>apponitis</strong></span> <span class='ocrx_word' id='word_1_752' title='bbox 2397 3337 2551 3392; x_wconf 87' lang='lat' dir='ltr'><strong>super</strong></span> <span class='ocrx_word' id='word_1_753' title='bbox 2594 3321 2888 3375; x_wconf 79' lang='lat' dir='ltr'><strong>hominem?</strong></span> <span class='ocrx_word' id='word_1_754' title='bbox 2930 3318 3239 3376; x_wconf 83' lang='lat' dir='ltr'><strong>insultando</strong></span> <span class='ocrx_word' id='word_1_755' title='bbox 3259 3362 3273 3386; x_wconf 94' lang='lat'><strong>,</strong></span> <span class='ocrx_word' id='word_1_756' title='bbox 3307 3334 3401 3391; x_wconf 90' lang='lat' dir='ltr'><strong>op—</strong></span> 
     </span>
    </p>
   </div>
   <div class='ocr_carea' id='block_1_94' title="bbox 1807 3409 3399 3484">
    <p class='ocr_par' dir='ltr' id='par_1_94' title="bbox 1807 3409 3399 3484">
     <span class='ocr_line' id='line_1_94' title="bbox 1807 3409 3399 3484; baseline -0.002 -15"><span class='ocrx_word' id='word_1_757' title='bbox 1807 3414 2021 3484; x_wconf 89' lang='lat' dir='ltr'><strong>probria</strong></span> <span class='ocrx_word' id='word_1_758' title='bbox 2047 3414 2294 3484; x_wconf 86' lang='lat' dir='ltr'><strong>jaeiendo</strong></span> <span class='ocrx_word' id='word_1_759' title='bbox 2314 3455 2330 3481; x_wconf 92' lang='lat'><strong>,</strong></span> <span class='ocrx_word' id='word_1_760' title='bbox 2361 3412 2661 3469; x_wconf 87' lang='lat' dir='ltr'><strong>insidiando</strong></span> <span class='ocrx_word' id='word_1_761' title='bbox 2683 3453 2699 3479; x_wconf 93' lang='lat'><strong>,</strong></span> <span class='ocrx_word' id='word_1_762' title='bbox 2731 3409 3109 3483; x_wconf 86' lang='lat' dir='ltr'><strong>persequendo</strong></span> <span class='ocrx_word' id='word_1_763' title='bbox 3129 3452 3144 3477; x_wconf 91' lang='lat'><strong>,</strong></span> <span class='ocrx_word' id='word_1_764' title='bbox 3179 3411 3399 3483; x_wconf 84' lang='lat' dir='ltr'><strong>apponi-</strong></span> 
     </span>
    </p>
   </div>
   <div class='ocr_carea' id='block_1_95' title="bbox 1806 3503 3395 3579">
    <p class='ocr_par' dir='ltr' id='par_1_95' title="bbox 1806 3503 3395 3579">
     <span class='ocr_line' id='line_1_95' title="bbox 1806 3503 3395 3579; baseline -0.003 -17"><span class='ocrx_word' id='word_1_765' title='bbox 1806 3507 1875 3562; x_wconf 87' lang='lat' dir='ltr'><strong>tis</strong></span> <span class='ocrx_word' id='word_1_766' title='bbox 1902 3522 2064 3579; x_wconf 88' lang='lat' dir='ltr'><strong>super</strong></span> <span class='ocrx_word' id='word_1_767' title='bbox 2091 3507 2363 3563; x_wconf 90' lang='lat' dir='ltr'><strong>hominem</strong></span> <span class='ocrx_word' id='word_1_768' title='bbox 2391 3521 2551 3563; x_wconf 88' lang='lat' dir='ltr'><strong>onera</strong></span> <span class='ocrx_word' id='word_1_769' title='bbox 2575 3523 2590 3571; x_wconf 88' lang='lat'><strong>;</strong></span> <span class='ocrx_word' id='word_1_770' title='bbox 2635 3506 2903 3578; x_wconf 86' lang='lat' dir='ltr'><strong>apponitis</strong></span> <span class='ocrx_word' id='word_1_771' title='bbox 2931 3520 3092 3575; x_wconf 90' lang='lat' dir='ltr'><strong>super</strong></span> <span class='ocrx_word' id='word_1_772' title='bbox 3123 3503 3395 3560; x_wconf 82' lang='lat' dir='ltr'><strong>hominem</strong></span> 
     </span>
    </p>
   </div>
   <div class='ocr_carea' id='block_1_96' title="bbox 1805 3594 3394 3670">
    <p class='ocr_par' dir='ltr' id='par_1_96' title="bbox 1805 3594 3394 3670">
     <span class='ocr_line' id='line_1_96' title="bbox 1805 3594 3394 3670; baseline -0.004 -16"><span class='ocrx_word' id='word_1_773' title='bbox 1805 3607 2062 3670; x_wconf 88' lang='lat' dir='ltr'><strong>quantum</strong></span> <span class='ocrx_word' id='word_1_774' title='bbox 2114 3605 2288 3668; x_wconf 87' lang='lat' dir='ltr'><strong>potest</strong></span> <span class='ocrx_word' id='word_1_775' title='bbox 2321 3598 2339 3630; x_wconf 81' lang='grc'>¹</span> <span class='ocrx_word' id='word_1_776' title='bbox 2377 3598 2515 3653; x_wconf 79' lang='lat' dir='ltr'><strong>ferre</strong></span> <span class='ocrx_word' id='word_1_777' title='bbox 2560 3597 2724 3652; x_wconf 87' lang='lat' dir='ltr'><strong>homo</strong></span> <span class='ocrx_word' id='word_1_778' title='bbox 2756 3614 2770 3650; x_wconf 89' lang='lat'><strong>:</strong></span> <span class='ocrx_word' id='word_1_779' title='bbox 2812 3596 2904 3651; x_wconf 80' lang='lat' dir='ltr'><strong>sed</strong></span> <span class='ocrx_word' id='word_1_780' title='bbox 2936 3606 2992 3650; x_wconf 92' lang='lat' dir='ltr'><strong>ut</strong></span> <span class='ocrx_word' id='word_1_781' title='bbox 3042 3598 3175 3650; x_wconf 86' lang='lat' dir='ltr'><strong>lerat</strong></span> <span class='ocrx_word' id='word_1_782' title='bbox 3212 3594 3394 3660; x_wconf 87' lang='lat' dir='ltr'><strong>homo,</strong></span> 
     </span>
    </p>
   </div>
   <div class='ocr_carea' id='block_1_97' title="bbox 1804 3688 3399 3763">
    <p class='ocr_par' dir='ltr' id='par_1_97' title="bbox 1804 3688 3399 3763">
     <span class='ocr_line' id='line_1_97' title="bbox 1804 3688 3399 3763; baseline -0.003 -14"><span class='ocrx_word' id='word_1_783' title='bbox 1804 3692 1905 3749; x_wconf 87' lang='lat' dir='ltr'><strong>sub</strong></span> <span class='ocrx_word' id='word_1_784' title='bbox 1941 3692 2033 3748; x_wconf 86' lang='lat' dir='ltr'><strong>illo</strong></span> <span class='ocrx_word' id='word_1_785' title='bbox 2069 3701 2151 3748; x_wconf 89' lang='lat' dir='ltr'><strong>est</strong></span> <span class='ocrx_word' id='word_1_786' title='bbox 2190 3693 2278 3763; x_wconf 89' lang='lat' dir='ltr'><strong>qui</strong></span> <span class='ocrx_word' id='word_1_787' title='bbox 2321 3692 2444 3748; x_wconf 84' lang='lat' dir='ltr'><strong>fecit</strong></span> <span class='ocrx_word' id='word_1_788' title='bbox 2486 3691 2777 3746; x_wconf 90' lang='lat' dir='ltr'><strong>hominem.</strong></span> <span class='ocrx_word' id='word_1_789' title='bbox 2832 3688 3103 3757; x_wconf 84' lang='lat' dir='ltr'><strong>Quousque</strong></span> <span class='ocrx_word' id='word_1_790' title='bbox 3143 3690 3399 3759; x_wconf 84' lang='lat' dir='ltr'><strong>appouiu&#39;s</strong></span> 
     </span>
    </p>
   </div>
   <div class='ocr_carea' id='block_1_98' title="bbox 1804 3779 3397 3858">
    <p class='ocr_par' dir='ltr' id='par_1_98' title="bbox 1804 3779 3397 3858">
     <span class='ocr_line' id='line_1_98' title="bbox 1804 3779 3397 3858; baseline -0.004 -18"><span class='ocrx_word' id='word_1_791' title='bbox 1804 3802 1959 3858; x_wconf 85' lang='lat' dir='ltr'><strong>super</strong></span> <span class='ocrx_word' id='word_1_792' title='bbox 1988 3785 2243 3839; x_wconf 54' lang='lat' dir='ltr'><strong>hominem</strong></span> <span class='ocrx_word' id='word_1_793' title='bbox 2264 3785 2289 3838; x_wconf 85' lang='lat'><strong>?</strong></span> <span class='ocrx_word' id='word_1_794' title='bbox 2313 3783 2369 3839; x_wconf 81' lang='lat' dir='ltr'><strong>Si</strong></span> <span class='ocrx_word' id='word_1_795' title='bbox 2397 3783 2463 3839; x_wconf 89' lang='lat' dir='ltr'><strong>ad</strong></span> <span class='ocrx_word' id='word_1_796' title='bbox 2494 3783 2763 3837; x_wconf 87' lang='lat' dir='ltr'><strong>hominem</strong></span> <span class='ocrx_word' id='word_1_797' title='bbox 2791 3780 3085 3845; x_wconf 78' lang='lat' dir='ltr'><strong>attenditis,</strong></span> <span class='ocrx_word' id='word_1_798' title='bbox 3118 3779 3397 3846; x_wconf 79' lang='lat' dir='ltr'><strong>lntcrﬁcite</strong></span> 
     </span>
    </p>
   </div>
   <div class='ocr_carea' id='block_1_99' title="bbox 1806 3871 3394 3945">
    <p class='ocr_par' dir='ltr' id='par_1_99' title="bbox 1806 3871 3394 3945">
     <span class='ocr_line' id='line_1_99' title="bbox 1806 3871 3394 3945; baseline -0.005 -11"><span class='ocrx_word' id='word_1_799' title='bbox 1806 3895 1997 3934; x_wconf 88' lang='lat' dir='ltr'><strong>onmcs.</strong></span> <span class='ocrx_word' id='word_1_800' title='bbox 2031 3877 2166 3932; x_wconf 81' lang='lat' dir='ltr'><strong>Ecce</strong></span> <span class='ocrx_word' id='word_1_801' title='bbox 2194 3875 2467 3945; x_wconf 84' lang='lat' dir='ltr'><strong>apponite,</strong></span> <span class='ocrx_word' id='word_1_802' title='bbox 2497 3875 2679 3930; x_wconf 71' lang='lat' dir='ltr'><strong>smvite</strong></span> <span class='ocrx_word' id='word_1_803' title='bbox 2700 3917 2712 3936; x_wconf 93' lang='lat'><strong>,</strong></span> <span class='ocrx_word' id='word_1_804' title='bbox 2739 3873 3008 3943; x_wconf 80' lang='lat' dir='ltr'><strong>interﬁcite</strong></span> <span class='ocrx_word' id='word_1_805' title='bbox 3035 3888 3231 3930; x_wconf 86' lang='lat' dir='ltr'><strong>omnes.</strong></span> <span class='ocrx_word' id='word_1_806' title='bbox 3253 3871 3394 3926; x_wconf 83' lang='lat' dir='ltr'><strong>Tan-</strong></span> 
     </span>
    </p>
   </div>
   <div class='ocr_carea' id='block_1_100' title="bbox 1804 3964 3384 4041">
    <p class='ocr_par' dir='ltr' id='par_1_100' title="bbox 1804 3964 3384 4041">
     <span class='ocr_line' id='line_1_100' title="bbox 1804 3964 3384 4041; baseline -0.003 -18"><span class='ocrx_word' id='word_1_807' title='bbox 1804 3986 1956 4041; x_wconf 87' lang='lat' dir='ltr'><strong>quam</strong></span> <span class='ocrx_word' id='word_1_808' title='bbox 2003 3969 2185 4040; x_wconf 84' lang='lat' dir='ltr'><strong>parieti</strong></span> <span class='ocrx_word' id='word_1_809' title='bbox 2223 3968 2466 4023; x_wconf 85' lang='lat' dir='ltr'><strong>inclinato</strong></span> <span class='ocrx_word' id='word_1_810' title='bbox 2505 3976 2550 4021; x_wconf 88' lang='lat' dir='ltr'><strong>et</strong></span> <span class='ocrx_word' id='word_1_811' title='bbox 2588 3965 2822 4020; x_wconf 77' lang='lat' dir='ltr'><strong>maceria:</strong></span> <span class='ocrx_word' id='word_1_812' title='bbox 2859 3964 3133 4035; x_wconf 70' lang='lat' dir='ltr'><strong>impulsae:</strong></span> <span class='ocrx_word' id='word_1_813' title='bbox 3168 3964 3384 4031; x_wconf 88' lang='lat' dir='ltr'><strong>instate,</strong></span> 
     </span>
    </p>
   </div>
   <div class='ocr_carea' id='block_1_101' title="bbox 1806 4054 3394 4130">
    <p class='ocr_par' dir='ltr' id='par_1_101' title="bbox 1806 4054 3394 4130">
     <span class='ocr_line' id='line_1_101' title="bbox 1806 4054 3394 4130; baseline -0.006 -15"><span class='ocrx_word' id='word_1_814' title='bbox 1806 4060 2094 4130; x_wconf 88' lang='lat' dir='ltr'><strong>impellite,</strong></span> <span class='ocrx_word' id='word_1_815' title='bbox 2141 4059 2289 4125; x_wconf 87' lang='lat' dir='ltr'><strong>quasi</strong></span> <span class='ocrx_word' id='word_1_816' title='bbox 2335 4056 2618 4125; x_wconf 83' lang='lat' dir='ltr'><strong>dejeeturi.</strong></span> <span class='ocrx_word' id='word_1_817' title='bbox 2660 4056 2728 4111; x_wconf 86' lang='lat' dir='ltr'><strong>Et</strong></span> <span class='ocrx_word' id='word_1_818' title='bbox 2754 4056 2841 4110; x_wconf 87' lang='lat' dir='ltr'><strong>ubi</strong></span> <span class='ocrx_word' id='word_1_819' title='bbox 2870 4063 2974 4121; x_wconf 90' lang='lat' dir='ltr'><strong>est,</strong></span> <span class='ocrx_word' id='word_1_820' title='bbox 3012 4054 3128 4108; x_wconf 85' lang='lat' dir='ltr'><strong>Non</strong></span> <span class='ocrx_word' id='word_1_821' title='bbox 3162 4054 3394 4107; x_wconf 71' lang='lat' dir='ltr'><strong>movebar</strong></span> 
     </span>
    </p>
   </div>
   <div class='ocr_carea' id='block_1_102' title="bbox 1803 4145 3394 4222">
    <p class='ocr_par' dir='ltr' id='par_1_102' title="bbox 1803 4145 3394 4222">
     <span class='ocr_line' id='line_1_102' title="bbox 1803 4145 3394 4222; baseline -0.005 -16"><span class='ocrx_word' id='word_1_822' title='bbox 1803 4150 2023 4222; x_wconf 84' lang='lat' dir='ltr'><strong>amplius</strong></span> <span class='ocrx_word' id='word_1_823' title='bbox 2043 4151 2069 4204; x_wconf 82' lang='lat'><strong>?</strong></span> <span class='ocrx_word' id='word_1_824' title='bbox 2093 4148 2197 4206; x_wconf 87' lang='lat' dir='ltr'><strong>Sed</strong></span> <span class='ocrx_word' id='word_1_825' title='bbox 2223 4162 2411 4220; x_wconf 86' lang='lat' dir='ltr'><strong>quare,</strong></span> <span class='ocrx_word' id='word_1_826' title='bbox 2444 4145 2563 4202; x_wconf 88' lang='lat' dir='ltr'><strong>Non</strong></span> <span class='ocrx_word' id='word_1_827' title='bbox 2594 4146 2826 4202; x_wconf 86' lang='lat' dir='ltr'><strong>movebor</strong></span> <span class='ocrx_word' id='word_1_828' title='bbox 2842 4146 3064 4217; x_wconf 85' lang='lat' dir='ltr'><strong>amplius</strong></span> <span class='ocrx_word' id='word_1_829' title='bbox 3080 4146 3106 4200; x_wconf 86' lang='lat'><strong>?</strong></span> <span class='ocrx_word' id='word_1_830' title='bbox 3129 4145 3259 4211; x_wconf 85' lang='lat' dir='ltr'><strong>Quia</strong></span> <span class='ocrx_word' id='word_1_831' title='bbox 3287 4146 3394 4215; x_wconf 88' lang='lat' dir='ltr'><strong>ipse</strong></span> 
     </span>
    </p>
   </div>
   <div class='ocr_carea' id='block_1_103' title="bbox 1804 4234 3391 4309">
    <p class='ocr_par' dir='ltr' id='par_1_103' title="bbox 1804 4234 3391 4309">
     <span class='ocr_line' id='line_1_103' title="bbox 1804 4234 3391 4309; baseline -0.006 -10"><span class='ocrx_word' id='word_1_832' title='bbox 1804 4254 1876 4299; x_wconf 87' lang='lat' dir='ltr'><strong>est</strong></span> <span class='ocrx_word' id='word_1_833' title='bbox 1897 4241 2035 4297; x_wconf 82' lang='lat' dir='ltr'><strong>Deus</strong></span> <span class='ocrx_word' id='word_1_834' title='bbox 2053 4241 2291 4297; x_wconf 84' lang='lat' dir='ltr'><strong>salutaris</strong></span> <span class='ocrx_word' id='word_1_835' title='bbox 2313 4256 2471 4307; x_wconf 88' lang='lat' dir='ltr'><strong>meus,</strong></span> <span class='ocrx_word' id='word_1_836' title='bbox 2500 4250 2756 4309; x_wconf 83' lang='lat' dir='ltr'><strong>susceptor</strong></span> <span class='ocrx_word' id='word_1_837' title='bbox 2784 4254 2939 4291; x_wconf 81' lang='lat' dir='ltr'><strong>meus.</strong></span> <span class='ocrx_word' id='word_1_838' title='bbox 2975 4234 3117 4307; x_wconf 82' lang='lat' dir='ltr'><strong>Ergo</strong></span> <span class='ocrx_word' id='word_1_839' title='bbox 3147 4234 3391 4290; x_wconf 82' lang='lat' dir='ltr'><strong>homines</strong></span> 
     </span>
    </p>
   </div>
   <div class='ocr_carea' id='block_1_104' title="bbox 1804 4325 3392 4405">
    <p class='ocr_par' dir='ltr' id='par_1_104' title="bbox 1804 4325 3392 4405">
     <span class='ocr_line' id='line_1_104' title="bbox 1804 4325 3392 4405; baseline -0.004 -17"><span class='ocrx_word' id='word_1_840' title='bbox 1804 4334 2028 4405; x_wconf 90' lang='lat' dir='ltr'><strong>potestis</strong></span> <span class='ocrx_word' id='word_1_841' title='bbox 2055 4346 2326 4403; x_wconf 84' lang='lat' dir='ltr'><strong>apponere</strong></span> <span class='ocrx_word' id='word_1_842' title='bbox 2347 4345 2508 4385; x_wconf 90' lang='lat' dir='ltr'><strong>onera</strong></span> <span class='ocrx_word' id='word_1_843' title='bbox 2540 4331 2560 4361; x_wconf 81' lang='grc'>³</span> <span class='ocrx_word' id='word_1_844' title='bbox 2590 4343 2755 4398; x_wconf 88' lang='lat' dir='ltr'><strong>super</strong></span> <span class='ocrx_word' id='word_1_845' title='bbox 2780 4327 3050 4384; x_wconf 88' lang='lat' dir='ltr'><strong>hominem</strong></span> <span class='ocrx_word' id='word_1_846' title='bbox 3082 4344 3095 4379; x_wconf 91' lang='lat'><strong>:</strong></span> <span class='ocrx_word' id='word_1_847' title='bbox 3138 4325 3392 4396; x_wconf 90' lang='lat' dir='ltr'><strong>numquid</strong></span> 
     </span>
    </p>
   </div>
   <div class='ocr_carea' id='block_1_105' title="bbox 1804 4421 2819 4499">
    <p class='ocr_par' dir='ltr' id='par_1_105' title="bbox 1804 4421 2819 4499">
     <span class='ocr_line' id='line_1_105' title="bbox 1804 4421 2819 4499; baseline -0.01 -15"><span class='ocrx_word' id='word_1_848' title='bbox 1804 4444 1966 4499; x_wconf 85' lang='lat' dir='ltr'><strong>super</strong></span> <span class='ocrx_word' id='word_1_849' title='bbox 1987 4428 2149 4482; x_wconf 87' lang='lat' dir='ltr'><strong>Deum</strong></span> <span class='ocrx_word' id='word_1_850' title='bbox 2183 4426 2272 4496; x_wconf 90' lang='lat' dir='ltr'><strong>qui</strong></span> <span class='ocrx_word' id='word_1_851' title='bbox 2302 4433 2478 4478; x_wconf 88' lang='lat' dir='ltr'><strong>tuetur</strong></span> <span class='ocrx_word' id='word_1_852' title='bbox 2505 4421 2819 4476; x_wconf 88' lang='lat' dir='ltr'><strong>hominem?</strong></span> 
     </span>
    </p>
   </div>
   <div class='ocr_carea' id='block_1_106' title="bbox 1874 4511 3395 4589">
    <p class='ocr_par' dir='ltr' id='par_1_106' title="bbox 1874 4511 3395 4589">
     <span class='ocr_line' id='line_1_106' title="bbox 1874 4511 3395 4589; baseline -0.007 -14"><span class='ocrx_word' id='word_1_853' title='bbox 1874 4521 1930 4576; x_wconf 74' lang='grc'><strong>4.</strong></span> <span class='ocrx_word' id='word_1_854' title='bbox 1965 4518 2243 4589; x_wconf 81' lang='lat' dir='ltr'><strong>Inter/irite</strong></span> <span class='ocrx_word' id='word_1_855' title='bbox 2267 4533 2455 4572; x_wconf 88' lang='lat' dir='ltr'><strong>omnes.</strong></span> <span class='ocrx_word' id='word_1_856' title='bbox 2496 4514 2648 4582; x_wconf 87' lang='lat' dir='ltr'><strong>Quod</strong></span> <span class='ocrx_word' id='word_1_857' title='bbox 2676 4523 2876 4568; x_wconf 86' lang='lat' dir='ltr'><strong>tantum</strong></span> <span class='ocrx_word' id='word_1_858' title='bbox 2899 4511 3125 4582; x_wconf 87' lang='lat' dir='ltr'><strong>spatium</strong></span> <span class='ocrx_word' id='word_1_859' title='bbox 3153 4512 3395 4579; x_wconf 88' lang='lat' dir='ltr'><strong>corporis</strong></span> 
     </span>
    </p>
   </div>
   <div class='ocr_carea' id='block_1_107' title="bbox 1804 4603 3394 4680">
    <p class='ocr_par' dir='ltr' id='par_1_107' title="bbox 1804 4603 3394 4680">
     <span class='ocr_line' id='line_1_107' title="bbox 1804 4603 3394 4680; baseline -0.008 -11"><span class='ocrx_word' id='word_1_860' title='bbox 1804 4613 1857 4669; x_wconf 89' lang='lat' dir='ltr'><strong>in</strong></span> <span class='ocrx_word' id='word_1_861' title='bbox 1886 4628 1992 4667; x_wconf 89' lang='lat' dir='ltr'><strong>uno</strong></span> <span class='ocrx_word' id='word_1_862' title='bbox 2018 4612 2253 4675; x_wconf 88' lang='lat' dir='ltr'><strong>homine,</strong></span> <span class='ocrx_word' id='word_1_863' title='bbox 2282 4609 2370 4664; x_wconf 92' lang='lat' dir='ltr'><strong>ubi</strong></span> <span class='ocrx_word' id='word_1_864' title='bbox 2404 4608 2571 4680; x_wconf 82' lang='lat' dir='ltr'><strong>possit</strong></span> <span class='ocrx_word' id='word_1_865' title='bbox 2600 4604 2827 4662; x_wconf 80' lang='lat' dir='ltr'><strong>interﬁci</strong></span> <span class='ocrx_word' id='word_1_866' title='bbox 2862 4604 2930 4660; x_wconf 90' lang='lat' dir='ltr'><strong>ab</strong></span> <span class='ocrx_word' id='word_1_867' title='bbox 2955 4604 3248 4659; x_wconf 85' lang='lat' dir='ltr'><strong>omnibus?</strong></span> <span class='ocrx_word' id='word_1_868' title='bbox 3282 4603 3394 4659; x_wconf 89' lang='lat' dir='ltr'><strong>Sed</strong></span> 
     </span>
    </p>
   </div>
   <div class='ocr_carea' id='block_1_108' title="bbox 1803 4705 3394 4774">
    <p class='ocr_par' dir='ltr' id='par_1_108' title="bbox 1803 4705 3394 4774">
     <span class='ocr_line' id='line_1_108' title="bbox 1803 4705 3394 4774; baseline -0.006 -12"><span class='ocrx_word' id='word_1_869' title='bbox 1803 4706 2063 4762; x_wconf 91' lang='lat' dir='ltr'><strong>debemus</strong></span> <span class='ocrx_word' id='word_1_870' title='bbox 2102 4705 2396 4774; x_wconf 82' lang='lat' dir='ltr'><strong>intelligere</strong></span> <span class='ocrx_word' id='word_1_871' title='bbox 2448 4715 2728 4771; x_wconf 71' lang='lat' dir='ltr'><strong>personam</strong></span> <span class='ocrx_word' id='word_1_872' title='bbox 2780 4710 3059 4764; x_wconf 88' lang='lat' dir='ltr'><strong>nostram,</strong></span> <span class='ocrx_word' id='word_1_873' title='bbox 3110 4712 3394 4769; x_wconf 70' lang='lat' dir='ltr'><strong>persozuam</strong></span> 
     </span>
    </p>
   </div>
   <div class='ocr_carea' id='block_1_109' title="bbox 1803 4788 3396 4864">
    <p class='ocr_par' dir='ltr' id='par_1_109' title="bbox 1803 4788 3396 4864">
     <span class='ocr_line' id='line_1_109' title="bbox 1803 4788 3396 4864; baseline -0.005 -11"><span class='ocrx_word' id='word_1_874' title='bbox 1803 4798 2057 4853; x_wconf 71' lang='lat' dir='ltr'><strong>Ecclesiae</strong></span> <span class='ocrx_word' id='word_1_875' title='bbox 2104 4806 2332 4860; x_wconf 66' lang='lat' dir='ltr'><strong>noster,</strong></span> <span class='ocrx_word' id='word_1_876' title='bbox 2386 4808 2667 4864; x_wconf 88' lang='lat' dir='ltr'><strong>personam</strong></span> <span class='ocrx_word' id='word_1_877' title='bbox 2710 4796 2952 4862; x_wconf 80' lang='lat' dir='ltr'><strong>corporis</strong></span> <span class='ocrx_word' id='word_1_878' title='bbox 2974 4788 3193 4845; x_wconf 85' lang='lat' dir='ltr'><strong>Christi.</strong></span> <span class='ocrx_word' id='word_1_879' title='bbox 3244 4788 3396 4846; x_wconf 80' lang='lat' dir='ltr'><strong>Unus</strong></span> 
     </span>
    </p>
   </div>
   <div class='ocr_carea' id='block_1_110' title="bbox 1804 4882 3391 4956">
    <p class='ocr_par' dir='ltr' id='par_1_110' title="bbox 1804 4882 3391 4956">
     <span class='ocr_line' id='line_1_110' title="bbox 1804 4882 3391 4956; baseline -0.006 -11"><span class='ocrx_word' id='word_1_880' title='bbox 1804 4890 1948 4945; x_wconf 90' lang='lat' dir='ltr'><strong>enim</strong></span> <span class='ocrx_word' id='word_1_881' title='bbox 1970 4888 2132 4942; x_wconf 86' lang='lat' dir='ltr'><strong>homo</strong></span> <span class='ocrx_word' id='word_1_882' title='bbox 2160 4903 2279 4942; x_wconf 91' lang='lat' dir='ltr'><strong>cum</strong></span> <span class='ocrx_word' id='word_1_883' title='bbox 2308 4887 2482 4956; x_wconf 88' lang='lat' dir='ltr'><strong>capite</strong></span> <span class='ocrx_word' id='word_1_884' title='bbox 2511 4894 2564 4939; x_wconf 89' lang='lat' dir='ltr'><strong>et</strong></span> <span class='ocrx_word' id='word_1_885' title='bbox 2587 4899 2812 4955; x_wconf 89' lang='lat' dir='ltr'><strong>corpore</strong></span> <span class='ocrx_word' id='word_1_886' title='bbox 2829 4898 2925 4937; x_wconf 92' lang='lat' dir='ltr'><strong>suo</strong></span> <span class='ocrx_word' id='word_1_887' title='bbox 2950 4882 3108 4939; x_wconf 85' lang='lat' dir='ltr'><strong>Jesus</strong></span> <span class='ocrx_word' id='word_1_888' title='bbox 3125 4882 3391 4949; x_wconf 70' lang='lat' dir='ltr'><strong>Christus,</strong></span> 
     </span>
    </p>
   </div>
   <div class='ocr_carea' id='block_1_111' title="bbox 1805 4974 3395 5049">
    <p class='ocr_par' dir='ltr' id='par_1_111' title="bbox 1805 4974 3395 5049">
     <span class='ocr_line' id='line_1_111' title="bbox 1805 4974 3395 5049; baseline -0.005 -14"><span class='ocrx_word' id='word_1_889' title='bbox 1805 4982 2040 5035; x_wconf 86' lang='lat' dir='ltr'><strong>salvator</strong></span> <span class='ocrx_word' id='word_1_890' title='bbox 2068 4979 2308 5049; x_wconf 87' lang='lat' dir='ltr'><strong>corporis</strong></span> <span class='ocrx_word' id='word_1_891' title='bbox 2336 4987 2391 5032; x_wconf 90' lang='lat' dir='ltr'><strong>et</strong></span> <span class='ocrx_word' id='word_1_892' title='bbox 2434 4978 2674 5032; x_wconf 87' lang='lat' dir='ltr'><strong>membra</strong></span> <span class='ocrx_word' id='word_1_893' title='bbox 2702 4976 2944 5045; x_wconf 87' lang='lat' dir='ltr'><strong>corporis</strong></span> <span class='ocrx_word' id='word_1_894' title='bbox 2967 5017 2981 5041; x_wconf 92' lang='lat'><strong>,</strong></span> <span class='ocrx_word' id='word_1_895' title='bbox 3018 4974 3124 5030; x_wconf 84' lang='lat' dir='ltr'><strong>duo</strong></span> <span class='ocrx_word' id='word_1_896' title='bbox 3151 4976 3203 5030; x_wconf 91' lang='lat' dir='ltr'><strong>in</strong></span> <span class='ocrx_word' id='word_1_897' title='bbox 3234 4990 3395 5028; x_wconf 73' lang='lat' dir='ltr'><strong>cat-ue</strong></span> 
     </span>
    </p>
   </div>
   <div class='ocr_carea' id='block_1_112' title="bbox 1807 5068 3392 5143">
    <p class='ocr_par' dir='ltr' id='par_1_112' title="bbox 1807 5068 3392 5143">
     <span class='ocr_line' id='line_1_112' title="bbox 1807 5068 3392 5143; baseline -0.004 -16"><span class='ocrx_word' id='word_1_898' title='bbox 1807 5088 1910 5127; x_wconf 89' lang='lat' dir='ltr'><strong>una</strong></span> <span class='ocrx_word' id='word_1_899' title='bbox 1939 5070 2090 5143; x_wconf 82' lang='lat' dir='ltr'><strong>(Gen.</strong></span> <span class='ocrx_word' id='word_1_900' title='bbox 2124 5087 2195 5137; x_wconf 85' lang='grc' dir='ltr'>ιι,</span> <span class='ocrx_word' id='word_1_901' title='bbox 2221 5071 2316 5138; x_wconf 65' lang='grc'><strong>24,</strong></span> <span class='ocrx_word' id='word_1_902' title='bbox 2348 5078 2395 5123; x_wconf 90' lang='lat' dir='ltr'><strong>et</strong></span> <span class='ocrx_word' id='word_1_903' title='bbox 2425 5068 2616 5139; x_wconf 87' lang='lat' dir='ltr'><strong>Ephes.</strong></span> <span class='ocrx_word' id='word_1_904' title='bbox 2640 5083 2694 5135; x_wconf 88' lang='lat' dir='ltr'><strong>v,</strong></span> <span class='ocrx_word' id='word_1_905' title='bbox 2725 5069 2841 5139; x_wconf 76' lang='lat' dir='ltr'><strong>5i),</strong></span> <span class='ocrx_word' id='word_1_906' title='bbox 2872 5068 3001 5124; x_wconf 87' lang='lat' dir='ltr'><strong>etin</strong></span> <span class='ocrx_word' id='word_1_907' title='bbox 3028 5082 3160 5123; x_wconf 91' lang='lat' dir='ltr'><strong>voce</strong></span> <span class='ocrx_word' id='word_1_908' title='bbox 3188 5083 3310 5125; x_wconf 86' lang='lat' dir='ltr'><strong>uua.</strong></span> <span class='ocrx_word' id='word_1_909' title='bbox 3341 5077 3392 5120; x_wconf 84' lang='lat' dir='ltr'><strong>et</strong></span> 
     </span>
    </p>
   </div>
   <div class='ocr_carea' id='block_1_113' title="bbox 1810 5159 3387 5236">
    <p class='ocr_par' dir='ltr' id='par_1_113' title="bbox 1810 5159 3387 5236">
     <span class='ocr_line' id='line_1_113' title="bbox 1810 5159 3387 5236; baseline -0.006 -14"><span class='ocrx_word' id='word_1_910' title='bbox 1810 5167 1860 5222; x_wconf 92' lang='lat' dir='ltr'><strong>iu</strong></span> <span class='ocrx_word' id='word_1_911' title='bbox 1891 5166 2137 5236; x_wconf 87' lang='lat' dir='ltr'><strong>passione</strong></span> <span class='ocrx_word' id='word_1_912' title='bbox 2166 5178 2304 5228; x_wconf 88' lang='lat' dir='ltr'><strong>una;</strong></span> <span class='ocrx_word' id='word_1_913' title='bbox 2345 5174 2398 5218; x_wconf 91' lang='lat' dir='ltr'><strong>et</strong></span> <span class='ocrx_word' id='word_1_914' title='bbox 2427 5177 2549 5218; x_wconf 91' lang='lat' dir='ltr'><strong>cum</strong></span> <span class='ocrx_word' id='word_1_915' title='bbox 2594 5162 2866 5217; x_wconf 88' lang='lat' dir='ltr'><strong>transierit</strong></span> <span class='ocrx_word' id='word_1_916' title='bbox 2900 5161 3152 5232; x_wconf 89' lang='lat' dir='ltr'><strong>iniquitas</strong></span> <span class='ocrx_word' id='word_1_917' title='bbox 3174 5201 3189 5225; x_wconf 94' lang='lat'><strong>,</strong></span> <span class='ocrx_word' id='word_1_918' title='bbox 3223 5159 3271 5212; x_wconf 92' lang='lat' dir='ltr'><strong>in</strong></span> <span class='ocrx_word' id='word_1_919' title='bbox 3308 5176 3387 5212; x_wconf 85' lang='lat' dir='ltr'><strong>re-</strong></span> 
     </span>
    </p>
   </div>
   <div class='ocr_carea' id='block_1_114' title="bbox 1811 5249 3393 5330">
    <p class='ocr_par' dir='ltr' id='par_1_114' title="bbox 1811 5249 3393 5330">
     <span class='ocr_line' id='line_1_114' title="bbox 1811 5249 3393 5330; baseline -0.008 -17"><span class='ocrx_word' id='word_1_920' title='bbox 1811 5261 1932 5330; x_wconf 87' lang='lat' dir='ltr'><strong>quie</strong></span> <span class='ocrx_word' id='word_1_921' title='bbox 1956 5266 2081 5312; x_wconf 85' lang='lat' dir='ltr'><strong>nua.</strong></span> <span class='ocrx_word' id='word_1_922' title='bbox 2110 5255 2587 5325; x_wconf 85' lang='lat' dir='ltr'><strong>Passiouesitaqne</strong></span> <span class='ocrx_word' id='word_1_923' title='bbox 2601 5253 2796 5309; x_wconf 87' lang='lat' dir='ltr'><strong>Christi</strong></span> <span class='ocrx_word' id='word_1_924' title='bbox 2816 5268 2921 5307; x_wconf 90' lang='lat' dir='ltr'><strong>non</strong></span> <span class='ocrx_word' id='word_1_925' title='bbox 2943 5254 2994 5306; x_wconf 91' lang='lat' dir='ltr'><strong>in</strong></span> <span class='ocrx_word' id='word_1_926' title='bbox 3017 5249 3393 5317; x_wconf 76' lang='lat' dir='ltr'><strong>soloChristo;</strong></span> 
     </span>
    </p>
   </div>
   <div class='ocr_carea' id='block_1_115' title="bbox 1810 5342 3393 5419">
    <p class='ocr_par' dir='ltr' id='par_1_115' title="bbox 1810 5342 3393 5419">
     <span class='ocr_line' id='line_1_115' title="bbox 1810 5342 3393 5419; baseline -0.005 -13"><span class='ocrx_word' id='word_1_927' title='bbox 1810 5352 1919 5406; x_wconf 79' lang='lat' dir='ltr'><strong>inm</strong></span> <span class='ocrx_word' id='word_1_928' title='bbox 1960 5349 2233 5419; x_wconf 65' lang='lat' dir='ltr'><strong>passiones</strong></span> <span class='ocrx_word' id='word_1_929' title='bbox 2271 5347 2466 5402; x_wconf 82' lang='lat' dir='ltr'><strong>Citriin</strong></span> <span class='ocrx_word' id='word_1_930' title='bbox 2513 5346 2724 5402; x_wconf 83' lang='lat' dir='ltr'><strong>nonnisi</strong></span> <span class='ocrx_word' id='word_1_931' title='bbox 2774 5347 2826 5401; x_wconf 91' lang='lat' dir='ltr'><strong>in</strong></span> <span class='ocrx_word' id='word_1_932' title='bbox 2870 5345 3101 5400; x_wconf 87' lang='lat' dir='ltr'><strong>Christo.</strong></span> <span class='ocrx_word' id='word_1_933' title='bbox 3155 5342 3209 5398; x_wconf 92' lang='lat' dir='ltr'><strong>Si</strong></span> <span class='ocrx_word' id='word_1_934' title='bbox 3250 5345 3393 5399; x_wconf 90' lang='lat' dir='ltr'><strong>enim</strong></span> 
     </span>
    </p>
   </div>
   <div class='ocr_carea' id='block_1_116' title="bbox 1812 5435 3395 5511">
    <p class='ocr_par' dir='ltr' id='par_1_116' title="bbox 1812 5435 3395 5511">
     <span class='ocr_line' id='line_1_116' title="bbox 1812 5435 3395 5511; baseline -0.004 -14"><span class='ocrx_word' id='word_1_935' title='bbox 1812 5442 2083 5497; x_wconf 87' lang='lat' dir='ltr'><strong>Christum</strong></span> <span class='ocrx_word' id='word_1_936' title='bbox 2114 5440 2376 5511; x_wconf 77' lang='lat' dir='ltr'><strong>intelligas</strong></span> <span class='ocrx_word' id='word_1_937' title='bbox 2403 5448 2563 5510; x_wconf 86' lang='lat' dir='ltr'><strong>caput</strong></span> <span class='ocrx_word' id='word_1_938' title='bbox 2580 5449 2634 5494; x_wconf 89' lang='lat' dir='ltr'><strong>et</strong></span> <span class='ocrx_word' id='word_1_939' title='bbox 2655 5454 2867 5507; x_wconf 82' lang='lat' dir='ltr'><strong>corpus,</strong></span> <span class='ocrx_word' id='word_1_940' title='bbox 2904 5437 3179 5507; x_wconf 83' lang='lat' dir='ltr'><strong>passiones</strong></span> <span class='ocrx_word' id='word_1_941' title='bbox 3199 5435 3395 5491; x_wconf 84' lang='lat' dir='ltr'><strong>Christi</strong></span> 
     </span>
    </p>
   </div>
   <div class='ocr_carea' id='block_1_117' title="bbox 1814 5526 3395 5594">
    <p class='ocr_par' dir='ltr' id='par_1_117' title="bbox 1814 5526 3395 5594">
     <span class='ocr_line' id='line_1_117' title="bbox 1814 5526 3395 5594; baseline -0.007 -4"><span class='ocrx_word' id='word_1_942' title='bbox 1814 5534 2022 5590; x_wconf 83' lang='lat' dir='ltr'><strong>nonnisi</strong></span> <span class='ocrx_word' id='word_1_943' title='bbox 2072 5534 2121 5586; x_wconf 93' lang='lat' dir='ltr'><strong>iu</strong></span> <span class='ocrx_word' id='word_1_944' title='bbox 2167 5531 2378 5587; x_wconf 86' lang='lat' dir='ltr'><strong>Christo</strong></span> <span class='ocrx_word' id='word_1_945' title='bbox 2412 5548 2424 5584; x_wconf 94' lang='lat'><strong>:</strong></span> <span class='ocrx_word' id='word_1_946' title='bbox 2453 5532 2494 5584; x_wconf 91' lang='lat' dir='ltr'><strong>si</strong></span> <span class='ocrx_word' id='word_1_947' title='bbox 2521 5540 2699 5586; x_wconf 88' lang='lat' dir='ltr'><strong>autem</strong></span> <span class='ocrx_word' id='word_1_948' title='bbox 2726 5529 2993 5583; x_wconf 89' lang='lat' dir='ltr'><strong>Christum</strong></span> <span class='ocrx_word' id='word_1_949' title='bbox 3022 5526 3285 5594; x_wconf 69' lang='lat' dir='ltr'><strong>intelligas</strong></span> <span class='ocrx_word' id='word_1_950' title='bbox 3310 5541 3395 5580; x_wconf 89' lang='lat' dir='ltr'><strong>so-</strong></span> 
     </span>
    </p>
   </div>
   <div class='ocr_carea' id='block_1_118' title="bbox 1812 5616 3396 5698">
    <p class='ocr_par' dir='ltr' id='par_1_118' title="bbox 1812 5616 3396 5698">
     <span class='ocr_line' id='line_1_118' title="bbox 1812 5616 3396 5698; baseline -0.006 -15"><span class='ocrx_word' id='word_1_951' title='bbox 1812 5627 1919 5683; x_wconf 89' lang='lat' dir='ltr'><strong>lum</strong></span> <span class='ocrx_word' id='word_1_952' title='bbox 1947 5634 2103 5698; x_wconf 88' lang='lat' dir='ltr'><strong>caput</strong></span> <span class='ocrx_word' id='word_1_953' title='bbox 2123 5667 2139 5693; x_wconf 94' lang='lat'><strong>,</strong></span> <span class='ocrx_word' id='word_1_954' title='bbox 2169 5623 2445 5696; x_wconf 88' lang='lat' dir='ltr'><strong>passiones</strong></span> <span class='ocrx_word' id='word_1_955' title='bbox 2471 5622 2670 5678; x_wconf 90' lang='lat' dir='ltr'><strong>Christi</strong></span> <span class='ocrx_word' id='word_1_956' title='bbox 2704 5636 2808 5676; x_wconf 91' lang='lat' dir='ltr'><strong>non</strong></span> <span class='ocrx_word' id='word_1_957' title='bbox 2839 5619 2895 5675; x_wconf 89' lang='lat' dir='ltr'><strong>iu</strong></span> <span class='ocrx_word' id='word_1_958' title='bbox 2925 5618 3043 5676; x_wconf 86' lang='lat' dir='ltr'><strong>solo</strong></span> <span class='ocrx_word' id='word_1_959' title='bbox 3070 5617 3303 5673; x_wconf 87' lang='lat' dir='ltr'><strong>Christo.</strong></span> <span class='ocrx_word' id='word_1_960' title='bbox 3337 5616 3396 5673; x_wconf 88' lang='lat' dir='ltr'><strong>Si</strong></span> 
     </span>
    </p>
   </div>
   <div class='ocr_carea' id='block_1_119' title="bbox 1878 5798 2885 5865">
    <p class='ocr_par' dir='ltr' id='par_1_119' title="bbox 1878 5798 2885 5865">
     <span class='ocr_line' id='line_1_119' title="bbox 1878 5798 2885 5865; baseline -0.005 -12"><span class='ocrx_word' id='word_1_961' title='bbox 1878 5809 1894 5837; x_wconf 77' lang='grc' dir='ltr'><strong>ι</strong></span> <span class='ocrx_word' id='word_1_962' title='bbox 1920 5811 2040 5853; x_wconf 85' lang='lat' dir='ltr'><strong>Tres</strong></span> <span class='ocrx_word' id='word_1_963' title='bbox 2062 5810 2189 5862; x_wconf 77' lang='lat' dir='ltr'><strong>Mss.,</strong></span> <span class='ocrx_word' id='word_1_964' title='bbox 2214 5805 2442 5865; x_wconf 82' lang='lat' dir='ltr'><strong>quantum</strong></span> <span class='ocrx_word' id='word_1_965' title='bbox 2456 5812 2549 5850; x_wconf 87' lang='lat' dir='ltr'><strong>non</strong></span> <span class='ocrx_word' id='word_1_966' title='bbox 2567 5804 2714 5865; x_wconf 77' lang='lat' dir='ltr'><strong>potest</strong></span> <span class='ocrx_word' id='word_1_967' title='bbox 2735 5798 2885 5855; x_wconf 79' lang='lat' dir='ltr'><strong>ferre.</strong></span> 
     </span>
    </p>
   </div>
   <div class='ocr_carea' id='block_1_120' title="bbox 1878 5858 3395 5931">
    <p class='ocr_par' dir='ltr' id='par_1_120' title="bbox 1878 5858 3395 5931">
     <span class='ocr_line' id='line_1_120' title="bbox 1878 5858 3395 5931; baseline -0.001 -17"><span class='ocrx_word' id='word_1_968' title='bbox 1878 5871 1898 5899; x_wconf 67' lang='grc'>³</span> <span class='ocrx_word' id='word_1_969' title='bbox 1922 5868 1994 5931; x_wconf 56' lang='lat' dir='ltr'><strong>sic</strong></span> <span class='ocrx_word' id='word_1_970' title='bbox 2017 5866 2116 5915; x_wconf 87' lang='lat' dir='ltr'><strong>duo</strong></span> <span class='ocrx_word' id='word_1_971' title='bbox 2138 5858 2244 5915; x_wconf 69' lang='lat' dir='ltr'><strong>uss.</strong></span> <span class='ocrx_word' id='word_1_972' title='bbox 2286 5862 2370 5912; x_wconf 63' lang='lat' dir='ltr'><strong>alii</strong></span> <span class='ocrx_word' id='word_1_973' title='bbox 2393 5875 2502 5914; x_wconf 87' lang='lat' dir='ltr'><strong>cum</strong></span> <span class='ocrx_word' id='word_1_974' title='bbox 2543 5858 2676 5923; x_wconf 77' lang='lat' dir='ltr'><strong>t-idd.,</strong></span> <span class='ocrx_word' id='word_1_975' title='bbox 2700 5873 2941 5929; x_wconf 77' lang='lat' dir='ltr'><strong>apponere</strong></span> <span class='ocrx_word' id='word_1_976' title='bbox 2980 5858 3216 5913; x_wconf 79' lang='lat' dir='ltr'><strong>hominem</strong></span> <span class='ocrx_word' id='word_1_977' title='bbox 3246 5871 3395 5931; x_wconf 75' lang='lat' dir='ltr'><strong>super</strong></span> 
     </span>
    </p>
   </div>
   <div class='ocr_carea' id='block_1_121' title="bbox 1814 5927 2071 5985">
    <p class='ocr_par' dir='ltr' id='par_1_121' title="bbox 1814 5927 2071 5985">
     <span class='ocr_line' id='line_1_121' title="bbox 1814 5927 2071 5985; baseline -0.027 0"><span class='ocrx_word' id='word_1_978' title='bbox 1814 5927 2071 5985; x_wconf 78' lang='lat' dir='ltr'><strong>hominem.</strong></span> 
     </span>
    </p>
   </div>
  </div>
