3912 6450
592 368 689 427 751

591 482 735 538 enim
762 481 1037 557 passiones
1063 475 1268 537 Christi
1306 474 1360 531 in
1400 472 1516 535 solo
1539 472 1753 531 Christo
1772 513 1788 541 ,
1835 471 1946 529 imo
1974 472 2030 528 in
2056 472 2172 529 solo

593 575 801 646 capite;
848 572 989 629 unde
1030 567 1161 627 dicit
1199 565 1464 640 quoddam
1505 565 1803 627 membrum
1834 564 1951 638 ejus
1979 563 2177 622 Paulus

592 666 886 738 apostolus,
917 660 985 720 Ut
999 663 1264 735 suppleam
1284 677 1397 731 qua:
1416 660 1596 716 desunt
1624 677 1970 733 pressurarum
1989 658 2179 715 Christi

590 759 642 812 in
685 775 838 813 carne
861 773 974 813 mea
1024 755 1241 825 (Coloss.
1274 770 1329 822 ι,
1358 753 1497 825 24)?
1552 753 1609 809 Si
1652 769 1780 826 ergo
1822 753 1876 809 in
1920 752 2174 810 membris

590 849 787 907 Christi
816 867 874 908 es
895 892 909 916 ,
959 849 1281 923 quicumque
1309 847 1471 904 homo
1496 890 1511 916 ,
1560 848 1799 921 quisquis
1841 846 1957 904 haec
1993 847 2171 916 audis,

590 943 831 1014 quisquis
859 943 976 998 haec
1001 958 1143 998 nunc
1173 957 1277 997 non
1301 941 1453 996 audis
1481 940 1598 1013 (sed
1626 948 1803 995 tamen
1834 934 2007 1007 audis,
2039 939 2085 995 si
2118 940 2173 994 in

588 1037 846 1092 membris
873 1032 1077 1091 Christi
1100 1032 1217 1104 es);
1243 1031 1499 1107 quidquid
1526 1032 1725 1103 pateris
1752 1030 1819 1085 ab
1844 1031 1923 1087 eis
1947 1031 2039 1105 qui
2067 1046 2175 1087 non

586 1137 711 1183 sunt
732 1128 786 1182 in
815 1125 1076 1183 membris
1099 1124 1326 1191 Christi,
1375 1124 1561 1181 deerat
1598 1122 1931 1194 passionibus
1952 1119 2168 1178 Christi.

586 1218 713 1275 ideo
742 1216 993 1291 additur,
1028 1218 1153 1289 quia
1198 1216 1420 1283 deerat;
1471 1228 1780 1270 mensuram
1820 1214 2032 1288 imples,
2065 1229 2171 1271 non

585 1312 927 1385 superfundis
952 1331 965 1368 :
994 1320 1199 1368 tantum
1243 1309 1476 1383 pateris,
1522 1316 1774 1381 quantum
1816 1325 1881 1365 ex
1908 1309 2173 1380 passioni-

587 1403 685 1460 bus
717 1405 819 1460 tuis
841 1405 857 1436 ¹
886 1402 1222 1467 inferendum
1244 1412 1358 1459 erat
1384 1400 1647 1457 universa:
1687 1400 1919 1473 passioni
1950 1400 2169 1471 Christi,

588 1498 676 1570 qui
704 1514 892 1573 passus
921 1506 1005 1555 est
1032 1498 1088 1553 in
1113 1497 1287 1573 capite
1312 1505 1516 1565 nostro,
1544 1506 1598 1551 et
1620 1496 1818 1567 patitur
1837 1495 1890 1551 in
1917 1494 2171 1553 membris

589 1591 720 1657 suis,
751 1586 802 1646 id
830 1590 984 1647 estin
1016 1590 1169 1647 nobis
1194 1590 1346 1660 ipsis.
1388 1587 1470 1644 Ad
1495 1602 1834 1644 communem
1864 1586 2002 1642 hanc
2020 1587 2171 1659 quasi

587 1683 971 1754 rempublicam
1015 1691 1254 1739 nostram
1302 1680 1529 1753 quisque
1577 1695 1676 1751 pro
1722 1677 1940 1735 modulo
1986 1687 2171 1735 nostro

587 1778 912 1836 exsolvimus
938 1777 1081 1850 quod
1110 1777 1388 1846 debemus,
1418 1785 1473 1833 et
1499 1790 1597 1848 pro
1615 1774 1953 1847 possessione
1977 1775 2171 1830 virium

587 1880 891 1928 nostrarum
923 1872 1073 1944 quasi
1099 1885 1357 1931 canonem
1389 1869 1695 1942 passionum
1734 1867 2029 1925 inferimus.
2072 1865 2172 1923 Pa-

587 1962 805 2019 riatoria
836 1963 1070 2043 plcnaria
1112 1962 1418 2037 passionum
1456 1961 1693 2017 omnium
1736 1975 1844 2016 non
1886 1960 2015 2028 erit,
2068 1959 2172 2016 nisi

585 2069 705 2112 cum
725 2056 978 2111 smculum
1007 2055 1213 2110 (initum
1239 2052 1422 2115 fuerit.
1455 2051 1726 2127 Quousque
1743 2053 2001 2126 apponitis
2021 2069 2173 2126 super

586 2151 838 2206 hominem
862 2149 887 2203 ?
935 2147 1200 2223 Quidquid
1226 2148 1366 2220 passi
1392 2155 1518 2204 sunt
1544 2143 1823 2219 Propheta:
1850 2162 1881 2201 a
1912 2144 2173 2216 sanguine

584 2245 719 2301 Abel
742 2245 873 2317 justi
893 2259 1061 2315 usque
1083 2241 1149 2297 ad
1171 2238 1765 2314 sanguincmZacharite
1787 2237 2003 2312 (Matth.
2016 2254 2169 2308 χχιιι,

586 2336 678 2413 35)
702 2378 719 2405 ,
766 2335 1067 2409 appositum
1093 2342 1177 2391 est
1203 2349 1365 2404 super
1400 2331 1694 2403 hominem,
1724 2332 1845 2403 quia
1876 2345 2172 2401 praecesse-

585 2438 711 2485 runt
739 2427 1026 2485 adventum
1054 2425 1439 2483 incarnationis
1467 2424 1664 2480 Christi
1707 2422 1953 2499 quaedam
2000 2438 2171 2479 mem-

585 2521 681 2577 bra
707 2519 907 2576 Christi
938 2536 953 2573 :
981 2518 1121 2575 sicut
1145 2518 1198 2574 in
1221 2527 1475 2581 nascente
1496 2516 1729 2588 quodam
1751 2558 1765 2585 ,
1794 2514 2030 2571 nondum
2055 2516 2173 2595 qui-

587 2612 709 2670 dem
759 2611 1084 2685 procedente
1152 2611 1365 2684 capite,
1419 2609 1683 2682 processit
1734 2624 1926 2665 manus
1980 2609 2001 2681 (
2040 2607 2168 2664 Gen.

586 2722 782 2764 xxxvnt
802 2749 818 2776 ,
848 2707 944 2779 27)
964 2749 979 2779 ,
1006 2706 1101 2764 sed
1127 2715 1304 2763 tamen
1334 2705 1493 2777 capiti
1531 2702 1952 2760 connectebatur
1977 2711 2031 2759 et
2056 2717 2173 2761 ma-

584 2815 705 2858 nus.
750 2798 926 2859 Nolite
949 2815 1077 2872 ergo
1109 2808 1299 2872 putare
1322 2840 1337 2865 ,
1378 2797 1607 2865 fratres,
1655 2810 1846 2854 omnes
1879 2796 2055 2870 justos
2082 2796 2172 2869 qui

584 2892 726 2966 passi
763 2901 890 2949 sunt
924 2890 1352 2967 persecutionem
1380 2891 1685 2964 iniquorum
1706 2930 1721 2956 ,
1745 2889 1910 2947 etiam
1934 2888 2055 2946 illos
2080 2889 2173 2963 qui

585 2993 844 3043 venerunt
887 2985 1035 3042 missi
1080 2994 1205 3043 ante
1237 2983 1451 3041 Domini
1490 2983 1776 3045 adventum
1812 2985 2173 3057 prmnuntiare

584 3078 795 3139 Domini
808 3078 1120 3148 adventum,
1145 3093 1252 3134 non
1271 3077 1589 3149 pertinuisse
1603 3076 1670 3134 ad
1686 3078 1928 3135 membra
1948 3078 2168 3137 Christi.

587 3171 740 3227 Absit
765 3178 823 3225 ut
849 3184 954 3225 non
980 3169 1245 3241 pertineat
1278 3166 1347 3223 ad
1376 3169 1614 3229 membra
1639 3167 1857 3237 Christi,
1889 3171 1978 3241 qui
2004 3169 2171 3245 perti-

585 3273 678 3321 net
717 3263 785 3331 ad
835 3263 1111 3319 civitatem
1152 3277 1273 3339 quae
1314 3277 1496 3334 regem
1543 3259 1704 3323 habet
1736 3261 2040 3339 Christum.
2078 3262 2172 3327 illa

587 3369 690 3410 una
719 3360 803 3410 est
824 3351 1121 3409 Jerusalem
1152 3351 1386 3409 caelestis
1405 3394 1420 3421 ,
1457 3351 1644 3410 civitas
1669 3363 1852 3409 sancta
1883 3370 1898 3409 :
1928 3338 2043 3411 haec
2067 3371 2172 3412 una

586 3446 773 3503 civitas
810 3460 977 3502 unum
1011 3444 1174 3501 habet
1202 3459 1401 3519 regem.
1436 3444 1553 3500 Rex
1579 3443 1738 3525 hujus
1765 3444 1993 3503 civitatis
2018 3445 2173 3505 Chri-

583 3546 700 3597 stus
720 3545 804 3595 est
835 3555 848 3592 :
878 3539 993 3609 ipse
1017 3536 1159 3592 enim
1183 3536 1233 3592 ei
1262 3535 1427 3606 dicit,
1466 3534 1636 3593 Mater
1656 3537 1806 3606 Sion,
1848 3538 1977 3594 dicet
1998 3542 2168 3597 homo.

583 3630 724 3693 Dicit
769 3629 854 3699 ei,
898 3626 1104 3696 Mater;
1149 3627 1245 3685 sed
1281 3627 1448 3684 homo.
1515 3626 1686 3684 Mater
1711 3629 1851 3685 enim
1884 3630 2046 3699 Sion,
2086 3628 2171 3697 dl-

583 3733 659 3780 cet
689 3723 881 3786 homo;
932 3728 979 3775 et
1021 3720 1170 3775 homo
1206 3723 1373 3793 factus
1413 3728 1488 3775 est
1529 3718 1584 3775 in
1623 3737 1701 3795 ea,
1732 3730 1781 3781 et
1805 3723 1915 3798 ipse
1939 3722 2170 3799 fundavit

584 3833 697 3872 eam
738 3806 1024 3870 Altissimus
1082 3812 1262 3887 (Psal.
1316 3814 1551 3884 Lxxxvi,
1599 3814 1691 3893 5).
1749 3816 1845 3874 ille
1898 3834 2025 3890 ergo
2076 3837 2169 3878 rex

584 3907 721 3981 ejus,
750 3907 840 3989 qui
867 3921 985 3964 eam
1017 3904 1253 3967 [undavit
1280 3908 1619 3977 Altissimus;
1664 3909 1778 3981 ipse
1825 3912 1881 3967 in
1909 3928 1971 3969 ea
1998 3912 2166 3971 homo

584 4002 755 4059 factus
784 4010 869 4059 est
915 4001 1264 4065 humillimus.
1301 3999 1421 4074 Ipse
1460 4017 1589 4076 ergo
1622 4011 1747 4060 ante
1773 4004 2056 4063 adventum
2084 4007 2169 4063 in-

585 4100 909 4163 carnationis
937 4115 1050 4163 sua:
1075 4097 1334 4179 praemisit
1360 4099 1607 4171 quaedam
1637 4100 1876 4161 membra
1904 4117 2017 4172 sua,
2048 4113 2171 4175 post

583 4208 703 4267 quae
730 4192 1136 4266 prmnuntiantia
1165 4207 1225 4249 se
1250 4200 1534 4249 venturum
1578 4192 1724 4257 venit
1766 4204 1822 4251 et
1862 4195 2006 4267 ipse,
2032 4211 2169 4253 con-

583 4300 760 4349 nexus
784 4286 883 4342 eis.
928 4284 1091 4341 Refer
1118 4283 1186 4341 ad
1224 4285 1625 4355 similitudinem
1648 4289 1669 4320 ³
1695 4290 1964 4345 nascentis
1991 4291 2165 4360 illius;

589 4378 712 4448 quia
739 4392 931 4432 manus
954 4385 1081 4432 ante
1100 4387 1261 4447 caput
1287 4376 1601 4447 procedens,
1627 4385 1828 4435 etcum
1862 4381 2035 4451 capite
2063 4392 2166 4455 est,

588 4479 645 4531 et
671 4470 770 4531 sub
794 4471 987 4545 capite.
1021 4471 1098 4528 De
1121 4468 1336 4526 Christo
1369 4469 1511 4526 enim
1536 4469 1736 4526 dictum
1770 4479 1871 4540 est,
1904 4487 2023 4529 cum
2052 4474 2170 4535 lau-

590 4563 808 4623 daretur
832 4562 1147 4623 excellentia
1173 4560 1351 4647 populi
1380 4561 1575 4634 primi,
1603 4572 1658 4621 et
1681 4560 1995 4622 dolerentur
2018 4566 2167 4639 fracti

653 4855 672 4888 ι
696 4851 831 4913 Edd.,
870 4860 1148 4919 mensuram
1176 4847 1391 4913 implens,
1417 4858 1529 4919 .noq
1562 4846 1932 4919 superfwzdens.
1970 4852 2170 4919 Tantum

588 4929 703 4988 ενθο
738 4907 921 4988 veteris.
948 4917 1172 4988 αυίξηεηῖπ
1201 4907 1266 4988 ἑὼ
1297 4907 1761 4988 Βαέξὶρῖἕξὲξξὲξζὲτξξέτ,
1777 4908 2169 4988 ,θιέττίῐξέψὲφιιυθ

515 4986 523 5011 l
590 4965 624 4969 "
643 4965 717 5034 ³5,
735 4965 790 5028 ἑά
809 4982 881 5028 ρει
1118 4973 1239 5039 ipsis
1260 4965 1327 5025 ad
1349 4984 1647 5023 continentem
1666 4965 1792 5025 haut:
1818 4965 1954 5036 quasi
1977 4965 2213 5047 πρῷα-ἴ

523 5020 533 5071 i
805 5048 927 5092 Nam
946 5050 1159 5094 masque,
1189 5042 1284 5087 etc.
1309 5042 1427 5087 Tum
1465 5032 1621 5085 ἰαῦ-εις
1648 5039 1696 5085 et
1724 5047 1814 5094 pro
1836 5047 1970 5094 posse
1993 5048 2171 5089 unum

524 5057 533 5071 '
586 5057 651 5093 υιι

767 5076 779 5090 .
805 5048 927 5092 Nam
946 5032 1159 5102 quisque,
1189 5042 1284 5087 etc.
1309 5042 1427 5087 Tum
1443 5032 1587 5102 intra
1609 5048 1621 5083 :
1640 5039 1814 5102 _et_pro
1829 5032 1970 5099 posse
1993 5032 2171 5102 virium

586 5110 863 5169 nostrarum
883 5095 1022 5169 quasi
1061 5095 1290 5169 curionem
1323 5095 1600 5169 passionum
1632 5095 1883 5169 inferimus
1920 5098 2169 5169 paratoria

585 5164 807 5232 plenaria
826 5156 1366 5232 :passiontun_eim_tiuitt
1385 5156 1496 5232 [mis
1511 5171 1605 5232 non
1625 5156 1737 5219 erit,
1752 5158 1864 5232 nisi,
1890 5156 1987 5232 etc.
2004 5165 2170 5232 auen-

589 5220 731 5280 ilatur
756 5220 890 5278 locus
912 5225 970 5276 ad
984 5233 1088 5275 MSS.
1103 5222 1223 5285 etad
1235 5221 1374 5285 Beda:
1386 5220 1732 5285 collectionem
1745 5223 1804 5285 in
1822 5220 2034 5271 Paulum.
2055 5230 2168 5285 quae

587 5290 810 5342 adiectio
828 5291 875 5339 in
899 5288 1145 5353 Corb._Ms.
1170 5281 1252 5353 ubi
1269 5283 1405 5334 Floro
1422 5282 1940 5353 tt'ihuitur,7habet_pro
1956 5281 2169 5353 portione

586 5353 764 5404 utrium
784 5363 802 5402 :
825 5358 876 5402 at
893 5349 1063 5401 ceteri
1079 5354 1187 5398 uss.
1207 5347 1303 5406 hic,
1656 5345 2070 5409 _Utrurnlihet'non
2084 5348 2171 5396 mi-

586 5428 681 5466 nus
700 5421 814 5477 apte
839 5427 851 5463 :
877 5410 1070 5477 quando
1089 5409 1149 5477 ad
1171 5405 1359 5477 rnorem
1380 5408 1576 5477 «rationis
1600 5405 1821 5477 solvendi
1842 5407 2004 5477 ha‘bita
2025 5408 2171 5477 ratio-

589 5489 656 5527 ne
679 5466 1040 5540 po'ssessionum
1061 5469 1231 5521 alludit
1250 5469 1557 5540 augustigus.
1585 5476 1726 5540 Porro
1743 5484 1863 5540 _vox,
1882 5466 2010 5540 ﬁnis,
2029 5470 2171 5540 abest

586 5550 629 5602 ι,
650 5530 778 5597 κιέε..
800 5539 883 5602 qui
899 5536 1029 5602 loco,
1056 5530 1620 5602 paratoria,'prazf_erunt
1639 5530 1857 5602 quidam,
1882 5530 2167 5596 pariatoria,

587 5601 689 5663 alii,
706 5591 973 5664 pariioria;
994 5591 1123 5648 forte
1141 5591 1386 5664 mensurae
1409 5591 1491 5643 vel
1506 5591 1671 5664 tributi
1692 5591 1939 5664 cujusdam
1956 5591 2166 5664 nomeni

588 5654 798 5727 ιη.όῄυο
818 5654 1065 5727 nescimus
1100 5654 1447 5727 adlegandum
1481 5661 1655 5726 parata
1676 5654 1802 5716 vero,
1828 5659 1900 5707 uti
1924 5656 2048 5721 legit
2070 5657 2168 5708 cla-

588 5716 701 5778 riss.
718 5716 925 5789 hangius
948 5726 996 5774 in
1008 5722 1181 5781 Gloss,
1200 5716 1343 5789 voce,
1368 5716 1612 5768 Pleuaria.
1675 5778 1686 5789 ν

656 5791 771 5853 [εἰς
795 5780 1018 5851 ﬂeriun
1052 5780 1240 5837 MSS.“
1255 5788 1351 5841 Er.,
1375 5792 1619 5853 connexus
1640 5780 1884 5853 τείρει-ι
1902 5780 1971 5853 uti
2002 5781 2169 5834 simili-

608 5842 825 5909 udinem',
851 5842 953 5900 etc.’
987 5854 1117 5908 Iov.,
1140 5855 1383 5895 connexus
1403 5842 1473 5893 eis
1510 5842 2055 5905 refert
2078 5853 2170 5898 tte-

594 5913 706 5971 gifts
725 5917 827 5974 Ms.,
853 5910 1025 5962 referte
1057 5911 1142 5969 ad,
1167 5912 1262 5957 etc.

1820 360 1877 421 s.
1914 356 2287 419 AUCUSTINI
2328 356 2631 423 El'lSCOPl
3720 386 3793 445 π,

2288 472 2423 528 rami
2448 472 2717 531 naturales
2746 474 2922 548 (Rom.
2952 491 3045 547 ιι,
3085 478 3177 553 21)
3209 498 3224 537 :
3260 484 3493 555 Quorum
3529 489 3793 565 adoptiuu-

2284 566 2417 638 quit,
2443 576 2491 623 et
2512 576 2808 663 testamenta
2828 581 2878 629 et
2904 569 3057 645 Legis
3082 576 3413 645 constitutio;
3443 596 3637 654 quorum
3658 600 3791 663 ρωποι,

2281 669 2330 712 et
2438 660 2618 756 quibus
2642 661 2869 756 Christus
2892 665 3167 723 secundum
3205 662 3415 727 carnem
3436 714 3455 741 ,
3493 677 3574 747 qui
3600 690 3664 733 est

2282 750 2611 846 onmiaDeus
2634 752 2919 810 benedictus
2939 756 2992 811 in
3012 759 3197 821 alecula
3223 758 3340 833 (Id.
3367 776 3445 833 lx,
3471 762 3523 830 4,
3551 767 3620 838 5).
3646 770 3712 829 Es

2281 841 2375 938 bus
2401 843 2630 900 Christus
2654 845 2930 903 secundum
2945 865 3169 918 carnem,
3196 861 3456 933 tanquam
3481 872 3548 919 ex
3572 858 3698 933 Sion,
3716 841 3795 938 qui;

2281 935 2430 991 homo
2453 941 2617 1008 factus
2635 948 2708 994 est
2733 939 2786 994 in
2812 957 2872 996 ea
2899 957 2918 994 :
2943 941 3064 1014 quia
3092 940 3330 1001 Christus
3368 964 3522 1019 super
3707 935 3795 1016 lim

2279 1026 2564 1084 benedictus
2589 1032 2641 1084 in
2664 1033 2871 1101 stecula,
2899 1033 3019 1109 quia
3040 1034 3149 1117 ipse
3163 1036 3413 1117 [undavit
3429 1057 3543 1096 eam
3566 1043 3794 1104 ditissima

2279 1118 2364 1176 Ea:
2389 1122 2566 1193 quibus
2611 1122 2842 1181 Christus
2885 1116 3164 1189 secundum
3198 1147 3412 1193 carnem
3435 1175 3451 1202 ,
3499 1133 3628 1197 ﬁlius
3650 1121 3815 1199 οπίάεῑ

2277 1215 2363 1285 qui
2390 1224 2464 1271 est
2486 1233 2639 1288 super
2667 1219 2838 1273 omnia
2873 1218 3013 1281 Deus
3040 1221 3337 1283 benedictus
3362 1226 3418 1281 in
3443 1232 3649 1298 secula.
3672 1208 3819 1292 Βθιιιὶέ⁸

2278 1322 2380 1364 nus
2406 1308 2591 1365 David.
2621 1309 2753 1366 Tota
2779 1327 2906 1386 ergo
2931 1311 3019 1369 illa
3049 1306 3238 1372 civitas
3262 1317 3529 1393 loquitur,
3560 1336 3590 1383 ει
3612 1330 3797 1400 εθιιεαῑικ

2278 1400 2411 1457 Abel
2455 1401 2585 1473 justi
2629 1417 2796 1475 usque
2832 1403 2897 1460 ad
2944 1407 3258 1478 sanguinem
3306 1408 3604 1468 Zacharias.
3644 1413 3798 1475 latice

2277 1491 2531 1567 deinceps
2560 1509 2591 1549 a
2619 1495 2877 1568 sanguine
2895 1495 3135 1568 Joannis,
3162 1514 3262 1571 per
3290 1502 3607 1575 sanguinem
3638 1507 3797 1580 Aposto-

2277 1585 2475 1654 lorum,
2507 1602 2602 1657 per
2627 1588 2941 1659 sanguinem
2971 1600 3265 1665 martyrum
3289 1634 3305 1660 ,
3344 1609 3453 1675 per
3478 1597 3740 1669 sanguinem
3758 1603 3798 1659 i-

2277 1676 2478 1734 dolium
2507 1678 2740 1749 Christi,
2769 1697 2874 1737 una
2899 1682 3090 1739 civitas
3112 1682 3358 1759 loquitur
3382 1726 3398 1752 .
3432 1703 3569 1747 unus
3588 1689 3717 1747 homo
3743 1694 3793 1752 di-

2276 1768 2349 1824 cit
2385 1786 2398 1822 :
2432 1769 2704 1844 Quousque
2746 1775 3005 1846 apponitis
3051 1792 3204 1847 super
3246 1778 3561 1849 hominem?
3597 1780 3795 1854 Interﬁa'u
3840 1788 3841 1847 ἢ

2277 1877 2468 1917 omnes.
2502 1862 2789 1922 Videamus
2816 1865 2862 1922 si
2889 1866 3099 1938 deletis,
3129 1868 3419 1927 videamus
3443 1872 3491 1938 si
3516 1875 3788 1951 exstinguitis.
3840 1862 3841 1937 i

2277 1951 2552 2011 videamus
2587 1953 2633 2010 si
2677 1955 2861 2012 tollitis
2888 1957 2958 2014 de
2989 1966 3129 2015 terra
3159 1975 3364 2023 nomen
3393 1963 3511 2034 ejus
3532 2004 3548 2031 ,
3592 1964 3792 2025 videamus

2276 2045 2322 2101 si
2345 2061 2449 2105 non
2476 2048 2655 2123 populi
2689 2050 2865 2106 inania
2887 2051 3218 2117 meditantini
3242 2053 3431 2127 (Psal.
3458 2073 3515 2126 ιι,
3547 2058 3629 2133 i),
3665 2060 3790 2121 dicen.

2277 2144 2359 2194 tes
2386 2156 2399 2192 :
2433 2138 2651 2208 Quando
2684 2142 2928 2197 morietur
2948 2185 2965 2211 ,
3012 2152 3063 2198 et
3097 2146 3280 2218 peribit
3318 2163 3510 2207 nomen
3544 2151 3641 2223 ejus
3675 2152 3789 2223 (Paul.

2277 2245 2368 2296 XL,
2402 2229 2481 2303 6).
2514 2229 2777 2303 Tanquam
2803 2234 2983 2304 parieti
3010 2235 3275 2305 inclinato,
3303 2248 3356 2293 et
3385 2241 3611 2301 maceria
3631 2242 3788 2314 iam

2276 2320 2600 2393 incumbite,
2640 2323 2915 2397 impellite.
2951 2325 3147 2384 Audite
3172 2343 3338 2401 supra
3369 2348 3383 2384 :
3415 2330 3668 2405 Susceptor
3683 2351 3785 2401 nali,

2276 2431 2380 2471 non
2416 2416 2648 2472 movebar
2671 2416 2937 2493 amplius;
2964 2419 3087 2499 quia
3126 2418 3395 2492 tanquam
3426 2424 3652 2481 cumulus
3670 2440 3783 2482 arena

2280 2508 2545 2581 impulsus
2571 2526 2690 2567 sum
2722 2520 2780 2568 ut
2798 2511 3051 2569 caderem
3073 2554 3089 2583 ,
3119 2523 3176 2570 et
3212 2513 3488 2575 Dominus
3513 2520 3708 2591 suscepit
3732 2534 3783 2575 ne

2279 2601 2451 2675 (Psal.
2475 2618 2639 2671 cxvn,
2670 2603 2785 2675 15).

2348 2697 2402 2753 5.
2432 2694 2584 2770 [vers.
2626 2695 2705 2770 5.]
2744 2695 3100 2755 Verumtamen
3138 2700 3390 2758 honorem
3417 2719 3581 2759 meum
3614 2705 3781 2778 cogitur-

2272 2796 2397 2843 mu
2416 2787 2664 2859 repellere
2688 2803 2709 2844 :
2730 2788 2860 2845 victi
2886 2789 3017 2846 dum
3055 2791 3390 2850 interficiunt
3432 2793 3685 2863 cedentes,
3705 2808 3779 2851 sas-

2269 2881 2438 2952 guine
2478 2880 2881 2938 interfectorum
2898 2882 3327 2955 multiplicantes
3354 2885 3571 2957 Meles,
3606 2889 3775 2944 eetlcats

2272 2970 2362 3028 his
2389 2981 2444 3028 et
2477 2972 2589 3044 jam
2612 2986 2727 3030 non
2755 2975 2995 3032 valentes
3017 2976 3289 3035 occidere.
3322 2976 3659 3036 Veratrum
3681 2980 3777 3035 hest-

2275 3080 2385 3122 rent
2423 3080 2590 3123 meum
2618 3068 2966 3140 cogitaverunt
2997 3071 3271 3143 repellere.
3292 3072 3461 3143 Medo
3483 3076 3597 3143 qui

2276 3166 2383 3216 test
2401 3161 2570 3217 occidi
2591 3161 2933 3237 christianus,
2956 3163 3136 3236 agitur
3154 3172 3216 3221 ut
3234 3161 3599 3224 εχιιοῐῖῐεωι-
3613 3166 3778 3224 diridit-

2274 3262 2399 3310 nus.
2416 3252 2571 3311 Nunc
2590 3254 2735 3312 enim
2755 3255 2960 3313 honore
2975 3256 3412 3316 Christianorum
3432 3261 3583 3317 corda
3596 3268 3774 3332 torquen-

2277 3353 2364 3401 tur
2405 3345 2690 3417 impiorum
2719 3365 2733 3402 :
2760 3346 2873 3420 jam
2900 3347 3100 3419 Ioseph
3136 3350 3227 3407 ille
3265 3351 3559 3423 Spiritus‘lis
3581 3360 3677 3423 post
3697 3362 3776 3405 ren-

2272 3438 2531 3495 ditionem
2559 3453 2591 3495 a
2615 3438 2887 3508 fratribus,
2921 3450 3044 3514 post
3070 3443 3470 3502 translationem
3489 3444 3552 3501 de
3566 3444 3699 3519 patria
3716 3456 3773 3496 aa

2276 3530 2342 3585 ad
2370 3538 2556 3603 gentes
2584 3540 2835 3604 tanquam
2865 3533 2918 3589 in
2948 3532 3257 3606 Egyptian,
3288 3544 3416 3610 pom
3446 3533 3771 3592 humiliation

2277 3624 2540 3690 carceris,
2582 3634 2703 3695 post
2728 3624 3011 3683 factionem
3038 3628 3057 3659 ⁸
3086 3626 3236 3685 falsm
3264 3631 3443 3697 testis,
3472 3625 3769 3705 postquamls

2274 3723 2420 3776 ctum
2447 3717 2699 3794 estquod
2727 3716 2795 3780 de
2821 3718 2913 3781 illo
2952 3719 3153 3782 dictum
3180 3728 3266 3784 est
3288 3769 3304 3798 ,
3343 3722 3556 3785 Ferrum
3593 3736 3769 3801 periratu-

2276 3813 2363 3870 lvit
2402 3815 2629 3870 aninmm
2656 3817 2767 3888 ejus
2807 3816 2979 3889 (Psal.
3006 3835 3128 3888 etv,
3159 3817 3286 3894 l8);
3328 3812 3440 3894 jali)
3476 3818 3768 3878 honorificum

2276 3915 2379 3974 est,
2405 3905 2517 3979 jam
2547 3920 2655 3964 non
2681 3916 2764 3964 εει
2797 3908 3040 3967 subditus
3065 3911 3320 3970 fratribus
3344 3910 3690 3979 vendentibus,
3710 3904 3768 3963 sed

2274 4000 2546 4059 frumenta
2586 4013 2771 4075 erogat
2794 4002 3153 4073 esurientibus
3178 4007 3342 4080 (Gen.
3387 4024 3599 4077 xxxvn,
3632 4019 3765 4066 mu.

2278 4096 2417 4170 xu).
2440 4097 2579 4155 Victi
2607 4098 2723 4171 ejus
2744 4099 3044 4159 humilitate
3068 4111 3123 4159 et
3146 4105 3412 4177 castitate,
3441 4101 3764 4180 incorruptione,

2277 4192 2663 4249 tentaticnibus
2687 4234 2702 4260 ,
2746 4194 3084 4268 passionibus
3108 4238 3124 4264 ,
3150 4196 3261 4269 jam
3291 4215 3414 4256 eum
3438 4196 3700 4255 honoratum
3719 4190 3765 4243 τὶσ

2276 4284 2405 4340 dent
2425 4327 2438 4351 ,
2469 4292 2523 4341 et
2546 4283 2808 4342 honorem
2835 4285 3005 4363 ipsius
3031 4290 3265 4369 cogitant
3295 4292 3564 4369 repellere.
3592 4287 3637 4343 In
3667 4282 3762 4353 cogi-

2275 4376 2564 4433 tationibus
2589 4377 2787 4457 quippe
2815 4393 3001 4435 eorum
3032 4389 3116 4436 est
3145 4381 3275 4438 illud
3295 4426 3311 4453 ,
3346 4375 3575 4438 Peccator
3599 4375 3760 4434 ridebit:

2275 4481 2448 4553 neque
2490 4467 2633 4524 enim
2664 4482 2770 4524 non
2810 4467 3041 4536 videbit,
3081 4471 3296 4553 quando
3325 4489 3428 4529 non
3457 4470 3608 4561 potest
3636 4464 3760 4561 civitas

2281 4548 2536 4619 abscondi
2583 4576 2744 4633 supra
2776 4570 3013 4619 montem
3066 4548 3354 4622 constituta
3397 4548 3753 4639 (Μαιώτήῆ

2275 4654 2525 4711 Peccator
2550 4670 2679 4726 ergo
2706 4655 2909 4724 videbit,
2945 4663 2993 4711 et
3021 4657 3301 4724 irascetur;
3331 4657 3546 4715 dentibus
3565 4652 3648 4709 suis
3662 4649 3754 4721 [rat-

2276 4747 2382 4816 det,
2409 4757 2454 4803 et
2483 4748 2699 4803 tabescet
2735 4742 2906 4818 (Psal.
2937 4764 3046 4816 cxx,
3080 4748 3191 4826 10).
3224 4751 3381 4808 Latet
3406 4752 3455 4807 in
3479 4746 3628 4813 corde,
3648 4746 3750 4799 etle-

2274 4840 2416 4911 gitur
2441 4837 2922 4894 fronte'venenum
2954 4839 3007 4894 in
3051 4842 3398 4899 saevientibus
3436 4849 3486 4898 et
3517 4827 3749 4906 indignanli’

2275 4930 2395 4987 bus.
2428 4930 2715 5001 Propterea
2747 4939 2801 4986 et
2832 4929 2918 4986 hic
2946 4932 3300 5004 cogitationes
3325 4948 3498 4991 eorum
3523 4928 3651 4993 dicit,
3674 4917 3743 4976 Ηοο

2276 5042 2469 5091 norem,
2500 5026 2691 5097 inquit,
2719 5042 2885 5080 meum
2912 5026 3253 5098 cogitaverunt
3278 5026 3523 5101 repellere.
3545 5020 3634 5079 Non
3652 5012 3741 5071 enim

2276 5118 2475 5173 audent
2510 5117 2689 5173 verbis
2730 5117 2971 5188 proferre
3008 5119 3149 5190 quod
3190 5120 3436 5192 cogitant.
3462 5104 3737 5188 Optemusiﬂii

2276 5209 2435 5277 bona,
2468 5209 2674 5263 etiamsi
2703 5216 2887 5280 optant
2912 5209 3049 5264 mala
3070 5211 3111 5264 ³.
3134 5208 3319 5267 Judica
3345 5212 3472 5281 illos,
3491 5207 3626 5265 Deus:
3645 5193 3736 5266 de?“

2280 5298 2409 5357 dant
2440 5316 2471 5355 a
2499 5300 2910 5373 cogitationibus
2935 5301 3046 5356 suis
3077 5300 3247 5376 (Psal.
3276 5319 3308 5358 v
3332 5343 3347 5371 ,
3389 5299 3489 5375 li).
3515 5290 3620 5365 Quid
3641 5286 3727 5376 aliti

2277 5393 2385 5449 illis
2414 5368 2606 5448 melius
2629 5435 2645 5460 ,
2691 5391 2817 5464 quid
2860 5392 3042 5448 utilius
3065 5368 3096 5460 ,’
3118 5409 3277 5463 quam
3305 5368 3362 5449 ut
3387 5368 3494 5448 inde
3517 5368 3727 5474 cadant

2277 5485 2418 5542 male
2440 5486 2620 5542 stant?
2662 5493 2723 5541 ut
2753 5484 2951 5556 possint
2989 5483 3089 5555 ipsi
3124 5485 3349 5541 correcti
3375 5484 3549 5544 dicere,
3570 5466 3723 5529 Sim

2278 5581 2429 5655 pedes
2456 5597 2589 5636 meos
2618 5596 2773 5652 supra
2801 5589 2996 5653 petram
3019 5577 3189 5649 (Psal.
3225 5595 3401 5645 χχχιιι,
3429 5576 3494 5647 5).

2345 5849 2365 5912 ξ
2386 5846 2460 5897 sic
2480 5850 2553 5912 Fr.
2573 5850 2626 5895 et
2648 5851 2753 5895 uss.
2779 5851 2836 5893 At
2852 5851 2982 5906 Lov.,
3006 5845 3306 5912 fragm.
3365 5906 3375 5912 _
3469 5899 3479 5912 ,

2348 5874 2362 5878 -
2386 5874 2460 5897 ου,
2481 5874 2553 5894 η.
2573 5874 2626 5895 σι
2648 5874 2753 5895 me.
2779 5874 2836 5893 ι..
2853 5874 2982 5906 υνυ,
3006 5874 3039 5909 μ
3054 5874 3306 5898 unum.

2348 5910 2371 5940 ¹
2395 5907 2618 5969 Plerique
2634 5914 2762 5957 Mssa
2789 5913 3013 5961 aptemus
3040 5898 3136 5960 illis
3158 5907 3292 5973 bene,
3315 5899 3479 5961 etiamsi
3494 5891 3612 5964 μιαί
3624 5874 3709 5935 *θ’
