3912 6428
80 351 167 407 755

132 467 184 524 ,6.
218 462 570 531 Verumtamen
584 462 928 535 cogitaverunt
942 463 1187 527 honorem
1200 477 1364 529 nteant
1381 461 1645 536 repellere.

80 564 260 629 Omnes
283 569 469 621 contra
501 574 687 627 unum,
714 573 783 621 an
804 572 948 619 unus
976 567 1164 615 contra
1190 571 1409 625 omnes;
1436 571 1506 612 an
1527 570 1647 612 om-

81 678 164 721 nes
177 667 358 716 contra
374 671 583 721 omnes,
600 670 667 713 an
691 668 826 713 unus
845 664 1029 710 contra
1062 653 1263 709 unum?
1286 651 1499 709 Interim
1525 668 1647 709 cum

82 756 211 823 dicit,
236 750 505 826 Apponitis
525 766 676 821 super
695 748 978 812 hominem;
1007 755 1259 819 tanquam
1283 761 1447 819 super
1463 761 1647 807 unum:

85 862 132 908 et
169 862 283 905 cum
322 843 473 911 dicit.
520 841 804 913 lnter/icite
829 856 1037 907 omnes;
1065 839 1216 911 quasi
1246 853 1435 901 omnes
1461 849 1649 897 contra

85 936 381 1011 unum:sed
428 947 605 1007 tamen
652 941 708 993 et
754 948 943 993 omnes
983 941 1168 989 contra
1211 947 1418 996 omnes,
1447 932 1571 1005 quia
1597 938 1653 991 et

86 1036 353 1101 ChriStiani
373 1047 580 1095 onmes,
612 1030 709 1088 sed
739 1031 792 1087 in
820 1046 945 1085 uno.
971 1028 1108 1097 Quid
1130 1034 1309 1083 autem
1347 1027 1427 1083 illi
1455 1027 1650 1087 diversi

88 1148 276 1193 errores
303 1128 499 1189 inimici
526 1124 747 1189 Christi,
776 1137 967 1180 omnes
996 1129 1197 1177 tantum
1227 1119 1441 1189 dicendi
1485 1127 1611 1179 sunt
1628 1118 1651 1172 ’ἐ

89 1242 246 1287 nonne
276 1232 327 1289 et
351 1220 524 1295 μιμυεῖ
559 1219 723 1281 Plane
763 1216 935 1271 audeo
977 1225 1030 1270 et
1071 1229 1236 1269 unum
1279 1213 1497 1268 dicere:
1529 1212 1652 1283 quia

89 1336 176 1379 um
200 1316 380 1379 άνὶιβε
391 1321 448 1379 ﬁl
466 1326 568 1381 una
589 1310 798 1376 civitas.
824 1322 959 1371 unus
990 1306 1218 1379 populus
1243 1315 1295 1371 et
1317 1320 1453 1362 unus
1480 1321 1653 1377 popu-

86 1416 179 1480 lus.
208 1427 296 1468 rex
322 1417 377 1465 et
400 1422 516 1471 rex.
546 1404 688 1473 Quid
714 1411 830 1471 est,
864 1417 964 1457 una
995 1402 1182 1457 civitas
1208 1408 1264 1455 et
1290 1415 1390 1457 una
1421 1400 1654 1457 civitas?

87 1504 353 1578 Babylonia
374 1514 476 1557 una
495 1516 510 1565 ;
540 1496 832 1557 Jerusalem
861 1509 984 1550 una.
1007 1493 1476 1563 Quibuslibetaliis
1491 1492 1654 1557 etiam

87 1596 304 1671 mysticis
331 1590 637 1651 nominibus
676 1588 995 1658 appelletur,
1029 1600 1133 1640 una
1164 1593 1341 1640 tamen
1370 1584 1558 1643 civitas
1599 1592 1656 1647 et

88 1706 179 1748 una
200 1688 412 1749 civitas:
444 1684 531 1741 illa
557 1696 683 1756 rege
711 1679 952 1744 diabolo;
997 1678 1096 1735 ista
1140 1692 1268 1749 rege
1304 1675 1536 1734 Christo.
1563 1675 1654 1733 ln-

86 1783 230 1840 tendo
255 1781 395 1853 emta
425 1776 719 1849 Evangelio
747 1774 978 1847 quodam
1010 1772 1152 1839 loco,
1198 1779 1254 1827 et
1299 1779 1484 1831 movet
1528 1784 1652 1841 me,

88 1885 201 1949 puto
227 1873 364 1945 quod
394 1880 448 1928 et
490 1885 606 1927 vos.
639 1869 993 1939 Posteaquam
1023 1865 1228 1921 invitati
1254 1874 1380 1925 sunt
1405 1865 1561 1931 multi
1587 1864 1657 1923 ad

89 1969 280 2038 nuptias
306 1966 430 2023 boni
461 1973 517 2021 et
545 1963 692 2029 mali,
718 1971 773 2018 et
797 1960 1028 2031 impleta
1063 1965 1189 2017 sunt
1214 1957 1412 2029 nuptiae
1438 1973 1655 2023 recumq-

85 2063 332 2133 bentium;
364 2057 506 2113 servi
529 2057 675 2119 enim
705 2055 877 2119 missi,
912 2062 968 2109 ut
996 2061 1326 2124 praeceptum
1354 2060 1490 2117 erat.
1514 2052 1657 2108 invi-

87 2159 311 2212 laverunt
347 2158 404 2207 et
444 2149 616 2205 bonos
661 2155 719 2207 et
765 2146 967 2212 malos;
1017 2154 1071 2201 et
1116 2146 1387 2215 ingressus
1429 2154 1515 2209 est
1562 2159 1660 2201 rex

86 2249 329 2320 inspicere
355 2244 755 2309 recumbentas,
783 2251 841 2309 et
878 2239 1080 2299 invenit
1119 2239 1391 2296 hominem
1419 2255 1528 2295 non
1557 2240 1659 2297 ba-

83 2342 278 2400 bentem
317 2347 521 2395 vestem
575 2336 889 2405 nuptialem,
924 2343 981 2389 et
1022 2332 1099 2389 ait
1143 2331 1221 2388 illi
1261 2332 1406 2403 quod
1451 2333 1657 2393 nostis:

82 2438 258 2502 Amice,
280 2432 412 2491 unde
433 2432 535 2488 huc
553 2429 752 2494 vetusti,
785 2432 890 2483 non
914 2426 1104 2485 habens
1130 2434 1313 2487 uestem
1343 2426 1661 2499 nuptialem?

82 2529 241 2585 Atille
264 2525 526 2585 obmtuit.
559 2523 627 2579 Et
649 2520 812 2589 jussit
836 2520 887 2575 ei
919 2519 1073 2590 ligari
1103 2534 1292 2576 manus
1315 2529 1370 2576 et
1398 2519 1582 2590 pedes,
1606 2529 1663 2576 et

82 2623 254 2696 projici
281 2636 400 2677 eum
440 2620 493 2674 in
528 2617 778 2674 tenebras
828 2614 1154 2672 exteriores.
1201 2614 1431 2673 Levatus
1472 2624 1557 2671 est
1592 2616 1663 2674 de

85 2715 330 2779 convivio,
352 2725 407 2770 et
434 2712 631 2770 missus
650 2717 735 2766 est
755 2710 807 2764 in
833 2723 1019 2780 planas
1039 2709 1220 2765 nescio
1253 2710 1376 2780 quis
1402 2709 1564 2767 homo
1595 2713 1649 2768 in

84 2824 182 2869 tam
205 2824 384 2881 magna
411 2806 563 2863 turba
591 2802 1040 2860 recumbentium.
1062 2799 1169 2857 Sed
1192 2810 1371 2858 tamen
1394 2803 1653 2863 Dominus

83 2907 253 2962 volens
280 2900 563 2960 ostendere
592 2912 756 2954 unum
781 2894 929 2950 illum
957 2893 1252 2963 hominem,
1272 2912 1436 2952 unum
1457 2913 1655 2969 corpus

83 3015 197 3057 esse
229 2995 365 3069 quod
390 3001 600 3051 constat
638 3005 707 3046 ex
749 2988 950 3053 multis,
998 2987 1087 3047 ubi
1125 2988 1288 3057 jussit
1315 3004 1437 3045 eum
1465 2992 1654 3061 projici

80 3093 236 3160 iuras,
263 3099 314 3148 et
340 3089 501 3146 mittit
529 3087 585 3142 in
611 3084 820 3141 debitas
848 3095 1055 3153 poenas,
1104 3081 1328 3151 subjecit
1353 3083 1606 3140 continuo
1630 3099 1645 3138 τ

81 3186 229 3243 Πιείὴ
245 3184 372 3239 enim
395 3191 514 3238 sunt
541 3179 724 3239 vocati,
766 3176 918 3249 pauci
940 3190 1056 3229 vero
1089 3175 1237 3230 electi
1274 3174 1488 3249 (Matth.
1520 3192 1652 3246 xxtt,

81 3278 279 3349 iO—it).
296 3274 432 3343 Quid
455 3280 538 3329 est
564 3269 698 3326 hoc?
722 3269 1042 3324 Convocastt
1070 3266 1277 3335 turbas,
1306 3270 1450 3325 venit
1466 3270 1655 3341 iugem

81 3369 379 3434 multitudo;
408 3363 754 3427 annnntiasti,
787 3362 997 3416 loeutus
1040 3375 1122 3429 es,
1167 3361 1504 3432 multiplicati
1534 3371 1664 3419 sunt

80 3478 240 3534 super
266 3474 538 3517 numerum
567 3456 740 3527 (Prol.
770 3470 952 3520 una,
973 3453 1054 3527 6),
1075 3454 1307 3525 impleta:
1322 3464 1449 3511 sunt
1464 3457 1663 3529 nuptias

78 3554 521 3617 recumbentium;
554 3548 821 3621 proiectus
850 3557 934 3604 est
962 3547 1085 3603 inde
1112 3549 1262 3603 solus
1304 3564 1465 3617 unus,
1493 3560 1549 3606 et
1572 3551 1658 3607 di-

74 3653 175 3715 cis,
204 3650 352 3705 Multi
376 3648 511 3703 enim
533 3654 648 3701 sunt
674 3644 858 3709 uocati,
893 3642 1043 3713 pauci
1080 3659 1198 3698 uero
1224 3644 1389 3700 electi.
1422 3645 1530 3700 Cur
1554 3660 1662 3701 non

74 3741 496 3816 potius:0mnes
523 3738 716 3805 vocati,
749 3736 903 3793 multi
948 3738 1125 3805 electi,
1174 3751 1313 3793 unus
1351 3737 1665 3809 projectus?

73 3839 120 3891 Si
171 3836 383 3901 diceret,
421 3824 574 3889 Multi
600 3830 742 3886 enim
783 3836 908 3884 sunt
934 3830 1129 3897 vocati,
1161 3839 1217 3885 et
1265 3829 1455 3900 plures
1478 3831 1659 3901 electi,

77 3930 224 3999 pauci
249 3942 372 3984 vero
390 3925 633 3998 reprobi;
659 3924 711 3978 in
733 3924 915 3995 paucis
937 3922 1076 3979 forte
1098 3924 1440 3980 verisimilius
1460 3926 1666 3981 intelli-

79 4039 315 4097 geremus
340 4030 502 4078 unum
528 4021 700 4076 illum.
725 4017 879 4074 Nune
897 4033 1030 4077 vero
1061 4019 1191 4074 dicit
1211 4019 1352 4090 quod
1375 4033 1514 4075 unus
1534 4020 1660 4078 inde

81 4119 339 4190 proiectus
375 4123 478 4179 est,
504 4124 560 4169 et
582 4112 759 4169 subdit
781 4129 797 4167 :
823 4110 979 4165 Multi
1014 4111 1148 4166 enim
1172 4121 1289 4167 sunt
1308 4113 1491 4180 vocati,
1515 4115 1665 4184 pauci

79 4226 183 4265 vero
208 4210 369 4265 electi.
418 4207 523 4277 Qui
572 4215 696 4262 sunt
738 4204 916 4271 electi,
965 4204 1066 4259 nisi
1113 4204 1205 4276 qui
1249 4207 1663 4262 remanserunt?

79 4300 316 4371 Proiecto
344 4315 469 4366 uno,
493 4296 649 4354 electi
675 4305 1067 4353 remanserunt.
1091 4295 1394 4364 Quomodo,
1424 4298 1664 4369 projecto

80 4408 177 4448 uno
198 4394 266 4449 de
286 4394 486 4459 multis,
508 4390 660 4462 pauci
685 4390 860 4454 eiecti,
887 4388 988 4444 nisi
1009 4390 1132 4459 quia
1154 4389 1209 4445 in
1231 4389 1324 4445 illo
1343 4404 1452 4445 uno
1471 4390 1664 4446 multi?

79 4487 270 4545 Omnes
320 4490 408 4561 qui
454 4498 668 4545 terrena
697 4487 929 4557 sapiunt,
978 4500 1164 4542 omnes
1208 4487 1303 4558 qui
1354 4486 1663 4543 felicitatem

78 4588 338 4638 terrenam
357 4582 467 4638 Deo
486 4579 800 4652 praeierunt,
828 4592 1015 4633 omnes
1035 4579 1128 4649 qui
1151 4593 1246 4634 sua
1267 4588 1533 4652 qumt‘unt,
1552 4594 1662 4636 non

80 4688 193 4743 qua:
232 4673 356 4729 Iesu
396 4672 595 4730 Christi
643 4670 901 4744 (Philipp.
948 4683 1006 4735 tt,
1048 4668 1180 4737 Si),
1213 4672 1280 4727 ad
1312 4686 1470 4728 unam
1514 4673 1662 4730 illam

81 4765 344 4822 civitatem
381 4767 670 4838 pertinent,
723 4779 842 4835 quae
872 4762 1065 4818 dicitur
1095 4762 1384 4835 Babylonia
1412 4768 1659 4839 mystice,

82 4867 131 4910 et
156 4858 313 4915 habet
337 4875 517 4931 regem
545 4857 837 4914 diabolum.
870 4852 1086 4912 'Omnes
1134 4866 1311 4912 autem
1341 4859 1430 4929 qui
1457 4874 1519 4915 ea
1542 4875 1663 4931 qua:

85 4965 285 5007 sursum
321 4961 448 5008 sunt
489 4953 732 5023 sapiunt,
773 4950 865 5023 qui
909 4949 1152 5005 caelestia
1196 4948 1540 5019 meditantur,
1573 4953 1662 5024 qui

87 5059 198 5099 cum
219 5047 575 5103 sollicitudine
600 5046 653 5100 in
671 5046 869 5101 sacculo
889 5045 1071 5099 vivunt
1094 5058 1163 5099 ne
1180 5043 1345 5099 Deum
1365 5043 1658 5114 on‘endant,

90 5137 171 5203 qui
201 5148 385 5196 cavent
412 5153 658 5210 peccare,
689 5152 824 5208 quos
853 5145 1138 5209 peccantes
1168 5151 1275 5192 non
1303 5137 1467 5207 pudet
1493 5137 1662 5193 conﬂ-

91 5231 204 5297 tcri,
235 5231 484 5300 humiles,
519 5232 694 5299 mites,
738 5232 928 5300 sancti,
965 5233 1118 5303 justi,
1150 5231 1245 5302 pii,
1287 5232 1450 5298 boni;
1478 5248 1665 5291 omnes

92 5322 152 5376 ad
179 5340 328 5384 unam
350 5330 625 5385 civitatem
648 5327 934 5397 pertinent,
967 5342 1086 5399 qua:
1112 5342 1291 5399 regem
1320 5327 1482 5385 habet
1508 5327 1665 5385 Chri-

96 5423 246 5473 stum.
268 5422 357 5478 Illa
381 5425 522 5480 enim
550 5421 601 5476 in
627 5430 766 5476 terra
786 5422 935 5492 quasi
956 5421 1130 5492 major
1149 5431 1232 5478 est
1258 5431 1530 5495 tempore;
1554 5438 1661 5481 non

99 5510 418 5584 sublimitate,
465 5530 573 5570 non
604 5514 824 5568 honore.
869 5510 1068 5569 Civitas
1097 5514 1186 5570 illa
1218 5516 1365 5587 prior
1393 5528 1547 5584 nata;
1577 5518 1660 5575 ci-

100 5600 219 5654 vitas
258 5605 353 5663 ista
398 5606 660 5678 posterior
686 5616 832 5659 nata.
862 5604 954 5661 illa
997 5607 1146 5665 e"tn
1191 5609 1464 5680 increpita
1493 5610 1659 5679 Cain;

102 5688 204 5745 hanc
232 5699 296 5753 ab
331 5700 481 5756 Abel.
515 5701 639 5756 ilice
681 5699 788 5754 duo
826 5713 1054 5770 corpota
1076 5702 1182 5760 sub
1210 5702 1417 5760 duobus
1444 5705 1659 5777 regibus

99 5792 308 5863 agentia,
332 5797 397 5853 ad
415 5797 651 5871 singulas
671 5796 915 5854 civitates
934 5798 1274 5870 pertinentia,
1310 5799 1661 5859 adversantur

97 5876 183 5934 sibi
205 5898 370 5964 usque
388 5893 441 5951 in
462 5893 622 5953 linem
648 5892 851 5962 saeculi,
876 5893 1050 5952 donec
1073 5892 1167 5951 ﬁat
1184 5910 1252 5952 ex
1270 5898 1654 5958 commixtione

1252 344 1649 419 emanarit)
1687 342 1756 413 ini
1794 343 2116 421 PSALMUM
2156 350 2290 408 LXI.

1758 464 2048 536 separatio,
2080 474 2135 522 et
2276 473 2545 537 portantur
2560 465 2955 543 adtigeram,
2980 468 3076 546 alii
3110 470 3179 539 ad
3200 471 3339 543 gini-

1757 565 1945 624 stram,
1990 557 2306 631 dicaturque
2350 560 2488 627 illis:
2526 561 2718 629 Venite,
3024 564 3198 637 Patris
3221 569 3338 638 mei,

1758 651 1998 721 percipite
2043 670 2253 725 regnum
2301 656 2436 726 quod
2477 655 2614 717 vobis
2653 665 2890 727 natatum
2934 669 3008 716 αι
3047 661 3111 727 ab
3134 663 3343 719 mdia

1758 744 1969 812 mutuli;
2000 746 2109 809 illis
2135 757 2347 811 auem:
2379 749 2463 813 Ite
2486 751 2541 806 in
2584 751 2751 823 ignem
2786 763 3053 822 (sternuas,
3079 757 3167 828 qui
3190 774 3344 831 para-

1758 847 1932 905 tuaest
1956 840 2158 905 diabolo
2195 853 2244 909 et
2279 845 2471 917 angelis
2495 847 2609 916 ejus
2639 847 2851 922 (Matth.
2901 866 3032 917 xxv.
3081 851 3170 920 ει,
3224 853 3340 923 41).

1758 931 2005 995 Christus
2024 935 2166 999 enim
2192 934 2294 1000 hoc
2319 936 2479 997 dicit:
2521 938 2710 1007 Venite,
2755 941 2999 1003 benedicti
3025 942 3197 1003 Patris
3218 946 3341 1015 uel,

1758 1026 1999 1097 percipite
2016 1044 2227 1099 regnum
2241 1029 2377 1100 quod
2394 1030 2533 1089 vobis
2553 1043 2789 1103 paratum
2810 1044 2885 1092 est
2903 1038 2966 1091 ab
2984 1036 3128 1097 inrtio
3146 1040 3342 1101 mundi.

1762 1117 1878 1175 Rex
1903 1119 2134 1180 civitatis
2154 1136 2287 1188 sum,
2320 1123 2492 1181 victor
2512 1139 2681 1196 super
2704 1127 2905 1187 omnia.
2928 1127 3046 1189 illis
3070 1141 3249 1189 autem
3274 1132 3344 1189 ad

1759 1210 2032 1269 sinistram
2059 1215 2366 1270 constitutis
2388 1224 2634 1287 tanquam
2656 1218 2856 1274 civitati
2872 1219 3173 1291 iniquorum
3197 1240 3212 1281 :
3240 1222 3343 1292 Ite,
3376 1240 3391 1271 ο

1761 1306 1952 1378 inquit,
1980 1310 2033 1362 in
2053 1309 2221 1380 ignem
2248 1319 2510 1365 ueternum.
2541 1310 2806 1384 Numquid
2828 1323 3042 1385 separat
3065 1316 3132 1372 ab
3154 1315 3238 1373 eis
3255 1332 3346 1374 re-
3374 1314 3385 1380 ῗ

1759 1399 2059 1549 gemez‘Nen
2093 1419 2107 1456 :
2140 1401 2344 1461 addidit
2368 1403 2538 1472 enim,
2567 1404 2655 1473 qui
2682 1416 2894 1478 parm
2934 1418 3007 1466 ut
3052 1408 3254 1469 diabolo
3300 1420 3349 1468 et

1760 1508 1860 1549 ana
1975 1510 2105 1549 eius.

1760 1508 1952 1564 augeas
1975 1510 2105 1565 qus.

3411 1464 3452 1477 ‘-

3409 1486 3438 1544 ᾗ

1834 1586 1887 1642 7.
1928 1587 2214 1657 intendite,
2242 1590 2457 1658 fratres,
2490 1590 2770 1662 intendite,
2801 1608 2931 1668 rogo
2958 1609 3074 1653 vos.
3113 1596 3352 1655 Delectat
3414 1610 3438 1669 _=

1763 1679 1909 1738 estita
1938 1696 2026 1738 me
2071 1696 2241 1751 partes
2282 1682 2458 1740 adhuc
2506 1684 2654 1757 loqui
2698 1686 2852 1743 vobis
2896 1687 2967 1745 de
2994 1689 3211 1755 civitate
3249 1690 3352 1750 hac
3421 1679 3429 1703 τ

1763 1772 1931 1831 dulci.
1978 1773 2376 1833 Gloriosissima
2425 1777 2569 1834 enim
2606 1777 2677 1834 de
2714 1787 2768 1846 te
2808 1779 2951 1836 dicta
2988 1790 3134 1850 sunt,
3164 1783 3352 1843 civitas

1765 1867 1862 1924 Dei
1884 1868 2063 1940 (Paul.
2095 1885 2312 1937 Luam,
2354 1871 2434 1944 ὃ).
2460 1871 2532 1927 Et
2556 1872 2602 1928 si
2621 1872 2818 1930 oblitus
2840 1874 2987 1931 luero
3014 1876 3113 1943 tui,
3139 1876 3352 1941 Jerusa-

1763 1962 1892 2029 lem,
1924 1961 2271 2019 obliviscatur
2298 1978 2386 2020 me
2410 1964 2631 2023 dextera
2672 1980 2791 2023 mea
2821 1965 2992 2039 (Paul.
3020 1982 3239 2037 cxxxvn,
3269 1969 3349 2044 ὅ).

1765 2057 1946 2114 Deliis
1966 2067 2049 2114 est
2085 2058 2229 2114 enim
2264 2074 2369 2115 una
2396 2061 2589 2131 patria,
2637 2069 2694 2117 et
2733 2075 2861 2119 vero
2887 2077 2990 2119 una
3014 2062 3206 2135 patria,
3237 2064 3353 2121 sola

1764 2151 1937 2223 patria
1958 2169 1972 2206 ι
2000 2158 2198 2223 praeter
2226 2152 2370 2208 illam
2401 2152 2661 2224 quidquid
2686 2155 2842 2210 nobis
2864 2165 2967 2223 est,
2994 2157 3354 2230 peregrinatio

1764 2252 1864 2300 est.
1875 2244 2055 2307 Dicam
2071 2258 2199 2316 ergo
2209 2243 2352 2316 quod
2368 2246 2690 2316 agnoscatis,
2707 2246 2850 2317 quod
2865 2249 3171 2318 approbatis
3186 2266 3201 2304 :
3214 2265 3356 2307 eom-

1765 2338 2077 2394 memorabo
2103 2337 2248 2408 quod
2274 2340 2471 2405 nostis;
2513 2354 2619 2394 non
2657 2338 2863 2397 docebo
2889 2340 3033 2411 quod
3076 2342 3352 2414 ignoratis.

1768 2429 1893 2488 Non
1919 2433 2082 2504 prius,
2129 2432 2303 2504 inquit
2340 2432 2648 2503 Apostolus,
2692 2433 2830 2505 quod
2855 2433 3120 2505 spirituale
3145 2443 3236 2499 est,
3267 2434 3358 2491 sed

1766 2526 1902 2599 quod
1926 2526 2180 2595 animale;
2206 2536 2380 2598 postea
2420 2526 2558 2601 quod
2606 2526 2874 2599 spirituale
2901 2527 2943 2600 (l
2970 2525 3090 2583 Cor.
3120 2542 3210 2594 xv,
3240 2528 3355 2600 46).

1765 2618 1895 2676 Ideo
1942 2621 2134 2677 civitas
2178 2619 2265 2675 illa
2298 2619 2470 2691 major
2497 2628 2675 2687 etate,
2717 2620 2841 2693 quia
2887 2621 3033 2692 prior
3078 2630 3235 2678 natus
3274 2629 3360 2679 est

1767 2711 1918 2777 Cain,
1951 2721 2006 2766 et
2031 2707 2215 2782 postea
2241 2710 2376 2767 Abel
2407 2710 2562 2782 (Gen.
2591 2726 2669 2780 tv,
2722 2713 2776 2779 i,
2819 2710 2912 2785 2):
2938 2712 3035 2769 sed
3057 2711 3113 2770 in
3139 2712 3226 2768 his
3250 2729 3362 2768 ma-

1759 2805 1850 2877 jar
1873 2804 2047 2859 serviet
2072 2805 2258 2859 minori
2286 2803 2398 2877 (Id.
2431 2819 2554 2872 xxv,
2581 2804 2698 2878 23).
2728 2805 2821 2863 illa
2848 2807 3020 2878 major
3044 2814 3228 2874 aetate;
3256 2806 3359 2863 ista

1767 2898 1941 2968 major
1968 2896 2246 2968 dignitate.
2285 2897 2463 2966 Quare
2507 2899 2595 2955 illa
2644 2900 2816 2971 major
2863 2901 3056 2957 aetate?
3094 2901 3226 2969 Quia
3257 2918 3359 2957 non

1768 2992 1914 3064 prius
1939 2992 2076 3063 quod
2099 2992 2367 3061 spirituale
2394 3001 2485 3062 est,
2513 2992 2604 3048 sed
2627 2993 2763 3065 quod
2786 2993 3022 3048 animale.
3052 2993 3229 3063 Quare
3255 2994 3359 3050 iSta

1768 3083 1943 3156 major
1966 3084 2262 3156 dignitate?
2288 3084 2422 3152 Quia
2454 3085 2619 3156 major
2660 3085 2836 3140 serviet
2861 3085 3066 3139 minori.
3107 3084 3360 3141 xEdilica-

1769 3178 2049 3234 vitantem
2081 3178 2354 3234 civitatem
2383 3177 2536 3244 Cain,
2568 3180 2706 3234 sicut
2730 3179 2955 3251 legimus
2982 3175 3092 3251 (Id.
3124 3195 3193 3247 tv,
3227 3180 3354 3253 i7):

1768 3283 2055 3347 antequam
2084 3282 2231 3330 esset
2269 3273 2377 3330 ulla
2403 3273 2611 3343 civitas,
2652 3274 2705 3330 in
2736 3273 3027 3346 primordio
3051 3288 3230 3332 rerum
3258 3274 3361 3331 hu—

1769 3382 2073 3436 manarum,
2124 3365 2407 3425 aediﬁcavit
2453 3367 2723 3424 civitatem
2771 3366 2923 3424 Cain.
2978 3368 3169 3424 Procul
3197 3367 3361 3424 dubio

1768 3462 2033 3537 intelligas
2056 3463 2168 3535 jam
2211 3469 2365 3519 natos
2408 3462 2575 3520 fuisse
2613 3463 2809 3521 multos
2850 3463 3096 3523 homines
3137 3480 3206 3522 ex
3254 3465 3362 3521 illis

1768 3557 1997 3627 duobus,
2018 3567 2072 3613 et
2091 3568 2157 3613 ex
2177 3557 2263 3613 his
2285 3571 2419 3629 quos
2440 3567 2752 3630 genueram,
2779 3566 2837 3615 ut
2861 3569 3041 3629 posset
3061 3574 3181 3617 esse
3204 3569 3360 3631 aptus

1768 3662 1823 3710 et
1843 3667 2109 3724 congruus
2129 3668 2387 3710 numerus
2405 3657 2490 3711 cui
2511 3669 2705 3710 nomen
2725 3655 2954 3712 civitatis
2971 3655 3356 3725 imponeretur.

1769 3748 2074 3805 Edilicavit
2098 3764 2227 3831 ergo
2255 3744 2528 3805 civitatem
2553 3748 2708 3816 Cain,
2738 3747 2827 3804 ubi
2867 3763 2974 3803 non
3005 3757 3122 3805 erat
3148 3749 3355 3804 civitas.

1770 3841 2057 3900 Edilicata
2079 3851 2162 3899 est
2186 3852 2242 3898 et
2263 3851 2447 3914 postea
2477 3841 2795 3910 Jerusalem,
2828 3857 3049 3914 regnum
3075 3842 3191 3909 Dei,
3221 3841 3356 3898 civi-

1769 3946 1852 3993 tas
1887 3945 2093 4005 sancta,
2136 3937 2324 3993 civitas
2360 3936 2487 4005 Dei;
2534 3945 2588 3993 et
2613 3936 2785 4010 posita
2835 3937 2887 3992 in
2931 3937 3109 4008 specie
3130 3936 3356 4008 quadam

1769 4032 1973 4089 umbras
1999 4029 2348 4103 significantis
2368 4028 2564 4086 futura.
2594 4028 2874 4101 lntelligite
2901 4031 3080 4103 itaque
3104 4046 3356 4104 magnum

1769 4121 2106 4196 mysterium,
2132 4132 2187 4189 et
2209 4131 2384 4181 tenete
2408 4121 2548 4194 quod
2571 4122 2894 4194 praelocutus
2912 4136 3051 4191 sum,
3072 4121 3193 4178 Non
3214 4125 3357 4196 prius

1768 4214 1904 4288 quod
1930 4212 2211 4289 spirituale,
2258 4215 2348 4270 sed
2389 4212 2524 4287 quod
2569 4214 2818 4281 animale,
2852 4225 3023 4287 postea
3051 4208 3312 4289 spirituale
3334 4234 3354 4274 :

1767 4305 1891 4362 ideo
1917 4321 2045 4378 ergo
2073 4306 2204 4362 Cain
2230 4307 2380 4379 prior
2404 4306 2685 4363 aedificavit
2723 4306 3016 4374 civitatem,
3041 4318 3094 4365 ct
3121 4309 3192 4365 ibi
3221 4308 3354 4366 acdi-

1768 4399 1947 4455 licavit
1968 4400 2057 4457 ubi
2088 4398 2233 4455 nulla
2261 4409 2377 4456 erat
2408 4400 2615 4457 civitas.
2646 4402 2716 4459 Ut
2745 4416 2875 4457 vero
2901 4402 3255 4461 aediﬁcaretur
3270 4403 3357 4461 Je-

1768 4493 2025 4559 rusalem,
2050 4508 2155 4548 non
2176 4491 2251 4547 ibi
2270 4491 2529 4548 aediﬁcata
2554 4503 2635 4550 est
2658 4494 2745 4549 ubi
2770 4509 2876 4551 nou
2899 4503 3015 4550 erat
3033 4495 3238 4563 civitas,
3260 4496 3356 4554 sed

1766 4594 1882 4642 erat
1907 4586 2096 4642 civitas
2121 4586 2296 4658 primo
2325 4602 2443 4659 quae
2471 4584 2839 4661 appellabatur
2876 4587 3064 4657 Jebus,
3098 4590 3240 4646 unde
3266 4590 3358 4648 Je-

1765 4679 1955 4736 bussci.
1988 4677 2067 4735 Ea
2092 4688 2266 4750 capta,
2295 4677 2523 4747 devicta,
2553 4679 2813 4751 subjecta,
2832 4679 3091 4737 aediﬁcata
3113 4691 3195 4739 est
3216 4698 3354 4740 nova

1767 4774 1954 4829 civitas
1985 4781 2236 4846 tanquam
2273 4772 2543 4831 destructa
2590 4782 2803 4839 vetere;
2835 4781 2890 4830 et
2912 4775 3175 4845 appellata
3201 4776 3356 4833 Jeru-

1768 4867 1959 4936 salem,
1989 4865 2137 4922 Visio
2168 4869 2334 4939 pacis,
2363 4867 2551 4922 civitas
2579 4866 2675 4923 Dei
2701 4865 2836 4941 (los.
2861 4883 3010 4938 xvut,
3034 4870 3149 4943 28).
3180 4871 3356 4929 Unus-

1767 4962 1993 5035 quisque
2040 4975 2173 5033 ergo
2218 4970 2376 5016 natus
2423 4976 2491 5016 ex
2539 4959 2732 5029 Adam,
2763 4961 2997 5019 nondum
3029 4965 3259 5036 pertinet
3286 4967 3353 5037 ad

1767 5052 2062 5117 Jerusalem
2097 5062 2314 5125 :portat
2356 5054 2499 5110 enim
2548 5068 2732 5111 secum
2788 5056 3058 5114 traducem
3107 5057 3355 5129 iniquita-

1768 5146 1859 5216 tis,
1892 5161 2212 5219 poenamque
2239 5147 2465 5217 peccati,
2508 5147 2791 5218 deputatus
2820 5150 3009 5217 morti;
3042 5159 3097 5206 et
3126 5151 3357 5220 pertinet

1767 5238 2163 5312 quodammodo
2191 5238 2260 5294 ad
2285 5249 2519 5296 veterem
2547 5241 2830 5313 quamdam
2852 5242 3139 5305 civitatem.
3172 5242 3278 5300 Sed
3309 5244 3354 5300 si

1767 5328 1980 5388 futurus
2008 5340 2092 5388 est
2134 5332 2189 5388 in
2218 5333 2414 5404 populo
2441 5333 2560 5403 Dei,
2606 5334 2914 5392 destruetur
2940 5343 3111 5404 vetus,
3142 5345 3199 5393 et
3226 5337 3354 5393 ardi-

1768 5423 2016 5483 iicabitur
2044 5441 2233 5491 novus.
2282 5425 2408 5489 Ideo
2449 5443 2577 5500 ergo
2604 5428 2735 5488 Cain
2762 5430 3032 5489 civitatem
3072 5431 3355 5489 aediﬁcavit

1769 5520 1859 5579 ubi
1890 5535 1997 5577 non
2026 5529 2142 5577 erat
2167 5521 2376 5579 civitas.
2407 5526 2453 5579 A
2480 5524 2806 5581 mortalitate
2833 5525 2975 5582 enim
3005 5534 3061 5582 et
3085 5541 3118 5583 a
3148 5526 3351 5582 malitia

1765 5614 1991 5689 quisque
2016 5616 2219 5689 incipit,
2271 5628 2328 5679 ut
2371 5617 2463 5676 iiat
2486 5620 2656 5679 bonus
2693 5630 2900 5693 postea.
2933 5621 3078 5681 Sicut
3102 5623 3234 5679 enim
3264 5639 3354 5695 per

1764 5707 2152 5765 inobedientiam
2179 5712 2328 5766 unius
2354 5714 2594 5782 Itonunis,
2624 5722 2910 5785 peccatores
2936 5717 3189 5772 constituti
3235 5723 3357 5772 sunt

1764 5802 1944 5872 multi;
1973 5804 2048 5860 ita
2074 5820 2164 5876 per
2203 5804 2534 5861 obedientiam
2561 5808 2712 5863 unius
2742 5808 2979 5881 hominis,
3011 5810 3145 5884 justi
3168 5809 3357 5875 consti-

1765 5906 1968 5955 tuentur
1988 5898 2134 5957 multi
2152 5898 2331 5973 (Rom.
2351 5916 2408 5973 ν,
2432 5900 2546 5975 i9).
2569 5901 2641 5959 Et
2659 5919 2830 5960 omnes
2848 5904 2904 5960 in
2926 5903 3092 5962 Adam
3110 5906 3356 5962 morimur
