  <div class='ocr_page' id='page_1' title='image "/cluster/home/n/w/nwhite01/storage/ocr_20150623/36/uva.x000827105/381.png"; bbox 0 0 3912 6434; ppageno 0'>
   <div class='ocr_carea' id='block_1_1' title="bbox 550 358 659 421">
    <p class='ocr_par' dir='ltr' id='par_1_1' title="bbox 550 358 659 421">
     <span class='ocr_line' id='line_1_1' title="bbox 550 358 659 421; baseline 0.009 -1"><span class='ocrx_word' id='word_1_1' title='bbox 550 358 659 421; x_wconf 79' lang='lat'><strong>735</strong></span> 
     </span>
    </p>
   </div>
   <div class='ocr_carea' id='block_1_2' title="bbox 551 475 2138 555">
    <p class='ocr_par' dir='ltr' id='par_1_2' title="bbox 551 475 2138 555">
     <span class='ocr_line' id='line_1_2' title="bbox 551 475 2138 555; baseline -0.006 -15"><span class='ocrx_word' id='word_1_2' title='bbox 551 485 594 555; x_wconf 87' lang='grc' dir='ltr'><strong>(Ι</strong></span> <span class='ocrx_word' id='word_1_3' title='bbox 635 482 751 540; x_wconf 82' lang='lat' dir='ltr'><strong>Cor.</strong></span> <span class='ocrx_word' id='word_1_4' title='bbox 791 497 887 548; x_wconf 75' lang='lat' dir='ltr'><strong>xv,</strong></span> <span class='ocrx_word' id='word_1_5' title='bbox 913 480 1046 551; x_wconf 72' lang='lat'><strong>‘22);</strong></span> <span class='ocrx_word' id='word_1_6' title='bbox 1077 487 1132 535; x_wconf 91' lang='lat' dir='ltr'><strong>et</strong></span> <span class='ocrx_word' id='word_1_7' title='bbox 1170 477 1532 548; x_wconf 81' lang='lat' dir='ltr'><strong>unusquisque</strong></span> <span class='ocrx_word' id='word_1_8' title='bbox 1576 482 1815 530; x_wconf 89' lang='lat' dir='ltr'><strong>nostrum</strong></span> <span class='ocrx_word' id='word_1_9' title='bbox 1859 475 1926 529; x_wconf 88' lang='lat' dir='ltr'><strong>ab</strong></span> <span class='ocrx_word' id='word_1_10' title='bbox 1970 475 2138 530; x_wconf 73' lang='lat' dir='ltr'><strong>Atiam</strong></span> 
     </span>
    </p>
   </div>
   <div class='ocr_carea' id='block_1_3' title="bbox 552 567 2136 635">
    <p class='ocr_par' dir='ltr' id='par_1_3' title="bbox 552 567 2136 635">
     <span class='ocr_line' id='line_1_3' title="bbox 552 567 2136 635; baseline -0.006 -4"><span class='ocrx_word' id='word_1_11' title='bbox 552 585 706 631; x_wconf 91' lang='lat' dir='ltr'><strong>natus</strong></span> <span class='ocrx_word' id='word_1_12' title='bbox 749 584 849 630; x_wconf 90' lang='lat' dir='ltr'><strong>est.</strong></span> <span class='ocrx_word' id='word_1_13' title='bbox 881 573 1137 629; x_wconf 85' lang='lat' dir='ltr'><strong>Transeat</strong></span> <span class='ocrx_word' id='word_1_14' title='bbox 1161 570 1227 625; x_wconf 88' lang='lat' dir='ltr'><strong>ad</strong></span> <span class='ocrx_word' id='word_1_15' title='bbox 1252 569 1546 624; x_wconf 92' lang='lat' dir='ltr'><strong>Jerusalem</strong></span> <span class='ocrx_word' id='word_1_16' title='bbox 1573 583 1587 633; x_wconf 91' lang='lat'><strong>;</strong></span> <span class='ocrx_word' id='word_1_17' title='bbox 1614 567 1916 622; x_wconf 91' lang='lat' dir='ltr'><strong>destruetur</strong></span> <span class='ocrx_word' id='word_1_18' title='bbox 1942 578 2096 622; x_wconf 86' lang='lat' dir='ltr'><strong>vetus</strong></span> <span class='ocrx_word' id='word_1_19' title='bbox 2120 611 2136 635; x_wconf 92' lang='lat'><strong>,</strong></span> 
     </span>
    </p>
   </div>
   <div class='ocr_carea' id='block_1_4' title="bbox 554 659 2140 732">
    <p class='ocr_par' dir='ltr' id='par_1_4' title="bbox 554 659 2140 732">
     <span class='ocr_line' id='line_1_4' title="bbox 554 659 2140 732; baseline -0.007 -7"><span class='ocrx_word' id='word_1_20' title='bbox 554 680 604 725; x_wconf 89' lang='lat' dir='ltr'><strong>cl</strong></span> <span class='ocrx_word' id='word_1_21' title='bbox 634 667 979 722; x_wconf 73' lang='lat' dir='ltr'><strong>anlilicahilur</strong></span> <span class='ocrx_word' id='word_1_22' title='bbox 1009 680 1196 720; x_wconf 81' lang='lat' dir='ltr'><strong>novus.</strong></span> <span class='ocrx_word' id='word_1_23' title='bbox 1227 662 1502 732; x_wconf 79' lang='lat' dir='ltr'><strong>Tanquam</strong></span> <span class='ocrx_word' id='word_1_24' title='bbox 1525 660 1747 715; x_wconf 80' lang='lat' dir='ltr'><strong>devictis</strong></span> <span class='ocrx_word' id='word_1_25' title='bbox 1771 659 2051 726; x_wconf 66' lang='lat' dir='ltr'><strong>Jebttsa&#39;is,</strong></span> <span class='ocrx_word' id='word_1_26' title='bbox 2083 669 2140 715; x_wconf 92' lang='lat' dir='ltr'><strong>ut</strong></span> 
     </span>
    </p>
   </div>
   <div class='ocr_carea' id='block_1_5' title="bbox 550 745 2137 821">
    <p class='ocr_par' dir='ltr' id='par_1_5' title="bbox 550 745 2137 821">
     <span class='ocr_line' id='line_1_5' title="bbox 550 745 2137 821; baseline -0.007 -7"><span class='ocrx_word' id='word_1_27' title='bbox 550 761 844 814; x_wconf 69' lang='lat' dir='ltr'><strong>{ethlicetur</strong></span> <span class='ocrx_word' id='word_1_28' title='bbox 867 745 1182 821; x_wconf 83' lang='lat' dir='ltr'><strong>Jerusalem,</strong></span> <span class='ocrx_word' id='word_1_29' title='bbox 1211 754 1401 809; x_wconf 89' lang='lat' dir='ltr'><strong>dicitur</strong></span> <span class='ocrx_word' id='word_1_30' title='bbox 1433 771 1444 804; x_wconf 90' lang='lat'><strong>:</strong></span> <span class='ocrx_word' id='word_1_31' title='bbox 1481 751 1663 807; x_wconf 73' lang='lat' dir='ltr'><strong>Exuite</strong></span> <span class='ocrx_word' id='word_1_32' title='bbox 1689 768 1774 805; x_wconf 82' lang='lat' dir='ltr'><strong>vos</strong></span> <span class='ocrx_word' id='word_1_33' title='bbox 1801 761 2013 804; x_wconf 85' lang='lat' dir='ltr'><strong>veterem</strong></span> <span class='ocrx_word' id='word_1_34' title='bbox 2043 753 2137 804; x_wconf 86' lang='lat' dir='ltr'><strong>ho-</strong></span> 
     </span>
    </p>
   </div>
   <div class='ocr_carea' id='block_1_6' title="bbox 551 844 2140 918">
    <p class='ocr_par' dir='ltr' id='par_1_6' title="bbox 551 844 2140 918">
     <span class='ocr_line' id='line_1_6' title="bbox 551 844 2140 918; baseline -0.004 -12"><span class='ocrx_word' id='word_1_35' title='bbox 551 856 754 914; x_wconf 85' lang='lat' dir='ltr'><strong>minem,</strong></span> <span class='ocrx_word' id='word_1_36' title='bbox 796 861 840 905; x_wconf 88' lang='lat' dir='ltr'><strong>et</strong></span> <span class='ocrx_word' id='word_1_37' title='bbox 869 850 1061 903; x_wconf 76' lang='lat' dir='ltr'><strong>induite</strong></span> <span class='ocrx_word' id='word_1_38' title='bbox 1098 865 1281 902; x_wconf 82' lang='lat' dir='ltr'><strong>novum</strong></span> <span class='ocrx_word' id='word_1_39' title='bbox 1308 847 1523 918; x_wconf 79' lang='lat' dir='ltr'><strong>(Coloss.</strong></span> <span class='ocrx_word' id='word_1_40' title='bbox 1566 863 1642 909; x_wconf 89' lang='grc' dir='ltr'>ιιι,</span> <span class='ocrx_word' id='word_1_41' title='bbox 1681 844 1734 911; x_wconf 89' lang='lat'><strong>9,</strong></span> <span class='ocrx_word' id='word_1_42' title='bbox 1772 846 1884 914; x_wconf 83' lang='grc'><strong>10).</strong></span> <span class='ocrx_word' id='word_1_43' title='bbox 1917 844 2140 914; x_wconf 78' lang='lat' dir='ltr'><strong>Jamque</strong></span> 
     </span>
    </p>
   </div>
   <div class='ocr_carea' id='block_1_7' title="bbox 548 937 2136 1010">
    <p class='ocr_par' dir='ltr' id='par_1_7' title="bbox 548 937 2136 1010">
     <span class='ocr_line' id='line_1_7' title="bbox 548 937 2136 1010; baseline -0.004 -13"><span class='ocrx_word' id='word_1_44' title='bbox 548 941 822 997; x_wconf 72' lang='lat' dir='ltr'><strong>wdiliCatis</strong></span> <span class='ocrx_word' id='word_1_45' title='bbox 854 943 904 995; x_wconf 94' lang='lat' dir='ltr'><strong>in</strong></span> <span class='ocrx_word' id='word_1_46' title='bbox 949 941 1267 1004; x_wconf 86' lang='lat' dir='ltr'><strong>Jerusalem,</strong></span> <span class='ocrx_word' id='word_1_47' title='bbox 1298 951 1350 994; x_wconf 90' lang='lat' dir='ltr'><strong>et</strong></span> <span class='ocrx_word' id='word_1_48' title='bbox 1394 940 1578 1010; x_wconf 72' lang='lat' dir='ltr'><strong>gratia:</strong></span> <span class='ocrx_word' id='word_1_49' title='bbox 1626 939 1743 992; x_wconf 84' lang='lat' dir='ltr'><strong>lure</strong></span> <span class='ocrx_word' id='word_1_50' title='bbox 1775 937 2096 1007; x_wconf 74' lang='lat' dir='ltr'><strong>fulgentibus</strong></span> <span class='ocrx_word' id='word_1_51' title='bbox 2121 980 2136 1003; x_wconf 95' lang='lat'><strong>,</strong></span> 
     </span>
    </p>
   </div>
   <div class='ocr_carea' id='block_1_8' title="bbox 549 1031 2139 1103">
    <p class='ocr_par' dir='ltr' id='par_1_8' title="bbox 549 1031 2139 1103">
     <span class='ocr_line' id='line_1_8' title="bbox 549 1031 2139 1103; baseline -0.003 -13"><span class='ocrx_word' id='word_1_52' title='bbox 549 1036 741 1090; x_wconf 81' lang='lat' dir='ltr'><strong>dicitur</strong></span> <span class='ocrx_word' id='word_1_53' title='bbox 767 1052 786 1090; x_wconf 90' lang='lat'><strong><em>:</em></strong></span> <span class='ocrx_word' id='word_1_54' title='bbox 817 1033 1010 1089; x_wconf 67' lang='lat' dir='ltr'><strong>Fuisti:</strong></span> <span class='ocrx_word' id='word_1_55' title='bbox 1037 1034 1312 1103; x_wconf 79' lang='lat' dir='ltr'><strong>aliquando</strong></span> <span class='ocrx_word' id='word_1_56' title='bbox 1349 1031 1562 1086; x_wconf 63' lang='lat' dir='ltr'><strong>tenebris</strong></span> <span class='ocrx_word' id='word_1_57' title='bbox 1585 1048 1603 1095; x_wconf 88' lang='lat'><strong>;</strong></span> <span class='ocrx_word' id='word_1_58' title='bbox 1630 1048 1762 1085; x_wconf 87' lang='lat' dir='ltr'><strong>nunc</strong></span> <span class='ocrx_word' id='word_1_59' title='bbox 1784 1043 1948 1084; x_wconf 86' lang='lat' dir='ltr'><strong>autent</strong></span> <span class='ocrx_word' id='word_1_60' title='bbox 1976 1031 2069 1085; x_wconf 76' lang='lat' dir='ltr'><strong>tua:</strong></span> <span class='ocrx_word' id='word_1_61' title='bbox 2087 1031 2139 1085; x_wconf 87' lang='lat' dir='ltr'><strong>in</strong></span> 
     </span>
    </p>
   </div>
   <div class='ocr_carea' id='block_1_9' title="bbox 551 1121 2139 1196">
    <p class='ocr_par' dir='ltr' id='par_1_9' title="bbox 551 1121 2139 1196">
     <span class='ocr_line' id='line_1_9' title="bbox 551 1121 2139 1196; baseline -0.002 -16"><span class='ocrx_word' id='word_1_62' title='bbox 551 1125 771 1181; x_wconf 87' lang='lat' dir='ltr'><strong>Domino</strong></span> <span class='ocrx_word' id='word_1_63' title='bbox 796 1125 1010 1196; x_wconf 79' lang='lat' dir='ltr'><strong>(Ep/tes.</strong></span> <span class='ocrx_word' id='word_1_64' title='bbox 1035 1141 1087 1190; x_wconf 89' lang='lat' dir='ltr'><strong>v,</strong></span> <span class='ocrx_word' id='word_1_65' title='bbox 1111 1125 1187 1196; x_wconf 91' lang='lat'><strong>8).</strong></span> <span class='ocrx_word' id='word_1_66' title='bbox 1219 1123 1350 1178; x_wconf 79' lang='lat' dir='ltr'><strong>Mala</strong></span> <span class='ocrx_word' id='word_1_67' title='bbox 1367 1139 1495 1192; x_wconf 84' lang='lat' dir='ltr'><strong>ergo</strong></span> <span class='ocrx_word' id='word_1_68' title='bbox 1511 1123 1696 1177; x_wconf 84' lang='lat' dir='ltr'><strong>civitas</strong></span> <span class='ocrx_word' id='word_1_69' title='bbox 1716 1121 1784 1175; x_wconf 87' lang='lat' dir='ltr'><strong>ab</strong></span> <span class='ocrx_word' id='word_1_70' title='bbox 1801 1122 1950 1175; x_wconf 88' lang='lat' dir='ltr'><strong>initio</strong></span> <span class='ocrx_word' id='word_1_71' title='bbox 1973 1136 2139 1190; x_wconf 89' lang='lat' dir='ltr'><strong>usque</strong></span> 
     </span>
    </p>
   </div>
   <div class='ocr_carea' id='block_1_10' title="bbox 549 1216 2138 1286">
    <p class='ocr_par' dir='ltr' id='par_1_10' title="bbox 549 1216 2138 1286">
     <span class='ocr_line' id='line_1_10' title="bbox 549 1216 2138 1286; baseline -0.001 -13"><span class='ocrx_word' id='word_1_72' title='bbox 549 1219 602 1274; x_wconf 90' lang='lat' dir='ltr'><strong>in</strong></span> <span class='ocrx_word' id='word_1_73' title='bbox 633 1220 791 1274; x_wconf 82' lang='lat' dir='ltr'><strong>linem</strong></span> <span class='ocrx_word' id='word_1_74' title='bbox 831 1219 1036 1286; x_wconf 85' lang='lat' dir='ltr'><strong>currit;</strong></span> <span class='ocrx_word' id='word_1_75' title='bbox 1065 1226 1119 1273; x_wconf 90' lang='lat' dir='ltr'><strong>et</strong></span> <span class='ocrx_word' id='word_1_76' title='bbox 1148 1217 1286 1272; x_wconf 90' lang='lat' dir='ltr'><strong>bona</strong></span> <span class='ocrx_word' id='word_1_77' title='bbox 1329 1217 1515 1272; x_wconf 86' lang='lat' dir='ltr'><strong>civitas</strong></span> <span class='ocrx_word' id='word_1_78' title='bbox 1552 1216 1848 1272; x_wconf 88' lang='lat' dir='ltr'><strong>mutatione</strong></span> <span class='ocrx_word' id='word_1_79' title='bbox 1876 1216 2138 1272; x_wconf 90' lang='lat' dir='ltr'><strong>malorum</strong></span> 
     </span>
    </p>
   </div>
   <div class='ocr_carea' id='block_1_11' title="bbox 551 1313 815 1369">
    <p class='ocr_par' dir='ltr' id='par_1_11' title="bbox 551 1313 815 1369">
     <span class='ocr_line' id='line_1_11' title="bbox 551 1313 815 1369; baseline 0.008 -2"><span class='ocrx_word' id='word_1_80' title='bbox 551 1313 815 1369; x_wconf 86' lang='lat' dir='ltr'><strong>conditur.</strong></span> 
     </span>
    </p>
   </div>
   <div class='ocr_carea' id='block_1_12' title="bbox 623 1401 2139 1470">
    <p class='ocr_par' dir='ltr' id='par_1_12' title="bbox 623 1401 2139 1470">
     <span class='ocr_line' id='line_1_12' title="bbox 623 1401 2139 1470; baseline -0.003 -9"><span class='ocrx_word' id='word_1_81' title='bbox 623 1406 674 1462; x_wconf 89' lang='lat'><strong>8.</strong></span> <span class='ocrx_word' id='word_1_82' title='bbox 708 1405 774 1459; x_wconf 84' lang='lat' dir='ltr'><strong>Et</strong></span> <span class='ocrx_word' id='word_1_83' title='bbox 802 1414 926 1460; x_wconf 89' lang='lat' dir='ltr'><strong>sunt</strong></span> <span class='ocrx_word' id='word_1_84' title='bbox 956 1404 1071 1458; x_wconf 65' lang='lat' dir='ltr'><strong>istae</strong></span> <span class='ocrx_word' id='word_1_85' title='bbox 1095 1402 1214 1458; x_wconf 66' lang='lat' dir='ltr'><strong>dua:</strong></span> <span class='ocrx_word' id='word_1_86' title='bbox 1243 1401 1482 1457; x_wconf 87' lang='lat' dir='ltr'><strong>civitates</strong></span> <span class='ocrx_word' id='word_1_87' title='bbox 1507 1402 1782 1470; x_wconf 75' lang='lat' dir='ltr'><strong>permixta:</strong></span> <span class='ocrx_word' id='word_1_88' title='bbox 1809 1401 2020 1456; x_wconf 88' lang='lat' dir='ltr'><strong>interim</strong></span> <span class='ocrx_word' id='word_1_89' title='bbox 2046 1420 2060 1469; x_wconf 91' lang='lat'><strong>;</strong></span> <span class='ocrx_word' id='word_1_90' title='bbox 2086 1402 2139 1458; x_wconf 91' lang='lat' dir='ltr'><strong>in</strong></span> 
     </span>
    </p>
   </div>
   <div class='ocr_carea' id='block_1_13' title="bbox 554 1493 2137 1567">
    <p class='ocr_par' dir='ltr' id='par_1_13' title="bbox 554 1493 2137 1567">
     <span class='ocr_line' id='line_1_13' title="bbox 554 1493 2137 1567; baseline -0.001 -17"><span class='ocrx_word' id='word_1_91' title='bbox 554 1498 661 1552; x_wconf 83' lang='lat' dir='ltr'><strong>ﬁne</strong></span> <span class='ocrx_word' id='word_1_92' title='bbox 705 1496 1014 1567; x_wconf 76' lang='lat' dir='ltr'><strong>separanda:</strong></span> <span class='ocrx_word' id='word_1_93' title='bbox 1047 1513 1061 1551; x_wconf 88' lang='lat'><strong>:</strong></span> <span class='ocrx_word' id='word_1_94' title='bbox 1092 1493 1347 1549; x_wconf 84' lang='lat' dir='ltr'><strong>adversus</strong></span> <span class='ocrx_word' id='word_1_95' title='bbox 1379 1509 1438 1549; x_wconf 90' lang='lat' dir='ltr'><strong>se</strong></span> <span class='ocrx_word' id='word_1_96' title='bbox 1481 1494 1709 1548; x_wconf 87' lang='lat' dir='ltr'><strong>invicem</strong></span> <span class='ocrx_word' id='word_1_97' title='bbox 1747 1493 2137 1564; x_wconf 81' lang='lat' dir='ltr'><strong>conﬂigentes;</strong></span> 
     </span>
    </p>
   </div>
   <div class='ocr_carea' id='block_1_14' title="bbox 554 1585 2143 1658">
    <p class='ocr_par' dir='ltr' id='par_1_14' title="bbox 554 1585 2143 1658">
     <span class='ocr_line' id='line_1_14' title="bbox 554 1585 2143 1658; baseline -0.001 -17"><span class='ocrx_word' id='word_1_98' title='bbox 554 1603 659 1642; x_wconf 89' lang='lat' dir='ltr'><strong>una</strong></span> <span class='ocrx_word' id='word_1_99' title='bbox 690 1603 785 1658; x_wconf 91' lang='lat' dir='ltr'><strong>pro</strong></span> <span class='ocrx_word' id='word_1_100' title='bbox 811 1587 1103 1657; x_wconf 86' lang='lat' dir='ltr'><strong>iniquitate,</strong></span> <span class='ocrx_word' id='word_1_101' title='bbox 1134 1587 1300 1641; x_wconf 84' lang='lat' dir='ltr'><strong>altera</strong></span> <span class='ocrx_word' id='word_1_102' title='bbox 1344 1601 1438 1656; x_wconf 88' lang='lat' dir='ltr'><strong>pro</strong></span> <span class='ocrx_word' id='word_1_103' title='bbox 1457 1585 1659 1656; x_wconf 90' lang='lat' dir='ltr'><strong>justitia</strong></span> <span class='ocrx_word' id='word_1_104' title='bbox 1689 1603 1702 1651; x_wconf 95' lang='lat'><strong>;</strong></span> <span class='ocrx_word' id='word_1_105' title='bbox 1733 1601 1834 1640; x_wconf 90' lang='lat' dir='ltr'><strong>una</strong></span> <span class='ocrx_word' id='word_1_106' title='bbox 1867 1601 1963 1656; x_wconf 88' lang='lat' dir='ltr'><strong>pro</strong></span> <span class='ocrx_word' id='word_1_107' title='bbox 1994 1587 2143 1640; x_wconf 88' lang='lat' dir='ltr'><strong>vani-</strong></span> 
     </span>
    </p>
   </div>
   <div class='ocr_carea' id='block_1_15' title="bbox 556 1676 2143 1751">
    <p class='ocr_par' dir='ltr' id='par_1_15' title="bbox 556 1676 2143 1751">
     <span class='ocr_line' id='line_1_15' title="bbox 556 1676 2143 1751; baseline -0.001 -16"><span class='ocrx_word' id='word_1_108' title='bbox 556 1689 684 1745; x_wconf 86' lang='lat' dir='ltr'><strong>tate,</strong></span> <span class='ocrx_word' id='word_1_109' title='bbox 709 1681 872 1734; x_wconf 81' lang='lat' dir='ltr'><strong>allera</strong></span> <span class='ocrx_word' id='word_1_110' title='bbox 901 1695 995 1751; x_wconf 89' lang='lat' dir='ltr'><strong>pro</strong></span> <span class='ocrx_word' id='word_1_111' title='bbox 1017 1681 1256 1735; x_wconf 85' lang='lat' dir='ltr'><strong>veritate.</strong></span> <span class='ocrx_word' id='word_1_112' title='bbox 1290 1679 1356 1733; x_wconf 86' lang='lat' dir='ltr'><strong>Et</strong></span> <span class='ocrx_word' id='word_1_113' title='bbox 1378 1676 1663 1747; x_wconf 88' lang='lat' dir='ltr'><strong>aliquando</strong></span> <span class='ocrx_word' id='word_1_114' title='bbox 1693 1678 1804 1748; x_wconf 83' lang='lat' dir='ltr'><strong>ipsa</strong></span> <span class='ocrx_word' id='word_1_115' title='bbox 1833 1679 2143 1734; x_wconf 81' lang='lat' dir='ltr'><strong>commixtio</strong></span> 
     </span>
    </p>
   </div>
   <div class='ocr_carea' id='block_1_16' title="bbox 557 1767 2142 1842">
    <p class='ocr_par' dir='ltr' id='par_1_16' title="bbox 557 1767 2142 1842">
     <span class='ocr_line' id='line_1_16' title="bbox 557 1767 2142 1842; baseline -0.002 -16"><span class='ocrx_word' id='word_1_116' title='bbox 557 1771 864 1842; x_wconf 83' lang='lat' dir='ltr'><strong>temporalis</strong></span> <span class='ocrx_word' id='word_1_117' title='bbox 909 1770 1049 1835; x_wconf 79' lang='lat' dir='ltr'><strong>iacit,</strong></span> <span class='ocrx_word' id='word_1_118' title='bbox 1097 1781 1153 1824; x_wconf 91' lang='lat' dir='ltr'><strong>ut</strong></span> <span class='ocrx_word' id='word_1_119' title='bbox 1177 1768 1388 1840; x_wconf 90' lang='lat' dir='ltr'><strong>quidam</strong></span> <span class='ocrx_word' id='word_1_120' title='bbox 1424 1770 1751 1838; x_wconf 87' lang='lat' dir='ltr'><strong>pertinentes</strong></span> <span class='ocrx_word' id='word_1_121' title='bbox 1779 1767 1844 1823; x_wconf 89' lang='lat' dir='ltr'><strong>ad</strong></span> <span class='ocrx_word' id='word_1_122' title='bbox 1875 1769 2142 1824; x_wconf 87' lang='lat' dir='ltr'><strong>civitatem</strong></span> 
     </span>
    </p>
   </div>
   <div class='ocr_carea' id='block_1_17' title="bbox 555 1859 2146 1935">
    <p class='ocr_par' dir='ltr' id='par_1_17' title="bbox 555 1859 2146 1935">
     <span class='ocr_line' id='line_1_17' title="bbox 555 1859 2146 1935; baseline -0.002 -17"><span class='ocrx_word' id='word_1_123' title='bbox 555 1862 920 1935; x_wconf 78' lang='lat' dir='ltr'><strong>Babyloniam,</strong></span> <span class='ocrx_word' id='word_1_124' title='bbox 951 1862 1324 1916; x_wconf 80' lang='lat' dir='ltr'><strong>administrent</strong></span> <span class='ocrx_word' id='word_1_125' title='bbox 1353 1876 1436 1913; x_wconf 88' lang='lat' dir='ltr'><strong>res</strong></span> <span class='ocrx_word' id='word_1_126' title='bbox 1465 1861 1795 1930; x_wconf 79' lang='lat' dir='ltr'><strong>pertinentes</strong></span> <span class='ocrx_word' id='word_1_127' title='bbox 1823 1860 1887 1914; x_wconf 89' lang='lat' dir='ltr'><strong>atl</strong></span> <span class='ocrx_word' id='word_1_128' title='bbox 1927 1859 2146 1915; x_wconf 86' lang='lat' dir='ltr'><strong>Jerusa-</strong></span> 
     </span>
    </p>
   </div>
   <div class='ocr_carea' id='block_1_18' title="bbox 553 1949 2142 2022">
    <p class='ocr_par' dir='ltr' id='par_1_18' title="bbox 553 1949 2142 2022">
     <span class='ocr_line' id='line_1_18' title="bbox 553 1949 2142 2022; baseline -0.001 -15"><span class='ocrx_word' id='word_1_129' title='bbox 553 1954 698 2019; x_wconf 86' lang='lat' dir='ltr'><strong>lem;</strong></span> <span class='ocrx_word' id='word_1_130' title='bbox 731 1962 785 2009; x_wconf 90' lang='lat' dir='ltr'><strong>et</strong></span> <span class='ocrx_word' id='word_1_131' title='bbox 827 1967 1036 2008; x_wconf 87' lang='lat' dir='ltr'><strong>rursum</strong></span> <span class='ocrx_word' id='word_1_132' title='bbox 1078 1951 1292 2022; x_wconf 91' lang='lat' dir='ltr'><strong>quidam</strong></span> <span class='ocrx_word' id='word_1_133' title='bbox 1338 1951 1665 2020; x_wconf 89' lang='lat' dir='ltr'><strong>pertinentes</strong></span> <span class='ocrx_word' id='word_1_134' title='bbox 1703 1950 1768 2004; x_wconf 88' lang='lat' dir='ltr'><strong>ad</strong></span> <span class='ocrx_word' id='word_1_135' title='bbox 1807 1949 2142 2020; x_wconf 81' lang='lat' dir='ltr'><strong>Jerusalem,</strong></span> 
     </span>
    </p>
   </div>
   <div class='ocr_carea' id='block_1_19' title="bbox 555 2042 2145 2115">
    <p class='ocr_par' dir='ltr' id='par_1_19' title="bbox 555 2042 2145 2115">
     <span class='ocr_line' id='line_1_19' title="bbox 555 2042 2145 2115; baseline -0.004 -11"><span class='ocrx_word' id='word_1_136' title='bbox 555 2049 928 2104; x_wconf 86' lang='lat' dir='ltr'><strong>administrent</strong></span> <span class='ocrx_word' id='word_1_137' title='bbox 959 2060 1044 2102; x_wconf 88' lang='lat' dir='ltr'><strong>res</strong></span> <span class='ocrx_word' id='word_1_138' title='bbox 1075 2046 1402 2115; x_wconf 88' lang='lat' dir='ltr'><strong>pertinentes</strong></span> <span class='ocrx_word' id='word_1_139' title='bbox 1428 2044 1493 2098; x_wconf 90' lang='lat' dir='ltr'><strong>ad</strong></span> <span class='ocrx_word' id='word_1_140' title='bbox 1524 2043 1890 2115; x_wconf 81' lang='lat' dir='ltr'><strong>Babyloniam.</strong></span> <span class='ocrx_word' id='word_1_141' title='bbox 1923 2042 2145 2098; x_wconf 81' lang='lat' dir='ltr'><strong>Difﬁcile</strong></span> 
     </span>
    </p>
   </div>
   <div class='ocr_carea' id='block_1_20' title="bbox 554 2136 2147 2212">
    <p class='ocr_par' dir='ltr' id='par_1_20' title="bbox 554 2136 2147 2212">
     <span class='ocr_line' id='line_1_20' title="bbox 554 2136 2147 2212; baseline -0.004 -14"><span class='ocrx_word' id='word_1_142' title='bbox 554 2142 752 2212; x_wconf 87' lang='lat' dir='ltr'><strong>aliquid</strong></span> <span class='ocrx_word' id='word_1_143' title='bbox 776 2139 1084 2212; x_wconf 78' lang='lat' dir='ltr'><strong>promisisse</strong></span> <span class='ocrx_word' id='word_1_144' title='bbox 1106 2137 1310 2194; x_wconf 89' lang='lat' dir='ltr'><strong>videor.</strong></span> <span class='ocrx_word' id='word_1_145' title='bbox 1343 2138 1610 2192; x_wconf 85' lang='lat' dir='ltr'><strong>Patientes</strong></span> <span class='ocrx_word' id='word_1_146' title='bbox 1631 2146 1824 2203; x_wconf 87' lang='lat' dir='ltr'><strong>estote,</strong></span> <span class='ocrx_word' id='word_1_147' title='bbox 1849 2136 2022 2192; x_wconf 90' lang='lat' dir='ltr'><strong>donec</strong></span> <span class='ocrx_word' id='word_1_148' title='bbox 2049 2137 2147 2192; x_wconf 90' lang='lat' dir='ltr'><strong>de-</strong></span> 
     </span>
    </p>
   </div>
   <div class='ocr_carea' id='block_1_21' title="bbox 555 2230 2142 2306">
    <p class='ocr_par' dir='ltr' id='par_1_21' title="bbox 555 2230 2142 2306">
     <span class='ocr_line' id='line_1_21' title="bbox 555 2230 2142 2306; baseline -0.005 -14"><span class='ocrx_word' id='word_1_149' title='bbox 555 2247 886 2292; x_wconf 81' lang='lat' dir='ltr'><strong>monSIretur</strong></span> <span class='ocrx_word' id='word_1_150' title='bbox 910 2236 1190 2306; x_wconf 81' lang='lat' dir='ltr'><strong>exemplis.</strong></span> <span class='ocrx_word' id='word_1_151' title='bbox 1222 2233 1414 2290; x_wconf 89' lang='lat' dir='ltr'><strong>Omnia</strong></span> <span class='ocrx_word' id='word_1_152' title='bbox 1447 2233 1586 2288; x_wconf 89' lang='lat' dir='ltr'><strong>enim</strong></span> <span class='ocrx_word' id='word_1_153' title='bbox 1619 2233 1669 2288; x_wconf 91' lang='lat' dir='ltr'><strong>in</strong></span> <span class='ocrx_word' id='word_1_154' title='bbox 1699 2242 1880 2287; x_wconf 87' lang='lat' dir='ltr'><strong>vetere</strong></span> <span class='ocrx_word' id='word_1_155' title='bbox 1909 2230 2102 2301; x_wconf 91' lang='lat' dir='ltr'><strong>populo</strong></span> <span class='ocrx_word' id='word_1_156' title='bbox 2127 2271 2142 2296; x_wconf 92' lang='lat'><strong>,</strong></span> 
     </span>
    </p>
   </div>
   <div class='ocr_carea' id='block_1_22' title="bbox 555 2323 2145 2397">
    <p class='ocr_par' dir='ltr' id='par_1_22' title="bbox 555 2323 2145 2397">
     <span class='ocr_line' id='line_1_22' title="bbox 555 2323 2145 2397; baseline -0.004 -13"><span class='ocrx_word' id='word_1_157' title='bbox 555 2331 692 2385; x_wconf 86' lang='lat' dir='ltr'><strong>sicut</strong></span> <span class='ocrx_word' id='word_1_158' title='bbox 737 2328 922 2386; x_wconf 84' lang='lat' dir='ltr'><strong>scribit</strong></span> <span class='ocrx_word' id='word_1_159' title='bbox 968 2327 1277 2397; x_wconf 85' lang='lat' dir='ltr'><strong>Apostolus,</strong></span> <span class='ocrx_word' id='word_1_160' title='bbox 1324 2326 1376 2379; x_wconf 88' lang='lat' dir='ltr'><strong>in</strong></span> <span class='ocrx_word' id='word_1_161' title='bbox 1417 2325 1582 2396; x_wconf 84' lang='lat' dir='ltr'><strong>ﬁgura</strong></span> <span class='ocrx_word' id='word_1_162' title='bbox 1623 2323 1978 2394; x_wconf 82' lang='lat' dir='ltr'><strong>contingebant</strong></span> <span class='ocrx_word' id='word_1_163' title='bbox 2024 2323 2097 2377; x_wconf 75' lang='lat' dir='ltr'><strong>eis</strong></span> <span class='ocrx_word' id='word_1_164' title='bbox 2125 2339 2145 2378; x_wconf 89' lang='lat'><strong><em>:</em></strong></span> 
     </span>
    </p>
   </div>
   <div class='ocr_carea' id='block_1_23' title="bbox 555 2416 2146 2488">
    <p class='ocr_par' dir='ltr' id='par_1_23' title="bbox 555 2416 2146 2488">
     <span class='ocr_line' id='line_1_23' title="bbox 555 2416 2146 2488; baseline -0.005 -11"><span class='ocrx_word' id='word_1_165' title='bbox 555 2423 742 2488; x_wconf 77' lang='lat' dir='ltr'><strong>scripta</strong></span> <span class='ocrx_word' id='word_1_166' title='bbox 761 2431 876 2476; x_wconf 77' lang='lat' dir='ltr'><strong>sunt</strong></span> <span class='ocrx_word' id='word_1_167' title='bbox 896 2431 1064 2474; x_wconf 87' lang='lat' dir='ltr'><strong>autem</strong></span> <span class='ocrx_word' id='word_1_168' title='bbox 1089 2420 1156 2472; x_wconf 88' lang='lat' dir='ltr'><strong>ad</strong></span> <span class='ocrx_word' id='word_1_169' title='bbox 1175 2419 1532 2482; x_wconf 82' lang='lat' dir='ltr'><strong>correctionem</strong></span> <span class='ocrx_word' id='word_1_170' title='bbox 1555 2427 1780 2472; x_wconf 78' lang='lat' dir='ltr'><strong>nostram</strong></span> <span class='ocrx_word' id='word_1_171' title='bbox 1801 2417 1852 2470; x_wconf 89' lang='lat' dir='ltr'><strong>in</strong></span> <span class='ocrx_word' id='word_1_172' title='bbox 1881 2433 2004 2486; x_wconf 82' lang='lat' dir='ltr'><strong>quos</strong></span> <span class='ocrx_word' id='word_1_173' title='bbox 2027 2416 2146 2486; x_wconf 80' lang='lat' dir='ltr'><strong>ﬁnis</strong></span> 
     </span>
    </p>
   </div>
   <div class='ocr_carea' id='block_1_24' title="bbox 557 2507 2145 2583">
    <p class='ocr_par' dir='ltr' id='par_1_24' title="bbox 557 2507 2145 2583">
     <span class='ocr_line' id='line_1_24' title="bbox 557 2507 2145 2583; baseline -0.003 -17"><span class='ocrx_word' id='word_1_174' title='bbox 557 2514 860 2567; x_wconf 71' lang='lat' dir='ltr'><strong>mentorum</strong></span> <span class='ocrx_word' id='word_1_175' title='bbox 897 2511 1090 2566; x_wconf 84' lang='lat' dir='ltr'><strong>obvenit</strong></span> <span class='ocrx_word' id='word_1_176' title='bbox 1119 2512 1161 2583; x_wconf 93' lang='lat' dir='ltr'><strong>(l</strong></span> <span class='ocrx_word' id='word_1_177' title='bbox 1192 2510 1310 2565; x_wconf 77' lang='lat' dir='ltr'><strong>Cor.</strong></span> <span class='ocrx_word' id='word_1_178' title='bbox 1345 2525 1398 2577; x_wconf 72' lang='grc' dir='ltr'>κ,</span> <span class='ocrx_word' id='word_1_179' title='bbox 1434 2507 1544 2577; x_wconf 80' lang='grc' dir='ltr'><strong>Η).</strong></span> <span class='ocrx_word' id='word_1_180' title='bbox 1599 2509 1865 2580; x_wconf 83' lang='lat' dir='ltr'><strong>Respicite</strong></span> <span class='ocrx_word' id='word_1_181' title='bbox 1891 2523 2018 2579; x_wconf 91' lang='lat' dir='ltr'><strong>ergo</strong></span> <span class='ocrx_word' id='word_1_182' title='bbox 2048 2523 2145 2578; x_wconf 84' lang='lat' dir='ltr'><strong>po-</strong></span> 
     </span>
    </p>
   </div>
   <div class='ocr_carea' id='block_1_25' title="bbox 560 2603 2143 2677">
    <p class='ocr_par' dir='ltr' id='par_1_25' title="bbox 560 2603 2143 2677">
     <span class='ocr_line' id='line_1_25' title="bbox 560 2603 2143 2677; baseline -0.003 -17"><span class='ocrx_word' id='word_1_183' title='bbox 560 2606 743 2677; x_wconf 88' lang='lat' dir='ltr'><strong>pulum</strong></span> <span class='ocrx_word' id='word_1_184' title='bbox 769 2606 914 2660; x_wconf 90' lang='lat' dir='ltr'><strong>illum</strong></span> <span class='ocrx_word' id='word_1_185' title='bbox 945 2606 1192 2675; x_wconf 89' lang='lat' dir='ltr'><strong>primum,</strong></span> <span class='ocrx_word' id='word_1_186' title='bbox 1219 2604 1444 2675; x_wconf 89' lang='lat' dir='ltr'><strong>positum</strong></span> <span class='ocrx_word' id='word_1_187' title='bbox 1467 2604 1626 2660; x_wconf 89' lang='lat' dir='ltr'><strong>etiam</strong></span> <span class='ocrx_word' id='word_1_188' title='bbox 1652 2603 1718 2658; x_wconf 89' lang='lat' dir='ltr'><strong>ad</strong></span> <span class='ocrx_word' id='word_1_189' title='bbox 1739 2603 2143 2673; x_wconf 74' lang='lat' dir='ltr'><strong>signiﬁcandum</strong></span> 
     </span>
    </p>
   </div>
   <div class='ocr_carea' id='block_1_26' title="bbox 558 2691 2146 2767">
    <p class='ocr_par' dir='ltr' id='par_1_26' title="bbox 558 2691 2146 2767">
     <span class='ocr_line' id='line_1_26' title="bbox 558 2691 2146 2767; baseline -0.002 -16"><span class='ocrx_word' id='word_1_190' title='bbox 558 2697 809 2767; x_wconf 81' lang='lat' dir='ltr'><strong>pOpultlm</strong></span> <span class='ocrx_word' id='word_1_191' title='bbox 852 2697 1234 2766; x_wconf 88' lang='lat' dir='ltr'><strong>posteriorem;</strong></span> <span class='ocrx_word' id='word_1_192' title='bbox 1268 2703 1322 2750; x_wconf 90' lang='lat' dir='ltr'><strong>et</strong></span> <span class='ocrx_word' id='word_1_193' title='bbox 1367 2694 1542 2749; x_wconf 83' lang='lat' dir='ltr'><strong>videte</strong></span> <span class='ocrx_word' id='word_1_194' title='bbox 1572 2693 1641 2748; x_wconf 90' lang='lat' dir='ltr'><strong>ibi</strong></span> <span class='ocrx_word' id='word_1_195' title='bbox 1671 2710 1790 2765; x_wconf 64' lang='lat' dir='ltr'><strong>qua:</strong></span> <span class='ocrx_word' id='word_1_196' title='bbox 1817 2693 1960 2749; x_wconf 84' lang='lat' dir='ltr'><strong>dico.</strong></span> <span class='ocrx_word' id='word_1_197' title='bbox 2011 2691 2146 2748; x_wconf 83' lang='lat' dir='ltr'><strong>Fue-</strong></span> 
     </span>
    </p>
   </div>
   <div class='ocr_carea' id='block_1_27' title="bbox 559 2785 2145 2860">
    <p class='ocr_par' dir='ltr' id='par_1_27' title="bbox 559 2785 2145 2860">
     <span class='ocr_line' id='line_1_27' title="bbox 559 2785 2145 2860; baseline -0.003 -17"><span class='ocrx_word' id='word_1_198' title='bbox 559 2798 683 2844; x_wconf 91' lang='lat' dir='ltr'><strong>runt</strong></span> <span class='ocrx_word' id='word_1_199' title='bbox 713 2803 867 2859; x_wconf 86' lang='lat' dir='ltr'><strong>reges</strong></span> <span class='ocrx_word' id='word_1_200' title='bbox 905 2787 1080 2857; x_wconf 91' lang='lat' dir='ltr'><strong>magni</strong></span> <span class='ocrx_word' id='word_1_201' title='bbox 1112 2786 1186 2860; x_wconf 91' lang='lat' dir='ltr'><strong>(a)</strong></span> <span class='ocrx_word' id='word_1_202' title='bbox 1218 2787 1268 2840; x_wconf 91' lang='lat' dir='ltr'><strong>in</strong></span> <span class='ocrx_word' id='word_1_203' title='bbox 1310 2785 1605 2843; x_wconf 87' lang='lat' dir='ltr'><strong>Jerusalem</strong></span> <span class='ocrx_word' id='word_1_204' title='bbox 1639 2802 1654 2850; x_wconf 92' lang='lat'><strong>;</strong></span> <span class='ocrx_word' id='word_1_205' title='bbox 1685 2793 1865 2840; x_wconf 89' lang='lat' dir='ltr'><strong>notum</strong></span> <span class='ocrx_word' id='word_1_206' title='bbox 1886 2794 2005 2851; x_wconf 90' lang='lat' dir='ltr'><strong>est;</strong></span> <span class='ocrx_word' id='word_1_207' title='bbox 2043 2800 2145 2839; x_wconf 92' lang='lat' dir='ltr'><strong>nu-</strong></span> 
     </span>
    </p>
   </div>
   <div class='ocr_carea' id='block_1_28' title="bbox 558 2877 2146 2948">
    <p class='ocr_par' dir='ltr' id='par_1_28' title="bbox 558 2877 2146 2948">
     <span class='ocr_line' id='line_1_28' title="bbox 558 2877 2146 2948; baseline -0.001 -14"><span class='ocrx_word' id='word_1_208' title='bbox 558 2889 848 2944; x_wconf 89' lang='lat' dir='ltr'><strong>merantur,</strong></span> <span class='ocrx_word' id='word_1_209' title='bbox 873 2879 1236 2933; x_wconf 87' lang='lat' dir='ltr'><strong>nominantur.</strong></span> <span class='ocrx_word' id='word_1_210' title='bbox 1267 2877 1466 2932; x_wconf 88' lang='lat' dir='ltr'><strong>Omnes</strong></span> <span class='ocrx_word' id='word_1_211' title='bbox 1486 2893 1614 2947; x_wconf 85' lang='lat' dir='ltr'><strong>ergo</strong></span> <span class='ocrx_word' id='word_1_212' title='bbox 1638 2877 1802 2948; x_wconf 88' lang='lat' dir='ltr'><strong>iniqui</strong></span> <span class='ocrx_word' id='word_1_213' title='bbox 1824 2879 1967 2934; x_wconf 90' lang='lat' dir='ltr'><strong>cives</strong></span> <span class='ocrx_word' id='word_1_214' title='bbox 1991 2887 2146 2933; x_wconf 89' lang='lat' dir='ltr'><strong>erant</strong></span> 
     </span>
    </p>
   </div>
   <div class='ocr_carea' id='block_1_29' title="bbox 558 2969 2145 3043">
    <p class='ocr_par' dir='ltr' id='par_1_29' title="bbox 558 2969 2145 3043">
     <span class='ocr_line' id='line_1_29' title="bbox 558 2969 2145 3043; baseline -0.001 -17"><span class='ocrx_word' id='word_1_215' title='bbox 558 2971 880 3043; x_wconf 63' lang='lat' dir='ltr'><strong>Babyloniae,</strong></span> <span class='ocrx_word' id='word_1_216' title='bbox 913 2979 967 3026; x_wconf 91' lang='lat' dir='ltr'><strong>et</strong></span> <span class='ocrx_word' id='word_1_217' title='bbox 990 2969 1429 3026; x_wconf 81' lang='lat' dir='ltr'><strong>administrabant</strong></span> <span class='ocrx_word' id='word_1_218' title='bbox 1470 2985 1559 3026; x_wconf 88' lang='lat' dir='ltr'><strong>res</strong></span> <span class='ocrx_word' id='word_1_219' title='bbox 1585 2969 1884 3026; x_wconf 88' lang='lat' dir='ltr'><strong>Jerusalem</strong></span> <span class='ocrx_word' id='word_1_220' title='bbox 1914 2989 1926 3025; x_wconf 94' lang='lat'>:</span> <span class='ocrx_word' id='word_1_221' title='bbox 1958 2985 2145 3025; x_wconf 90' lang='lat' dir='ltr'><strong>omnes</strong></span> 
     </span>
    </p>
   </div>
   <div class='ocr_carea' id='block_1_30' title="bbox 557 3061 2146 3132">
    <p class='ocr_par' dir='ltr' id='par_1_30' title="bbox 557 3061 2146 3132">
     <span class='ocr_line' id='line_1_30' title="bbox 557 3061 2146 3132; baseline -0.001 -14"><span class='ocrx_word' id='word_1_222' title='bbox 557 3063 610 3119; x_wconf 92' lang='lat' dir='ltr'><strong>in</strong></span> <span class='ocrx_word' id='word_1_223' title='bbox 639 3065 793 3118; x_wconf 87' lang='lat' dir='ltr'><strong>linem</strong></span> <span class='ocrx_word' id='word_1_224' title='bbox 825 3063 946 3118; x_wconf 91' lang='lat' dir='ltr'><strong>inde</strong></span> <span class='ocrx_word' id='word_1_225' title='bbox 980 3062 1283 3132; x_wconf 83' lang='lat' dir='ltr'><strong>separandi,</strong></span> <span class='ocrx_word' id='word_1_226' title='bbox 1312 3063 1523 3117; x_wconf 87' lang='lat' dir='ltr'><strong>nonnisi</strong></span> <span class='ocrx_word' id='word_1_227' title='bbox 1552 3061 1617 3117; x_wconf 90' lang='lat' dir='ltr'><strong>ad</strong></span> <span class='ocrx_word' id='word_1_228' title='bbox 1663 3062 1933 3117; x_wconf 88' lang='lat' dir='ltr'><strong>diabolum</strong></span> <span class='ocrx_word' id='word_1_229' title='bbox 1981 3065 2146 3132; x_wconf 81' lang='lat' dir='ltr'><strong>perti-</strong></span> 
     </span>
    </p>
   </div>
   <div class='ocr_carea' id='block_1_31' title="bbox 558 3154 2145 3216">
    <p class='ocr_par' dir='ltr' id='par_1_31' title="bbox 558 3154 2145 3216">
     <span class='ocr_line' id='line_1_31' title="bbox 558 3154 2145 3216; baseline -0.001 -4"><span class='ocrx_word' id='word_1_230' title='bbox 558 3168 704 3216; x_wconf 80' lang='lat' dir='ltr'><strong>nent.</strong></span> <span class='ocrx_word' id='word_1_231' title='bbox 737 3157 940 3212; x_wconf 78' lang='lat' dir='ltr'><strong>Rursus</strong></span> <span class='ocrx_word' id='word_1_232' title='bbox 984 3156 1283 3210; x_wconf 77' lang='lat' dir='ltr'><strong>invenimus</strong></span> <span class='ocrx_word' id='word_1_233' title='bbox 1312 3157 1456 3211; x_wconf 92' lang='lat' dir='ltr'><strong>cives</strong></span> <span class='ocrx_word' id='word_1_234' title='bbox 1483 3155 1552 3210; x_wconf 92' lang='lat' dir='ltr'><strong>de</strong></span> <span class='ocrx_word' id='word_1_235' title='bbox 1590 3154 1884 3210; x_wconf 89' lang='lat' dir='ltr'><strong>Jerusalem</strong></span> <span class='ocrx_word' id='word_1_236' title='bbox 1917 3155 2145 3210; x_wconf 84' lang='lat' dir='ltr'><strong>admini-</strong></span> 
     </span>
    </p>
   </div>
   <div class='ocr_carea' id='block_1_32' title="bbox 557 3247 2141 3318">
    <p class='ocr_par' dir='ltr' id='par_1_32' title="bbox 557 3247 2141 3318">
     <span class='ocr_line' id='line_1_32' title="bbox 557 3247 2141 3318; baseline -0.001 -15"><span class='ocrx_word' id='word_1_237' title='bbox 557 3260 757 3303; x_wconf 87' lang='lat' dir='ltr'><strong>strasse</strong></span> <span class='ocrx_word' id='word_1_238' title='bbox 781 3264 866 3303; x_wconf 88' lang='lat' dir='ltr'><strong>res</strong></span> <span class='ocrx_word' id='word_1_239' title='bbox 891 3247 1146 3318; x_wconf 85' lang='lat' dir='ltr'><strong>quasdam</strong></span> <span class='ocrx_word' id='word_1_240' title='bbox 1175 3247 1501 3316; x_wconf 89' lang='lat' dir='ltr'><strong>pertinentes</strong></span> <span class='ocrx_word' id='word_1_241' title='bbox 1526 3247 1590 3301; x_wconf 86' lang='lat' dir='ltr'><strong>ad</strong></span> <span class='ocrx_word' id='word_1_242' title='bbox 1619 3247 1988 3317; x_wconf 83' lang='lat' dir='ltr'><strong>Babyloniam.</strong></span> <span class='ocrx_word' id='word_1_243' title='bbox 2011 3247 2141 3302; x_wconf 86' lang='lat' dir='ltr'><strong>Nam</strong></span> 
     </span>
    </p>
   </div>
   <div class='ocr_carea' id='block_1_33' title="bbox 561 3335 2148 3408">
    <p class='ocr_par' dir='ltr' id='par_1_33' title="bbox 561 3335 2148 3408">
     <span class='ocr_line' id='line_1_33' title="bbox 561 3335 2148 3408; baseline -0.001 -14"><span class='ocrx_word' id='word_1_244' title='bbox 561 3349 671 3394; x_wconf 91' lang='lat' dir='ltr'><strong>tres</strong></span> <span class='ocrx_word' id='word_1_245' title='bbox 717 3340 837 3394; x_wconf 92' lang='lat' dir='ltr'><strong>illos</strong></span> <span class='ocrx_word' id='word_1_246' title='bbox 888 3353 1083 3408; x_wconf 88' lang='lat' dir='ltr'><strong>pueros</strong></span> <span class='ocrx_word' id='word_1_247' title='bbox 1129 3337 1296 3391; x_wconf 89' lang='lat' dir='ltr'><strong>victus</strong></span> <span class='ocrx_word' id='word_1_248' title='bbox 1355 3337 1612 3392; x_wconf 89' lang='lat' dir='ltr'><strong>miraculo</strong></span> <span class='ocrx_word' id='word_1_249' title='bbox 1655 3335 2148 3393; x_wconf 84' lang='lat' dir='ltr'><strong>Nabuchodonosor</strong></span> 
     </span>
    </p>
   </div>
   <div class='ocr_carea' id='block_1_34' title="bbox 557 3427 2147 3500">
    <p class='ocr_par' dir='ltr' id='par_1_34' title="bbox 557 3427 2147 3500">
     <span class='ocr_line' id='line_1_34' title="bbox 557 3427 2147 3500; baseline -0.001 -14"><span class='ocrx_word' id='word_1_250' title='bbox 557 3431 707 3500; x_wconf 80' lang='lat' dir='ltr'><strong>regni</strong></span> <span class='ocrx_word' id='word_1_251' title='bbox 733 3430 815 3485; x_wconf 90' lang='lat' dir='ltr'><strong>sui</strong></span> <span class='ocrx_word' id='word_1_252' title='bbox 836 3429 1295 3484; x_wconf 90' lang='lat' dir='ltr'><strong>adtninislratores</strong></span> <span class='ocrx_word' id='word_1_253' title='bbox 1320 3427 1457 3491; x_wconf 79' lang='lat' dir='ltr'><strong>fecit,</strong></span> <span class='ocrx_word' id='word_1_254' title='bbox 1490 3438 1544 3483; x_wconf 85' lang='lat' dir='ltr'><strong>et</strong></span> <span class='ocrx_word' id='word_1_255' title='bbox 1563 3429 1838 3484; x_wconf 91' lang='lat' dir='ltr'><strong>constituit</strong></span> <span class='ocrx_word' id='word_1_256' title='bbox 1867 3443 1961 3484; x_wconf 88' lang='lat' dir='ltr'><strong>eos</strong></span> <span class='ocrx_word' id='word_1_257' title='bbox 1984 3446 2147 3500; x_wconf 89' lang='lat' dir='ltr'><strong>super</strong></span> 
     </span>
    </p>
   </div>
   <div class='ocr_carea' id='block_1_35' title="bbox 557 3519 2146 3592">
    <p class='ocr_par' dir='ltr' id='par_1_35' title="bbox 557 3519 2146 3592">
     <span class='ocr_line' id='line_1_35' title="bbox 557 3519 2146 3592; baseline 0.001 -16"><span class='ocrx_word' id='word_1_258' title='bbox 557 3534 797 3592; x_wconf 84' lang='lat' dir='ltr'><strong>satrapas</strong></span> <span class='ocrx_word' id='word_1_259' title='bbox 820 3536 978 3585; x_wconf 86' lang='lat' dir='ltr'><strong>suos;</strong></span> <span class='ocrx_word' id='word_1_260' title='bbox 1011 3531 1064 3575; x_wconf 89' lang='lat' dir='ltr'><strong>et</strong></span> <span class='ocrx_word' id='word_1_261' title='bbox 1087 3519 1529 3575; x_wconf 87' lang='lat' dir='ltr'><strong>administrabant</strong></span> <span class='ocrx_word' id='word_1_262' title='bbox 1553 3536 1638 3575; x_wconf 87' lang='lat' dir='ltr'><strong>res</strong></span> <span class='ocrx_word' id='word_1_263' title='bbox 1669 3520 1972 3592; x_wconf 71' lang='lat' dir='ltr'><strong>Babylonia!</strong></span> <span class='ocrx_word' id='word_1_264' title='bbox 2002 3523 2146 3578; x_wconf 89' lang='lat' dir='ltr'><strong>cives</strong></span> 
     </span>
    </p>
   </div>
   <div class='ocr_carea' id='block_1_36' title="bbox 558 3613 2149 3684">
    <p class='ocr_par' dir='ltr' id='par_1_36' title="bbox 558 3613 2149 3684">
     <span class='ocr_line' id='line_1_36' title="bbox 558 3613 2149 3684; baseline 0.001 -15"><span class='ocrx_word' id='word_1_265' title='bbox 558 3616 625 3671; x_wconf 89' lang='lat' dir='ltr'><strong>de</strong></span> <span class='ocrx_word' id='word_1_266' title='bbox 653 3616 944 3671; x_wconf 87' lang='lat' dir='ltr'><strong>Jerusalem</strong></span> <span class='ocrx_word' id='word_1_267' title='bbox 976 3613 1133 3684; x_wconf 85' lang='lat' dir='ltr'><strong>(Dan.</strong></span> <span class='ocrx_word' id='word_1_268' title='bbox 1180 3631 1254 3676; x_wconf 84' lang='lat' dir='ltr'><strong>tu.</strong></span> <span class='ocrx_word' id='word_1_269' title='bbox 1289 3613 1402 3684; x_wconf 87' lang='lat'><strong>97).</strong></span> <span class='ocrx_word' id='word_1_270' title='bbox 1453 3613 1720 3684; x_wconf 80' lang='lat' dir='ltr'><strong>ReSpicite</strong></span> <span class='ocrx_word' id='word_1_271' title='bbox 1769 3629 1908 3668; x_wconf 91' lang='lat' dir='ltr'><strong>nunc</strong></span> <span class='ocrx_word' id='word_1_272' title='bbox 1938 3614 2149 3684; x_wconf 85' lang='lat' dir='ltr'><strong>impleri</strong></span> 
     </span>
    </p>
   </div>
   <div class='ocr_carea' id='block_1_37' title="bbox 560 3705 2147 3775">
    <p class='ocr_par' dir='ltr' id='par_1_37' title="bbox 560 3705 2147 3775">
     <span class='ocr_line' id='line_1_37' title="bbox 560 3705 2147 3775; baseline -0.001 -14"><span class='ocrx_word' id='word_1_273' title='bbox 560 3708 662 3762; x_wconf 90' lang='lat' dir='ltr'><strong>hoc</strong></span> <span class='ocrx_word' id='word_1_274' title='bbox 690 3717 743 3762; x_wconf 91' lang='lat' dir='ltr'><strong>et</strong></span> <span class='ocrx_word' id='word_1_275' title='bbox 769 3708 849 3775; x_wconf 75' lang='lat' dir='ltr'><strong>agi</strong></span> <span class='ocrx_word' id='word_1_276' title='bbox 885 3707 933 3759; x_wconf 87' lang='lat' dir='ltr'><strong>itt</strong></span> <span class='ocrx_word' id='word_1_277' title='bbox 975 3706 1240 3769; x_wconf 87' lang='lat' dir='ltr'><strong>Ecclesia,</strong></span> <span class='ocrx_word' id='word_1_278' title='bbox 1274 3713 1327 3759; x_wconf 89' lang='lat' dir='ltr'><strong>et</strong></span> <span class='ocrx_word' id='word_1_279' title='bbox 1359 3705 1440 3759; x_wconf 87' lang='lat' dir='ltr'><strong>his</strong></span> <span class='ocrx_word' id='word_1_280' title='bbox 1472 3705 1820 3774; x_wconf 84' lang='lat' dir='ltr'><strong>temporibus.</strong></span> <span class='ocrx_word' id='word_1_281' title='bbox 1853 3705 2054 3759; x_wconf 90' lang='lat' dir='ltr'><strong>Omnes</strong></span> <span class='ocrx_word' id='word_1_282' title='bbox 2079 3705 2147 3760; x_wconf 90' lang='lat' dir='ltr'><strong>de</strong></span> 
     </span>
    </p>
   </div>
   <div class='ocr_carea' id='block_1_38' title="bbox 558 3782 2147 3870">
    <p class='ocr_par' dir='ltr' id='par_1_38' title="bbox 558 3782 2147 3870">
     <span class='ocr_line' id='line_1_38' title="bbox 558 3782 2147 3870; baseline -0.001 -19"><span class='ocrx_word' id='word_1_283' title='bbox 558 3782 749 3870; x_wconf 82' lang='lat' dir='ltr'><strong>quibus</strong></span> <span class='ocrx_word' id='word_1_284' title='bbox 777 3797 975 3852; x_wconf 87' lang='lat' dir='ltr'><strong>dictum</strong></span> <span class='ocrx_word' id='word_1_285' title='bbox 1003 3806 1103 3858; x_wconf 84' lang='lat' dir='ltr'><strong>est,</strong></span> <span class='ocrx_word' id='word_1_286' title='bbox 1143 3795 1271 3862; x_wconf 75' lang='lat' dir='ltr'><strong>Qua:</strong></span> <span class='ocrx_word' id='word_1_287' title='bbox 1295 3796 1469 3850; x_wconf 87' lang='lat' dir='ltr'><strong>dicunt</strong></span> <span class='ocrx_word' id='word_1_288' title='bbox 1500 3796 1651 3866; x_wconf 81' lang='lat' dir='ltr'><strong>facite</strong></span> <span class='ocrx_word' id='word_1_289' title='bbox 1675 3813 1694 3859; x_wconf 88' lang='lat'><strong>;</strong></span> <span class='ocrx_word' id='word_1_290' title='bbox 1732 3812 1846 3866; x_wconf 74' lang='lat' dir='ltr'><strong>qua:</strong></span> <span class='ocrx_word' id='word_1_291' title='bbox 1884 3806 2049 3850; x_wconf 84' lang='lat' dir='ltr'><strong>autem</strong></span> <span class='ocrx_word' id='word_1_292' title='bbox 2074 3801 2147 3868; x_wconf 80' lang='lat' dir='ltr'><strong>fa-</strong></span> 
     </span>
    </p>
   </div>
   <div class='ocr_carea' id='block_1_39' title="bbox 561 3887 2145 3960">
    <p class='ocr_par' dir='ltr' id='par_1_39' title="bbox 561 3887 2145 3960">
     <span class='ocr_line' id='line_1_39' title="bbox 561 3887 2145 3960; baseline 0.001 -19"><span class='ocrx_word' id='word_1_293' title='bbox 561 3892 697 3942; x_wconf 79' lang='lat' dir='ltr'><strong>ciunt</strong></span> <span class='ocrx_word' id='word_1_294' title='bbox 746 3889 910 3958; x_wconf 77' lang='lat' dir='ltr'><strong>facere</strong></span> <span class='ocrx_word' id='word_1_295' title='bbox 959 3889 1146 3952; x_wconf 85' lang='lat' dir='ltr'><strong>nolite,</strong></span> <span class='ocrx_word' id='word_1_296' title='bbox 1191 3887 1334 3942; x_wconf 85' lang='lat' dir='ltr'><strong>cives</strong></span> <span class='ocrx_word' id='word_1_297' title='bbox 1378 3897 1501 3941; x_wconf 91' lang='lat' dir='ltr'><strong>sunt</strong></span> <span class='ocrx_word' id='word_1_298' title='bbox 1546 3887 1880 3960; x_wconf 63' lang='lat' dir='ltr'><strong>Babyloniae,</strong></span> <span class='ocrx_word' id='word_1_299' title='bbox 1914 3888 2145 3944; x_wconf 90' lang='lat' dir='ltr'><strong>admini-</strong></span> 
     </span>
    </p>
   </div>
   <div class='ocr_carea' id='block_1_40' title="bbox 559 3978 2146 4049">
    <p class='ocr_par' dir='ltr' id='par_1_40' title="bbox 559 3978 2146 4049">
     <span class='ocr_line' id='line_1_40' title="bbox 559 3978 2146 4049; baseline 0 -14"><span class='ocrx_word' id='word_1_300' title='bbox 559 3991 790 4036; x_wconf 85' lang='lat' dir='ltr'><strong>strantes</strong></span> <span class='ocrx_word' id='word_1_301' title='bbox 840 3979 1218 4049; x_wconf 87' lang='lat' dir='ltr'><strong>rempublicam</strong></span> <span class='ocrx_word' id='word_1_302' title='bbox 1264 3979 1493 4033; x_wconf 86' lang='lat' dir='ltr'><strong>civitatis</strong></span> <span class='ocrx_word' id='word_1_303' title='bbox 1537 3978 1855 4036; x_wconf 84' lang='lat' dir='ltr'><strong>Jerusalem.</strong></span> <span class='ocrx_word' id='word_1_304' title='bbox 1903 3980 1956 4036; x_wconf 92' lang='lat' dir='ltr'><strong>Si</strong></span> <span class='ocrx_word' id='word_1_305' title='bbox 2003 3982 2146 4037; x_wconf 90' lang='lat' dir='ltr'><strong>enim</strong></span> 
     </span>
    </p>
   </div>
   <div class='ocr_carea' id='block_1_41' title="bbox 560 4069 2151 4137">
    <p class='ocr_par' dir='ltr' id='par_1_41' title="bbox 560 4069 2151 4137">
     <span class='ocr_line' id='line_1_41' title="bbox 560 4069 2151 4137; baseline 0 -11"><span class='ocrx_word' id='word_1_306' title='bbox 560 4072 688 4126; x_wconf 90' lang='lat' dir='ltr'><strong>nihil</strong></span> <span class='ocrx_word' id='word_1_307' title='bbox 719 4070 1151 4126; x_wconf 84' lang='lat' dir='ltr'><strong>administrarent</strong></span> <span class='ocrx_word' id='word_1_308' title='bbox 1191 4071 1418 4124; x_wconf 83' lang='lat' dir='ltr'><strong>civitatis</strong></span> <span class='ocrx_word' id='word_1_309' title='bbox 1462 4069 1780 4132; x_wconf 74' lang='lat' dir='ltr'><strong>Jerusalem.</strong></span> <span class='ocrx_word' id='word_1_310' title='bbox 1812 4071 1974 4137; x_wconf 86' lang='lat' dir='ltr'><strong>unde,</strong></span> <span class='ocrx_word' id='word_1_311' title='bbox 2024 4072 2151 4137; x_wconf 69' lang='lat' dir='ltr'><strong>Qua’.</strong></span> 
     </span>
    </p>
   </div>
   <div class='ocr_carea' id='block_1_42' title="bbox 559 4162 2151 4236">
    <p class='ocr_par' dir='ltr' id='par_1_42' title="bbox 559 4162 2151 4236">
     <span class='ocr_line' id='line_1_42' title="bbox 559 4162 2151 4236; baseline 0 -18"><span class='ocrx_word' id='word_1_312' title='bbox 559 4166 732 4219; x_wconf 83' lang='lat' dir='ltr'><strong>dicunt</strong></span> <span class='ocrx_word' id='word_1_313' title='bbox 781 4165 973 4236; x_wconf 80' lang='lat' dir='ltr'><strong>facile?</strong></span> <span class='ocrx_word' id='word_1_314' title='bbox 1009 4165 1169 4227; x_wconf 89' lang='lat' dir='ltr'><strong>unde,</strong></span> <span class='ocrx_word' id='word_1_315' title='bbox 1214 4181 1365 4234; x_wconf 80' lang='lat' dir='ltr'><strong>super</strong></span> <span class='ocrx_word' id='word_1_316' title='bbox 1407 4164 1698 4217; x_wconf 82' lang='lat' dir='ltr'><strong>cathedram</strong></span> <span class='ocrx_word' id='word_1_317' title='bbox 1743 4162 1910 4235; x_wconf 80' lang='lat' dir='ltr'><strong>Moysi</strong></span> <span class='ocrx_word' id='word_1_318' title='bbox 1937 4165 2151 4218; x_wconf 81' lang='lat' dir='ltr'><strong>sedent?</strong></span> 
     </span>
    </p>
   </div>
   <div class='ocr_carea' id='block_1_43' title="bbox 561 4254 2149 4326">
    <p class='ocr_par' dir='ltr' id='par_1_43' title="bbox 561 4254 2149 4326">
     <span class='ocr_line' id='line_1_43' title="bbox 561 4254 2149 4326; baseline -0.001 -15"><span class='ocrx_word' id='word_1_319' title='bbox 561 4255 767 4311; x_wconf 77' lang='lat' dir='ltr'><strong>Rursus</strong></span> <span class='ocrx_word' id='word_1_320' title='bbox 798 4257 841 4311; x_wconf 91' lang='lat' dir='ltr'><strong>si</strong></span> <span class='ocrx_word' id='word_1_321' title='bbox 874 4258 1016 4310; x_wconf 82' lang='lat' dir='ltr'><strong>cives</strong></span> <span class='ocrx_word' id='word_1_322' title='bbox 1053 4265 1177 4310; x_wconf 91' lang='lat' dir='ltr'><strong>sunt</strong></span> <span class='ocrx_word' id='word_1_323' title='bbox 1206 4257 1370 4324; x_wconf 82' lang='lat' dir='ltr'><strong>ipsius</strong></span> <span class='ocrx_word' id='word_1_324' title='bbox 1408 4255 1703 4309; x_wconf 83' lang='lat' dir='ltr'><strong>Jerusalem</strong></span> <span class='ocrx_word' id='word_1_325' title='bbox 1733 4254 1824 4325; x_wconf 89' lang='lat' dir='ltr'><strong>qui</strong></span> <span class='ocrx_word' id='word_1_326' title='bbox 1851 4256 2149 4326; x_wconf 79' lang='lat' dir='ltr'><strong>regnabunt</strong></span> 
     </span>
    </p>
   </div>
   <div class='ocr_carea' id='block_1_44' title="bbox 560 4348 2151 4420">
    <p class='ocr_par' dir='ltr' id='par_1_44' title="bbox 560 4348 2151 4420">
     <span class='ocr_line' id='line_1_44' title="bbox 560 4348 2151 4420; baseline 0.001 -17"><span class='ocrx_word' id='word_1_327' title='bbox 560 4351 613 4403; x_wconf 92' lang='lat' dir='ltr'><strong>in</strong></span> <span class='ocrx_word' id='word_1_328' title='bbox 645 4357 899 4402; x_wconf 65' lang='lat' dir='ltr'><strong>aeternum</strong></span> <span class='ocrx_word' id='word_1_329' title='bbox 948 4364 1066 4402; x_wconf 91' lang='lat' dir='ltr'><strong>cum</strong></span> <span class='ocrx_word' id='word_1_330' title='bbox 1099 4348 1330 4409; x_wconf 69' lang='lat' dir='ltr'><strong>Christo,</strong></span> <span class='ocrx_word' id='word_1_331' title='bbox 1377 4348 1536 4410; x_wconf 90' lang='lat' dir='ltr'><strong>unde,</strong></span> <span class='ocrx_word' id='word_1_332' title='bbox 1587 4349 1944 4418; x_wconf 69' lang='lat' dir='ltr'><strong>Quae-faciunt</strong></span> <span class='ocrx_word' id='word_1_333' title='bbox 1984 4353 2151 4420; x_wconf 75' lang='lat' dir='ltr'><strong>facere</strong></span> 
     </span>
    </p>
   </div>
   <div class='ocr_carea' id='block_1_45' title="bbox 559 4440 2146 4511">
    <p class='ocr_par' dir='ltr' id='par_1_45' title="bbox 559 4440 2146 4511">
     <span class='ocr_line' id='line_1_45' title="bbox 559 4440 2146 4511; baseline 0.003 -19"><span class='ocrx_word' id='word_1_334' title='bbox 559 4441 715 4493; x_wconf 83' lang='lat' dir='ltr'><strong>nolite</strong></span> <span class='ocrx_word' id='word_1_335' title='bbox 745 4440 954 4510; x_wconf 79' lang='lat' dir='ltr'><strong>(Matth.</strong></span> <span class='ocrx_word' id='word_1_336' title='bbox 988 4457 1134 4506; x_wconf 60' lang='grc' dir='ltr'>χχιιι,</span> <span class='ocrx_word' id='word_1_337' title='bbox 1162 4440 1216 4502; x_wconf 70' lang='lat'><strong>2,</strong></span> <span class='ocrx_word' id='word_1_338' title='bbox 1242 4441 1321 4508; x_wconf 82' lang='grc'><strong>5),</strong></span> <span class='ocrx_word' id='word_1_339' title='bbox 1351 4440 1450 4494; x_wconf 90' lang='lat' dir='ltr'><strong>nisi</strong></span> <span class='ocrx_word' id='word_1_340' title='bbox 1479 4440 1597 4509; x_wconf 87' lang='lat' dir='ltr'><strong>quia</strong></span> <span class='ocrx_word' id='word_1_341' title='bbox 1643 4450 1697 4494; x_wconf 89' lang='lat' dir='ltr'><strong>et</strong></span> <span class='ocrx_word' id='word_1_342' title='bbox 1725 4441 1953 4496; x_wconf 87' lang='lat' dir='ltr'><strong>audituri</strong></span> <span class='ocrx_word' id='word_1_343' title='bbox 1980 4454 2103 4497; x_wconf 88' lang='lat' dir='ltr'><strong>sunt</strong></span> <span class='ocrx_word' id='word_1_344' title='bbox 2131 4486 2146 4511; x_wconf 87' lang='lat'><strong>,</strong></span> 
     </span>
    </p>
   </div>
   <div class='ocr_carea' id='block_1_46' title="bbox 570 4530 2146 4603">
    <p class='ocr_par' dir='ltr' id='par_1_46' title="bbox 570 4530 2146 4603">
     <span class='ocr_line' id='line_1_46' title="bbox 570 4530 2146 4603; baseline 0.004 -21"><span class='ocrx_word' id='word_1_345' title='bbox 570 4530 801 4584; x_wconf 77' lang='lat' dir='ltr'><strong>Iieredite</strong></span> <span class='ocrx_word' id='word_1_346' title='bbox 841 4549 872 4584; x_wconf 84' lang='grc' dir='ltr'><em>α</em></span> <span class='ocrx_word' id='word_1_347' title='bbox 903 4549 999 4592; x_wconf 84' lang='lat' dir='ltr'><strong>me.</strong></span> <span class='ocrx_word' id='word_1_348' title='bbox 1039 4548 1209 4584; x_wconf 84' lang='lat' dir='ltr'><strong>omnes</strong></span> <span class='ocrx_word' id='word_1_349' title='bbox 1242 4532 1328 4600; x_wconf 86' lang='lat' dir='ltr'><strong>qui</strong></span> <span class='ocrx_word' id='word_1_350' title='bbox 1349 4531 1626 4598; x_wconf 77' lang='lat' dir='ltr'><strong>operamini</strong></span> <span class='ocrx_word' id='word_1_351' title='bbox 1663 4530 1969 4599; x_wconf 84' lang='lat' dir='ltr'><strong>iniquitatem</strong></span> <span class='ocrx_word' id='word_1_352' title='bbox 1989 4532 2146 4603; x_wconf 72' lang='lat' dir='ltr'><strong>(Luc.</strong></span> 
     </span>
    </p>
   </div>
   <div class='ocr_carea' id='block_1_47' title="bbox 559 4622 2150 4692">
    <p class='ocr_par' dir='ltr' id='par_1_47' title="bbox 559 4622 2150 4692">
     <span class='ocr_line' id='line_1_47' title="bbox 559 4622 2150 4692; baseline 0.002 -14"><span class='ocrx_word' id='word_1_353' title='bbox 559 4639 650 4678; x_wconf 67' lang='lat' dir='ltr'><strong>xm</strong></span> <span class='ocrx_word' id='word_1_354' title='bbox 665 4623 814 4690; x_wconf 67' lang='lat'><strong>.27)?</strong></span> <span class='ocrx_word' id='word_1_355' title='bbox 841 4622 1033 4676; x_wconf 81' lang='lat' dir='ltr'><strong>Notum</strong></span> <span class='ocrx_word' id='word_1_356' title='bbox 1053 4633 1135 4676; x_wconf 90' lang='lat' dir='ltr'><strong>est</strong></span> <span class='ocrx_word' id='word_1_357' title='bbox 1149 4638 1277 4692; x_wconf 85' lang='lat' dir='ltr'><strong>ergo</strong></span> <span class='ocrx_word' id='word_1_358' title='bbox 1299 4622 1470 4688; x_wconf 82' lang='lat' dir='ltr'><strong>vobis,</strong></span> <span class='ocrx_word' id='word_1_359' title='bbox 1489 4623 1632 4677; x_wconf 89' lang='lat' dir='ltr'><strong>cives</strong></span> <span class='ocrx_word' id='word_1_360' title='bbox 1648 4625 1802 4677; x_wconf 74' lang='lat' dir='ltr'><strong>make</strong></span> <span class='ocrx_word' id='word_1_361' title='bbox 1821 4626 2047 4679; x_wconf 85' lang='lat' dir='ltr'><strong>civitatis</strong></span> <span class='ocrx_word' id='word_1_362' title='bbox 2058 4628 2150 4682; x_wconf 89' lang='lat' dir='ltr'><strong>ad—</strong></span> 
     </span>
    </p>
   </div>
   <div class='ocr_carea' id='block_1_48' title="bbox 567 4713 2148 4783">
    <p class='ocr_par' dir='ltr' id='par_1_48' title="bbox 567 4713 2148 4783">
     <span class='ocr_line' id='line_1_48' title="bbox 567 4713 2148 4783; baseline 0.005 -17"><span class='ocrx_word' id='word_1_363' title='bbox 567 4713 870 4768; x_wconf 85' lang='lat' dir='ltr'><strong>ministrare</strong></span> <span class='ocrx_word' id='word_1_364' title='bbox 916 4713 1171 4783; x_wconf 87' lang='lat' dir='ltr'><strong>quosdam</strong></span> <span class='ocrx_word' id='word_1_365' title='bbox 1203 4723 1352 4768; x_wconf 91' lang='lat' dir='ltr'><strong>actus</strong></span> <span class='ocrx_word' id='word_1_366' title='bbox 1400 4714 1551 4768; x_wconf 79' lang='lat' dir='ltr'><strong>home</strong></span> <span class='ocrx_word' id='word_1_367' title='bbox 1580 4715 1828 4770; x_wconf 89' lang='lat' dir='ltr'><strong>civitatis.</strong></span> <span class='ocrx_word' id='word_1_368' title='bbox 1863 4716 2148 4774; x_wconf 87' lang='lat' dir='ltr'><strong>Videamus</strong></span> 
     </span>
    </p>
   </div>
   <div class='ocr_carea' id='block_1_49' title="bbox 555 4803 2148 4877">
    <p class='ocr_par' dir='ltr' id='par_1_49' title="bbox 555 4803 2148 4877">
     <span class='ocr_line' id='line_1_49' title="bbox 555 4803 2148 4877; baseline 0.003 -18"><span class='ocrx_word' id='word_1_369' title='bbox 555 4807 598 4859; x_wconf 82' lang='lat' dir='ltr'><strong>si</strong></span> <span class='ocrx_word' id='word_1_370' title='bbox 629 4813 683 4859; x_wconf 89' lang='lat' dir='ltr'><strong>et</strong></span> <span class='ocrx_word' id='word_1_371' title='bbox 712 4820 850 4858; x_wconf 89' lang='lat' dir='ltr'><strong>nunc</strong></span> <span class='ocrx_word' id='word_1_372' title='bbox 880 4806 1022 4859; x_wconf 81' lang='lat' dir='ltr'><strong>cives</strong></span> <span class='ocrx_word' id='word_1_373' title='bbox 1062 4805 1215 4859; x_wconf 66' lang='lat' dir='ltr'><strong>bona}</strong></span> <span class='ocrx_word' id='word_1_374' title='bbox 1242 4805 1469 4859; x_wconf 83' lang='lat' dir='ltr'><strong>civitatis</strong></span> <span class='ocrx_word' id='word_1_375' title='bbox 1495 4803 1864 4860; x_wconf 87' lang='lat' dir='ltr'><strong>administrent</strong></span> <span class='ocrx_word' id='word_1_376' title='bbox 1891 4809 2148 4877; x_wconf 87' lang='lat' dir='ltr'><strong>quosdam</strong></span> 
     </span>
    </p>
   </div>
   <div class='ocr_carea' id='block_1_50' title="bbox 555 4897 2144 4972">
    <p class='ocr_par' dir='ltr' id='par_1_50' title="bbox 555 4897 2144 4972">
     <span class='ocr_line' id='line_1_50' title="bbox 555 4897 2144 4972; baseline 0.004 -23"><span class='ocrx_word' id='word_1_377' title='bbox 555 4908 704 4950; x_wconf 83' lang='lat' dir='ltr'><strong>actus</strong></span> <span class='ocrx_word' id='word_1_378' title='bbox 729 4898 881 4950; x_wconf 73' lang='lat' dir='ltr'><strong>malae</strong></span> <span class='ocrx_word' id='word_1_379' title='bbox 902 4898 1149 4953; x_wconf 86' lang='lat' dir='ltr'><strong>civitatis.</strong></span> <span class='ocrx_word' id='word_1_380' title='bbox 1179 4897 1413 4952; x_wconf 85' lang='lat' dir='ltr'><strong>Terrena</strong></span> <span class='ocrx_word' id='word_1_381' title='bbox 1435 4899 1610 4952; x_wconf 92' lang='lat' dir='ltr'><strong>omnis</strong></span> <span class='ocrx_word' id='word_1_382' title='bbox 1635 4900 1954 4968; x_wconf 85' lang='lat' dir='ltr'><strong>respublica,</strong></span> <span class='ocrx_word' id='word_1_383' title='bbox 1979 4919 2144 4972; x_wconf 89' lang='lat' dir='ltr'><strong>quan-</strong></span> 
     </span>
    </p>
   </div>
   <div class='ocr_carea' id='block_1_51' title="bbox 556 4991 2147 5061">
    <p class='ocr_par' dir='ltr' id='par_1_51' title="bbox 556 4991 2147 5061">
     <span class='ocr_line' id='line_1_51' title="bbox 556 4991 2147 5061; baseline 0.007 -21"><span class='ocrx_word' id='word_1_384' title='bbox 556 4991 730 5059; x_wconf 78' lang='lat' dir='ltr'><strong>doque</strong></span> <span class='ocrx_word' id='word_1_385' title='bbox 778 4991 961 5059; x_wconf 82' lang='lat' dir='ltr'><strong>utique</strong></span> <span class='ocrx_word' id='word_1_386' title='bbox 1008 4992 1278 5060; x_wconf 83' lang='lat' dir='ltr'><strong>peritura;</strong></span> <span class='ocrx_word' id='word_1_387' title='bbox 1328 4993 1479 5061; x_wconf 85' lang='lat' dir='ltr'><strong>cujus</strong></span> <span class='ocrx_word' id='word_1_388' title='bbox 1531 5007 1751 5061; x_wconf 83' lang='lat' dir='ltr'><strong>regnum</strong></span> <span class='ocrx_word' id='word_1_389' title='bbox 1795 4996 2147 5051; x_wconf 87' lang='lat' dir='ltr'><strong>transiturum</strong></span> 
     </span>
    </p>
   </div>
   <div class='ocr_carea' id='block_1_52' title="bbox 555 5084 2148 5156">
    <p class='ocr_par' dir='ltr' id='par_1_52' title="bbox 555 5084 2148 5156">
     <span class='ocr_line' id='line_1_52' title="bbox 555 5084 2148 5156; baseline 0.004 -18"><span class='ocrx_word' id='word_1_390' title='bbox 555 5095 636 5138; x_wconf 87' lang='lat' dir='ltr'><strong>cst</strong></span> <span class='ocrx_word' id='word_1_391' title='bbox 663 5084 701 5148; x_wconf 88' lang='grc'>¹,</span> <span class='ocrx_word' id='word_1_392' title='bbox 733 5098 852 5137; x_wconf 91' lang='lat' dir='ltr'><strong>cum</strong></span> <span class='ocrx_word' id='word_1_393' title='bbox 879 5084 1054 5138; x_wconf 80' lang='lat' dir='ltr'><strong>veniet</strong></span> <span class='ocrx_word' id='word_1_394' title='bbox 1079 5084 1203 5138; x_wconf 87' lang='lat' dir='ltr'><strong>illttd</strong></span> <span class='ocrx_word' id='word_1_395' title='bbox 1232 5100 1452 5155; x_wconf 82' lang='lat' dir='ltr'><strong>regnum</strong></span> <span class='ocrx_word' id='word_1_396' title='bbox 1481 5085 1549 5140; x_wconf 93' lang='lat' dir='ltr'><strong>de</strong></span> <span class='ocrx_word' id='word_1_397' title='bbox 1572 5101 1677 5156; x_wconf 92' lang='lat' dir='ltr'><strong>quo</strong></span> <span class='ocrx_word' id='word_1_398' title='bbox 1699 5101 1934 5153; x_wconf 86' lang='lat' dir='ltr'><strong>oramus,</strong></span> <span class='ocrx_word' id='word_1_399' title='bbox 1970 5087 2148 5145; x_wconf 83' lang='lat' dir='ltr'><strong>Veniat</strong></span> 
     </span>
    </p>
   </div>
   <div class='ocr_carea' id='block_1_53' title="bbox 555 5173 2145 5249">
    <p class='ocr_par' dir='ltr' id='par_1_53' title="bbox 555 5173 2145 5249">
     <span class='ocr_line' id='line_1_53' title="bbox 555 5173 2145 5249; baseline 0.006 -23"><span class='ocrx_word' id='word_1_400' title='bbox 555 5192 764 5243; x_wconf 82' lang='lat' dir='ltr'><strong>regnum</strong></span> <span class='ocrx_word' id='word_1_401' title='bbox 808 5185 947 5228; x_wconf 86' lang='lat' dir='ltr'><strong>tuum</strong></span> <span class='ocrx_word' id='word_1_402' title='bbox 991 5173 1210 5245; x_wconf 80' lang='lat' dir='ltr'><strong>(Matth.</strong></span> <span class='ocrx_word' id='word_1_403' title='bbox 1242 5191 1317 5242; x_wconf 68' lang='grc' dir='ltr'>γι,</span> <span class='ocrx_word' id='word_1_404' title='bbox 1349 5175 1473 5249; x_wconf 81' lang='grc'><strong>10),</strong></span> <span class='ocrx_word' id='word_1_405' title='bbox 1506 5185 1558 5230; x_wconf 88' lang='lat' dir='ltr'><strong>et</strong></span> <span class='ocrx_word' id='word_1_406' title='bbox 1597 5176 1664 5232; x_wconf 90' lang='lat' dir='ltr'><strong>de</strong></span> <span class='ocrx_word' id='word_1_407' title='bbox 1701 5193 1807 5247; x_wconf 89' lang='lat' dir='ltr'><strong>quo</strong></span> <span class='ocrx_word' id='word_1_408' title='bbox 1839 5179 2145 5247; x_wconf 70' lang='lat' dir='ltr'><strong>praedictum</strong></span> 
     </span>
    </p>
   </div>
   <div class='ocr_carea' id='block_1_54' title="bbox 555 5265 2147 5341">
    <p class='ocr_par' dir='ltr' id='par_1_54' title="bbox 555 5265 2147 5341">
     <span class='ocr_line' id='line_1_54' title="bbox 555 5265 2147 5341; baseline 0.006 -21"><span class='ocrx_word' id='word_1_409' title='bbox 555 5277 656 5329; x_wconf 88' lang='lat' dir='ltr'><strong>est,</strong></span> <span class='ocrx_word' id='word_1_410' title='bbox 691 5265 754 5319; x_wconf 76' lang='lat' dir='ltr'><strong>Et</strong></span> <span class='ocrx_word' id='word_1_411' title='bbox 797 5269 940 5338; x_wconf 88' lang='lat' dir='ltr'><strong>regni</strong></span> <span class='ocrx_word' id='word_1_412' title='bbox 965 5269 1072 5338; x_wconf 71' lang='lat' dir='ltr'><strong>ejus</strong></span> <span class='ocrx_word' id='word_1_413' title='bbox 1099 5285 1199 5322; x_wconf 86' lang='lat' dir='ltr'><strong>non</strong></span> <span class='ocrx_word' id='word_1_414' title='bbox 1219 5269 1312 5322; x_wconf 86' lang='lat' dir='ltr'><strong>erit</strong></span> <span class='ocrx_word' id='word_1_415' title='bbox 1343 5270 1460 5337; x_wconf 82' lang='lat' dir='ltr'><strong>ﬁnis</strong></span> <span class='ocrx_word' id='word_1_416' title='bbox 1498 5268 1647 5341; x_wconf 86' lang='lat' dir='ltr'><strong>(Luc.</strong></span> <span class='ocrx_word' id='word_1_417' title='bbox 1675 5287 1712 5333; x_wconf 85' lang='grc' dir='ltr'><strong>ι,</strong></span> <span class='ocrx_word' id='word_1_418' title='bbox 1761 5271 1850 5336; x_wconf 79' lang='grc'>55)</span> <span class='ocrx_word' id='word_1_419' title='bbox 1889 5289 1902 5322; x_wconf 85' lang='lat'><strong>:</strong></span> <span class='ocrx_word' id='word_1_420' title='bbox 1938 5281 2147 5330; x_wconf 84' lang='lat' dir='ltr'><strong>terrena</strong></span> 
     </span>
    </p>
   </div>
   <div class='ocr_carea' id='block_1_55' title="bbox 524 5349 2146 5429">
    <p class='ocr_par' dir='ltr' id='par_1_55' title="bbox 524 5349 2146 5429">
     <span class='ocr_line' id='line_1_55' title="bbox 524 5349 2146 5429; baseline 0.005 -15"><span class='ocrx_word' id='word_1_421' title='bbox 524 5349 527 5377; x_wconf 17' lang='grc' dir='ltr'>ἑ</span> <span class='ocrx_word' id='word_1_422' title='bbox 556 5376 687 5428; x_wconf 79' lang='lat' dir='ltr'><strong>ergo</strong></span> <span class='ocrx_word' id='word_1_423' title='bbox 709 5361 1000 5429; x_wconf 88' lang='lat' dir='ltr'><strong>respublica</strong></span> <span class='ocrx_word' id='word_1_424' title='bbox 1031 5361 1186 5417; x_wconf 90' lang='lat' dir='ltr'><strong>habet</strong></span> <span class='ocrx_word' id='word_1_425' title='bbox 1207 5363 1350 5416; x_wconf 88' lang='lat' dir='ltr'><strong>cives</strong></span> <span class='ocrx_word' id='word_1_426' title='bbox 1372 5373 1583 5416; x_wconf 83' lang='lat' dir='ltr'><strong>nostros</strong></span> <span class='ocrx_word' id='word_1_427' title='bbox 1603 5363 2036 5420; x_wconf 84' lang='lat' dir='ltr'><strong>administrantes</strong></span> <span class='ocrx_word' id='word_1_428' title='bbox 2060 5382 2146 5423; x_wconf 89' lang='lat' dir='ltr'><strong>res</strong></span> 
     </span>
    </p>
   </div>
   <div class='ocr_carea' id='block_1_56' title="bbox 556 5452 2148 5523">
    <p class='ocr_par' dir='ltr' id='par_1_56' title="bbox 556 5452 2148 5523">
     <span class='ocr_line' id='line_1_56' title="bbox 556 5452 2148 5523; baseline 0.004 -17"><span class='ocrx_word' id='word_1_429' title='bbox 556 5453 693 5522; x_wconf 88' lang='lat' dir='ltr'><strong>ejus.</strong></span> <span class='ocrx_word' id='word_1_430' title='bbox 729 5452 897 5520; x_wconf 85' lang='lat' dir='ltr'><strong>Quam</strong></span> <span class='ocrx_word' id='word_1_431' title='bbox 938 5455 1088 5507; x_wconf 84' lang='lat' dir='ltr'><strong>multi</strong></span> <span class='ocrx_word' id='word_1_432' title='bbox 1128 5454 1267 5508; x_wconf 89' lang='lat' dir='ltr'><strong>enim</strong></span> <span class='ocrx_word' id='word_1_433' title='bbox 1302 5453 1520 5518; x_wconf 77' lang='lat' dir='ltr'><strong>ﬁdeles,</strong></span> <span class='ocrx_word' id='word_1_434' title='bbox 1554 5468 1713 5523; x_wconf 91' lang='lat' dir='ltr'><strong>quam</strong></span> <span class='ocrx_word' id='word_1_435' title='bbox 1761 5455 1910 5509; x_wconf 89' lang='lat' dir='ltr'><strong>multi</strong></span> <span class='ocrx_word' id='word_1_436' title='bbox 1943 5456 2063 5512; x_wconf 90' lang='lat' dir='ltr'><strong>boni</strong></span> <span class='ocrx_word' id='word_1_437' title='bbox 2093 5467 2148 5513; x_wconf 89' lang='lat' dir='ltr'><strong>et</strong></span> 
     </span>
    </p>
   </div>
   <div class='ocr_carea' id='block_1_57' title="bbox 557 5544 2142 5616">
    <p class='ocr_par' dir='ltr' id='par_1_57' title="bbox 557 5544 2142 5616">
     <span class='ocr_line' id='line_1_57' title="bbox 557 5544 2142 5616; baseline 0.002 -17"><span class='ocrx_word' id='word_1_438' title='bbox 557 5546 898 5615; x_wconf 79' lang='lat' dir='ltr'><strong>magistratus</strong></span> <span class='ocrx_word' id='word_1_439' title='bbox 926 5554 1050 5598; x_wconf 89' lang='lat' dir='ltr'><strong>sunt</strong></span> <span class='ocrx_word' id='word_1_440' title='bbox 1079 5544 1472 5598; x_wconf 76' lang='lat' dir='ltr'><strong>incivitatibus</strong></span> <span class='ocrx_word' id='word_1_441' title='bbox 1513 5545 1644 5606; x_wconf 90' lang='lat' dir='ltr'><strong>suis,</strong></span> <span class='ocrx_word' id='word_1_442' title='bbox 1672 5554 1724 5598; x_wconf 92' lang='lat' dir='ltr'><strong>et</strong></span> <span class='ocrx_word' id='word_1_443' title='bbox 1745 5545 1951 5614; x_wconf 78' lang='lat' dir='ltr'><strong>judicos</strong></span> <span class='ocrx_word' id='word_1_444' title='bbox 1980 5557 2142 5616; x_wconf 85' lang='lat' dir='ltr'><strong>sunt,</strong></span> 
     </span>
    </p>
   </div>
   <div class='ocr_carea' id='block_1_58' title="bbox 558 5637 2146 5708">
    <p class='ocr_par' dir='ltr' id='par_1_58' title="bbox 558 5637 2146 5708">
     <span class='ocr_line' id='line_1_58' title="bbox 558 5637 2146 5708; baseline 0.003 -17"><span class='ocrx_word' id='word_1_445' title='bbox 558 5646 610 5691; x_wconf 90' lang='lat' dir='ltr'><strong>et</strong></span> <span class='ocrx_word' id='word_1_446' title='bbox 635 5637 798 5692; x_wconf 89' lang='lat' dir='ltr'><strong>duces</strong></span> <span class='ocrx_word' id='word_1_447' title='bbox 828 5645 970 5705; x_wconf 89' lang='lat' dir='ltr'><strong>sunt,</strong></span> <span class='ocrx_word' id='word_1_448' title='bbox 998 5646 1050 5692; x_wconf 90' lang='lat' dir='ltr'><strong>et</strong></span> <span class='ocrx_word' id='word_1_449' title='bbox 1077 5637 1302 5694; x_wconf 88' lang='lat' dir='ltr'><strong>comites</strong></span> <span class='ocrx_word' id='word_1_450' title='bbox 1329 5646 1473 5702; x_wconf 88' lang='lat' dir='ltr'><strong>sunt,</strong></span> <span class='ocrx_word' id='word_1_451' title='bbox 1501 5645 1554 5690; x_wconf 89' lang='lat' dir='ltr'><strong>et</strong></span> <span class='ocrx_word' id='word_1_452' title='bbox 1575 5651 1727 5708; x_wconf 79' lang='lat' dir='ltr'><strong>reges</strong></span> <span class='ocrx_word' id='word_1_453' title='bbox 1754 5648 1878 5691; x_wconf 91' lang='lat' dir='ltr'><strong>sunt</strong></span> <span class='ocrx_word' id='word_1_454' title='bbox 1900 5638 1922 5691; x_wconf 88' lang='lat'><strong>?</strong></span> <span class='ocrx_word' id='word_1_455' title='bbox 1948 5638 2146 5697; x_wconf 89' lang='lat' dir='ltr'><strong>Omnes</strong></span> 
     </span>
    </p>
   </div>
   <div class='ocr_carea' id='block_1_59' title="bbox 621 5768 2142 5838">
    <p class='ocr_par' dir='ltr' id='par_1_59' title="bbox 621 5768 2142 5838">
     <span class='ocr_line' id='line_1_59' title="bbox 621 5768 2142 5838; baseline 0.007 -22"><span class='ocrx_word' id='word_1_456' title='bbox 621 5771 646 5838; x_wconf 41' lang='grc' dir='ltr'><strong>ι,</strong></span> <span class='ocrx_word' id='word_1_457' title='bbox 678 5768 808 5838; x_wconf 51' lang='lat' dir='ltr'><strong>ille,</strong></span> <span class='ocrx_word' id='word_1_458' title='bbox 827 5768 966 5829; x_wconf 83' lang='lat' dir='ltr'><strong>cujus</strong></span> <span class='ocrx_word' id='word_1_459' title='bbox 984 5781 1184 5838; x_wconf 55' lang='lat' dir='ltr'><strong>mgnum</strong></span> <span class='ocrx_word' id='word_1_460' title='bbox 1205 5768 1538 5821; x_wconf 80' lang='lat' dir='ltr'><strong>transitorium</strong></span> <span class='ocrx_word' id='word_1_461' title='bbox 1552 5773 1623 5821; x_wconf 74' lang='lat' dir='ltr'><strong>est</strong></span> <span class='ocrx_word' id='word_1_462' title='bbox 1637 5781 1654 5821; x_wconf 89' lang='lat'><strong><em>:</em></strong></span> <span class='ocrx_word' id='word_1_463' title='bbox 1667 5776 1793 5833; x_wconf 69' lang='lat' dir='ltr'><strong>Mss,</strong></span> <span class='ocrx_word' id='word_1_464' title='bbox 1809 5770 2142 5827; x_wconf 78' lang='lat' dir='ltr'><strong>transiturum.</strong></span> 
     </span>
    </p>
   </div>
   <div class='ocr_carea' id='block_1_60' title="bbox 627 5829 1054 5894">
    <p class='ocr_par' dir='ltr' id='par_1_60' title="bbox 627 5829 1054 5894">
     <span class='ocr_line' id='line_1_60' title="bbox 627 5829 1054 5894; baseline 0.014 -17"><span class='ocrx_word' id='word_1_465' title='bbox 627 5829 702 5892; x_wconf 76' lang='grc' dir='ltr'><strong>(τι)</strong></span> <span class='ocrx_word' id='word_1_466' title='bbox 735 5835 895 5894; x_wconf 66' lang='lat' dir='ltr'><strong>Forte,</strong></span> <span class='ocrx_word' id='word_1_467' title='bbox 918 5829 1054 5883; x_wconf 60' lang='lat' dir='ltr'><strong>mali.</strong></span> 
     </span>
    </p>
   </div>
   <div class='ocr_carea' id='block_1_61' title="bbox 1779 361 3736 437">
    <p class='ocr_par' dir='ltr' id='par_1_61' title="bbox 1779 361 3736 437">
     <span class='ocr_line' id='line_1_61' title="bbox 1779 361 3736 437; baseline 0.012 -23"><span class='ocrx_word' id='word_1_468' title='bbox 1779 361 1838 414; x_wconf 84' lang='lat' dir='ltr'><strong>S.</strong></span> <span class='ocrx_word' id='word_1_469' title='bbox 1878 361 2247 424; x_wconf 80' lang='lat' dir='ltr'><strong>AUGUSTINI</strong></span> <span class='ocrx_word' id='word_1_470' title='bbox 2285 368 2593 428; x_wconf 84' lang='lat' dir='ltr'><strong>EPISCOPI</strong></span> <span class='ocrx_word' id='word_1_471' title='bbox 3663 381 3736 437; x_wconf 74' lang='grc' dir='ltr'><strong>ιιι</strong></span> 
     </span>
    </p>
   </div>
   <div class='ocr_carea' id='block_1_62' title="bbox 2242 481 3741 560">
    <p class='ocr_par' dir='ltr' id='par_1_62' title="bbox 2242 481 3741 560">
     <span class='ocr_line' id='line_1_62' title="bbox 2242 481 3741 560; baseline 0.011 -25"><span class='ocrx_word' id='word_1_472' title='bbox 2242 481 2369 552; x_wconf 87' lang='lat' dir='ltr'><strong>justi</strong></span> <span class='ocrx_word' id='word_1_473' title='bbox 2399 493 2453 537; x_wconf 92' lang='lat' dir='ltr'><strong>et</strong></span> <span class='ocrx_word' id='word_1_474' title='bbox 2477 484 2620 544; x_wconf 79' lang='lat' dir='ltr'><strong>boni.</strong></span> <span class='ocrx_word' id='word_1_475' title='bbox 2645 499 2751 540; x_wconf 91' lang='lat' dir='ltr'><strong>non</strong></span> <span class='ocrx_word' id='word_1_476' title='bbox 2774 485 3030 542; x_wconf 86' lang='lat' dir='ltr'><strong>habentes</strong></span> <span class='ocrx_word' id='word_1_477' title='bbox 3052 486 3103 543; x_wconf 90' lang='lat' dir='ltr'><strong>in</strong></span> <span class='ocrx_word' id='word_1_478' title='bbox 3129 486 3293 545; x_wconf 68' lang='grc' dir='ltr'><strong>ἀοι-αθ</strong></span> <span class='ocrx_word' id='word_1_479' title='bbox 3320 488 3420 544; x_wconf 90' lang='lat' dir='ltr'><strong>nisi</strong></span> <span class='ocrx_word' id='word_1_480' title='bbox 3441 488 3741 560; x_wconf 76' lang='lat' dir='ltr'><strong>gloriosissima</strong></span> 
     </span>
    </p>
   </div>
   <div class='ocr_carea' id='block_1_63' title="bbox 2245 575 3741 657">
    <p class='ocr_par' dir='ltr' id='par_1_63' title="bbox 2245 575 3741 657">
     <span class='ocr_line' id='line_1_63' title="bbox 2245 575 3741 657; baseline 0.012 -29"><span class='ocrx_word' id='word_1_481' title='bbox 2245 589 2364 644; x_wconf 63' lang='lat' dir='ltr'><strong>quae</strong></span> <span class='ocrx_word' id='word_1_482' title='bbox 2391 575 2456 629; x_wconf 90' lang='lat' dir='ltr'><strong>de</strong></span> <span class='ocrx_word' id='word_1_483' title='bbox 2479 586 2528 631; x_wconf 91' lang='lat' dir='ltr'><strong>te</strong></span> <span class='ocrx_word' id='word_1_484' title='bbox 2553 577 2693 633; x_wconf 86' lang='lat' dir='ltr'><strong>dicta</strong></span> <span class='ocrx_word' id='word_1_485' title='bbox 2722 590 2867 643; x_wconf 89' lang='lat' dir='ltr'><strong>sunt,</strong></span> <span class='ocrx_word' id='word_1_486' title='bbox 2886 581 3073 636; x_wconf 85' lang='lat' dir='ltr'><strong>civitas</strong></span> <span class='ocrx_word' id='word_1_487' title='bbox 3095 581 3185 636; x_wconf 90' lang='lat' dir='ltr'><strong>Dei</strong></span> <span class='ocrx_word' id='word_1_488' title='bbox 3211 581 3381 654; x_wconf 82' lang='lat' dir='ltr'><strong>(Psal.</strong></span> <span class='ocrx_word' id='word_1_489' title='bbox 3407 599 3600 651; x_wconf 70' lang='grc' dir='ltr'>ιιιιγι,</span> <span class='ocrx_word' id='word_1_490' title='bbox 3623 588 3680 657; x_wconf 73' lang='lat'><strong>3).</strong></span> <span class='ocrx_word' id='word_1_491' title='bbox 3699 593 3741 646; x_wconf 83' lang='lat' dir='ltr'><strong>Et</strong></span> 
     </span>
    </p>
   </div>
   <div class='ocr_carea' id='block_1_64' title="bbox 2245 669 3743 739">
    <p class='ocr_par' dir='ltr' id='par_1_64' title="bbox 2245 669 3743 739">
     <span class='ocr_line' id='line_1_64' title="bbox 2245 669 3743 739; baseline 0.011 -19"><span class='ocrx_word' id='word_1_492' title='bbox 2245 669 2394 736; x_wconf 88' lang='lat' dir='ltr'><strong>quasi</strong></span> <span class='ocrx_word' id='word_1_493' title='bbox 2424 670 2689 739; x_wconf 83' lang='lat' dir='ltr'><strong>angariant</strong></span> <span class='ocrx_word' id='word_1_494' title='bbox 2722 670 2922 729; x_wconf 82' lang='lat' dir='ltr'><strong>faciunt</strong></span> <span class='ocrx_word' id='word_1_495' title='bbox 2950 673 3002 728; x_wconf 88' lang='lat' dir='ltr'><strong>itt</strong></span> <span class='ocrx_word' id='word_1_496' title='bbox 3045 675 3256 728; x_wconf 87' lang='lat' dir='ltr'><strong>civitate</strong></span> <span class='ocrx_word' id='word_1_497' title='bbox 3287 677 3574 736; x_wconf 79' lang='lat' dir='ltr'><strong>transitura.</strong></span> <span class='ocrx_word' id='word_1_498' title='bbox 3599 689 3641 734; x_wconf 84' lang='lat' dir='ltr'><strong>et</strong></span> <span class='ocrx_word' id='word_1_499' title='bbox 3672 681 3743 737; x_wconf 73' lang='lat' dir='ltr'><strong>illic</strong></span> 
     </span>
    </p>
   </div>
   <div class='ocr_carea' id='block_1_65' title="bbox 2246 762 3841 836">
    <p class='ocr_par' dir='ltr' id='par_1_65' title="bbox 2246 762 3841 836">
     <span class='ocr_line' id='line_1_65' title="bbox 2246 762 3841 836; baseline 0.012 -24"><span class='ocrx_word' id='word_1_500' title='bbox 2246 774 2274 812; x_wconf 89' lang='lat' dir='ltr'><strong>a</strong></span> <span class='ocrx_word' id='word_1_501' title='bbox 2303 762 2609 818; x_wconf 84' lang='lat' dir='ltr'><strong>doctoribus</strong></span> <span class='ocrx_word' id='word_1_502' title='bbox 2639 765 2869 821; x_wconf 81' lang='lat' dir='ltr'><strong>civitatis</strong></span> <span class='ocrx_word' id='word_1_503' title='bbox 2907 778 3104 822; x_wconf 76' lang='lat' dir='ltr'><strong>sanetze</strong></span> <span class='ocrx_word' id='word_1_504' title='bbox 3143 767 3399 836; x_wconf 83' lang='lat' dir='ltr'><strong>jubentur</strong></span> <span class='ocrx_word' id='word_1_505' title='bbox 3425 785 3612 825; x_wconf 80' lang='lat' dir='ltr'><strong>servare</strong></span> <span class='ocrx_word' id='word_1_506' title='bbox 3636 774 3742 831; x_wconf 79' lang='lat' dir='ltr'><strong>ﬁdem</strong></span> <span class='ocrx_word' id='word_1_507' title='bbox 3840 803 3841 830; x_wconf 48' lang='grc' dir='ltr'>ξ</span> 
     </span>
    </p>
   </div>
   <div class='ocr_carea' id='block_1_66' title="bbox 2245 856 3841 932">
    <p class='ocr_par' dir='ltr' id='par_1_66' title="bbox 2245 856 3841 932">
     <span class='ocr_line' id='line_1_66' title="bbox 2245 856 3841 932; baseline 0.01 -27"><span class='ocrx_word' id='word_1_508' title='bbox 2245 856 2544 923; x_wconf 83' lang='lat' dir='ltr'><strong>pra-positis</strong></span> <span class='ocrx_word' id='word_1_509' title='bbox 2570 858 2698 924; x_wconf 91' lang='lat' dir='ltr'><strong>suis,</strong></span> <span class='ocrx_word' id='word_1_510' title='bbox 2741 860 2845 914; x_wconf 80' lang='lat' dir='ltr'><strong>sive</strong></span> <span class='ocrx_word' id='word_1_511' title='bbox 2871 863 2979 932; x_wconf 73' lang='lat' dir='ltr'><strong>regi</strong></span> <span class='ocrx_word' id='word_1_512' title='bbox 3004 862 3150 932; x_wconf 78' lang='lat' dir='ltr'><strong>quasi</strong></span> <span class='ocrx_word' id='word_1_513' title='bbox 3191 863 3509 929; x_wconf 71' lang='lat' dir='ltr'><strong>prlecellenti,</strong></span> <span class='ocrx_word' id='word_1_514' title='bbox 3536 864 3620 918; x_wconf 68' lang='lat' dir='ltr'><strong>sive</strong></span> <span class='ocrx_word' id='word_1_515' title='bbox 3650 871 3744 920; x_wconf 60' lang='lat' dir='ltr'><strong>duci.</strong></span> 
     </span>
    </p>
   </div>
   <div class='ocr_carea' id='block_1_67' title="bbox 2246 943 3744 1019">
    <p class='ocr_par' dir='ltr' id='par_1_67' title="bbox 2246 943 3744 1019">
     <span class='ocr_line' id='line_1_67' title="bbox 2246 943 3744 1019; baseline 0.013 -22"><span class='ocrx_word' id='word_1_516' title='bbox 2246 943 2335 998; x_wconf 88' lang='lat' dir='ltr'><strong>bus</strong></span> <span class='ocrx_word' id='word_1_517' title='bbox 2357 958 2591 1018; x_wconf 85' lang='lat' dir='ltr'><strong>tanquam</strong></span> <span class='ocrx_word' id='word_1_518' title='bbox 2614 951 2676 1004; x_wconf 91' lang='lat' dir='ltr'><strong>ab</strong></span> <span class='ocrx_word' id='word_1_519' title='bbox 2701 967 2758 1004; x_wconf 77' lang='lat' dir='ltr'><strong>co</strong></span> <span class='ocrx_word' id='word_1_520' title='bbox 2775 953 2938 1007; x_wconf 66' lang='lat' dir='ltr'><strong>missis</strong></span> <span class='ocrx_word' id='word_1_521' title='bbox 2960 954 3028 1008; x_wconf 86' lang='lat' dir='ltr'><strong>ad</strong></span> <span class='ocrx_word' id='word_1_522' title='bbox 3049 955 3318 1008; x_wconf 82' lang='lat' dir='ltr'><strong>vindictam</strong></span> <span class='ocrx_word' id='word_1_523' title='bbox 3343 955 3592 1019; x_wconf 84' lang='lat' dir='ltr'><strong>malorum,</strong></span> <span class='ocrx_word' id='word_1_524' title='bbox 3608 958 3744 1016; x_wconf 73' lang='lat' dir='ltr'><strong>laudent</strong></span> 
     </span>
    </p>
   </div>
   <div class='ocr_carea' id='block_1_68' title="bbox 2244 1041 3749 1108">
    <p class='ocr_par' dir='ltr' id='par_1_68' title="bbox 2244 1041 3749 1108">
     <span class='ocr_line' id='line_1_68' title="bbox 2244 1041 3749 1108; baseline 0.011 -16"><span class='ocrx_word' id='word_1_525' title='bbox 2244 1054 2359 1093; x_wconf 83' lang='lat' dir='ltr'><strong>vero</strong></span> <span class='ocrx_word' id='word_1_526' title='bbox 2383 1041 2626 1097; x_wconf 85' lang='lat' dir='ltr'><strong>bonorum</strong></span> <span class='ocrx_word' id='word_1_527' title='bbox 2649 1061 2667 1106; x_wconf 82' lang='lat'><strong>,&#39;</strong></span> <span class='ocrx_word' id='word_1_528' title='bbox 2693 1049 2805 1100; x_wconf 88' lang='lat' dir='ltr'><strong>sive</strong></span> <span class='ocrx_word' id='word_1_529' title='bbox 2830 1047 2989 1108; x_wconf 87' lang='lat' dir='ltr'><strong>servi,</strong></span> <span class='ocrx_word' id='word_1_530' title='bbox 3022 1057 3078 1101; x_wconf 87' lang='grc' dir='ltr'><strong>ιιι</strong></span> <span class='ocrx_word' id='word_1_531' title='bbox 3101 1048 3334 1102; x_wconf 84' lang='lat' dir='ltr'><strong>dominis</strong></span> <span class='ocrx_word' id='word_1_532' title='bbox 3369 1050 3477 1102; x_wconf 88' lang='lat' dir='ltr'><strong>suis</strong></span> <span class='ocrx_word' id='word_1_533' title='bbox 3501 1050 3661 1104; x_wconf 81' lang='lat' dir='ltr'><strong>subditi</strong></span> <span class='ocrx_word' id='word_1_534' title='bbox 3679 1055 3749 1108; x_wconf 81' lang='lat' dir='ltr'><strong>sint</strong></span> 
     </span>
    </p>
   </div>
   <div class='ocr_carea' id='block_1_69' title="bbox 2245 1132 3749 1211">
    <p class='ocr_par' dir='ltr' id='par_1_69' title="bbox 2245 1132 3749 1211">
     <span class='ocr_line' id='line_1_69' title="bbox 2245 1132 3749 1211; baseline 0.01 -25"><span class='ocrx_word' id='word_1_535' title='bbox 2245 1132 2292 1204; x_wconf 91' lang='grc'><strong>(1</strong></span> <span class='ocrx_word' id='word_1_536' title='bbox 2327 1132 2469 1192; x_wconf 82' lang='lat' dir='ltr'><strong>Petr.</strong></span> <span class='ocrx_word' id='word_1_537' title='bbox 2509 1153 2563 1198; x_wconf 87' lang='lat' dir='ltr'><strong>ll,</strong></span> <span class='ocrx_word' id='word_1_538' title='bbox 2615 1139 2700 1202; x_wconf 78' lang='lat' dir='ltr'><strong>l5,</strong></span> <span class='ocrx_word' id='word_1_539' title='bbox 2734 1139 2844 1206; x_wconf 75' lang='grc'><strong>18),</strong></span> <span class='ocrx_word' id='word_1_540' title='bbox 2888 1149 2942 1194; x_wconf 92' lang='lat' dir='ltr'><strong>et</strong></span> <span class='ocrx_word' id='word_1_541' title='bbox 2970 1140 3257 1196; x_wconf 82' lang='lat' dir='ltr'><strong>Christiani</strong></span> <span class='ocrx_word' id='word_1_542' title='bbox 3285 1141 3542 1211; x_wconf 83' lang='lat' dir='ltr'><strong>Paganis;</strong></span> <span class='ocrx_word' id='word_1_543' title='bbox 3567 1155 3612 1198; x_wconf 90' lang='lat' dir='ltr'><strong>et</strong></span> <span class='ocrx_word' id='word_1_544' title='bbox 3630 1160 3749 1201; x_wconf 74' lang='lat' dir='ltr'><strong>servet</strong></span> 
     </span>
    </p>
   </div>
   <div class='ocr_carea' id='block_1_70' title="bbox 2246 1224 3750 1304">
    <p class='ocr_par' dir='ltr' id='par_1_70' title="bbox 2246 1224 3750 1304">
     <span class='ocr_line' id='line_1_70' title="bbox 2246 1224 3750 1304; baseline 0.009 -24"><span class='ocrx_word' id='word_1_545' title='bbox 2246 1224 2404 1282; x_wconf 83' lang='lat' dir='ltr'><strong>ﬁdem</strong></span> <span class='ocrx_word' id='word_1_546' title='bbox 2427 1229 2614 1284; x_wconf 85' lang='lat' dir='ltr'><strong>melior</strong></span> <span class='ocrx_word' id='word_1_547' title='bbox 2638 1230 2910 1297; x_wconf 88' lang='lat' dir='ltr'><strong>deteriori,</strong></span> <span class='ocrx_word' id='word_1_548' title='bbox 2939 1233 3004 1286; x_wconf 88' lang='lat' dir='ltr'><strong>ad</strong></span> <span class='ocrx_word' id='word_1_549' title='bbox 3032 1241 3241 1304; x_wconf 89' lang='lat' dir='ltr'><strong>tempus</strong></span> <span class='ocrx_word' id='word_1_550' title='bbox 3265 1236 3574 1302; x_wconf 85' lang='lat' dir='ltr'><strong>serviturus,</strong></span> <span class='ocrx_word' id='word_1_551' title='bbox 3588 1238 3630 1291; x_wconf 91' lang='lat' dir='ltr'><strong>in</strong></span> <span class='ocrx_word' id='word_1_552' title='bbox 3646 1248 3750 1293; x_wconf 62' lang='lat' dir='ltr'><strong>uter-</strong></span> 
     </span>
    </p>
   </div>
   <div class='ocr_carea' id='block_1_71' title="bbox 2246 1321 3750 1387">
    <p class='ocr_par' dir='ltr' id='par_1_71' title="bbox 2246 1321 3750 1387">
     <span class='ocr_line' id='line_1_71' title="bbox 2246 1321 3750 1387; baseline 0.007 -13"><span class='ocrx_word' id='word_1_553' title='bbox 2246 1335 2372 1374; x_wconf 92' lang='lat' dir='ltr'><strong>num</strong></span> <span class='ocrx_word' id='word_1_554' title='bbox 2421 1321 2807 1381; x_wconf 82' lang='lat' dir='ltr'><strong>dominaturus.</strong></span> <span class='ocrx_word' id='word_1_555' title='bbox 2859 1324 3016 1380; x_wconf 83' lang='lat' dir='ltr'><strong>Fiunt</strong></span> <span class='ocrx_word' id='word_1_556' title='bbox 3056 1327 3198 1382; x_wconf 89' lang='lat' dir='ltr'><strong>enim</strong></span> <span class='ocrx_word' id='word_1_557' title='bbox 3240 1327 3344 1382; x_wconf 90' lang='lat' dir='ltr'><strong>ista</strong></span> <span class='ocrx_word' id='word_1_558' title='bbox 3389 1326 3552 1384; x_wconf 86' lang='lat' dir='ltr'><strong>donec</strong></span> <span class='ocrx_word' id='word_1_559' title='bbox 3585 1338 3750 1387; x_wconf 72' lang='lat' dir='ltr'><strong>transeat</strong></span> 
     </span>
    </p>
   </div>
   <div class='ocr_carea' id='block_1_72' title="bbox 2247 1410 3750 1485">
    <p class='ocr_par' dir='ltr' id='par_1_72' title="bbox 2247 1410 3750 1485">
     <span class='ocr_line' id='line_1_72' title="bbox 2247 1410 3750 1485; baseline 0.008 -19"><span class='ocrx_word' id='word_1_560' title='bbox 2247 1410 2496 1482; x_wconf 88' lang='lat' dir='ltr'><strong>iniquitas</strong></span> <span class='ocrx_word' id='word_1_561' title='bbox 2527 1413 2696 1482; x_wconf 86' lang='lat' dir='ltr'><strong>(Psal.</strong></span> <span class='ocrx_word' id='word_1_562' title='bbox 2732 1433 2836 1482; x_wconf 75' lang='lat' dir='ltr'><strong>LVI,</strong></span> <span class='ocrx_word' id='word_1_563' title='bbox 2858 1416 2937 1485; x_wconf 73' lang='lat'><strong>2).</strong></span> <span class='ocrx_word' id='word_1_564' title='bbox 2968 1417 3229 1475; x_wconf 89' lang='lat' dir='ltr'><strong>Juhentttr</strong></span> <span class='ocrx_word' id='word_1_565' title='bbox 3254 1420 3400 1474; x_wconf 82' lang='lat' dir='ltr'><strong>servi</strong></span> <span class='ocrx_word' id='word_1_566' title='bbox 3431 1420 3559 1476; x_wconf 80' lang='lat' dir='ltr'><strong>ferre</strong></span> <span class='ocrx_word' id='word_1_567' title='bbox 3575 1421 3750 1478; x_wconf 81' lang='lat' dir='ltr'><strong>dominos</strong></span> 
     </span>
    </p>
   </div>
   <div class='ocr_carea' id='block_1_73' title="bbox 2247 1503 3748 1583">
    <p class='ocr_par' dir='ltr' id='par_1_73' title="bbox 2247 1503 3748 1583">
     <span class='ocr_line' id='line_1_73' title="bbox 2247 1503 3748 1583; baseline 0.01 -25"><span class='ocrx_word' id='word_1_568' title='bbox 2247 1503 2458 1573; x_wconf 88' lang='lat' dir='ltr'><strong>iniquos</strong></span> <span class='ocrx_word' id='word_1_569' title='bbox 2481 1517 2530 1561; x_wconf 90' lang='lat' dir='ltr'><strong>et</strong></span> <span class='ocrx_word' id='word_1_570' title='bbox 2553 1507 2798 1564; x_wconf 82' lang='lat' dir='ltr'><strong>dilliciles</strong></span> <span class='ocrx_word' id='word_1_571' title='bbox 2822 1529 2838 1566; x_wconf 88' lang='lat'><strong>:</strong></span> <span class='ocrx_word' id='word_1_572' title='bbox 2858 1512 3001 1565; x_wconf 86' lang='lat' dir='ltr'><strong>cives</strong></span> <span class='ocrx_word' id='word_1_573' title='bbox 3018 1511 3324 1583; x_wconf 72' lang='lat' dir='ltr'><strong>Babylonia:</strong></span> <span class='ocrx_word' id='word_1_574' title='bbox 3343 1513 3585 1583; x_wconf 84' lang='lat' dir='ltr'><strong>jubentur</strong></span> <span class='ocrx_word' id='word_1_575' title='bbox 3602 1517 3748 1574; x_wconf 78' lang='lat' dir='ltr'><strong>tolerari</strong></span> 
     </span>
    </p>
   </div>
   <div class='ocr_carea' id='block_1_74' title="bbox 2247 1597 3753 1679">
    <p class='ocr_par' dir='ltr' id='par_1_74' title="bbox 2247 1597 3753 1679">
     <span class='ocr_line' id='line_1_74' title="bbox 2247 1597 3753 1679; baseline 0.01 -27"><span class='ocrx_word' id='word_1_576' title='bbox 2247 1612 2279 1652; x_wconf 91' lang='lat' dir='ltr'><strong>a</strong></span> <span class='ocrx_word' id='word_1_577' title='bbox 2307 1597 2512 1654; x_wconf 88' lang='lat' dir='ltr'><strong>civibus</strong></span> <span class='ocrx_word' id='word_1_578' title='bbox 2551 1600 2870 1669; x_wconf 88' lang='lat' dir='ltr'><strong>Jerusalem,</strong></span> <span class='ocrx_word' id='word_1_579' title='bbox 2903 1614 2955 1661; x_wconf 89' lang='lat' dir='ltr'><strong>et</strong></span> <span class='ocrx_word' id='word_1_580' title='bbox 2985 1607 3213 1675; x_wconf 87' lang='lat' dir='ltr'><strong>amplius</strong></span> <span class='ocrx_word' id='word_1_581' title='bbox 3257 1607 3614 1679; x_wconf 74' lang='lat' dir='ltr'><strong>obsequiorum</strong></span> <span class='ocrx_word' id='word_1_582' title='bbox 3652 1612 3753 1666; x_wconf 77' lang='lat' dir='ltr'><strong>exhi-</strong></span> 
     </span>
    </p>
   </div>
   <div class='ocr_carea' id='block_1_75' title="bbox 2247 1687 3753 1774">
    <p class='ocr_par' dir='ltr' id='par_1_75' title="bbox 2247 1687 3753 1774">
     <span class='ocr_line' id='line_1_75' title="bbox 2247 1687 3753 1774; baseline 0.01 -30"><span class='ocrx_word' id='word_1_583' title='bbox 2247 1687 2530 1758; x_wconf 80' lang='lat' dir='ltr'><strong>bentibus,</strong></span> <span class='ocrx_word' id='word_1_584' title='bbox 2561 1709 2718 1761; x_wconf 88' lang='lat' dir='ltr'><strong>quam</strong></span> <span class='ocrx_word' id='word_1_585' title='bbox 2758 1695 2802 1748; x_wconf 91' lang='lat' dir='ltr'><strong>si</strong></span> <span class='ocrx_word' id='word_1_586' title='bbox 2839 1695 2983 1751; x_wconf 89' lang='lat' dir='ltr'><strong>cives</strong></span> <span class='ocrx_word' id='word_1_587' title='bbox 3027 1707 3208 1753; x_wconf 85' lang='lat' dir='ltr'><strong>essent</strong></span> <span class='ocrx_word' id='word_1_588' title='bbox 3237 1713 3307 1753; x_wconf 80' lang='lat' dir='ltr'><strong>ex</strong></span> <span class='ocrx_word' id='word_1_589' title='bbox 3355 1700 3466 1770; x_wconf 90' lang='lat' dir='ltr'><strong>ipsa</strong></span> <span class='ocrx_word' id='word_1_590' title='bbox 3509 1701 3753 1774; x_wconf 78' lang='lat' dir='ltr'><strong>Babylonia;</strong></span> 
     </span>
    </p>
   </div>
   <div class='ocr_carea' id='block_1_76' title="bbox 2253 1786 3754 1865">
    <p class='ocr_par' dir='ltr' id='par_1_76' title="bbox 2253 1786 3754 1865">
     <span class='ocr_line' id='line_1_76' title="bbox 2253 1786 3754 1865; baseline 0.011 -30"><span class='ocrx_word' id='word_1_591' title='bbox 2253 1791 2500 1853; x_wconf 90' lang='lat' dir='ltr'><strong>tanquam</strong></span> <span class='ocrx_word' id='word_1_592' title='bbox 2528 1786 2892 1856; x_wconf 86' lang='lat' dir='ltr'><strong>implentibus,</strong></span> <span class='ocrx_word' id='word_1_593' title='bbox 2926 1790 3026 1858; x_wconf 82' lang='lat' dir='ltr'><strong>Qui</strong></span> <span class='ocrx_word' id='word_1_594' title='bbox 3052 1802 3099 1846; x_wconf 91' lang='lat' dir='ltr'><strong>te</strong></span> <span class='ocrx_word' id='word_1_595' title='bbox 3112 1794 3457 1864; x_wconf 78' lang='lat' dir='ltr'><strong>angariaoerit</strong></span> <span class='ocrx_word' id='word_1_596' title='bbox 3476 1795 3600 1850; x_wconf 81' lang='lat' dir='ltr'><strong>mille</strong></span> <span class='ocrx_word' id='word_1_597' title='bbox 3615 1813 3754 1865; x_wconf 62' lang='lat' dir='ltr'><strong>posset.</strong></span> 
     </span>
    </p>
   </div>
   <div class='ocr_carea' id='block_1_77' title="bbox 2248 1873 3756 1955">
    <p class='ocr_par' dir='ltr' id='par_1_77' title="bbox 2248 1873 3756 1955">
     <span class='ocr_line' id='line_1_77' title="bbox 2248 1873 3756 1955; baseline 0.011 -29"><span class='ocrx_word' id='word_1_598' title='bbox 2248 1873 2377 1928; x_wconf 83' lang='lat' dir='ltr'><strong>uade</strong></span> <span class='ocrx_word' id='word_1_599' title='bbox 2411 1891 2526 1929; x_wconf 88' lang='lat' dir='ltr'><strong>cum</strong></span> <span class='ocrx_word' id='word_1_600' title='bbox 2551 1876 2641 1931; x_wconf 83' lang='lat' dir='ltr'><strong>illo</strong></span> <span class='ocrx_word' id='word_1_601' title='bbox 2665 1879 2768 1932; x_wconf 82' lang='lat' dir='ltr'><strong>alia</strong></span> <span class='ocrx_word' id='word_1_602' title='bbox 2797 1880 2898 1935; x_wconf 84' lang='lat' dir='ltr'><strong>duo</strong></span> <span class='ocrx_word' id='word_1_603' title='bbox 2930 1880 3142 1953; x_wconf 82' lang='lat' dir='ltr'><strong>(Matth.</strong></span> <span class='ocrx_word' id='word_1_604' title='bbox 3165 1900 3218 1948; x_wconf 87' lang='lat' dir='ltr'><strong>v,</strong></span> <span class='ocrx_word' id='word_1_605' title='bbox 3249 1885 3367 1955; x_wconf 60' lang='lat' dir='ltr'><strong>4H).</strong></span> <span class='ocrx_word' id='word_1_606' title='bbox 3405 1885 3544 1941; x_wconf 86' lang='lat' dir='ltr'><strong>Hanc</strong></span> <span class='ocrx_word' id='word_1_607' title='bbox 3567 1895 3692 1942; x_wconf 84' lang='lat' dir='ltr'><strong>totam</strong></span> <span class='ocrx_word' id='word_1_608' title='bbox 3709 1889 3756 1942; x_wconf 77' lang='lat' dir='ltr'><strong>ci-</strong></span> 
     </span>
    </p>
   </div>
   <div class='ocr_carea' id='block_1_78' title="bbox 2249 1967 3757 2047">
    <p class='ocr_par' dir='ltr' id='par_1_78' title="bbox 2249 1967 3757 2047">
     <span class='ocr_line' id='line_1_78' title="bbox 2249 1967 3757 2047; baseline 0.009 -27"><span class='ocrx_word' id='word_1_609' title='bbox 2249 1967 2467 2023; x_wconf 89' lang='lat' dir='ltr'><strong>vitatem</strong></span> <span class='ocrx_word' id='word_1_610' title='bbox 2498 1969 2817 2040; x_wconf 88' lang='lat' dir='ltr'><strong>dispersam,</strong></span> <span class='ocrx_word' id='word_1_611' title='bbox 2846 1973 3114 2040; x_wconf 63' lang='lat' dir='ltr'><strong>diffusam,</strong></span> <span class='ocrx_word' id='word_1_612' title='bbox 3163 1979 3504 2046; x_wconf 80' lang='lat' dir='ltr'><strong>permixtam,</strong></span> <span class='ocrx_word' id='word_1_613' title='bbox 3547 1979 3757 2047; x_wconf 80' lang='lat' dir='ltr'><strong>alloquitur</strong></span> 
     </span>
    </p>
   </div>
   <div class='ocr_carea' id='block_1_79' title="bbox 2251 2057 3755 2142">
    <p class='ocr_par' dir='ltr' id='par_1_79' title="bbox 2251 2057 3755 2142">
     <span class='ocr_line' id='line_1_79' title="bbox 2251 2057 3755 2142; baseline 0.008 -30"><span class='ocrx_word' id='word_1_614' title='bbox 2251 2057 2336 2114; x_wconf 90' lang='lat' dir='ltr'><strong>bis</strong></span> <span class='ocrx_word' id='word_1_615' title='bbox 2382 2061 2559 2116; x_wconf 88' lang='lat' dir='ltr'><strong>verbis</strong></span> <span class='ocrx_word' id='word_1_616' title='bbox 2614 2073 2669 2118; x_wconf 92' lang='lat' dir='ltr'><strong>et</strong></span> <span class='ocrx_word' id='word_1_617' title='bbox 2717 2064 2890 2122; x_wconf 90' lang='lat' dir='ltr'><strong>dicit:</strong></span> <span class='ocrx_word' id='word_1_618' title='bbox 2926 2066 3201 2138; x_wconf 75' lang='lat' dir='ltr'><strong>Quousque</strong></span> <span class='ocrx_word' id='word_1_619' title='bbox 3247 2071 3505 2140; x_wconf 76' lang='lat' dir='ltr'><strong>apponitis</strong></span> <span class='ocrx_word' id='word_1_620' title='bbox 3541 2088 3665 2142; x_wconf 76' lang='lat' dir='ltr'><strong>super</strong></span> <span class='ocrx_word' id='word_1_621' title='bbox 3697 2073 3755 2124; x_wconf 74' lang='lat' dir='ltr'><strong>lio-</strong></span> 
     </span>
    </p>
   </div>
   <div class='ocr_carea' id='block_1_80' title="bbox 2250 2152 3759 2231">
    <p class='ocr_par' dir='ltr' id='par_1_80' title="bbox 2250 2152 3759 2231">
     <span class='ocr_line' id='line_1_80' title="bbox 2250 2152 3759 2231; baseline 0.007 -26"><span class='ocrx_word' id='word_1_622' title='bbox 2250 2152 2478 2207; x_wconf 80' lang='lat' dir='ltr'><strong>minem?</strong></span> <span class='ocrx_word' id='word_1_623' title='bbox 2514 2152 2795 2226; x_wconf 77' lang='lat' dir='ltr'><strong>lnterﬁcite</strong></span> <span class='ocrx_word' id='word_1_624' title='bbox 2832 2175 3005 2214; x_wconf 81' lang='lat' dir='ltr'><strong>omnes</strong></span> <span class='ocrx_word' id='word_1_625' title='bbox 3050 2175 3070 2214; x_wconf 90' lang='lat'><strong><em>:</em></strong></span> <span class='ocrx_word' id='word_1_626' title='bbox 3115 2170 3168 2216; x_wconf 88' lang='lat' dir='ltr'><strong>et</strong></span> <span class='ocrx_word' id='word_1_627' title='bbox 3214 2161 3307 2231; x_wconf 89' lang='lat' dir='ltr'><strong>qui</strong></span> <span class='ocrx_word' id='word_1_628' title='bbox 3365 2162 3493 2217; x_wconf 80' lang='lat' dir='ltr'><strong>foris</strong></span> <span class='ocrx_word' id='word_1_629' title='bbox 3540 2164 3646 2216; x_wconf 84' lang='lat' dir='ltr'><strong>estis</strong></span> <span class='ocrx_word' id='word_1_630' title='bbox 3686 2173 3759 2216; x_wconf 73' lang='lat' dir='ltr'><strong>tan-</strong></span> 
     </span>
    </p>
   </div>
   <div class='ocr_carea' id='block_1_81' title="bbox 2251 2248 3757 2326">
    <p class='ocr_par' dir='ltr' id='par_1_81' title="bbox 2251 2248 3757 2326">
     <span class='ocr_line' id='line_1_81' title="bbox 2251 2248 3757 2326; baseline 0.009 -29"><span class='ocrx_word' id='word_1_631' title='bbox 2251 2259 2409 2314; x_wconf 88' lang='lat' dir='ltr'><strong>quam</strong></span> <span class='ocrx_word' id='word_1_632' title='bbox 2462 2248 2629 2316; x_wconf 69' lang='lat' dir='ltr'><strong>spinm</strong></span> <span class='ocrx_word' id='word_1_633' title='bbox 2681 2249 2732 2303; x_wconf 89' lang='lat' dir='ltr'><strong>in</strong></span> <span class='ocrx_word' id='word_1_634' title='bbox 2777 2250 3013 2319; x_wconf 89' lang='lat' dir='ltr'><strong>sepihus,</strong></span> <span class='ocrx_word' id='word_1_635' title='bbox 3071 2261 3162 2308; x_wconf 86' lang='lat' dir='ltr'><strong>aut</strong></span> <span class='ocrx_word' id='word_1_636' title='bbox 3211 2263 3468 2325; x_wconf 91' lang='lat' dir='ltr'><strong>tanquam</strong></span> <span class='ocrx_word' id='word_1_637' title='bbox 3495 2255 3618 2326; x_wconf 80' lang='lat' dir='ltr'><strong>ligna</strong></span> <span class='ocrx_word' id='word_1_638' title='bbox 3648 2256 3757 2310; x_wconf 79' lang='lat' dir='ltr'><strong>inltu-</strong></span> 
     </span>
    </p>
   </div>
   <div class='ocr_carea' id='block_1_82' title="bbox 2251 2337 3757 2416">
    <p class='ocr_par' dir='ltr' id='par_1_82' title="bbox 2251 2337 3757 2416">
     <span class='ocr_line' id='line_1_82' title="bbox 2251 2337 3757 2416; baseline 0.007 -26"><span class='ocrx_word' id='word_1_639' title='bbox 2251 2345 2432 2392; x_wconf 88' lang='lat' dir='ltr'><strong>ctuosa</strong></span> <span class='ocrx_word' id='word_1_640' title='bbox 2467 2337 2518 2392; x_wconf 90' lang='lat' dir='ltr'><strong>in</strong></span> <span class='ocrx_word' id='word_1_641' title='bbox 2547 2339 2692 2395; x_wconf 89' lang='lat' dir='ltr'><strong>silvis</strong></span> <span class='ocrx_word' id='word_1_642' title='bbox 2717 2358 2730 2404; x_wconf 90' lang='lat'><strong>;</strong></span> <span class='ocrx_word' id='word_1_643' title='bbox 2759 2341 2956 2412; x_wconf 84' lang='lat' dir='ltr'><strong>quique</strong></span> <span class='ocrx_word' id='word_1_644' title='bbox 2982 2344 3124 2398; x_wconf 90' lang='lat' dir='ltr'><strong>intus</strong></span> <span class='ocrx_word' id='word_1_645' title='bbox 3149 2346 3282 2399; x_wconf 91' lang='lat' dir='ltr'><strong>estis</strong></span> <span class='ocrx_word' id='word_1_646' title='bbox 3309 2355 3554 2416; x_wconf 88' lang='lat' dir='ltr'><strong>tanquam</strong></span> <span class='ocrx_word' id='word_1_647' title='bbox 3590 2348 3757 2409; x_wconf 78' lang='lat' dir='ltr'><strong>zizania,</strong></span> 
     </span>
    </p>
   </div>
   <div class='ocr_carea' id='block_1_83' title="bbox 2250 2427 3756 2509">
    <p class='ocr_par' dir='ltr' id='par_1_83' title="bbox 2250 2427 3756 2509">
     <span class='ocr_line' id='line_1_83' title="bbox 2250 2427 3756 2509; baseline 0.007 -29"><span class='ocrx_word' id='word_1_648' title='bbox 2250 2427 2335 2480; x_wconf 88' lang='lat' dir='ltr'><strong>vel</strong></span> <span class='ocrx_word' id='word_1_649' title='bbox 2376 2439 2624 2498; x_wconf 88' lang='lat' dir='ltr'><strong>tanquam</strong></span> <span class='ocrx_word' id='word_1_650' title='bbox 2657 2432 2803 2499; x_wconf 87' lang='lat' dir='ltr'><strong>palea</strong></span> <span class='ocrx_word' id='word_1_651' title='bbox 2829 2449 2842 2499; x_wconf 92' lang='lat'><strong>;</strong></span> <span class='ocrx_word' id='word_1_652' title='bbox 2871 2449 3059 2489; x_wconf 87' lang='lat' dir='ltr'><strong>omnes</strong></span> <span class='ocrx_word' id='word_1_653' title='bbox 3085 2445 3352 2506; x_wconf 89' lang='lat' dir='ltr'><strong>quotquot</strong></span> <span class='ocrx_word' id='word_1_654' title='bbox 3390 2439 3536 2505; x_wconf 89' lang='lat' dir='ltr'><strong>estis,</strong></span> <span class='ocrx_word' id='word_1_655' title='bbox 3562 2439 3756 2509; x_wconf 82' lang='lat' dir='ltr'><strong>separati,</strong></span> 
     </span>
    </p>
   </div>
   <div class='ocr_carea' id='block_1_84' title="bbox 2253 2522 3758 2598">
    <p class='ocr_par' dir='ltr' id='par_1_84' title="bbox 2253 2522 3758 2598">
     <span class='ocr_line' id='line_1_84' title="bbox 2253 2522 3758 2598; baseline 0.007 -25"><span class='ocrx_word' id='word_1_656' title='bbox 2253 2522 2528 2590; x_wconf 80' lang='lat' dir='ltr'><strong>permixti,</strong></span> <span class='ocrx_word' id='word_1_657' title='bbox 2567 2524 2846 2591; x_wconf 85' lang='lat' dir='ltr'><strong>tolerandi,</strong></span> <span class='ocrx_word' id='word_1_658' title='bbox 2873 2529 3175 2596; x_wconf 86' lang='lat' dir='ltr'><strong>separandi,</strong></span> <span class='ocrx_word' id='word_1_659' title='bbox 3205 2529 3479 2598; x_wconf 81' lang='lat' dir='ltr'><strong>interﬁcite</strong></span> <span class='ocrx_word' id='word_1_660' title='bbox 3500 2543 3758 2585; x_wconf 64' lang='lat' dir='ltr'><strong>omnesna-</strong></span> 
     </span>
    </p>
   </div>
   <div class='ocr_carea' id='block_1_85' title="bbox 2251 2617 3757 2690">
    <p class='ocr_par' dir='ltr' id='par_1_85' title="bbox 2251 2617 3757 2690">
     <span class='ocr_line' id='line_1_85' title="bbox 2251 2617 3757 2690; baseline 0.004 -22"><span class='ocrx_word' id='word_1_661' title='bbox 2251 2631 2400 2681; x_wconf 85' lang='lat' dir='ltr'><strong>quam</strong></span> <span class='ocrx_word' id='word_1_662' title='bbox 2416 2617 2595 2686; x_wconf 86' lang='lat' dir='ltr'><strong>parieti</strong></span> <span class='ocrx_word' id='word_1_663' title='bbox 2617 2617 2857 2672; x_wconf 86' lang='lat' dir='ltr'><strong>inclinato</strong></span> <span class='ocrx_word' id='word_1_664' title='bbox 2881 2629 2927 2675; x_wconf 88' lang='lat' dir='ltr'><strong>et</strong></span> <span class='ocrx_word' id='word_1_665' title='bbox 2953 2622 3184 2674; x_wconf 76' lang='lat' dir='ltr'><strong>maceria:</strong></span> <span class='ocrx_word' id='word_1_666' title='bbox 3197 2623 3449 2690; x_wconf 67' lang='lat' dir='ltr'><strong>depulsa.</strong></span> <span class='ocrx_word' id='word_1_667' title='bbox 3489 2620 3757 2676; x_wconf 69' lang='lat' dir='ltr'><strong>Verumtamen</strong></span> 
     </span>
    </p>
   </div>
   <div class='ocr_carea' id='block_1_86' title="bbox 2251 2706 3758 2781">
    <p class='ocr_par' dir='ltr' id='par_1_86' title="bbox 2251 2706 3758 2781">
     <span class='ocr_line' id='line_1_86' title="bbox 2251 2706 3758 2781; baseline 0.003 -23"><span class='ocrx_word' id='word_1_668' title='bbox 2251 2706 2491 2760; x_wconf 87' lang='lat' dir='ltr'><strong>honorent</strong></span> <span class='ocrx_word' id='word_1_669' title='bbox 2536 2725 2700 2762; x_wconf 85' lang='lat' dir='ltr'><strong>meum</strong></span> <span class='ocrx_word' id='word_1_670' title='bbox 2728 2710 3068 2781; x_wconf 73' lang='lat' dir='ltr'><strong>cogitaverunt</strong></span> <span class='ocrx_word' id='word_1_671' title='bbox 3107 2713 3372 2781; x_wconf 82' lang='lat' dir='ltr'><strong>repellere.</strong></span> <span class='ocrx_word' id='word_1_672' title='bbox 3403 2711 3514 2768; x_wconf 84' lang='grc' dir='ltr'>Νοιι</span> <span class='ocrx_word' id='word_1_673' title='bbox 3551 2713 3758 2772; x_wconf 79' lang='lat' dir='ltr'><strong>dixerunt,</strong></span> 
     </span>
    </p>
   </div>
   <div class='ocr_carea' id='block_1_87' title="bbox 2252 2796 3759 2875">
    <p class='ocr_par' dir='ltr' id='par_1_87' title="bbox 2252 2796 3759 2875">
     <span class='ocr_line' id='line_1_87' title="bbox 2252 2796 3759 2875; baseline 0.007 -26"><span class='ocrx_word' id='word_1_674' title='bbox 2252 2796 2346 2850; x_wconf 89' lang='lat' dir='ltr'><strong>sed</strong></span> <span class='ocrx_word' id='word_1_675' title='bbox 2371 2807 2546 2857; x_wconf 87' lang='lat' dir='ltr'><strong>tamen</strong></span> <span class='ocrx_word' id='word_1_676' title='bbox 2575 2800 2960 2872; x_wconf 82' lang='lat' dir='ltr'><strong>cogitaverunt.</strong></span> <span class='ocrx_word' id='word_1_677' title='bbox 2975 2801 3330 2874; x_wconf 82' lang='lat' dir='ltr'><strong>Cogitaveruut</strong></span> <span class='ocrx_word' id='word_1_678' title='bbox 3349 2805 3582 2875; x_wconf 81' lang='lat' dir='ltr'><strong>repellere</strong></span> <span class='ocrx_word' id='word_1_679' title='bbox 3596 2803 3759 2860; x_wconf 66' lang='lat' dir='ltr'><strong>honora</strong></span> 
     </span>
    </p>
   </div>
   <div class='ocr_carea' id='block_1_88' title="bbox 2251 2904 2435 2944">
    <p class='ocr_par' dir='ltr' id='par_1_88' title="bbox 2251 2904 2435 2944">
     <span class='ocr_line' id='line_1_88' title="bbox 2251 2904 2435 2944; baseline 0.011 -2"><span class='ocrx_word' id='word_1_680' title='bbox 2251 2904 2435 2944; x_wconf 84' lang='lat' dir='ltr'><strong>meum.</strong></span> 
     </span>
    </p>
   </div>
   <div class='ocr_carea' id='block_1_89' title="bbox 2323 2985 3758 3062">
    <p class='ocr_par' dir='ltr' id='par_1_89' title="bbox 2323 2985 3758 3062">
     <span class='ocr_line' id='line_1_89' title="bbox 2323 2985 3758 3062; baseline 0.002 -20"><span class='ocrx_word' id='word_1_681' title='bbox 2323 2986 2376 3042; x_wconf 90' lang='lat'><strong>9.</strong></span> <span class='ocrx_word' id='word_1_682' title='bbox 2419 2985 2631 3043; x_wconf 86' lang='lat' dir='ltr'><strong>Cucurri</strong></span> <span class='ocrx_word' id='word_1_683' title='bbox 2648 2991 2700 3044; x_wconf 85' lang='lat' dir='ltr'><strong>in</strong></span> <span class='ocrx_word' id='word_1_684' title='bbox 2721 2991 2824 3044; x_wconf 75' lang='lat' dir='ltr'><strong>siti.</strong></span> <span class='ocrx_word' id='word_1_685' title='bbox 2846 2989 3228 3046; x_wconf 80' lang='lat' dir='ltr'><strong>Retribuebant</strong></span> <span class='ocrx_word' id='word_1_686' title='bbox 3247 2993 3394 3048; x_wconf 90' lang='lat' dir='ltr'><strong>enim</strong></span> <span class='ocrx_word' id='word_1_687' title='bbox 3419 2995 3548 3047; x_wconf 88' lang='lat' dir='ltr'><strong>mala</strong></span> <span class='ocrx_word' id='word_1_688' title='bbox 3572 3008 3650 3062; x_wconf 88' lang='lat' dir='ltr'><strong>pro</strong></span> <span class='ocrx_word' id='word_1_689' title='bbox 3665 2992 3758 3046; x_wconf 75' lang='lat' dir='ltr'><strong>bonis</strong></span> 
     </span>
    </p>
   </div>
   <div class='ocr_carea' id='block_1_90' title="bbox 2257 3077 3758 3155">
    <p class='ocr_par' dir='ltr' id='par_1_90' title="bbox 2257 3077 3758 3155">
     <span class='ocr_line' id='line_1_90' title="bbox 2257 3077 3758 3155; baseline 0.005 -24"><span class='ocrx_word' id='word_1_690' title='bbox 2257 3077 2426 3149; x_wconf 81' lang='lat' dir='ltr'><strong>(Psal.</strong></span> <span class='ocrx_word' id='word_1_691' title='bbox 2468 3097 2647 3146; x_wconf 77' lang='lat' dir='ltr'><strong>xxxiv,</strong></span> <span class='ocrx_word' id='word_1_692' title='bbox 2680 3080 2792 3152; x_wconf 72' lang='grc'><strong>12).</strong></span> <span class='ocrx_word' id='word_1_693' title='bbox 2826 3082 2904 3137; x_wconf 91' lang='lat' dir='ltr'><strong>llli</strong></span> <span class='ocrx_word' id='word_1_694' title='bbox 2935 3082 3347 3151; x_wconf 82' lang='lat' dir='ltr'><strong>iuterliciebant,</strong></span> <span class='ocrx_word' id='word_1_695' title='bbox 3380 3085 3454 3140; x_wconf 90' lang='lat' dir='ltr'><strong>illi</strong></span> <span class='ocrx_word' id='word_1_696' title='bbox 3483 3085 3758 3155; x_wconf 77' lang='lat' dir='ltr'><strong>repellebant:</strong></span> 
     </span>
    </p>
   </div>
   <div class='ocr_carea' id='block_1_91' title="bbox 2250 3172 3762 3248">
    <p class='ocr_par' dir='ltr' id='par_1_91' title="bbox 2250 3172 3762 3248">
     <span class='ocr_line' id='line_1_91' title="bbox 2250 3172 3762 3248; baseline 0 -24"><span class='ocrx_word' id='word_1_697' title='bbox 2250 3185 2352 3239; x_wconf 86' lang='lat' dir='ltr'><strong>ego</strong></span> <span class='ocrx_word' id='word_1_698' title='bbox 2379 3187 2472 3226; x_wconf 89' lang='lat' dir='ltr'><strong>eos</strong></span> <span class='ocrx_word' id='word_1_699' title='bbox 2496 3173 2740 3228; x_wconf 89' lang='lat' dir='ltr'><strong>sitieham</strong></span> <span class='ocrx_word' id='word_1_700' title='bbox 2775 3191 2790 3228; x_wconf 88' lang='lat'><strong>:</strong></span> <span class='ocrx_word' id='word_1_701' title='bbox 2823 3173 2896 3228; x_wconf 88' lang='lat' dir='ltr'><strong>illi</strong></span> <span class='ocrx_word' id='word_1_702' title='bbox 2950 3172 3207 3230; x_wconf 85' lang='lat' dir='ltr'><strong>honorem</strong></span> <span class='ocrx_word' id='word_1_703' title='bbox 3255 3191 3438 3233; x_wconf 87' lang='lat' dir='ltr'><strong>meum</strong></span> <span class='ocrx_word' id='word_1_704' title='bbox 3482 3177 3762 3248; x_wconf 69' lang='lat' dir='ltr'><strong>cogictvenmt</strong></span> 
     </span>
    </p>
   </div>
   <div class='ocr_carea' id='block_1_92' title="bbox 2252 3263 3761 3337">
    <p class='ocr_par' dir='ltr' id='par_1_92' title="bbox 2252 3263 3761 3337">
     <span class='ocr_line' id='line_1_92' title="bbox 2252 3263 3761 3337; baseline 0.003 -22"><span class='ocrx_word' id='word_1_705' title='bbox 2252 3263 2549 3332; x_wconf 89' lang='lat' dir='ltr'><strong>repellere;</strong></span> <span class='ocrx_word' id='word_1_706' title='bbox 2579 3280 2679 3335; x_wconf 87' lang='lat' dir='ltr'><strong>ego</strong></span> <span class='ocrx_word' id='word_1_707' title='bbox 2711 3281 2807 3320; x_wconf 87' lang='lat' dir='ltr'><strong>eos</strong></span> <span class='ocrx_word' id='word_1_708' title='bbox 2831 3265 2883 3320; x_wconf 89' lang='lat' dir='ltr'><strong>in</strong></span> <span class='ocrx_word' id='word_1_709' title='bbox 2911 3281 3106 3335; x_wconf 89' lang='lat' dir='ltr'><strong>corpus</strong></span> <span class='ocrx_word' id='word_1_710' title='bbox 3134 3283 3314 3322; x_wconf 91' lang='lat' dir='ltr'><strong>meum</strong></span> <span class='ocrx_word' id='word_1_711' title='bbox 3343 3269 3579 3323; x_wconf 87' lang='lat' dir='ltr'><strong>sitieham</strong></span> <span class='ocrx_word' id='word_1_712' title='bbox 3616 3268 3761 3337; x_wconf 72' lang='lat' dir='ltr'><strong>trajice-</strong></span> 
     </span>
    </p>
   </div>
   <div class='ocr_carea' id='block_1_93' title="bbox 2253 3355 3763 3428">
    <p class='ocr_par' dir='ltr' id='par_1_93' title="bbox 2253 3355 3763 3428">
     <span class='ocr_line' id='line_1_93' title="bbox 2253 3355 3763 3428; baseline -0.001 -19"><span class='ocrx_word' id='word_1_713' title='bbox 2253 3370 2333 3409; x_wconf 87' lang='lat' dir='ltr'><strong>re.</strong></span> <span class='ocrx_word' id='word_1_714' title='bbox 2363 3355 2599 3411; x_wconf 85' lang='lat' dir='ltr'><strong>Bibendo</strong></span> <span class='ocrx_word' id='word_1_715' title='bbox 2633 3357 2776 3411; x_wconf 90' lang='lat' dir='ltr'><strong>enim</strong></span> <span class='ocrx_word' id='word_1_716' title='bbox 2798 3357 2922 3428; x_wconf 90' lang='lat' dir='ltr'><strong>quid</strong></span> <span class='ocrx_word' id='word_1_717' title='bbox 2964 3357 3205 3425; x_wconf 77' lang='lat' dir='ltr'><strong>facimus,</strong></span> <span class='ocrx_word' id='word_1_718' title='bbox 3250 3359 3354 3415; x_wconf 83' lang='lat' dir='ltr'><strong>nisi</strong></span> <span class='ocrx_word' id='word_1_719' title='bbox 3400 3359 3651 3414; x_wconf 85' lang='lat' dir='ltr'><strong>humorem</strong></span> <span class='ocrx_word' id='word_1_720' title='bbox 3680 3357 3763 3411; x_wconf 81' lang='lat' dir='ltr'><strong>loris</strong></span> 
     </span>
    </p>
   </div>
   <div class='ocr_carea' id='block_1_94' title="bbox 2256 3445 3760 3523">
    <p class='ocr_par' dir='ltr' id='par_1_94' title="bbox 2256 3445 3760 3523">
     <span class='ocr_line' id='line_1_94' title="bbox 2256 3445 3760 3523; baseline 0.005 -27"><span class='ocrx_word' id='word_1_721' title='bbox 2256 3445 2482 3514; x_wconf 88' lang='lat' dir='ltr'><strong>positum</strong></span> <span class='ocrx_word' id='word_1_722' title='bbox 2532 3447 2582 3501; x_wconf 91' lang='lat' dir='ltr'><strong>in</strong></span> <span class='ocrx_word' id='word_1_723' title='bbox 2614 3448 2853 3504; x_wconf 88' lang='lat' dir='ltr'><strong>membra</strong></span> <span class='ocrx_word' id='word_1_724' title='bbox 2897 3451 3178 3517; x_wconf 90' lang='lat' dir='ltr'><strong>mittimus,</strong></span> <span class='ocrx_word' id='word_1_725' title='bbox 3205 3462 3257 3506; x_wconf 90' lang='lat' dir='ltr'><strong>et</strong></span> <span class='ocrx_word' id='word_1_726' title='bbox 3299 3453 3352 3508; x_wconf 91' lang='lat' dir='ltr'><strong>in</strong></span> <span class='ocrx_word' id='word_1_727' title='bbox 3381 3467 3568 3523; x_wconf 90' lang='lat' dir='ltr'><strong>corpus</strong></span> <span class='ocrx_word' id='word_1_728' title='bbox 3593 3461 3760 3506; x_wconf 81' lang='lat' dir='ltr'><strong>nostrum</strong></span> 
     </span>
    </p>
   </div>
   <div class='ocr_carea' id='block_1_95' title="bbox 2254 3537 3760 3617">
    <p class='ocr_par' dir='ltr' id='par_1_95' title="bbox 2254 3537 3760 3617">
     <span class='ocr_line' id='line_1_95' title="bbox 2254 3537 3760 3617; baseline 0.005 -26"><span class='ocrx_word' id='word_1_729' title='bbox 2254 3537 2540 3593; x_wconf 83' lang='lat' dir='ltr'><strong>ducimus?</strong></span> <span class='ocrx_word' id='word_1_730' title='bbox 2572 3539 2683 3596; x_wconf 88' lang='lat' dir='ltr'><strong>Hoc</strong></span> <span class='ocrx_word' id='word_1_731' title='bbox 2710 3541 2832 3596; x_wconf 82' lang='lat' dir='ltr'><strong>fecit</strong></span> <span class='ocrx_word' id='word_1_732' title='bbox 2859 3542 3067 3614; x_wconf 82' lang='lat' dir='ltr'><strong>Moyses</strong></span> <span class='ocrx_word' id='word_1_733' title='bbox 3092 3544 3142 3598; x_wconf 92' lang='lat' dir='ltr'><strong>in</strong></span> <span class='ocrx_word' id='word_1_734' title='bbox 3170 3544 3264 3599; x_wconf 91' lang='lat' dir='ltr'><strong>illo</strong></span> <span class='ocrx_word' id='word_1_735' title='bbox 3289 3548 3465 3617; x_wconf 89' lang='lat' dir='ltr'><strong>capite</strong></span> <span class='ocrx_word' id='word_1_736' title='bbox 3484 3545 3634 3601; x_wconf 90' lang='lat' dir='ltr'><strong>vituli.</strong></span> <span class='ocrx_word' id='word_1_737' title='bbox 3651 3543 3760 3610; x_wconf 79' lang='lat' dir='ltr'><strong>Caput</strong></span> 
     </span>
    </p>
   </div>
   <div class='ocr_carea' id='block_1_96' title="bbox 2253 3629 3757 3706">
    <p class='ocr_par' dir='ltr' id='par_1_96' title="bbox 2253 3629 3757 3706">
     <span class='ocr_line' id='line_1_96' title="bbox 2253 3629 3757 3706; baseline 0.003 -25"><span class='ocrx_word' id='word_1_738' title='bbox 2253 3629 2425 3694; x_wconf 88' lang='lat' dir='ltr'><strong>vituli,</strong></span> <span class='ocrx_word' id='word_1_739' title='bbox 2459 3645 2707 3700; x_wconf 84' lang='lat' dir='ltr'><strong>magnum</strong></span> <span class='ocrx_word' id='word_1_740' title='bbox 2735 3642 3153 3690; x_wconf 89' lang='lat' dir='ltr'><strong>sacramentum.</strong></span> <span class='ocrx_word' id='word_1_741' title='bbox 3175 3635 3352 3706; x_wconf 86' lang='lat' dir='ltr'><strong>Caput</strong></span> <span class='ocrx_word' id='word_1_742' title='bbox 3379 3639 3516 3692; x_wconf 89' lang='lat' dir='ltr'><strong>enim</strong></span> <span class='ocrx_word' id='word_1_743' title='bbox 3540 3636 3662 3690; x_wconf 89' lang='lat' dir='ltr'><strong>vituli</strong></span> <span class='ocrx_word' id='word_1_744' title='bbox 3684 3648 3757 3687; x_wconf 83' lang='lat' dir='ltr'><strong>cor-</strong></span> 
     </span>
    </p>
   </div>
   <div class='ocr_carea' id='block_1_97' title="bbox 2255 3723 3759 3792">
    <p class='ocr_par' dir='ltr' id='par_1_97' title="bbox 2255 3723 3759 3792">
     <span class='ocr_line' id='line_1_97' title="bbox 2255 3723 3759 3792; baseline 0.001 -17"><span class='ocrx_word' id='word_1_745' title='bbox 2255 3737 2355 3791; x_wconf 89' lang='lat' dir='ltr'><strong>pus</strong></span> <span class='ocrx_word' id='word_1_746' title='bbox 2380 3732 2496 3776; x_wconf 91' lang='lat' dir='ltr'><strong>erat</strong></span> <span class='ocrx_word' id='word_1_747' title='bbox 2522 3723 2828 3792; x_wconf 91' lang='lat' dir='ltr'><strong>impiorum,</strong></span> <span class='ocrx_word' id='word_1_748' title='bbox 2853 3726 2903 3779; x_wconf 92' lang='lat' dir='ltr'><strong>in</strong></span> <span class='ocrx_word' id='word_1_749' title='bbox 2923 3727 3271 3784; x_wconf 90' lang='lat' dir='ltr'><strong>similitudine</strong></span> <span class='ocrx_word' id='word_1_750' title='bbox 3298 3730 3448 3784; x_wconf 90' lang='lat' dir='ltr'><strong>vituli</strong></span> <span class='ocrx_word' id='word_1_751' title='bbox 3477 3725 3759 3784; x_wconf 76' lang='lat' dir='ltr'><strong>manducanlis</strong></span> 
     </span>
    </p>
   </div>
   <div class='ocr_carea' id='block_1_98' title="bbox 2257 3813 3759 3891">
    <p class='ocr_par' dir='ltr' id='par_1_98' title="bbox 2257 3813 3759 3891">
     <span class='ocr_line' id='line_1_98' title="bbox 2257 3813 3759 3891; baseline 0.005 -24"><span class='ocrx_word' id='word_1_752' title='bbox 2257 3813 2434 3869; x_wconf 78' lang='lat' dir='ltr'><strong>fenum</strong></span> <span class='ocrx_word' id='word_1_753' title='bbox 2465 3814 2635 3886; x_wconf 54' lang='lat' dir='ltr'><strong>(Psal.</strong></span> <span class='ocrx_word' id='word_1_754' title='bbox 2666 3832 2751 3882; x_wconf 89' lang='lat' dir='ltr'><strong>cv,</strong></span> <span class='ocrx_word' id='word_1_755' title='bbox 2782 3817 2896 3890; x_wconf 73' lang='lat'><strong>20),</strong></span> <span class='ocrx_word' id='word_1_756' title='bbox 2928 3829 3136 3874; x_wconf 87' lang='lat' dir='ltr'><strong>terrena</strong></span> <span class='ocrx_word' id='word_1_757' title='bbox 3163 3823 3513 3891; x_wconf 66' lang='lat' dir='ltr'><strong>quaerentium</strong></span> <span class='ocrx_word' id='word_1_758' title='bbox 3541 3841 3554 3876; x_wconf 92' lang='lat'><strong><em>:</em></strong></span> <span class='ocrx_word' id='word_1_759' title='bbox 3579 3821 3759 3891; x_wconf 69' lang='lat' dir='ltr'><strong>quiam-</strong></span> 
     </span>
    </p>
   </div>
   <div class='ocr_carea' id='block_1_99' title="bbox 2256 3907 3760 3984">
    <p class='ocr_par' dir='ltr' id='par_1_99' title="bbox 2256 3907 3760 3984">
     <span class='ocr_line' id='line_1_99' title="bbox 2256 3907 3760 3984; baseline 0.001 -24"><span class='ocrx_word' id='word_1_760' title='bbox 2256 3907 2336 3960; x_wconf 83' lang='lat' dir='ltr'><strong>nis</strong></span> <span class='ocrx_word' id='word_1_761' title='bbox 2364 3925 2483 3962; x_wconf 85' lang='lat' dir='ltr'><strong>caro</strong></span> <span class='ocrx_word' id='word_1_762' title='bbox 2511 3911 2679 3979; x_wconf 77' lang='lat' dir='ltr'><strong>fenum</strong></span> <span class='ocrx_word' id='word_1_763' title='bbox 2722 3908 2874 3981; x_wconf 76' lang='lat' dir='ltr'><strong>(Isai.</strong></span> <span class='ocrx_word' id='word_1_764' title='bbox 2904 3927 2993 3977; x_wconf 77' lang='lat' dir='ltr'><strong>XL,</strong></span> <span class='ocrx_word' id='word_1_765' title='bbox 3021 3911 3096 3984; x_wconf 84' lang='grc'><strong>6).</strong></span> <span class='ocrx_word' id='word_1_766' title='bbox 3129 3912 3255 3967; x_wconf 88' lang='lat' dir='ltr'><strong>Erat</strong></span> <span class='ocrx_word' id='word_1_767' title='bbox 3281 3929 3431 3984; x_wconf 89' lang='lat' dir='ltr'><strong>ergo.</strong></span> <span class='ocrx_word' id='word_1_768' title='bbox 3462 3922 3515 3968; x_wconf 90' lang='lat' dir='ltr'><strong>ut</strong></span> <span class='ocrx_word' id='word_1_769' title='bbox 3535 3913 3644 3976; x_wconf 85' lang='lat' dir='ltr'><strong>dixi,</strong></span> <span class='ocrx_word' id='word_1_770' title='bbox 3681 3922 3760 3962; x_wconf 82' lang='lat' dir='ltr'><strong>cor-</strong></span> 
     </span>
    </p>
   </div>
   <div class='ocr_carea' id='block_1_100' title="bbox 2257 4001 3759 4077">
    <p class='ocr_par' dir='ltr' id='par_1_100' title="bbox 2257 4001 3759 4077">
     <span class='ocr_line' id='line_1_100' title="bbox 2257 4001 3759 4077; baseline 0.003 -24"><span class='ocrx_word' id='word_1_771' title='bbox 2257 4016 2354 4068; x_wconf 91' lang='lat' dir='ltr'><strong>pus</strong></span> <span class='ocrx_word' id='word_1_772' title='bbox 2384 4003 2688 4071; x_wconf 90' lang='lat' dir='ltr'><strong>impiorum.</strong></span> <span class='ocrx_word' id='word_1_773' title='bbox 2720 4004 2891 4059; x_wconf 88' lang='lat' dir='ltr'><strong>Iratus</strong></span> <span class='ocrx_word' id='word_1_774' title='bbox 2913 4005 3121 4076; x_wconf 79' lang='lat' dir='ltr'><strong>Moyses</strong></span> <span class='ocrx_word' id='word_1_775' title='bbox 3147 4007 3199 4060; x_wconf 91' lang='lat' dir='ltr'><strong>in</strong></span> <span class='ocrx_word' id='word_1_776' title='bbox 3225 4009 3405 4077; x_wconf 87' lang='lat' dir='ltr'><strong>ignem</strong></span> <span class='ocrx_word' id='word_1_777' title='bbox 3433 4008 3581 4068; x_wconf 84' lang='lat' dir='ltr'><strong>misit.</strong></span> <span class='ocrx_word' id='word_1_778' title='bbox 3607 4001 3759 4061; x_wconf 81' lang='lat' dir='ltr'><strong>commi-</strong></span> 
     </span>
    </p>
   </div>
   <div class='ocr_carea' id='block_1_101' title="bbox 2257 4093 3755 4170">
    <p class='ocr_par' dir='ltr' id='par_1_101' title="bbox 2257 4093 3755 4170">
     <span class='ocr_line' id='line_1_101' title="bbox 2257 4093 3755 4170; baseline 0.001 -22"><span class='ocrx_word' id='word_1_779' title='bbox 2257 4093 2391 4160; x_wconf 88' lang='lat' dir='ltr'><strong>nuit,</strong></span> <span class='ocrx_word' id='word_1_780' title='bbox 2425 4096 2478 4149; x_wconf 93' lang='lat' dir='ltr'><strong>in</strong></span> <span class='ocrx_word' id='word_1_781' title='bbox 2509 4111 2642 4166; x_wconf 85' lang='lat' dir='ltr'><strong>aqua</strong></span> <span class='ocrx_word' id='word_1_782' title='bbox 2683 4098 2898 4166; x_wconf 88' lang='lat' dir='ltr'><strong>sparsit.</strong></span> <span class='ocrx_word' id='word_1_783' title='bbox 2926 4097 3210 4154; x_wconf 86' lang='lat' dir='ltr'><strong>bibendum</strong></span> <span class='ocrx_word' id='word_1_784' title='bbox 3251 4101 3447 4170; x_wconf 79' lang='lat' dir='ltr'><strong>papula</strong></span> <span class='ocrx_word' id='word_1_785' title='bbox 3469 4099 3602 4155; x_wconf 85' lang='lat' dir='ltr'><strong>dedit</strong></span> <span class='ocrx_word' id='word_1_786' title='bbox 3623 4093 3755 4168; x_wconf 67' lang='lat' dir='ltr'><strong>(Brod.</strong></span> 
     </span>
    </p>
   </div>
   <div class='ocr_carea' id='block_1_102' title="bbox 2257 4186 3758 4260">
    <p class='ocr_par' dir='ltr' id='par_1_102' title="bbox 2257 4186 3758 4260">
     <span class='ocr_line' id='line_1_102' title="bbox 2257 4186 3758 4260; baseline 0.005 -21"><span class='ocrx_word' id='word_1_787' title='bbox 2257 4202 2423 4251; x_wconf 76' lang='lat' dir='ltr'><strong>xxxii,</strong></span> <span class='ocrx_word' id='word_1_788' title='bbox 2455 4186 2547 4259; x_wconf 74' lang='lat'><strong>20)</strong></span> <span class='ocrx_word' id='word_1_789' title='bbox 2576 4197 2669 4252; x_wconf 91' lang='lat' dir='ltr'><strong>;et</strong></span> <span class='ocrx_word' id='word_1_790' title='bbox 2709 4189 2785 4244; x_wconf 92' lang='lat' dir='ltr'><strong>ira</strong></span> <span class='ocrx_word' id='word_1_791' title='bbox 2823 4190 3103 4260; x_wconf 68' lang='lat' dir='ltr'><strong>Pr0pltette</strong></span> <span class='ocrx_word' id='word_1_792' title='bbox 3144 4191 3531 4248; x_wconf 86' lang='lat' dir='ltr'><strong>administratio</strong></span> <span class='ocrx_word' id='word_1_793' title='bbox 3570 4191 3677 4246; x_wconf 78' lang='lat' dir='ltr'><strong>facta</strong></span> <span class='ocrx_word' id='word_1_794' title='bbox 3708 4195 3758 4240; x_wconf 71' lang='lat' dir='ltr'><strong>ei!</strong></span> 
     </span>
    </p>
   </div>
   <div class='ocr_carea' id='block_1_103' title="bbox 2259 4278 3758 4354">
    <p class='ocr_par' dir='ltr' id='par_1_103' title="bbox 2259 4278 3758 4354">
     <span class='ocr_line' id='line_1_103' title="bbox 2259 4278 3758 4354; baseline -0.001 -21"><span class='ocrx_word' id='word_1_795' title='bbox 2259 4279 2572 4348; x_wconf 71' lang='lat' dir='ltr'><strong>prephetiaz.</strong></span> <span class='ocrx_word' id='word_1_796' title='bbox 2600 4282 2806 4351; x_wconf 76' lang='lat' dir='ltr'><strong>Corpus</strong></span> <span class='ocrx_word' id='word_1_797' title='bbox 2830 4284 2972 4338; x_wconf 91' lang='lat' dir='ltr'><strong>enim</strong></span> <span class='ocrx_word' id='word_1_798' title='bbox 3003 4283 3127 4338; x_wconf 90' lang='lat' dir='ltr'><strong>illud</strong></span> <span class='ocrx_word' id='word_1_799' title='bbox 3157 4286 3207 4338; x_wconf 88' lang='lat' dir='ltr'><strong>itt</strong></span> <span class='ocrx_word' id='word_1_800' title='bbox 3240 4286 3415 4354; x_wconf 83' lang='lat' dir='ltr'><strong>ignem</strong></span> <span class='ocrx_word' id='word_1_801' title='bbox 3439 4285 3636 4340; x_wconf 89' lang='lat' dir='ltr'><strong>mittitur</strong></span> <span class='ocrx_word' id='word_1_802' title='bbox 3649 4278 3758 4333; x_wconf 83' lang='lat' dir='ltr'><strong>uibu-</strong></span> 
     </span>
    </p>
   </div>
   <div class='ocr_carea' id='block_1_104' title="bbox 2259 4373 3755 4439">
    <p class='ocr_par' dir='ltr' id='par_1_104' title="bbox 2259 4373 3755 4439">
     <span class='ocr_line' id='line_1_104' title="bbox 2259 4373 3755 4439; baseline 0 -13"><span class='ocrx_word' id='word_1_803' title='bbox 2259 4373 2538 4439; x_wconf 90' lang='lat' dir='ltr'><strong>lationum,</strong></span> <span class='ocrx_word' id='word_1_804' title='bbox 2572 4384 2627 4429; x_wconf 91' lang='lat' dir='ltr'><strong>et</strong></span> <span class='ocrx_word' id='word_1_805' title='bbox 2651 4375 2815 4430; x_wconf 87' lang='lat' dir='ltr'><strong>verbo</strong></span> <span class='ocrx_word' id='word_1_806' title='bbox 2849 4375 2937 4430; x_wconf 91' lang='lat' dir='ltr'><strong>Dei</strong></span> <span class='ocrx_word' id='word_1_807' title='bbox 2975 4378 3373 4434; x_wconf 90' lang='lat' dir='ltr'><strong>comminuitur.</strong></span> <span class='ocrx_word' id='word_1_808' title='bbox 3414 4378 3643 4435; x_wconf 83' lang='lat' dir='ltr'><strong>Paulatim</strong></span> <span class='ocrx_word' id='word_1_809' title='bbox 3662 4373 3755 4428; x_wconf 84' lang='lat' dir='ltr'><strong>enim</strong></span> 
     </span>
    </p>
   </div>
   <div class='ocr_carea' id='block_1_105' title="bbox 2255 4464 3755 4540">
    <p class='ocr_par' dir='ltr' id='par_1_105' title="bbox 2255 4464 3755 4540">
     <span class='ocr_line' id='line_1_105' title="bbox 2255 4464 3755 4540; baseline -0.001 -21"><span class='ocrx_word' id='word_1_810' title='bbox 2255 4465 2520 4521; x_wconf 90' lang='lat' dir='ltr'><strong>desistunt</strong></span> <span class='ocrx_word' id='word_1_811' title='bbox 2554 4467 2623 4522; x_wconf 86' lang='lat' dir='ltr'><strong>ab</strong></span> <span class='ocrx_word' id='word_1_812' title='bbox 2659 4468 2860 4524; x_wconf 90' lang='lat' dir='ltr'><strong>unitate</strong></span> <span class='ocrx_word' id='word_1_813' title='bbox 2887 4471 3128 4540; x_wconf 91' lang='lat' dir='ltr'><strong>corporis</strong></span> <span class='ocrx_word' id='word_1_814' title='bbox 3153 4472 3288 4540; x_wconf 90' lang='lat' dir='ltr'><strong>ejus.</strong></span> <span class='ocrx_word' id='word_1_815' title='bbox 3319 4473 3467 4528; x_wconf 86' lang='lat' dir='ltr'><strong>Sicut</strong></span> <span class='ocrx_word' id='word_1_816' title='bbox 3501 4471 3623 4527; x_wconf 88' lang='lat' dir='ltr'><strong>enim</strong></span> <span class='ocrx_word' id='word_1_817' title='bbox 3646 4464 3755 4520; x_wconf 84' lang='lat' dir='ltr'><strong>vesti-</strong></span> 
     </span>
    </p>
   </div>
   <div class='ocr_carea' id='block_1_106' title="bbox 2257 4559 3754 4631">
    <p class='ocr_par' dir='ltr' id='par_1_106' title="bbox 2257 4559 3754 4631">
     <span class='ocr_line' id='line_1_106' title="bbox 2257 4559 3754 4631; baseline -0.001 -19"><span class='ocrx_word' id='word_1_818' title='bbox 2257 4567 2516 4624; x_wconf 88' lang='lat' dir='ltr'><strong>mentum,</strong></span> <span class='ocrx_word' id='word_1_819' title='bbox 2559 4561 2626 4614; x_wconf 88' lang='lat' dir='ltr'><strong>ita</strong></span> <span class='ocrx_word' id='word_1_820' title='bbox 2662 4575 2756 4630; x_wconf 89' lang='lat' dir='ltr'><strong>per</strong></span> <span class='ocrx_word' id='word_1_821' title='bbox 2802 4571 3013 4630; x_wconf 87' lang='lat' dir='ltr'><strong>tempus</strong></span> <span class='ocrx_word' id='word_1_822' title='bbox 3036 4561 3348 4618; x_wconf 87' lang='lat' dir='ltr'><strong>absumitur.</strong></span> <span class='ocrx_word' id='word_1_823' title='bbox 3374 4565 3441 4618; x_wconf 88' lang='lat' dir='ltr'><strong>Et</strong></span> <span class='ocrx_word' id='word_1_824' title='bbox 3480 4559 3754 4631; x_wconf 77' lang='lat' dir='ltr'><strong>unusquisque</strong></span> 
     </span>
    </p>
   </div>
   <div class='ocr_carea' id='block_1_107' title="bbox 2255 4649 3752 4726">
    <p class='ocr_par' dir='ltr' id='par_1_107' title="bbox 2255 4649 3752 4726">
     <span class='ocr_line' id='line_1_107' title="bbox 2255 4649 3752 4726; baseline 0.002 -24"><span class='ocrx_word' id='word_1_825' title='bbox 2255 4653 2344 4721; x_wconf 89' lang='lat' dir='ltr'><strong>qui</strong></span> <span class='ocrx_word' id='word_1_826' title='bbox 2372 4650 2430 4704; x_wconf 84' lang='lat' dir='ltr'><strong>lit</strong></span> <span class='ocrx_word' id='word_1_827' title='bbox 2454 4650 2794 4716; x_wconf 88' lang='lat' dir='ltr'><strong>christianus,</strong></span> <span class='ocrx_word' id='word_1_828' title='bbox 2817 4662 3094 4722; x_wconf 88' lang='lat' dir='ltr'><strong>separatur</strong></span> <span class='ocrx_word' id='word_1_829' title='bbox 3119 4655 3187 4708; x_wconf 89' lang='lat' dir='ltr'><strong>ab</strong></span> <span class='ocrx_word' id='word_1_830' title='bbox 3214 4655 3306 4710; x_wconf 92' lang='lat' dir='ltr'><strong>illo</strong></span> <span class='ocrx_word' id='word_1_831' title='bbox 3327 4655 3534 4726; x_wconf 91' lang='lat' dir='ltr'><strong>populo,</strong></span> <span class='ocrx_word' id='word_1_832' title='bbox 3548 4663 3593 4710; x_wconf 88' lang='lat' dir='ltr'><strong>et</strong></span> <span class='ocrx_word' id='word_1_833' title='bbox 3613 4649 3752 4723; x_wconf 73' lang='lat' dir='ltr'><strong>quasi:</strong></span> 
     </span>
    </p>
   </div>
   <div class='ocr_carea' id='block_1_108' title="bbox 2257 4742 3750 4816">
    <p class='ocr_par' dir='ltr' id='par_1_108' title="bbox 2257 4742 3750 4816">
     <span class='ocr_line' id='line_1_108' title="bbox 2257 4742 3750 4816; baseline -0.003 -18"><span class='ocrx_word' id='word_1_834' title='bbox 2257 4758 2430 4799; x_wconf 90' lang='lat' dir='ltr'><strong>massa</strong></span> <span class='ocrx_word' id='word_1_835' title='bbox 2461 4745 2856 4799; x_wconf 88' lang='lat' dir='ltr'><strong>comminuitur.</strong></span> <span class='ocrx_word' id='word_1_836' title='bbox 2884 4744 3180 4816; x_wconf 87' lang='lat' dir='ltr'><strong>Conspirati</strong></span> <span class='ocrx_word' id='word_1_837' title='bbox 3212 4748 3464 4810; x_wconf 85' lang='lat' dir='ltr'><strong>oderunt;</strong></span> <span class='ocrx_word' id='word_1_838' title='bbox 3487 4742 3727 4805; x_wconf 83' lang='lat' dir='ltr'><strong>comminuti</strong></span> <span class='ocrx_word' id='word_1_839' title='bbox 3739 4742 3750 4770; x_wconf 78' lang='lat'>‘</span> 
     </span>
    </p>
   </div>
   <div class='ocr_carea' id='block_1_109' title="bbox 2255 4823 3748 4911">
    <p class='ocr_par' dir='ltr' id='par_1_109' title="bbox 2255 4823 3748 4911">
     <span class='ocr_line' id='line_1_109' title="bbox 2255 4823 3748 4911; baseline 0.001 -21"><span class='ocrx_word' id='word_1_840' title='bbox 2255 4834 2499 4890; x_wconf 85' lang='lat' dir='ltr'><strong>credunt.</strong></span> <span class='ocrx_word' id='word_1_841' title='bbox 2523 4837 2586 4890; x_wconf 80' lang='lat' dir='ltr'><strong>Et</strong></span> <span class='ocrx_word' id='word_1_842' title='bbox 2611 4836 2735 4904; x_wconf 89' lang='lat' dir='ltr'><strong>quid</strong></span> <span class='ocrx_word' id='word_1_843' title='bbox 2759 4837 2869 4905; x_wconf 90' lang='lat' dir='ltr'><strong>jam</strong></span> <span class='ocrx_word' id='word_1_844' title='bbox 2891 4823 3209 4903; x_wconf 87' lang='lat' dir='ltr'><strong>evidentius,</strong></span> <span class='ocrx_word' id='word_1_845' title='bbox 3233 4856 3389 4910; x_wconf 89' lang='lat' dir='ltr'><strong>quam</strong></span> <span class='ocrx_word' id='word_1_846' title='bbox 3411 4840 3540 4911; x_wconf 87' lang='lat' dir='ltr'><strong>quod</strong></span> <span class='ocrx_word' id='word_1_847' title='bbox 3559 4840 3601 4893; x_wconf 92' lang='lat' dir='ltr'><strong>in</strong></span> <span class='ocrx_word' id='word_1_848' title='bbox 3618 4846 3748 4901; x_wconf 60' lang='lat' dir='ltr'><strong>curtus</strong></span> 
     </span>
    </p>
   </div>
   <div class='ocr_carea' id='block_1_110' title="bbox 2258 4924 3746 5002">
    <p class='ocr_par' dir='ltr' id='par_1_110' title="bbox 2258 4924 3746 5002">
     <span class='ocr_line' id='line_1_110' title="bbox 2258 4924 3746 5002; baseline 0.001 -21"><span class='ocrx_word' id='word_1_849' title='bbox 2258 4927 2386 4981; x_wconf 90' lang='lat' dir='ltr'><strong>illud</strong></span> <span class='ocrx_word' id='word_1_850' title='bbox 2433 4928 2659 4983; x_wconf 90' lang='lat' dir='ltr'><strong>civitatis</strong></span> <span class='ocrx_word' id='word_1_851' title='bbox 2688 4928 3005 4996; x_wconf 87' lang='lat' dir='ltr'><strong>Jerusalem,</strong></span> <span class='ocrx_word' id='word_1_852' title='bbox 3054 4930 3204 5000; x_wconf 91' lang='lat' dir='ltr'><strong>cujus</strong></span> <span class='ocrx_word' id='word_1_853' title='bbox 3249 4932 3420 5002; x_wconf 82' lang='lat' dir='ltr'><strong>imago</strong></span> <span class='ocrx_word' id='word_1_854' title='bbox 3458 4940 3559 4987; x_wconf 88' lang='lat' dir='ltr'><strong>erat</strong></span> <span class='ocrx_word' id='word_1_855' title='bbox 3592 4924 3746 4998; x_wconf 74' lang='lat' dir='ltr'><strong>populus</strong></span> 
     </span>
    </p>
   </div>
   <div class='ocr_carea' id='block_1_111' title="bbox 2257 5010 3744 5092">
    <p class='ocr_par' dir='ltr' id='par_1_111' title="bbox 2257 5010 3744 5092">
     <span class='ocr_line' id='line_1_111' title="bbox 2257 5010 3744 5092; baseline -0.005 -18"><span class='ocrx_word' id='word_1_856' title='bbox 2257 5019 2452 5084; x_wconf 84' lang='lat' dir='ltr'><strong>Israel.</strong></span> <span class='ocrx_word' id='word_1_857' title='bbox 2484 5035 2578 5090; x_wconf 86' lang='lat' dir='ltr'><strong>per</strong></span> <span class='ocrx_word' id='word_1_858' title='bbox 2641 5020 2971 5091; x_wconf 84' lang='lat' dir='ltr'><strong>Bapttsntutn</strong></span> <span class='ocrx_word' id='word_1_859' title='bbox 3016 5023 3312 5092; x_wconf 88' lang='lat' dir='ltr'><strong>trajiciendi</strong></span> <span class='ocrx_word' id='word_1_860' title='bbox 3354 5033 3500 5078; x_wconf 87' lang='lat' dir='ltr'><strong>erant</strong></span> <span class='ocrx_word' id='word_1_861' title='bbox 3540 5010 3744 5074; x_wconf 75' lang='lat' dir='ltr'><strong>homines?</strong></span> 
     </span>
    </p>
   </div>
   <div class='ocr_carea' id='block_1_112' title="bbox 2256 5111 3738 5185">
    <p class='ocr_par' dir='ltr' id='par_1_112' title="bbox 2256 5111 3738 5185">
     <span class='ocr_line' id='line_1_112' title="bbox 2256 5111 3738 5185; baseline -0.003 -19"><span class='ocrx_word' id='word_1_862' title='bbox 2256 5111 2382 5167; x_wconf 85' lang='lat' dir='ltr'><strong>Ideo</strong></span> <span class='ocrx_word' id='word_1_863' title='bbox 2429 5112 2482 5166; x_wconf 91' lang='lat' dir='ltr'><strong>in</strong></span> <span class='ocrx_word' id='word_1_864' title='bbox 2520 5127 2656 5183; x_wconf 91' lang='lat' dir='ltr'><strong>aqua</strong></span> <span class='ocrx_word' id='word_1_865' title='bbox 2707 5126 2950 5181; x_wconf 87' lang='lat' dir='ltr'><strong>sparsum</strong></span> <span class='ocrx_word' id='word_1_866' title='bbox 2993 5123 3110 5181; x_wconf 89' lang='lat' dir='ltr'><strong>est,</strong></span> <span class='ocrx_word' id='word_1_867' title='bbox 3142 5124 3198 5170; x_wconf 90' lang='lat' dir='ltr'><strong>ut</strong></span> <span class='ocrx_word' id='word_1_868' title='bbox 3247 5116 3298 5170; x_wconf 92' lang='lat' dir='ltr'><strong>in</strong></span> <span class='ocrx_word' id='word_1_869' title='bbox 3345 5114 3552 5185; x_wconf 78' lang='lat' dir='ltr'><strong>potum&#39;</strong></span> <span class='ocrx_word' id='word_1_870' title='bbox 3578 5112 3738 5164; x_wconf 78' lang='lat' dir='ltr'><strong>daretur-</strong></span> 
     </span>
    </p>
   </div>
   <div class='ocr_carea' id='block_1_113' title="bbox 2257 5201 3740 5276">
    <p class='ocr_par' dir='ltr' id='par_1_113' title="bbox 2257 5201 3740 5276">
     <span class='ocr_line' id='line_1_113' title="bbox 2257 5201 3740 5276; baseline -0.003 -15"><span class='ocrx_word' id='word_1_871' title='bbox 2257 5206 2370 5261; x_wconf 83' lang='lat' dir='ltr'><strong>Hoc</strong></span> <span class='ocrx_word' id='word_1_872' title='bbox 2397 5221 2564 5276; x_wconf 89' lang='lat' dir='ltr'><strong>usque</strong></span> <span class='ocrx_word' id='word_1_873' title='bbox 2589 5207 2640 5261; x_wconf 91' lang='lat' dir='ltr'><strong>in</strong></span> <span class='ocrx_word' id='word_1_874' title='bbox 2668 5205 2828 5262; x_wconf 77' lang='lat' dir='ltr'><strong>tinem</strong></span> <span class='ocrx_word' id='word_1_875' title='bbox 2866 5208 2979 5262; x_wconf 91' lang='lat' dir='ltr'><strong>sitit</strong></span> <span class='ocrx_word' id='word_1_876' title='bbox 3018 5209 3152 5273; x_wconf 87' lang='lat' dir='ltr'><strong>iste;</strong></span> <span class='ocrx_word' id='word_1_877' title='bbox 3197 5211 3381 5274; x_wconf 89' lang='lat' dir='ltr'><strong>currit,</strong></span> <span class='ocrx_word' id='word_1_878' title='bbox 3407 5219 3455 5264; x_wconf 89' lang='lat' dir='ltr'><strong>et</strong></span> <span class='ocrx_word' id='word_1_879' title='bbox 3479 5209 3587 5263; x_wconf 90' lang='lat' dir='ltr'><strong>sitit.</strong></span> <span class='ocrx_word' id='word_1_880' title='bbox 3615 5201 3740 5258; x_wconf 68' lang='lat' dir='ltr'><strong>Mulio!</strong></span> 
     </span>
    </p>
   </div>
   <div class='ocr_carea' id='block_1_114' title="bbox 2255 5297 3734 5372">
    <p class='ocr_par' dir='ltr' id='par_1_114' title="bbox 2255 5297 3734 5372">
     <span class='ocr_line' id='line_1_114' title="bbox 2255 5297 3734 5372; baseline -0.005 -15"><span class='ocrx_word' id='word_1_881' title='bbox 2255 5301 2396 5358; x_wconf 87' lang='lat' dir='ltr'><strong>enim</strong></span> <span class='ocrx_word' id='word_1_882' title='bbox 2428 5300 2590 5366; x_wconf 88' lang='lat' dir='ltr'><strong>bibit;</strong></span> <span class='ocrx_word' id='word_1_883' title='bbox 2620 5301 2712 5356; x_wconf 92' lang='lat' dir='ltr'><strong>sed</strong></span> <span class='ocrx_word' id='word_1_884' title='bbox 2743 5318 3011 5372; x_wconf 90' lang='lat' dir='ltr'><strong>nunquam</strong></span> <span class='ocrx_word' id='word_1_885' title='bbox 3033 5304 3137 5358; x_wconf 78' lang='lat' dir='ltr'><strong>erit</strong></span> <span class='ocrx_word' id='word_1_886' title='bbox 3159 5317 3274 5360; x_wconf 87' lang='lat' dir='ltr'><strong>sme</strong></span> <span class='ocrx_word' id='word_1_887' title='bbox 3293 5304 3395 5358; x_wconf 83' lang='lat' dir='ltr'><strong>siti.</strong></span> <span class='ocrx_word' id='word_1_888' title='bbox 3427 5300 3538 5358; x_wconf 87' lang='lat' dir='ltr'><strong>Inde</strong></span> <span class='ocrx_word' id='word_1_889' title='bbox 3553 5297 3734 5354; x_wconf 79' lang='lat' dir='ltr'><strong>esteuim.</strong></span> 
     </span>
    </p>
   </div>
   <div class='ocr_carea' id='block_1_115' title="bbox 2257 5388 3736 5466">
    <p class='ocr_par' dir='ltr' id='par_1_115' title="bbox 2257 5388 3736 5466">
     <span class='ocr_line' id='line_1_115' title="bbox 2257 5388 3736 5466; baseline -0.007 -17"><span class='ocrx_word' id='word_1_890' title='bbox 2257 5395 2408 5462; x_wconf 83' lang='lat' dir='ltr'><strong>Sitio,</strong></span> <span class='ocrx_word' id='word_1_891' title='bbox 2440 5395 2640 5460; x_wconf 83' lang='lat' dir='ltr'><strong>mulier,</strong></span> <span class='ocrx_word' id='word_1_892' title='bbox 2669 5395 2735 5447; x_wconf 85' lang='lat' dir='ltr'><strong>do</strong></span> <span class='ocrx_word' id='word_1_893' title='bbox 2759 5396 2884 5449; x_wconf 87' lang='lat' dir='ltr'><strong>mihi</strong></span> <span class='ocrx_word' id='word_1_894' title='bbox 2905 5397 3068 5451; x_wconf 86' lang='lat' dir='ltr'><strong>bibere</strong></span> <span class='ocrx_word' id='word_1_895' title='bbox 3091 5396 3267 5466; x_wconf 85' lang='lat' dir='ltr'><strong>(Joan.</strong></span> <span class='ocrx_word' id='word_1_896' title='bbox 3292 5413 3362 5464; x_wconf 84' lang='lat' dir='ltr'><strong>tv,</strong></span> <span class='ocrx_word' id='word_1_897' title='bbox 3395 5397 3465 5465; x_wconf 89' lang='lat'><strong>7).</strong></span> <span class='ocrx_word' id='word_1_898' title='bbox 3494 5388 3736 5466; x_wconf 48' lang='lat' dir='ltr'><strong>Santaritunf</strong></span> 
     </span>
    </p>
   </div>
   <div class='ocr_carea' id='block_1_116' title="bbox 2256 5455 3735 5615">
    <p class='ocr_par' dir='ltr' id='par_1_116' title="bbox 2256 5455 3735 5615">
     <span class='ocr_line' id='line_1_116' title="bbox 2256 5455 3735 5615; baseline -0.01 -74"><span class='ocrx_word' id='word_1_899' title='bbox 2256 5487 2342 5541; x_wconf 91' lang='lat' dir='ltr'><strong>illa</strong></span> <span class='ocrx_word' id='word_1_900' title='bbox 2364 5486 2428 5541; x_wconf 85' lang='lat' dir='ltr'><strong>ad</strong></span> <span class='ocrx_word' id='word_1_901' title='bbox 2462 5496 2676 5556; x_wconf 89' lang='lat' dir='ltr'><strong>puteum</strong></span> <span class='ocrx_word' id='word_1_902' title='bbox 2708 5486 2974 5542; x_wconf 86' lang='lat' dir='ltr'><strong>sitientem</strong></span> <span class='ocrx_word' id='word_1_903' title='bbox 3004 5489 3284 5544; x_wconf 90' lang='lat' dir='ltr'><strong>Dominum</strong></span> <span class='ocrx_word' id='word_1_904' title='bbox 3309 5491 3482 5552; x_wconf 87' lang='lat' dir='ltr'><strong>sensit,</strong></span> <span class='ocrx_word' id='word_1_905' title='bbox 3505 5493 3588 5540; x_wconf 84' lang='lat' dir='ltr'><strong>eta</strong></span> <span class='ocrx_word' id='word_1_906' title='bbox 3609 5455 3735 5615; x_wconf 56' lang='grc' dir='ltr'>διηριίέ</span> 
     </span>
     <span class='ocr_line' id='line_1_117' title="bbox 2256 5571 3716 5615; baseline 0 0"><span class='ocrx_word' id='word_1_907' title='bbox 2256 5589 2309 5615; x_wconf 75' lang='lat' dir='ltr'><strong>In</strong></span> <span class='ocrx_word' id='word_1_908' title='bbox 2354 5583 2540 5615; x_wconf 66' lang='grc' dir='ltr'>εαιὶιιιη</span> <span class='ocrx_word' id='word_1_909' title='bbox 2573 5590 2651 5615; x_wconf 66' lang='grc' dir='ltr'>ρει</span> <span class='ocrx_word' id='word_1_910' title='bbox 2684 5598 2697 5612; x_wconf 76' lang='grc' dir='ltr'><strong><em>ο</em></strong></span> <span class='ocrx_word' id='word_1_911' title='bbox 2732 5581 2892 5615; x_wconf 63' lang='lat' dir='ltr'><strong>conicit</strong></span> <span class='ocrx_word' id='word_1_912' title='bbox 2928 5582 3072 5615; x_wconf 71' lang='lat'><strong>....:....</strong></span> <span class='ocrx_word' id='word_1_913' title='bbox 3101 5583 3186 5615; x_wconf 71' lang='grc' dir='ltr'>ςιια</span> <span class='ocrx_word' id='word_1_914' title='bbox 3219 5584 3469 5615; x_wconf 64' lang='lat' dir='ltr'><strong>cilia-ulna“</strong></span> <span class='ocrx_word' id='word_1_915' title='bbox 3519 5588 3561 5615; x_wconf 86' lang='lat' dir='ltr'><strong>nt</strong></span> <span class='ocrx_word' id='word_1_916' title='bbox 3593 5571 3716 5615; x_wconf 51' lang='lat' dir='ltr'><strong>hibet?</strong></span> 
     </span>
    </p>
   </div>
   <div class='ocr_carea' id='block_1_117' title="bbox 2255 5571 3716 5651">
    <p class='ocr_par' dir='ltr' id='par_1_117' title="bbox 2255 5571 3716 5651">
     <span class='ocr_line' id='line_1_118' title="bbox 2255 5571 3716 5651; baseline -0.006 -15"><span class='ocrx_word' id='word_1_917' title='bbox 2255 5589 2309 5637; x_wconf 86' lang='lat' dir='ltr'><strong>te</strong></span> <span class='ocrx_word' id='word_1_918' title='bbox 2353 5583 2542 5636; x_wconf 87' lang='lat' dir='ltr'><strong>satiata</strong></span> <span class='ocrx_word' id='word_1_919' title='bbox 2572 5590 2655 5636; x_wconf 91' lang='lat' dir='ltr'><strong>est</strong></span> <span class='ocrx_word' id='word_1_920' title='bbox 2684 5598 2697 5634; x_wconf 91' lang='lat'><strong>:</strong></span> <span class='ocrx_word' id='word_1_921' title='bbox 2731 5581 2898 5636; x_wconf 88' lang='lat' dir='ltr'><strong>sensit</strong></span> <span class='ocrx_word' id='word_1_922' title='bbox 2927 5582 3072 5651; x_wconf 88' lang='lat' dir='ltr'><strong>prior</strong></span> <span class='ocrx_word' id='word_1_923' title='bbox 3101 5583 3188 5636; x_wconf 90' lang='lat' dir='ltr'><strong>illa</strong></span> <span class='ocrx_word' id='word_1_924' title='bbox 3219 5584 3490 5645; x_wconf 87' lang='lat' dir='ltr'><strong>sitientem,</strong></span> <span class='ocrx_word' id='word_1_925' title='bbox 3519 5588 3562 5631; x_wconf 89' lang='lat' dir='ltr'><strong>ut</strong></span> <span class='ocrx_word' id='word_1_926' title='bbox 3589 5571 3716 5628; x_wconf 65' lang='lat' dir='ltr'><strong>bibeﬂ</strong></span> 
     </span>
    </p>
   </div>
   <div class='ocr_carea' id='block_1_118' title="bbox 2319 5708 3273 5772">
    <p class='ocr_par' dir='ltr' id='par_1_118' title="bbox 2319 5708 3273 5772">
     <span class='ocr_line' id='line_1_119' title="bbox 2319 5708 3273 5772; baseline 0.001 -14"><span class='ocrx_word' id='word_1_927' title='bbox 2319 5711 2334 5741; x_wconf 78' lang='grc' dir='ltr'>ί</span> <span class='ocrx_word' id='word_1_928' title='bbox 2371 5709 2596 5772; x_wconf 80' lang='lat' dir='ltr'><strong>Plerique</strong></span> <span class='ocrx_word' id='word_1_929' title='bbox 2616 5716 2739 5765; x_wconf 85' lang='lat' dir='ltr'><strong>\iss.,</strong></span> <span class='ocrx_word' id='word_1_930' title='bbox 2763 5708 3032 5772; x_wconf 83' lang='lat' dir='ltr'><strong>minutatim</strong></span> <span class='ocrx_word' id='word_1_931' title='bbox 3055 5710 3273 5759; x_wconf 81' lang='lat' dir='ltr'><strong>credunt.</strong></span> 
     </span>
    </p>
   </div>
   <div class='ocr_carea' id='block_1_119' title="bbox 2249 5757 3726 5889">
    <p class='ocr_par' dir='ltr' id='par_1_119' title="bbox 2249 5757 3726 5889">
     <span class='ocr_line' id='line_1_120' title="bbox 2249 5757 3726 5889; baseline -0.001 -69"><span class='ocrx_word' id='word_1_932' title='bbox 2249 5774 2337 5889; x_wconf 48' lang='lat' dir='ltr'><strong>mf</strong></span> <span class='ocrx_word' id='word_1_933' title='bbox 2370 5757 2536 5823; x_wconf 69' lang='lat' dir='ltr'><strong>Plures</strong></span> <span class='ocrx_word' id='word_1_934' title='bbox 2561 5778 2687 5834; x_wconf 67' lang='lat' dir='ltr'><strong>Mss,</strong></span> <span class='ocrx_word' id='word_1_935' title='bbox 2711 5757 2763 5823; x_wconf 77' lang='lat' dir='ltr'><strong>ut</strong></span> <span class='ocrx_word' id='word_1_936' title='bbox 2781 5757 2946 5834; x_wconf 84' lang='lat' dir='ltr'><strong>potum</strong></span> <span class='ocrx_word' id='word_1_937' title='bbox 2965 5757 3393 5832; x_wconf 61' lang='lat' dir='ltr'><strong>daretur.de</strong></span> <span class='ocrx_word' id='word_1_938' title='bbox 3414 5782 3428 5820; x_wconf 87' lang='lat'><strong>:</strong></span> <span class='ocrx_word' id='word_1_939' title='bbox 3452 5773 3498 5818; x_wconf 80' lang='grc' dir='ltr'><strong>ιιι</strong></span> <span class='ocrx_word' id='word_1_940' title='bbox 3513 5769 3618 5832; x_wconf 72' lang='lat' dir='ltr'><strong>poli!</strong></span> <span class='ocrx_word' id='word_1_941' title='bbox 3632 5757 3726 5810; x_wconf 62' lang='grc' dir='ltr'><strong>ἐστ’</strong></span> 
     </span>
    </p>
   </div>
  </div>
