3912 6422
105 413 228 471 737

107 526 211 580 ille
236 524 572 581 credentem.
597 524 667 580 Et
688 525 739 579 in
770 538 929 580 cruce
955 522 1181 593 positus.
1202 521 1355 581 Sitio.
1388 520 1517 574 dixit
1537 517 1713 577 (Joan.

104 633 238 681 ιιι.
264 616 399 690 28);
434 618 680 685 qttamvis
706 616 778 670 illi
810 631 912 669 non
940 615 1039 668 hoe
1063 611 1462 681 dederintquod
1484 608 1715 665 sitiebat.

107 709 277 778 Ipsus
300 711 442 763 enim
472 710 562 764 ille
591 709 840 763 sitiebat:
869 717 922 760 at
949 706 1021 760 illi
1050 713 1255 759 acetum
1284 703 1577 764 dederunt;
1610 714 1718 753 non

102 802 306 854 vinum
329 815 521 854 novum
538 815 643 867 quo
660 798 945 867 implentur
962 807 1107 851 utres
1124 794 1248 849 novi
1268 792 1481 861 (Matth.
1504 807 1575 854 Ix,
1603 789 1713 859 l'i),

103 891 218 945 sed
248 891 431 945 vinum
464 900 633 953 vetus,
663 888 761 944 sed
788 889 925 943 tnale
955 898 1126 942 vetus.
1152 886 1352 941 Dicitur
1371 883 1511 939 enim
1536 891 1585 936 et
1606 896 1721 936 acea

116 992 237 1038 tum
288 992 445 1038 vetus
466 982 505 1046 ⁸,
551 990 762 1035 veteres
789 980 1032 1035 homines
1060 978 1124 1032 de
1157 977 1346 1047 quibus
1374 975 1572 1029 dictum
1612 982 1715 1039 est,

128 1072 251 1127 Non
280 1078 412 1129 enim
435 1081 506 1127 est
534 1072 637 1126 illis
662 1072 987 1125 commutatio
1018 1069 1185 1139 (Psal.
1221 1083 1327 1123 LIV.
1355 1066 1472 1134 20),
1492 1072 1717 1117 utever-

124 1163 201 1217 sis
230 1163 492 1219 Jelntsreis
516 1161 870 1217 aedificaretur
892 1158 1189 1214 Jerusalem
1216 1156 1281 1228 (ll
1313 1157 1438 1224 Reg.
1471 1171 1523 1215 ν,
1566 1150 1643 1225 6).

198 1258 291 1312 it).
334 1255 425 1312 Sic
448 1264 502 1309 et
529 1267 725 1322 corpus
751 1252 941 1321 capitis
970 1250 1125 1319 hujus
1152 1264 1320 1319 usque
1366 1249 1417 1302 in
1449 1246 1606 1301 ﬁnem
1651 1243 1720 1298 ab

126 1345 285 1400 initio
307 1346 474 1401 currit
505 1345 557 1398 in
582 1344 692 1398 siti.
728 1344 791 1398 Et
819 1341 968 1415 quasi
997 1342 1044 1396 ei
1075 1341 1358 1403 diceretur,
1389 1338 1523 1404 Qttid
1555 1339 1606 1392 in
1640 1337 1720 1390 si-

137 1438 215 1493 ti?
240 1438 361 1509 quid
393 1437 485 1492 tibi
507 1436 678 1498 deest,
711 1450 744 1488 ο
769 1450 964 1504 corpus
990 1432 1206 1495 Christi,
1239 1447 1272 1486 ο
1303 1431 1537 1486 Ecclesia
1569 1428 1721 1484 Chri-

146 1532 244 1587 Sti?
283 1532 332 1586 itt
378 1540 525 1585 tanto
562 1529 785 1595 honore,
816 1528 867 1582 in
915 1536 1056 1581 tanta
1089 1526 1441 1581 sublimitate.
1480 1525 1532 1578 in
1576 1531 1719 1577 tanta

155 1622 451 1679 celsitudine
487 1622 646 1677 etiam
690 1629 747 1676 et
786 1621 837 1673 in
884 1619 985 1674 hoc
1027 1618 1223 1672 sa'culo
1252 1616 1557 1680 constituta,
1595 1614 1719 1685 quid

162 1716 240 1771 tibi
266 1716 452 1771 deest?
483 1714 744 1783 lmpletur
775 1713 843 1767 de
872 1722 921 1766 te
951 1711 1090 1782 quod
1115 1710 1421 1781 praedictum
1453 1717 1555 1774 est,
1585 1707 1721 1760 Ado-

169 1808 328 1861 rabunt
352 1823 464 1861 eum
491 1822 660 1860 omnes
700 1821 839 1876 rcges
867 1816 1050 1866 terrm;
1098 1818 1268 1856 omnes
1312 1809 1480 1872 gentes
1508 1798 1723 1852 servient

163 1901 227 1955 illi
252 1898 412 1967 (Psal.
441 1915 589 1963 LXXI,
617 1899 729 1966 ll).
752 1897 886 1964 Quid
914 1911 1041 1964 ergo
1067 1895 1221 1949 sitis?
1249 1892 1371 1963 quid
1393 1892 1543 1947 sitis?
1565 1890 1723 1944 tantis

165 1995 347 2065 populis
368 2009 469 2047 non
497 1990 746 2047 satiaris?
767 1992 909 2057 Quos
938 1989 1160 2059 populos
1187 1985 1360 2040 dicis?
1395 1983 1495 2038 Ore
1525 2000 1618 2037 suo
1642 1984 1724 2037 be-

164 2086 448 2150 nedicebant,
503 2096 548 2141 et
584 2084 737 2138 corde
786 2099 877 2136 suo
929 2078 1312 2135 maledicebant.
1357 2076 1507 2131 Multi
1539 2073 1721 2141 vocati,

168 2180 296 2247 pauci
323 2187 487 2231 autem
529 2176 670 2230 electi
719 2173 927 2244 (Matth.
984 2189 1116 2239 χχιι,
1150 2171 1259 2240 14).
1302 2169 1488 2225 Mulier
1528 2168 1725 2221 fluxum

166 2269 411 2339 sanguinis
444 2268 671 2338 patiens,
695 2267 859 2321 vestis
886 2265 1001 2333 ejus
1025 2264 1287 2317 ﬁmbriam
1312 2262 1504 2331 tetigit,
1551 2269 1605 2313 et
1637 2273 1725 2312 sa~

168 2372 266 2417 nata
291 2373 367 2416 est
393 2380 406 2416 :
434 2370 487 2416 et
511 2376 630 2415 cum
664 2359 949 2412 miraretur
968 2356 1221 2411 Dominus
1241 2362 1564 2424 tangentem,
1588 2348 1728 2419 quod

169 2458 223 2512 de
246 2472 296 2511 se
323 2463 560 2510 senserat
586 2453 761 2507 exisse
788 2453 1060 2512 virtutem,
1100 2449 1304 2503 scilicet
1338 2446 1404 2501 ad
1438 2443 1727 2499 sanandam

169 2550 441 2609 malit-rem,
476 2546 632 2609 dixit,
658 2544 785 2612 Quis
812 2560 890 2597 me
913 2540 1114 2612 tetigit?
1141 2539 1207 2593 Et
1233 2538 1477 2593 admirati
1500 2536 1732 2604 discipu-

169 2640 195 2693 li
222 2660 232 2693 ε
262 2639 438 2693 Τιινὸω
463 2648 508 2692 te
536 2636 894 2707 comprimunt,
920 2642 965 2687 et
1011 2632 1158 2697 dicis,
1193 2630 1317 2697 Quis
1340 2645 1417 2683 me
1444 2627 1641 2698 tetigit?
1667 2627 1734 2681 Ει

170 2735 243 2789 ille
270 2753 280 2785 :
311 2732 492 2801 Tetigit
543 2747 622 2784 me
649 2730 829 2799 aliquis
878 2726 1066 2798 (Marc.
1099 2740 1149 2786 v,
1194 2722 1414 2791 25—51).
1461 2721 1733 2789 Tanquam

171 2824 345 2881 diceret
375 2843 389 2879 :
422 2823 532 2880 Utta
562 2822 762 2891 tetigit;
796 2820 961 2873 turba:
986 2822 1253 2887 premunt.
1283 2814 1381 2881 Qui
1431 2810 1737 2866 solemnita-

161 2919 290 2972 tibus
331 2915 622 2971 .lernSaIem
675 2911 897 2981 implent
949 2909 1257 2971 Ecclesias,
1309 2901 1737 2959 solemnitatibus

159 3008 454 3080 Babylonia:
484 3006 705 3076 implent
728 3007 932 3057 theatra
957 3018 969 3052 :
996 3010 1045 3053 et
1071 3008 1249 3053 tamen
1277 2995 1542 3058 serviunt,
1565 2993 1736 3047 hono-

145 3112 290 3167 rant,
313 3103 692 3171 obsequuntur,
729 3111 832 3151 non
861 3095 1033 3149 solum
1069 3092 1166 3161 ipsi
1194 3089 1284 3161 qui
1316 3098 1529 3157 portant
1551 3102 1735 3141 sacra-

144 3207 329 3254 menta
375 3193 593 3257 Christi,
625 3200 678 3246 et
719 3189 947 3244 oderunt
996 3192 1257 3255 praecepta
1293 3180 1517 3245 Christi,
1553 3192 1739 3234 verum

146 3292 317 3348 etiam
352 3288 424 3343 illi
457 3286 545 3357 qni
593 3300 691 3339 nec
734 3289 1064 3337 sacramenta
1110 3280 1220 3347 ipsa
1263 3285 1495 3346 portant,
1545 3272 1741 3344 Pagani

148 3386 284 3440 licet
326 3381 451 3441 sint,
494 3377 661 3433 Judaei
691 3375 814 3430 licet
835 3374 976 3437 sint;
1014 3371 1299 3433 honorant,
1333 3367 1567 3431 laudant,
1602 3381 1741 3436 prte-

148 3477 357 3540 dicnnt,
391 3471 484 3527 sed
506 3487 593 3525 ore
632 3486 724 3523 suo
765 3465 1135 3521 betiedicebant.
1168 3462 1281 3517 Non
1313 3458 1533 3514 attendo
1559 3457 1623 3512 ad
1649 3472 1741 3523 os;

151 3567 307 3624 novit
331 3565 418 3619 ille
448 3562 536 3633 qni
563 3577 648 3616 me
680 3557 950 3619 instruxit,
982 3554 1132 3609 corde
1157 3570 1247 3607 suo
1270 3548 1650 3605 maledicebant.
1669 3547 1745 3603 lbi

151 3658 566 3718 maledicebaut,
614 3653 700 3708 ubi
749 3651 1008 3705 honorem
1043 3662 1220 3703 meum
1261 3644 1629 3713 cogitaverunt
1656 3655 1747 3696 re~

156 3754 378 3827 pellere.

236 3848 323 3901 lt.
374 3843 524 3918 [vers.
573 3840 653 3916 6.]
680 3839 814 3910 Quid
861 3845 942 3906 tu,
976 3852 1007 3891 o
1044 3830 1746 3903 ldithun,e0rpuS'Cbristi,

156 3936 469 3994 transiliens
512 3934 649 3991 eos?
674 3931 810 4001 Quid
844 3940 898 3985 ιιι
932 3930 1071 3985 inter
1107 3928 1219 3981 haec
1247 3923 1464 3979 omnia?
1493 3922 1622 3992 quid
1655 3923 1751 3976 tu?

156 4028 422 4088 deficies?
464 4044 568 4081 nott
617 4022 987 4095 perseverahis
1012 4036 1178 4089 usqtte
1200 4018 1250 4071 in
1282 4015 1480 4070 finem?
1508 4030 1612 4068 non
1652 4028 1751 4067 au-

158 4124 305 4187 dies,
337 4120 436 4188 Qui
462 4116 845 4189 perseveraverit
870 4129 1029 4183 usque
1052 4114 1103 4165 in
1129 4112 1302 4177 ﬁnem,
1336 4107 1417 4160 hic
1440 4107 1609 4160 salvus
1638 4104 1750 4172 erit,

159 4216 411 4287 quamvis
439 4210 710 4283 quoniam’
737 4205 958 4260 abundat
980 4203 1236 4274 iniquitas,
1268 4199 1553 4269 refrigescet
1582 4196 1753 4250 chari-

159 4321 247 4364 tas
279 4307 546 4359 multorum
576 4300 787 4371 (Matth.
824 4314 975 4363 χχιιι,
1004 4298 1089 4358 15,
1124 4293 1248 4363 12)?
1278 4292 1345 4346 Et
1374 4292 1457 4346 ubi
1490 4298 1571 4344 est
1613 4287 1757 4358 quod

163 4398 446 4458 transilisti
488 4395 616 4451 eos?
644 4394 730 4449 ubi
760 4403 841 4447 est
867 4391 1007 4461 quod
1038 4386 1371 4444 conversatio
1409 4394 1496 4438 tua
1528 4383 1579 4437 in
1610 4381 1759 4437 caelis

163 4502 261 4550 est
305 4491 564 4561 (Philipp.
592 4501 668 4548 ut,
712 4484 847 4554 20)?
877 4484 954 4537 Illi
982 4490 1158 4536 autem
1207 4477 1469 4533 inltzerent
1500 4474 1757 4539 terrenis;

167 4599 429 4653 tanquam
478 4581 761 4651 terrigenae
816 4576 1030 4646 sapiunt
1075 4583 1299 4638 terram,
1351 4576 1557 4625 etsunt
1600 4578 1760 4631 terra,

167 4677 447 4748 serpentis
498 4675 672 4730 cibus.
700 4670 838 4741 Quid
900 4680 953 4723 tu
1018 4668 1157 4721 inter
1194 4663 1346 4720 haec?
1382 4662 1766 4718 Verumtamen

169 4772 424 4846 quamvis
450 4769 563 4825 haec
594 4768 808 4828 faciant,
837 4760 1079 4833 quamvis
1100 4759 1214 4813 haec
1244 4756 1495 4826 cogitent,
1523 4752 1766 4824 quamvis

172 4845 479 4936 impellant,
508 4860 754 4934 quamvis
781 4854 935 4928 quasi
980 4853 1231 4908 inclinato
1267 4850 1487 4915 instent,
1526 4845 1769 4917 quamvis

172 4965 291 5035 iam
327 4968 564 5015 erectum
608 4952 864 5017 sentiant,
904 4959 959 5003 et
1001 4948 1255 5001 honorem
1292 4958 1467 4997 meum
1514 4938 1771 5009 repellere

175 5030 451 5124 cogitent;
482 5046 724 5119 quamvis
765 5060 860 5098 ore
897 5055 994 5096 suo
1022 5036 1340 5093 benedicant
1377 5043 1430 5088 et
1472 5030 1636 5086 corde
1674 5042 1772 5084 suo

178 5147 544 5209 maledicam;
572 5139 815 5213 quamvis
856 5133 1170 5190 insidientur
1212 5128 1296 5183 ubi
1330 5134 1569 5197 possunt,
1622 5124 1771 5180 calu-

185 5241 460 5298 mnientur
482 5237 568 5291 ubi
587 5240 807 5305 possunt
829 5228 1211 5285 :Verumtamen
1234 5222 1337 5276 Deo
1354 5221 1646 5290 subjicietur
1664 5218 1776 5272 ani-

182 5349 273 5388 ma
298 5347 429 5385 mea.
459 5330 523 5385 Et
561 5326 681 5394 quis
721 5333 862 5378 tanta
890 5320 1102 5383 toleret,
1144 5314 1225 5369 vel
1262 5320 1441 5381 aperta
1475 5311 1631 5375 bella,
1691 5310 1775 5365 vel

184 5424 432 5481 occultas
475 5416 732 5475 insidias?
778 5413 896 5483 quis
952 5420 1093 5463 tanta
1145 5407 1337 5461 toleret
1377 5405 1516 5459 inter
1563 5412 1778 5473 apertos

187 5516 396 5576 hostes.
417 5513 554 5566 inter
568 5509 729 5563 falsos
745 5504 934 5560 fratres
949 5501 1104 5571 ?quis
1116 5508 1255 5553 tanta
1274 5495 1499 5550 toleret?
1516 5491 1778 5564 Numquid

189 5608 357 5663 homo
376 5607 401 5657 ἲ
426 5603 538 5659 etsi
570 5600 750 5665 homo,
780 5592 1033 5665 numquid
1078 5607 1105 5645 a
1132 5594 1307 5661 seipse
1337 5589 1539 5644 homo?
1566 5586 1677 5641 Non
1703 5586 1780 5640 sic

258 5782 276 5813 ι
314 5780 387 5829 sic
406 5784 515 5829 Mss.
541 5781 596 5827 At
619 5773 755 5835 Μὰ,
777 5778 825 5823 et
860 5767 1040 5821 malum
1062 5772 1211 5820 vetus.
1246 5764 1437 5817 Dicitur
1474 5763 1604 5816 enim
1638 5768 1683 5815 et
1713 5760 1781 5813 vi-

187 5856 314 5896 uum
334 5849 482 5893 vetus.
665 5898 679 5903 _
698 5898 710 5903 _
908 5893 919 5903 .
1202 5889 1214 5899 θ

260 5908 281 5939 ⁸
315 5907 389 5955 sic
408 5912 512 5952 Mss.
539 5906 595 5951 At
617 5898 753 5961 de.,
775 5898 999 5962 quoniam
1021 5898 1252 5956 quamvis.

1251 404 1647 463 ENARRATIO
1686 402 1751 458 IN
1793 400 2111 458 PSALMUM
2146 399 2283 456 LXI.

3305 402 3409 460 738

1836 514 2093 571 transilivi
2122 524 2178 568 ut
2206 513 2430 569 extollar
2454 521 2508 569 et
2540 514 2723 570 cadam
2751 530 2765 569 :
2792 510 2901 569 Deo
2930 516 3219 585 subjicielttr
3240 518 3411 571 anima

1827 625 1939 663 mea
1968 624 1989 663 :
2011 609 2250 678 quoniam
2274 607 2335 661 ab
2356 609 2465 677 ipso
2490 618 2561 661 est
2589 609 2827 676 patientia
2855 626 2985 664 mea.
3002 609 3131 677 Quae
3162 611 3412 679 patientia

1827 701 1964 758 inter
1991 710 2133 756 tanta
2160 701 2426 765 scandala,
2459 702 2555 755 nisi
2580 704 2697 769 quia
2731 703 2773 755 si
2802 701 2851 756 id
2878 701 3017 772 quod
3044 717 3145 756 non
3172 703 3412 758 videmus

1827 808 2127 864 speramus,
2178 810 2273 864 per
2317 794 2623 864 patientiam
2660 806 3033 864 exspecmmns
3066 795 3244 866 (Rom.
3296 812 3410 862 vm,

1825 883 1963 953 25)?
1996 884 2151 939 Venit
2196 884 2353 939 dolor
2394 899 2581 943 meus;
2614 885 2789 939 veniet
2815 895 2864 939 et
2897 886 3105 953 requies
3132 902 3249 943 mea
3279 904 3294 940 :
3322 903 3413 943 ve-

1828 976 1906 1030 nit
1936 974 2206 1030 tribulatio
2236 991 2387 1040 mea;
2415 977 2589 1030 veniet
2608 984 2661 1030 et
2682 978 2922 1046 purgatio
2951 992 3093 1033 mea.
3121 976 3414 1049 Numquid-

1828 1080 1950 1119 nam
2006 1065 2145 1119 lucet
2198 1079 2383 1118 aurum
2431 1066 2482 1119 in
2534 1064 2752 1121 fornace
2804 1066 3085 1122 aurificis?
3126 1068 3179 1122 ln
3230 1070 3414 1127 monili

1826 1155 2044 1222 lucebit,
2077 1156 2129 1210 in
2152 1166 2470 1212 ornamento
2502 1157 2698 1212 lucebit
2726 1176 2739 1213 :
2774 1160 3001 1227 patiatur
3029 1169 3202 1215 tamen
3233 1162 3413 1216 forna-

1827 1260 1965 1312 cem,
1984 1254 2040 1300 ut
2062 1256 2339 1316 purgatum
2358 1262 2384 1299 a
2406 1247 2652 1302 sordibus
2681 1249 2860 1304 veniat
2883 1249 2948 1303 ad
2980 1249 3169 1304 lucem.
3201 1251 3415 1310 Fornax

1828 1337 1926 1392 ista
1953 1356 1970 1405 ;
2000 1337 2074 1391 ibi
2103 1339 2276 1408 palea,
2308 1339 2378 1392 ibi
2409 1356 2621 1405 aurum,
2648 1340 2718 1394 ibi
2751 1341 2906 1410 ignis,
2936 1342 3002 1395 ad
3031 1341 3166 1397 hanc
3195 1346 3286 1399 flat
3316 1361 3415 1399 au-

1826 1427 1959 1483 rifex
1993 1443 2006 1481 :
2040 1428 2092 1481 in
2124 1427 2337 1483 fornace
2353 1428 2505 1483 ardet
2534 1430 2704 1499 palea,
2732 1440 2787 1485 et
2809 1442 3059 1501 purgatur
3073 1448 3299 1500 aurum;
3330 1436 3416 1491 illa

1828 1516 1881 1571 in
1905 1518 2141 1574 cinerem
2174 1520 2419 1585 vertitur,
2447 1536 2475 1573 a
2507 1521 2754 1576 sordibus
2781 1523 2911 1577 illttd
2944 1524 3172 1580 exuitur.
3200 1526 3415 1582 Fornax

1828 1609 2080 1673 mundus,
2114 1611 2262 1680 palea
2310 1611 2495 1680 iniqui,
2540 1627 2728 1667 aurum
2765 1613 2911 1682 justi,
2945 1614 3080 1683 ignis
3128 1616 3417 1687 tribulatio,

1829 1699 2027 1755 aurifex
2053 1700 2191 1755 Deus
2215 1718 2228 1754 :
2251 1702 2389 1770 qttod
2410 1701 2520 1756 vult
2535 1717 2663 1773 ergo
2683 1703 2906 1771 aurifex,
2924 1704 3057 1759 facio
3082 1723 3096 1768 ς
3120 1707 3203 1761 ubi
3225 1725 3308 1762 tne
3326 1725 3421 1779 po.

1829 1790 2132 1854 nitartifex.
2153 1793 2323 1848 tolero
2348 1793 2568 1863 :juhcor
2603 1810 2702 1863 ego
2721 1795 2968 1860 tolerare,
3002 1799 3147 1853 novit
3173 1800 3261 1854 ille
3290 1816 3421 1870 pur-

1828 1898 1974 1953 gare.
2004 1883 2202 1939 Ardeat
2232 1883 2351 1939 licet
2376 1885 2521 1955 palea
2543 1884 2607 1940 ad
2634 1886 3024 1943 incendendum
3058 1906 3163 1953 me,
3192 1901 3246 1946 et
3268 1893 3421 1961 quasi

1830 1974 2249 2030 consumendum
2272 1991 2389 2030 me:
2420 1976 2504 2031 illa
2529 1977 2580 2031 in
2620 1977 2852 2032 cinerem
2879 1979 3122 2045 vertitur,
3153 1996 3253 2049 ego
3299 1998 3421 2036 sor-

1830 2066 1985 2122 dibus
2012 2083 2189 2123 careo.
2212 2068 2390 2137 Quare
2413 2070 2436 2121 ἲ
2463 2069 2594 2138 Quia
2622 2068 2731 2123 Deo
2762 2072 3052 2141 subjicietur
3071 2075 3240 2129 anima
3274 2092 3419 2131 mea:

1832 2162 2069 2229 quoniam
2095 2161 2156 2214 ab
2185 2163 2295 2231 ipso
2314 2172 2385 2217 est
2411 2163 2650 2232 patientia
2677 2181 2806 2219 mea.

1907 2255 1993 2311 12.
2036 2254 2186 2328 [νει-ε.
2213 2255 2293 2329 7.]
2319 2256 2447 2324 Quis
2472 2266 2553 2312 est
2585 2257 2675 2311 tibi
2713 2258 2832 2323 iste,
2865 2272 2894 2312 a
2921 2274 3026 2330 quo
3054 2269 3136 2317 est
3177 2264 3425 2333 patientia

1836 2349 1964 2402 tua?
2006 2347 2258 2415 Quoniam
2295 2348 2403 2418 ipse
2438 2357 2509 2404 est
2558 2349 2696 2405 Deus
2745 2367 2882 2405 meus
2911 2362 2955 2406 et
2998 2355 3235 2411 salutaris
3265 2374 3426 2427 meus,

1835 2450 2094 2509 susceptor
2117 2457 2278 2509 meus,
2307 2457 2408 2495 non
2449 2441 2727 2513 emigrabo.
2759 2442 3010 2511 Quoniam
3041 2447 3148 2516 ipse
3189 2458 3263 2501 est
3295 2447 3431 2505 Deus

1837 2549 2013 2598 meus;
2040 2547 2170 2603 ergo
2194 2542 2350 2587 vocat
2378 2548 2463 2590 me
2488 2551 2503 2589 :
2526 2544 2572 2588 et
2598 2534 2839 2591 salutaris
2867 2554 3043 2602 meus;
3086 2555 3213 2611 ergo
3234 2542 3432 2611 justifi-

1838 2635 1923 2681 cat
1949 2642 2034 2681 me
2065 2645 2077 2680 ε
2103 2636 2151 2681 et
2198 2636 2459 2697 susceptor
2497 2644 2671 2691 meus;
2709 2643 2838 2700 ergo
2879 2630 3139 2700 glorificat
3180 2649 3284 2690 me.
3337 2635 3434 2693 Hic

1839 2718 1983 2772 enim
2009 2732 2173 2772 vocor
2201 2727 2253 2772 et
2277 2717 2559 2786 justificor,
2600 2719 2668 2773 ibi
2698 2730 2872 2774 autem
2899 2722 3202 2791 glorificor;
3227 2734 3281 2780 et
3311 2727 3433 2784 inde

1842 2807 1931 2863 ubi
1958 2809 2243 2878 glorificor,
2284 2825 2385 2862 non
2429 2810 2705 2879 emigrabo.
2733 2810 2914 2881 Neque
2946 2814 3086 2868 enim
3116 2816 3167 2868 in
3200 2820 3438 2889 peregri-

1844 2900 2060 2955 natione
2084 2915 2202 2955 mea
2223 2901 2511 2955 remanebo
2542 2919 2555 2953 :
2582 2913 2665 2956 est
2705 2902 2790 2958 hic
2816 2904 2956 2958 ttnde
2993 2906 3289 2977 emigrem;
3343 2909 3435 2963 sed

1845 2993 2053 3049 veniam
2076 2992 2217 3047 unde
2242 3009 2347 3048 non
2378 2994 2670 3064 emigrabo.
2706 2994 2836 3049 Nam
2864 2997 3150 3068 inquilinus
3185 3015 3285 3071 ego
3319 3018 3437 3057 sum

1845 3084 1982 3154 apud
2003 3095 2051 3138 te
2070 3084 2120 3138 itt
2147 3094 2306 3148 terra,
2332 3085 2471 3141 sicut
2491 3100 2678 3140 omnes
2700 3096 2877 3154 patres
2900 3090 3000 3142 mei
3025 3088 3191 3159 (f’sal.
3218 3107 3438 3157 xxvvnt,

1849 3175 1961 3249 15).
1990 3175 2130 3247 Ergo
2159 3176 2227 3230 ab
2258 3176 2571 3248 inquilinatu
2615 3177 2883 3248 migrabo;
2926 3179 2992 3234 de
3040 3180 3201 3235 domo
3234 3182 3439 3240 caelesti

1848 3282 1954 3323 non
1982 3268 2271 3339 emigrabo.

1923 3365 2009 3420 15.
2045 3361 2195 3437 [vers.
2228 3360 2307 3437 8.]
2339 3360 2403 3417 In
2433 3360 2542 3418 Deo
2570 3351 2793 3418 salutare
2823 3380 3011 3431 meum,
3042 3372 3090 3419 et
3117 3365 3282 3437 gloria
3310 3383 3441 3423 mea.

1852 3458 2045 3515 Salvus
2075 3473 2168 3512 ero
2207 3457 2259 3511 itt
2294 3456 2440 3522 Deo;
2472 3457 2733 3525 gloriosus
2756 3472 2849 3511 ero
2881 3457 2932 3511 in
2979 3457 3121 3513 Deo:
3153 3475 3257 3513 non
3301 3461 3444 3515 enim

1853 3561 2057 3606 tantum
2084 3548 2284 3616 salvus,
2313 3548 2404 3603 sed
2429 3559 2484 3603 et
2504 3547 2766 3619 gloriosus
2790 3549 3017 3614 ;s:tlvus,
3043 3550 3160 3617 quia
3183 3550 3359 3619 justus
3381 3568 3445 3606 ex

1855 3645 2039 3713 impio,
2068 3642 2136 3696 ab
2162 3642 2252 3695 illo
2276 3641 2599 3711 justificatus
2625 3640 2800 3710 (Rom.
2834 3656 2905 3705 tv,
2938 3642 3029 3709 5);
3060 3643 3320 3710 gloriosus
3351 3660 3447 3698 au-

1856 3746 1985 3800 tem,
2018 3736 2137 3804 quia
2166 3748 2271 3787 non
2300 3732 2473 3786 solum
2500 3731 2840 3801 justilleatus,
2871 3732 2962 3785 sed
2997 3733 3155 3785 etiam
3191 3733 3447 3790 honorifi-

1861 3839 2033 3883 cattts.
2071 3826 2281 3881 Etenim
2310 3840 2434 3895 quos
2460 3824 2854 3893 prazdestinavit,
2885 3824 3001 3878 illos
3027 3834 3072 3878 et
3098 3827 3303 3879 vocavit.
3342 3828 3449 3883 Vo-

1858 3937 1985 3977 cans
2014 3935 2106 3976 eos
2127 3919 2250 3991 quid
2283 3918 2407 3973 fecit
2437 3918 2558 3973 hic?
2593 3917 2729 3984 Quos
2746 3918 2952 3981 vocavit,
2971 3918 3107 3986 ipso:
3129 3929 3173 3971 et
3191 3921 3450 3988 justi/ica-

1859 4015 1927 4069 vit
1942 4030 1960 4078 ;
1982 4029 2103 4078 quos
2127 4020 2291 4065 autem
2307 4010 2626 4080 justi/ienuit,
2650 4010 2785 4080 ipsos
2805 4020 2851 4064 et
2876 4009 3174 4080 glori/ienuit
3200 4010 3306 4083 (Id.
3337 4028 3449 4082 vui,

1861 4107 1975 4172 50).
2009 4103 2325 4160 Justificatio
2346 4118 2473 4172 ergo
2502 4102 2566 4155 ad
2595 4105 2818 4156 salutem
2846 4102 3095 4172 pertinet,
3115 4090 3453 4172 °glorilicatio

1864 4199 1929 4253 ad
1960 4199 2239 4254 honorem.
2269 4196 2399 4264 Quia
2446 4195 2763 4266 glorificatio
2811 4194 2877 4248 ad
2908 4194 3162 4249 honorem
3199 4199 3451 4267 pertinet,

1865 4290 2137 4359 disputare
2184 4303 2287 4343 non
2321 4302 2453 4355 opus
2481 4296 2582 4342 est.
2624 4286 2753 4353 Quia
2777 4285 3083 4354 justilit-att‘o
3116 4289 3343 4355 pertinet
3388 4291 3456 4345 ad

1866 4382 2114 4445 salutem,
2134 4392 2435 4449 qureramus
2448 4376 2661 4447 aliquod
2685 4376 3089 4431 documentum.
3117 4377 3251 4431 Ecce
3266 4395 3458 4434 occur-

1869 4473 1937 4527 rit
1963 4488 2025 4527 ex
2062 4470 2389 4540 Evangelii):
2422 4477 2575 4523 erant
2619 4467 2708 4536 qui
2735 4468 2834 4521 sibi
2876 4466 3192 4521 videbantur
3232 4469 3376 4538 iusti,
3407 4480 3462 4527 et

1871 4562 2334 4636 reprehendebant
2362 4561 2659 4622 Dominum,
2686 4558 2823 4629 quod
2846 4557 3157 4612 admittebat
3186 4558 3251 4613 ad
3276 4563 3461 4616 comi-

1872 4660 2013 4711 vium
2042 4664 2367 4727 peceatores,
2419 4662 2474 4708 et
2521 4667 2641 4708 cum
2685 4651 2977 4720 publicanis
3019 4661 3072 4706 et
3099 4656 3464 4722 peccatoribus

1874 4750 2296 4808 convescebatur
2331 4764 2345 4803 :
2381 4747 2570 4800 talibus
2602 4746 2778 4814 itaque
2824 4744 3276 4814 superhivntibus,
3314 4751 3465 4803 torti.

1878 4846 1977 4901 bus
2027 4855 2184 4899 terra:
2237 4840 2389 4894 valde
2440 4837 2685 4904 elewtis,
2730 4837 2952 4891 multum
2985 4837 3051 4891 de
3102 4853 3194 4892 sua
3242 4842 3469 4898 sanitate

1879 4936 2249 5009 gloriantibns,
2294 4949 2451 5003 quam
2498 4932 2772 5002 putabant,
2826 4947 2929 4985 non
2983 4947 3139 5001 quam
3194 4935 3465 5000 tenebant,

1880 5034 2003 5108 qttid
2027 5028 2302 5101 respondit
2324 5025 2621 5083 Dominus?
2648 5025 2765 5079 Non
2795 5036 2866 5079 est
2897 5042 3029 5094 Opus
3055 5026 3190 5079 sanis
3224 5028 3463 5092 nu’tlii'tts',

1880 5129 1967 5184 sed
1997 5126 2127 5180 male
2154 5120 2462 5177 habentibus.
2491 5118 2635 5187 Quos
2664 5118 2789 5173 dicit
2817 5118 3167 5184 sanos?quos
3191 5118 3317 5171 dicit
3337 5125 3470 5174 inata

1884 5216 2178 5276 habentes?
2218 5216 2490 5285 Sequitur,
2540 5222 2593 5267 et
2634 5210 2795 5265 dicit:
2829 5208 2948 5263 Non
2977 5210 3087 5261 veni
3114 5224 3289 5262 vocare
3308 5215 3468 5276 jus-tm

1883 5314 1970 5370 sed
2001 5321 2284 5384 peccatores
2312 5308 2362 5361 in
2392 5305 2727 5377 paenitentiam
2760 5302 2966 5371 (Matth.
3001 5316 3079 5363 lx,
3114 5300 3199 5361 12,
3231 5303 3337 5369 15).
3365 5307 3473 5370 Ap-

1886 5405 2103 5476 pellavit
2149 5418 2275 5471 ergo
2316 5414 2474 5453 sanos
2514 5397 2719 5465 jttStos;
2755 5410 2857 5447 non
2904 5392 3021 5462 quia
3078 5391 3329 5447 Pharzsa'i
3377 5392 3474 5446 hoc

1886 5507 2054 5555 erant.
2080 5494 2171 5551 sed
2203 5493 2323 5563 quia
2354 5492 2451 5544 boe
2475 5504 2533 5544 se
2558 5504 2676 5543 esse
2700 5486 3091 5539 arbitrabantur
3115 5501 3127 5545 ;
3161 5494 3213 5537 et
3242 5483 3360 5537 ideo
3389 5500 3475 5539 su-

1888 5590 2219 5661 perhiebaut,
2255 5594 2309 5639 et
2338 5582 2599 5637 medicum
2630 5576 3006 5647 :rgrOtanlilnts
3045 5574 3371 5639 invidebant,
3424 5585 3474 5631 et

1891 5687 2008 5758 plus
2036 5689 2357 5753 aegrotantes
2399 5675 2663 5729 medicum
2700 5667 3030 5722 occidebant.
3061 5665 3357 5735 Appellavit
3395 5677 3475 5722 ta.

1891 5756 2015 5833 tuen
2059 5788 2220 5830 sanos
2259 5772 2455 5841 justos,
2505 5770 2828 5835 aegrotantes
2864 5766 3191 5831 peccatores.
3238 5756 3311 5814 Ut
3350 5775 3476 5832 ergo

1890 5871 2233 5944 justificarcr,
2252 5864 2326 5920 ait
2355 5862 2456 5918 iste
2473 5856 2793 5924 transiliens,
2812 5853 2878 5909 ab
2898 5853 3011 5923 ipso
3042 5852 3170 5908 tnibi
3196 5861 3311 5919 est;
3343 5866 3397 5911 et
3425 5864 3476 5913 ut
