3912 6430
611 402 719 461 745

615 520 756 576 dico.
805 515 981 574 Semel
1023 515 1216 572 locutus
1258 521 1332 568 est
1360 511 1495 568 Deus
1524 522 1732 568 :unum
1761 509 1996 566 Verbum
2042 506 2203 562 habet

613 612 940 682 unigenitum
961 609 1148 662 Deum.
1180 606 1234 662 ln
1262 607 1351 661 illo
1385 605 1558 660 Verbo
1583 603 1930 669 santomnia,
1957 602 2078 670 quia
2108 615 2201 668 per

612 704 844 759 Verbum
869 703 1000 756 l‘acta
1030 709 1154 755 sunt
1193 699 1390 753 omnia.
1424 697 1598 752 Unum
1639 695 1870 750 Verbum
1901 694 2079 757 habet,
2112 693 2200 748 ubi

611 813 800 854 omnes
823 795 1056 851 thesauri
1085 793 1359 863 sapientiae
1389 804 1443 847 et
1467 791 1702 846 scientize
1727 789 2023 844 absconditi
2058 785 2198 860 (Co-

608 892 728 946 loss.
756 905 813 951 ll,
846 887 922 959 3).
959 888 1132 943 Unum
1181 884 1416 941 Verbum
1462 884 1652 949 habet;
1697 880 1852 936 semel
1890 881 2086 936 locutus
2126 889 2200 934 est

608 983 767 1039 Deus.
802 982 919 1038 Duo
940 984 1068 1047 hinc,
1092 996 1211 1052 quae
1240 979 1393 1033 vobis
1435 979 1674 1033 dicturus
1719 992 1857 1032 sum.
1891 976 1962 1030 ibi
1991 975 2196 1040 audivi;

606 1095 792 1134 nones
824 1093 907 1130 uie
939 1077 1126 1146 loquor
1153 1115 1168 1139 ,
1201 1089 1306 1129 non
1336 1089 1402 1128 ex
1439 1089 1523 1128 me
1547 1071 1668 1126 dico
1696 1087 1710 1124 :
1742 1071 1808 1124 ad
1839 1069 1938 1124 hoc
1969 1069 2198 1139 pertinet

523 1227 531 1230 _
603 1171 794 1225 audiui.
835 1169 1041 1223 Amicus
1077 1169 1246 1221 autem
1275 1166 1447 1234 sponsi
1476 1173 1574 1218 stat
1601 1173 1646 1217 et
1682 1164 1824 1217 audit
1853 1179 1968 1217 eum
1993 1162 2010 1230 (
2035 1160 2192 1214 Joau.

603 1278 682 1328 ιιι,
709 1261 838 1331 29),
893 1269 952 1314 ut
993 1273 1178 1313 verum
1233 1259 1496 1326 l0qaatur.
1546 1255 1702 1310 Audit
1750 1256 1894 1311 enim
1937 1270 2081 1316 cum,
2130 1267 2197 1308 ne

607 1353 878 1426 loquendo
903 1351 1235 1406 mendacium
1261 1350 1330 1405 de
1355 1367 1450 1404 suo
1472 1349 1718 1420 loquatur
1741 1348 1759 1420 (
1781 1347 1868 1400 Id.
1905 1363 2012 1408 viii,
2042 1346 2111 1400 M
2132 1343 2153 1416 )
2177 1360 2190 1398 :

606 1463 676 1501 ne
701 1446 932 1508 diceres,
964 1445 1094 1511 Quis
1118 1459 1177 1498 es
1201 1453 1252 1497 tu
1282 1443 1371 1513 qui
1399 1441 1524 1496 mihi
1558 1443 1657 1498 hoc
1683 1439 1859 1494 dicis?
1892 1439 2032 1495 unde
2063 1437 2193 1493 mihi

608 1539 713 1594 hoc
738 1537 909 1592 dicis?
936 1535 1129 1590 Audivi
1174 1535 1288 1589 liivc
1325 1534 1450 1600 duo,
1482 1541 1537 1589 et
1567 1533 1656 1588 ille
1686 1534 1701 1564 ί
1733 1532 1824 1587 tibi
1854 1532 2041 1601 loquor
2069 1531 2193 1599 quia

603 1632 778 1688 audivi
807 1631 920 1685 lizec
940 1630 1047 1686 duo
1067 1673 1083 1697 ,
1105 1630 1196 1702 qui
1219 1630 1377 1686 etiam
1399 1629 1622 1700 cognovi
1652 1628 1771 1698 quia
1794 1629 1959 1683 semel
1987 1629 2194 1682 locutus

607 1735 690 1782 est
719 1726 877 1780 Deus.
911 1724 1028 1778 Noli
1071 1733 1414 1780 contemnere
1456 1723 1753 1778 auditorem
1801 1721 2068 1776 dicentem
2097 1720 2191 1775 tibi

607 1816 850 1886 (ιιιειιάςιιιι
881 1815 988 1870 duo
1039 1814 1128 1868 tibi
1178 1813 1501 1877 necessaria,
1551 1827 1672 1868 eum
1714 1813 1803 1883 qui
1848 1810 2194 1866 transiliendo

604 1907 915 1963 universam
963 1915 1263 1962 creaturam
1309 1905 1550 1976 pervenit
1594 1905 1660 1960 ad
1690 1904 1923 1960 Verbum
1955 1903 2196 1974 unigeni-

608 2009 718 2055 tum
739 2001 850 2065 liei,
873 1999 962 2054 ubi
987 1999 1151 2055 sciret
1167 1997 1290 2069 quia
1312 1999 1480 2055 semel
1508 2001 1716 2054 locatus
1738 2007 1824 2054 est
1850 2000 2008 2054 Deus.

669 2093 761 2148 20.
806 2080 955 2146 Dicat
982 2107 1111 2162 ergo
1135 2093 1244 2161 jam
1271 2091 1512 2161 qiiaadatn
1553 2091 1677 2146 duo.
1707 2089 1927 2146 Multum
1953 2090 2096 2146 enim
2125 2089 2192 2145 ad

601 2199 699 2240 nos
748 2183 1013 2252 pertinent
1051 2181 1166 2237 lia-c
1199 2179 1326 2236 duo.
1357 2180 1608 2247 Quoniam
1637 2191 1854 2250 potestas
1895 2180 1989 2235 Dei
2023 2189 2117 2247 est,
2146 2189 2193 2235 et

601 2277 709 2343 tibi,
731 2276 943 2331 Domine
961 2316 976 2342 ,
1010 2275 1375 2328 misericordia.
1409 2273 1508 2328 Ista
1537 2285 1660 2328 sunt
1687 2273 1822 2340 duo;
1851 2283 2110 2343 potestas,
2139 2283 2194 2329 et

599 2368 1006 2425 misericordia?
1034 2365 1138 2422 Ista
1167 2368 1323 2437 plane
1353 2384 1365 2419 :
1393 2367 1671 2436 intelligite
1715 2374 2030 2434 potestatem
2057 2367 2187 2428 Dei;

599 2462 880 2532 intelligite
914 2459 1333 2515 misericordiam
1365 2459 1477 2514 Dei.
1511 2459 1600 2514 llis
1617 2459 1823 2516 duobus
1848 2462 2192 2515 continentur

600 2571 767 2626 prope
788 2567 975 2608 omnes
995 2553 1302 2622 Scriptum.
1335 2553 1561 2621 Pr0ptcr
1583 2553 1694 2608 huic
1725 2553 1853 2620 duo,
1887 2552 2188 2623 Prophetae;

601 2656 821 2716 pr0pter
853 2646 966 2698 hate
995 2642 1123 2708 duo,
1179 2643 1534 2708 Patriai-clue;
1588 2652 1804 2716 propter
1850 2642 1998 2708 haec,
2038 2643 2184 2709 Lex;

599 2746 818 2809 propter
847 2735 995 2800 haec,
1028 2735 1140 2808 ipse
1189 2734 1443 2790 Dominus
1486 2744 1668 2789 noster
1714 2733 1870 2789 Jesas
1907 2734 2186 2799 Christus;

597 2840 817 2904 propter
862 2831 996 2891 haec.
1051 2831 1327 2900 Apostoli;
1380 2840 1597 2902 propter
1654 2829 1804 2897 haec,
1855 2833 2189 2888 annuntiatio

597 2924 790 2985 omnis,
809 2933 858 2978 et
881 2922 1168 2978 celebratio
1186 2921 1329 2977 verbi
1355 2923 1445 2977 Dei
1473 2922 1523 2976 in
1555 2922 1789 2978 Ecclesia
1807 2938 1824 2978 :
1842 2935 2058 2994 prepter
2075 2924 2189 2980 Ιιςιτε

596 3018 721 3081 dno;
741 3026 957 3088 propter
973 3025 1286 3086 potestatem
1308 3015 1400 3071 Dei
1423 3025 1475 3069 et
1496 3015 1938 3072 misericordiam.
1955 3017 2187 3073 PoteSta-

596 3121 702 3167 teni
720 3112 836 3180 ejus
867 3111 1078 3175 timete;
1111 3108 1527 3165 misericordiam
1545 3109 1662 3178 ejus
1685 3119 1880 3166 amate.
1907 3110 2014 3164 Nec
2031 3112 2106 3166 sic
2119 3110 2188 3166 de

595 3202 962 3260 misericordia
993 3201 1110 3272 ejus
1153 3202 1502 3272 prmsumatis,
1530 3209 1587 3256 ut
1635 3211 1949 3270 potestatem
2005 3213 2189 3258 eonte-

597 3296 824 3352 mnatis:
847 3294 1034 3351 necsic
1047 3302 1362 3366 potestatem
1382 3293 1635 3360 timeatis,
1650 3304 1705 3351 ut
1729 3294 1798 3352 de
1824 3296 2186 3353 misericordia

598 3389 915 3458 despct'etis.
950 3389 1100 3456 Apud
1142 3389 1286 3440 illum
1320 3397 1588 3457 potestas;
1618 3388 1757 3458 apud
1800 3390 1944 3442 illiiiii
1979 3391 2186 3444 iniseri-

598 3480 800 3537 ciirdia.
836 3481 988 3535 llnnc
1014 3480 1284 3543 liiiniiliat;
1316 3490 1370 3534 et
1403 3483 1542 3536 hanc
1565 3480 1805 3554 exaltat(
1838 3480 1978 3535 l’sal.
2004 3497 2182 3548 Lxxiv,

598 3571 654 3644 8)
691 3592 702 3624 :
739 3571 878 3626 hunc
920 3571 1164 3626 huniiliat
1193 3580 1488 3640 potestate;
1541 3571 1688 3629 illum
1732 3572 1931 3628 exaltat
1979 3573 2188 3628 miseri-

597 3665 798 3723 cordia.
827 3665 889 3722 Si
925 3667 1059 3722 enim
1085 3664 1221 3721 Deus
1250 3667 1419 3722 volens
1439 3667 1698 3724 ostendere
1732 3667 1882 3734 iram,
1912 3677 1958 3723 et
1977 3669 2188 3724 demon-

597 3771 760 3815 strare
807 3760 1080 3831 potentiam
1107 3776 1272 3825 suam,
1302 3761 1472 3815 attulit
1501 3761 1555 3815 in
1584 3761 1743 3816 multa
1785 3763 2028 3832 patientia
2067 3777 2188 3816 vasa

597 3853 706 3916 irae,
725 3868 838 3924 qua:
865 3856 1084 3924 perfecta
1109 3861 1226 3906 sunt
1259 3853 1311 3906 in
1338 3853 1687 3923 perditionem.
1715 3853 1921 3908 Audisti
1956 3861 2189 3922 potesta-

603 3952 706 3999 tem
743 3962 755 3996 :
788 3961 966 4012 qnazrc
998 3944 1439 4000 misericordiam.
1473 3942 1540 3999 Ut
1566 3955 1732 4008 notas,
1764 3944 1964 4015 inquit,
1999 3949 2187 4016 faceret

600 4037 798 4092 divitias
827 4054 946 4092 suas
987 4037 1040 4092 in
1079 4054 1201 4092 vasa
1238 4038 1616 4093 misericordiaz.
1668 4039 1906 4096 Pertinet
1948 4055 2076 4110 ergo
2119 4038 2189 4096 ad

599 4130 714 4199 ejus
742 4138 1057 4198 potestatem
1088 4129 1344 4184 damnare
1391 4131 1621 4199 iniquos.
1656 4132 1717 4186 Et
1745 4133 1865 4203 quis
1892 4132 1965 4186 illi
1999 4132 2140 4186 dicat
2170 4151 2183 4187 :

600 4222 736 4290 Quid
764 4221 974 4278 fecisti?
1004 4221 1079 4275 Tu
1108 4224 1260 4288 enim,
1283 4240 1314 4278 ο
1345 4224 1512 4284 homo.
1537 4225 1648 4293 quis
1675 4242 1748 4291 es,
1776 4227 1860 4294 qui
1881 4225 2188 4292 respondeas

603 4313 709 4367 Dt'O
741 4314 912 4385 (Rom.
943 4331 1016 4381 ix,
1046 4313 1138 4380 22,
1170 4316 1261 4380 23,
1291 4315 1428 4386 20)?
1458 4316 1609 4372 Time
1639 4333 1766 4384 ergo
1793 4327 1846 4372 et
1879 4327 2046 4372 trcine
2071 4316 2188 4386 ejus

599 4415 915 4476 potestatem
941 4424 954 4471 ;
981 4408 1072 4461 sed
1095 4422 1248 4476 spera
1277 4407 1391 4476 ejus
1419 4409 1860 4464 miseriCordiani.
1895 4409 2143 4464 Diabolus
2165 4411 2186 4440 ³

603 4507 839 4568 potestas
868 4499 1108 4567 qiuedain
1137 4510 1250 4564 est;
1283 4500 1592 4571 plerumque
1621 4510 1795 4555 tamen
1828 4501 1934 4554 vult
1971 4515 2184 4568 nocere,

584 4600 658 4648 'et
703 4606 807 4646 non
841 4601 1034 4662 potest,
1066 4593 1187 4662 quia
1230 4601 1465 4661 potestas
1508 4593 1606 4650 ista
1636 4594 1736 4650 sub
1773 4601 2038 4664 potestate
2083 4601 2184 4648 est.

602 4686 736 4741 Nam
752 4685 798 4742 si
825 4694 1027 4742 tantum
1057 4694 1238 4759 posset
1273 4700 1469 4742 nocere
1493 4686 1734 4742 diabolus
1762 4697 2016 4760 quantum
2045 4687 2183 4759 vult,

583 4795 711 4859 ‘non
739 4779 934 4850 aliquis
957 4784 1217 4845 justoruni
1243 4792 1564 4845 remaneret,
1592 4791 1684 4836 aut
1729 4781 1921 4844 aliquis
1952 4781 2186 4837 fidelium

604 4873 825 4928 essetin
859 4883 1020 4928 terra.
1070 4875 1186 4944 Ipse
1227 4890 1320 4943 per
1352 4889 1471 4928 vasa
1504 4890 1596 4928 sua
1627 4874 1869 4944 impellit.
1905 4875 2054 4944 quasi
2090 4890 2184 4945 pa-

601 4965 788 5022 rietem
823 4964 1164 5032 inclinatam;
1191 4965 1284 5022 sed
1315 4974 1517 5022 tantum
1557 4966 1784 5036 impellit
1811 4976 2067 5038 quantum
2093 4981 2186 5021 ac-

600 5059 730 5128 cipit
762 5067 1100 5129 potestatem.
1130 5057 1197 5114 Ut
1241 5069 1420 5116 autem
1460 5074 1562 5114 IIOII
1592 5059 1749 5115 cadat
1779 5060 1972 5129 paries,
2007 5058 2189 5114 Domi-

605 5167 704 5206 nus
735 5152 1019 5220 suscipiet;
1053 5152 1302 5222 quouiam
1334 5152 1420 5222 qni
1449 5152 1537 5206 dat
1565 5160 1880 5222 potestatem
1915 5151 2186 5218 tentatori,

602 5247 716 5316 ipse
765 5255 970 5304 tentato
1010 5245 1210 5316 prirbet
1252 5245 1690 5300 misericordiam.
1741 5244 1821 5299 Ad
1880 5258 2187 5299 mensuram

601 5343 744 5398 enim
777 5341 1100 5414 permittitur
1131 5339 1151 5371 ³
1179 5347 1382 5395 tentare
1411 5338 1690 5394 diabolus:
1725 5337 1792 5392 Et
1820 5339 2014 5409 potabis
2058 5353 2186 5403 nos,

602 5435 791 5506 inquit,
823 5435 875 5489 in
915 5433 1154 5504 lacrymis
1180 5433 1232 5487 in
1263 5448 1496 5487 mensura
1524 5429 1708 5505 (Psal.
1741 5447 1926 5495 um,
1957 5430 2048 5501 6).
2071 5428 2189 5484 Noli

601 5545 729 5599 ergo
760 5529 944 5583 timere
994 5527 1310 5598 permissam
1359 5525 1556 5596 aliquid
1605 5524 1781 5581 facere
1827 5532 2184 5590 tentatorem;

665 5774 678 5804 ί
717 5774 790 5819 S’c
813 5779 918 5820 \tss.
948 5777 1001 5820 At
1018 5769 1149 5825 bald.
1173 5767 1274 5819 illa.

665 5836 682 5862 ί
720 5832 850 5887 1·ἰ(ΙιΙ.,
876 5831 1079 5880 itiabo'o.
1110 5839 1161 5879 Al
1185 5837 1312 5890 uss,
1332 5828 1568 5890 diabolus,
1593 5827 1869 5882 nominandi
1892 5841 2024 5882 casu.

666 5893 686 5922 ³
720 5900 848 5953 δίκη
873 5891 1159 5942 admittitur.

1855 391 1915 449 S.
1947 383 2314 448 AUGUSTlNl
2354 385 2657 448 EPISCOPI
3727 406 3795 466 lii

2315 503 2478 561 habes
2514 509 2656 562 enim
2685 507 3238 566 misericordissimam
3271 510 3601 569 Salvator-em.
3635 517 3794 580 Tantum

2313 600 2633 666 permittitur
2660 600 2748 654 ille
2774 609 2980 656 tentare
3006 612 3264 671 quantum
3293 603 3384 657 tibi
3405 606 3618 674 prodeo,
3639 617 3809 668 ttlex»r-‘

2309 691 2500 756 cearis,
2533 700 2588 744 ut
2617 692 2888 760 probet-is;
2920 703 2979 747 ut
2999 694 3090 764 qui
3125 705 3177 749 te
3201 696 3495 762 iii-sciebas,
3525 703 3799 770 ate-ipson:

2308 782 2559 837 veniaris.
2587 781 2718 837 Nam
2751 783 2860 847 ubi,
2891 785 2973 838 vel
3020 785 3181 852 unde,
3229 787 3333 842 nisi
3371 787 3438 842 de
3464 789 3555 844 hac
3593 783 3795 863 Dcipntc-t

2305 883 2461 938 state.
2491 885 2544 930 et
2565 875 2927 932 misericordia
2956 878 3128 932 secari
3160 893 3280 934 esse
3301 878 3567 946 debemus,
3593 889 3787 943 secundum

2307 967 2452 1022 illam
2479 969 2828 1038 apostolicam
2851 971 3175 1025 sententiam
3206 989 3219 1026 :
3256 970 3454 1028 Fidelis
3485 972 3632 1043 Deus,
3654 983 3716 1046 qui
3733 1000 3790 1036 neti

2307 1060 2552 1128 permittit
2591 1075 2678 1115 vos
2706 1061 2888 1116 tentari
2915 1077 3068 1132 super
3110 1063 3163 1118 id
3190 1064 3330 1133 quod
3358 1067 3556 1135 potestis
3580 1067 3598 1140 (
3621 1067 3736 1125 lCor.
3760 1089 3792 1137 ι,

2309 1151 2460 1222 l3)?

2372 1244 2464 1298 2|.
2508 1243 2668 1313 Ergo,
2721 1243 2949 1301 Potestas
2978 1244 3074 1300 Dei
3097 1255 3170 1302 cst
3198 1263 3218 1302 :
3250 1245 3376 1302 Non
3419 1258 3490 1303 est
3513 1251 3624 1305 enim
3653 1265 3793 1321 potata

2303 1337 2400 1390 nisi
2426 1334 2624 1410 aDeo(
2652 1337 2800 1391 Rom.
2832 1353 2943 1404 xui,
2975 1339 3000 1392 l
3031 1337 3073 1410 ).
3106 1338 3224 1393 Noli
3252 1339 3458 1407 dicere,
3493 1343 3547 1396 Et
3571 1344 3669 1412 quid
3687 1349 3791 1404 cidit

2302 1434 2503 1481 tantam
2551 1428 2912 1496 potestatein?
2962 1428 3029 1482 Et
3072 1445 3176 1484 non
3204 1429 3301 1485 det
3331 1440 3641 1500 potestatem.
3659 1436 3792 1503 Quidat

2302 1527 2641 1588 potestatem,
2668 1518 2826 1572 habet
2849 1519 3150 1588 miluitatetti
3177 1521 3240 1574 ‘?
3269 1520 3352 1576 Tu
3371 1523 3542 1593 inique
3557 1541 3789 1585 murmurant

2301 1619 2475 1678 potes,
2509 1609 2598 1665 ille
2624 1612 2927 1680 aequitatem
2963 1611 3186 1681 perdere
3237 1629 3348 1669 non
3403 1625 3583 1685 potest.
3615 1618 3790 1686 Νιιηιφιιι

2300 1701 2538 1771 iniquitas
2563 1705 2702 1766 apud
2743 1700 2953 1756 Deum?
2980 1703 3118 1758 Absit
3147 1702 3168 1777 (
3197 1702 3287 1758 Id.
3325 1721 3400 1771 ix,
3423 1709 3486 1762 14
3516 1711 3550 1775 ).
3574 1708 3661 1765 Hoc
3677 1710 3784 1781 ἠερίη

2299 1792 2496 1857 corde;
2529 1792 2630 1848 hoc
2653 1792 2721 1848 de
2749 1794 3067 1863 cogitatione
3111 1805 3198 1850 tua
3238 1812 3348 1850 non
3376 1801 3784 1858 excutiat-inimicus.

2301 1883 2502 1940 Facere
2529 1893 2703 1955 potest
2731 1885 2933 1955 aliquid
2953 1885 3114 1950 Deus,
3134 1897 3191 1941 ut
3211 1897 3267 1941 tu
3283 1889 3641 1961 iiesciasqaare
3659 1893 3782 1948 faciat:

2300 1975 2481 2046 inique
2515 1986 2692 2031 tamen
2720 1976 2898 2032 facere
2927 1993 3032 2032 non
3067 1987 3274 2049 potest,
3307 1980 3449 2048 apud
3486 1997 3624 2052 quem
3649 1995 3784 2039 nonest

2298 2069 2571 2140 iniquitas.
2591 2053 2726 2122 Nam
2757 2084 2885 2123 ecce
2913 2070 3262 2138 reprehendis
3312 2071 3477 2126 Deum
3497 2073 3626 2142 quasi
3647 2074 3696 2128 de
3722 2077 3782 2129 iiii-

2297 2173 2501 2233 quttate
2546 2160 2681 2236 (ago
2709 2172 2882 2218 tecum
2912 2163 3130 2234 aliquid,
3161 2163 3385 2220 attende
3405 2167 3700 2237 paululum):
3722 2184 3782 2224 non

2297 2253 2726 2324 reprehenderes
2770 2255 3138 2325 iniquitatem,
3181 2257 3288 2312 nisi
3338 2257 3558 2314 videndo
3590 2258 3777 2328 justitiam.

2297 2346 2675 2418 Reprehensor
2698 2347 2991 2418 iniquitatis
3016 2364 3136 2405 esse
3151 2366 3261 2406 non
3286 2351 3553 2422 potestqui
3578 2366 3661 2406 non
3677 2354 3778 2407 ueniit

2291 2439 2576 2509 justitiam,
2609 2439 2695 2494 cui
2725 2449 3090 2510 comparatam
3138 2444 3498 2513 reprehendat
3526 2445 3773 2514 ἱιιίιιυίιιιιιιιι.

2297 2529 2450 2588 Unde
2475 2531 2618 2588 enim
2649 2531 2756 2586 scis
2775 2531 2896 2602 quia
2919 2531 3020 2588 hoc
3048 2533 3305 2604 injustam
3333 2548 3435 2602 esi,
3459 2536 3552 2590 nisi
3577 2537 3683 2590 scias
3699 2537 3770 2604 quid

2295 2625 2366 2679 sit
2406 2625 2815 2694 justuthtiid
2856 2625 2900 2680 si
2940 2626 3082 2680 enim
3119 2626 3326 2696 justum
3359 2638 3440 2683 est
3475 2637 3524 2682 et
3564 2628 3660 2694 hoc,
3691 2627 3771 2697 quod

2295 2716 2430 2772 dicis
2457 2717 2752 2788 injustam?
2774 2717 2947 2784 Absit,
2979 2718 3173 2789 inquis,
3200 2719 3453 2788 injustam
3479 2718 3771 2775 estzetchma

2293 2810 2443 2882 quasi
2474 2809 2777 2865 videntibus
2804 2809 2825 2841 ¹
2857 2809 3047 2875 oculis,
3096 2811 3284 2866 videns
3328 2813 3426 2866 hoc
3468 2811 3677 2880 injustam
3704 2823 3770 2864 esse

2293 2902 2476 2972 utique
2502 2902 2771 2972 exaliqua
2801 2902 2983 2972 regula
3015 2901 3260 2970 justitire,
3312 2905 3395 2957 cui
3437 2900 3767 2971 cotnparanslnt

2292 2996 2434 3066 quod
2465 2994 2614 3050 vides
2645 3010 2887 3065 pravum,
2916 3004 2972 3050 et
3008 3009 3236 3050 cernens
3269 3010 3375 3048 non
3408 2994 3656 3049 convenire
3676 2991 3768 3047 recti-

2297 3089 2462 3144 tudiui
2510 3088 2706 3158 regula:
2733 3097 2856 3152 tuae,
2886 3086 3271 3159 reprehendis;
3297 3096 3532 3156 tanquam
3552 3085 3695 3140 artifex
3709 3084 3769 3136 dti-

2292 3195 2517 3236 cernens
2563 3178 2767 3250 justum
2793 3178 2860 3232 ab
2891 3177 3104 3248 iiijusto.
3139 3177 3286 3249 Ergo
3312 3193 3526 3249 qua-ros
3550 3175 3768 3233 tezlustttui
3837 3213 3839 3258 Ξ

2293 3273 2397 3329 hoc
2424 3287 2543 3328 esse
2571 3272 2712 3327 unde
2736 3271 2914 3326 vides?
2945 3269 3064 3336 Ubi,
3096 3271 3334 3341 inquam,
3364 3270 3504 3326 vides
3531 3269 3614 3324 hoc
3625 3269 3766 3338 justum,

2291 3382 2398 3439 quo
2427 3366 2560 3432 viso,
2605 3364 2956 3436 reprehendis
2996 3364 3291 3434 injustam?
3337 3363 3482 3420 Unde
3521 3361 3628 3416 illtid
3658 3355 3767 3414 nescio

2291 3461 2439 3532 quid,
2468 3475 2573 3531 quo
2600 3458 2902 3530 aspergitur
2925 3459 3100 3512 anima
3133 3467 3240 3522 tua,
3273 3474 3340 3513 ex
3366 3457 3533 3512 multis
3550 3450 3764 3526 partibusii

2292 3551 2521 3623 caligine
2567 3552 2875 3613 constituta,
2910 3550 3088 3604 nescio
3131 3547 3261 3619 quid
3312 3549 3414 3603 hoc
3455 3545 3579 3618 quod
3609 3547 3764 3599 conisu

2291 3647 2457 3702 menti
2489 3645 2629 3699 tum?
2657 3641 2796 3698 unde
2824 3641 2924 3696 hoc
2944 3641 3180 3712 justum?
3206 3640 3463 3696 ltane‘non
3488 3639 3622 3694 habet
3640 3636 3759 3690 lotium

2291 3739 2483 3796 suum?
2508 3741 2549 3793 A
2581 3748 2631 3793 tc
2674 3738 2765 3793 tibi
2793 3745 2878 3791 est
2899 3735 3043 3806 quod
3081 3735 3285 3805 justam
3317 3747 3415 3800 est,
3445 3742 3495 3789 et
3520 3743 3567 3786 tu
3589 3730 3658 3784 tibi
3676 3735 3761 3797 tota

2291 3833 2420 3888 dare
2443 3828 2744 3902 justitiam?
2771 3828 2939 3883 Nemo
2974 3828 3072 3883 sibi
3101 3828 3190 3882 dat
3216 3827 3361 3898 quod
3390 3841 3484 3880 non
3515 3823 3656 3878 habet.
3680 3819 3758 3885 Ergo

2292 3941 2412 3981 cum
2443 3927 2517 3980 sis
2541 3923 2786 3993 injustns,
2818 3937 2939 3976 esse
2969 3937 3074 3974 non
3108 3929 3259 3990 potes
3282 3921 3478 3990 justus,
3506 3916 3590 3971 nisi
3613 3923 3757 3967 comer-

2294 4016 2453 4072 tetido
2477 4025 2527 4071 te
2556 4015 2622 4069 ad
2651 4014 2935 4084 quamdam
2971 4013 3233 4084 justitiam
3283 4019 3590 4070 manentem;
3613 3997 3756 4070 auulsi

2292 4110 2518 4176 recedis,
2552 4109 2779 4178 injustas
2803 4123 2892 4172 es;
2944 4107 3010 4162 ad
3037 4122 3196 4177 quam
3227 4107 3273 4161 si
3322 4103 3535 4166 accedis,
3557 4100 3686 4170 justus
3709 4104 3756 4144 es.

2292 4203 2370 4261 Te
2398 4201 2681 4258 recedente
2717 4215 2824 4254 non
2872 4198 3090 4263 deﬁcit;
3119 4206 3170 4252 te
3197 4196 3477 4253 accedente
3509 4207 3596 4247 non
3617 4183 3753 4243 crescit.

2292 4297 2392 4354 Ubi
2422 4304 2504 4350 est
2545 4308 2672 4364 ergo
2715 4293 2814 4346 ista
2847 4290 3092 4360 jastitia?
3118 4290 3338 4358 Quieres
3380 4288 3428 4342 in
3468 4280 3617 4338 terra?
3647 4272 3753 4331 Αιιείιο

2291 4391 2408 4446 Νοιι
2439 4389 2579 4446 enim
2605 4363 2794 4440 auram
2822 4393 2914 4439 aut
2935 4383 3138 4453 lapides
3165 4386 3421 4452 pretiosos
3445 4375 3631 4449 quieris,
3655 4363 3750 4435 justi-

2292 4485 2419 4540 tiam
2449 4494 2716 4553 qnterens.
2758 4479 2948 4547 Quaere
2998 4477 3050 4530 in
3102 4475 3256 4538 mari,
3303 4487 3470 4547 quivre
3504 4469 3546 4523 in
3586 4459 3748 4556 nobilita

2291 4551 2482 4648 quaere
2504 4576 2556 4628 in
2585 4572 2752 4627 stellis
2785 4590 2798 4626 :
2829 4585 3009 4641 Qtltl‘l‘c
3051 4569 3102 4623 iti
3143 4568 3397 4638 Angelis;
3425 4554 3651 4648 iuvenisiii
3673 4551 3761 4640 illis,

2295 4644 2386 4725 sed
2417 4677 2472 4723 et
2499 4666 2596 4736 ipsi
2618 4665 2685 4720 de
2711 4661 3077 4719 fontebibunt.
3107 4659 3317 4715 Jastitia
3357 4655 3484 4713 enini
3527 4644 3760 4718 Angelontt;

2293 4764 2345 4820 in
2376 4761 2624 4818 omnibus
2670 4766 2771 4824 est,
2820 4755 2916 4812 sed
2958 4755 3028 4809 ab
3057 4770 3162 4809 uno
3190 4754 3405 4822 capitur.
3453 4743 3630 4812 Respice
3652 4744 3740 4800 erit,

2294 4853 2632 4922 trauscende,
2667 4852 2800 4906 vade
2825 4851 2950 4905 illuc
2978 4848 3065 4904 tibi
3087 4847 3253 4903 semel
3279 4848 3472 4902 locatus
3493 4848 3558 4893 est
3582 4833 3696 4922 Deus;
3713 4828 3742 4872 τι

2293 4952 2364 5009 ibi
2397 4949 2636 5006 invenies
2662 4945 2863 5001 fontem
2887 4942 3126 5012 justitite,
3150 4941 3240 4996 tibi
3279 4948 3358 4994 est
3384 4935 3488 4990 fons
3509 4928 3634 5014 vita:
3656 4915 3738 5014 Oti"

2293 5045 2430 5100 niam
2459 5040 2598 5114 apud
2619 5050 2666 5095 te
2689 5047 2760 5092 est
2787 5037 2902 5106 fons
2922 5033 3074 5104 vitte(
3104 5031 3248 5087 Psal.
3275 5043 3446 5090 xxxv,
3467 5020 3574 5089 10)·
3597 5013 3734 5114 Sis“:

2294 5146 2348 5192 tu
2378 5135 2444 5190 de
2491 5097 2614 5188 rore
2654 5097 2846 5198 exiguo
2892 5125 3132 5196 judicare
3162 5126 3240 5177 vis
3268 5118 3399 5192 quod
3432 5115 3592 5198 justum
3615 5097 3732 5198 ξείνα

2297 5227 2439 5300 quod
2467 5225 2723 5294 injustam
2747 5193 2867 5286 i351;
2894 5193 3152 5287 ὶιυηπιυίά
3203 5214 3436 5284 iniqua”
3462 5196 3582 5300 illm?

2295 5289 2436 5377 unde
2451 5289 2598 5373 advte
2616 5323 2794 5370 manat
2824 5321 3074 5382 tanquam
3105 5308 3173 5363 de
3195 5308 3333 5362 fonte
3360 5296 3546 5374 justitia,
3565 5290 3602 5382 in
3622 5289 3724 5382 WE

2296 5426 2405 5469 tum
2423 5413 2622 5482 justum
2654 5406 2818 5477 sapis,
2850 5363 2970 5458 coiit
3000 5417 3066 5456 ex
3092 5399 3272 5455 multis
3297 5392 3501 5468 partibus
3523 5363 3722 5482 inquit:

2294 5455 2876 5578 τάξον
2914 5494 3139 5601 fontem.
3155 5455 3366 5594 jastiot'ia:
3560 5455 3720 5601 Si".

2293 5563 2535 5673 quaerere
2586 5563 2950 5663 iniquitatem,
2993 5585 3083 5642 ubi
3125 5584 3213 5640 lux
3251 5584 3358 5638 sine
3391 5563 3630 5631 umbraesL

3147 5753 3200 5792 re
3235 5738 3316 5790 dat
3351 5732 3499 5784 ιωιιωιι
3527 5704 3710 5780 9⁸⁸⁸⁸*

2360 5761 2376 5793 ί
2411 5757 2486 5808 sic
2507 5761 2613 5804 Mss.
2649 5747 2765 5800 add.
2803 5756 2955 5814 vero;
2976 5748 3031 5794 El
3052 5754 3148 5814 qua

2296 5831 2342 5875 et
2380 5801 2953 5878 iiun'de‘potestatebabet‘
2967 5801 3235 5869 tequitotem
3249 5801 3272 5848 ?

2364 5867 2602 5941 ε’ίιιίίιιιιὶι
2619 5885 2745 5931 assa,
2769 5867 3038 5935 Mentibus.
