3912 6426
519 310 563 356 \\

585 413 692 471 757

588 532 691 585 bus
735 528 1048 598 potestatem
1079 503 1300 570 faciendi
1344 494 1482 581 quod
1522 501 1716 562 bonum
1753 512 1859 566 est,
1883 510 2060 559 etnon
2087 497 2170 554 fa-

593 593 763 678 ciendi
809 614 946 687 quod
975 611 1168 670 malum
1200 615 1300 662 est.
1327 604 1432 660 Iste
1464 601 1669 655 dicebat
1709 597 1828 674 quia
1856 593 2172 650 adulterium

600 730 704 767 non
736 686 956 762 faciebat
990 704 1232 756 voluntas
1275 695 1481 769 propria
1511 737 1524 762 ,
1557 691 1649 750 sed
1680 691 1888 751 Venus;
1924 696 1976 741 et
2003 686 2175 740 homi-

594 805 788 860 cidium
838 813 942 854 non
986 795 1208 850 faciebat
1235 790 1477 845 voluntas
1503 783 1735 856 propria,
1787 779 1878 838 sed
1920 778 2095 842 Mars;
2123 784 2176 829 et

589 898 791 966 justum
822 907 928 947 non
957 887 1176 943 faciebat
1211 885 1366 949 Deus,
1401 879 1493 936 scd
1523 876 1667 934 Jovis
1702 892 1713 928 ε
1749 882 1802 930 et
1831 871 1929 925 alia
1960 869 2122 924 multa
2156 867 2172 898 ⁸

593 989 847 1058 sacrilega
885 999 989 1040 non
1019 995 1199 1051 parva.
1225 977 1392 1044 Quam
1436 971 1613 1028 multis
1651 982 1772 1025 eum
1795 963 1995 1035 putatis
2022 959 2176 1016 Chri—

592 1081 777 1136 suanis
809 1089 1054 1132 ιιιιιιίιιιοε
1079 1070 1362 1126 abstulisse
1383 1066 1404 1118 ?
1427 1065 1597 1132 Quam
1629 1058 1779 1114 multi
1806 1057 1874 1112 ab
1901 1055 1989 1109 illo
2019 1068 2167 1111 eme-

591 1181 714 1229 ιιιιι
744 1167 1099 1229 mendacium,
1123 1161 1316 1232 quibus
1344 1156 1650 1212 dicebamus
1686 1169 1696 1202 :
1727 1148 1846 1204 Filii
1872 1144 2170 1211 hominum,

594 1274 872 1332 nsquequo
909 1270 1098 1328 graves
1145 1247 1344 1306 corde?
1385 1243 1566 1316 utquid
1597 1239 1810 1312 diligitis
1854 1236 2173 1304 vanitatem,

591 1366 644 1410 et
667 1329 904 1424 qmcritis
934 1347 1266 1404 mendacium
1296 1339 1464 1412 (Psal.
1496 1355 1566 1401 tv,
1595 1338 1629 1392 5
1651 1336 1703 1407 )?
1730 1333 1902 1398 Modo,
1947 1330 2082 1388 sicut
2108 1329 2177 1385 de

594 1447 687 1500 illo
717 1442 1039 1499 credendum
1058 1448 1158 1504 est,
1184 1433 1389 1488 horruit
1416 1426 1772 1489 mendacium,
1801 1432 1855 1478 et
1882 1421 2174 1477 multorum

597 1537 871 1591 hominum
923 1533 1210 1587 illectorem
1234 1529 1254 1559 ²
1284 1541 1342 1582 se
1377 1520 1660 1593 aliquando
1702 1535 1731 1572 a
1774 1516 1986 1572 diabolo
2013 1513 2179 1569 sensit

597 1629 872 1690 illectum;
920 1621 1244 1677 convertitur
1281 1615 1346 1670 ad
1378 1614 1542 1668 Deum
1590 1609 1870 1681 pteuitcns.
1904 1606 2174 1670 Pntamus,

595 1719 806 1782 fratres,
836 1716 901 1770 de
925 1728 1112 1784 magno
1144 1711 1333 1764 timore
1357 1705 1533 1761 cordis
1563 1700 1839 1757 accidisse.
1867 1697 2001 1766 Quid
2033 1695 2176 1752 enim

593 1809 782 1864 dicturi
811 1804 1030 1859 sumus?
1075 1801 1312 1869 Namque
1356 1797 1398 1849 si
1443 1810 1507 1851 ex
1554 1807 1757 1863 pagano
1782 1796 2178 1844 converteretur

593 1897 1021 1960 mathematicus,
1051 1906 1297 1962 magmun
1338 1887 1554 1958 quidem
1597 1891 1739 1938 esset
1775 1879 2020 1952 gaudium
2045 1894 2059 1944 ;
2083 1877 2175 1934 sed

592 2004 766 2048 tamen
787 2000 963 2061 posset
985 1985 1148 2040 videri
1177 1983 1299 2055 quia
1322 1981 1364 2035 si
1383 1989 1670 2034 conversus
1685 1983 1845 2040 esset,
1870 1972 2174 2028 clericatum

589 2091 857 2157 qiuereret
888 2081 939 2134 in
965 2077 1224 2134 Ecclesia.
1269 2071 1541 2128 Pocuitens
1567 2076 1682 2132 est;
1717 2080 1820 2121 non
1858 2062 2047 2134 quaerit
2077 2061 2175 2114 nisi

588 2179 757 2234 solam
817 2169 1256 2228 miscricordiam.
1313 2158 1778 2220 Commendandus
1825 2165 1908 2212 est
1952 2168 2080 2224 ergo
2125 2160 2179 2208 et

588 2271 758 2328 oculis
786 2277 837 2322 et
871 2264 1122 2320 cordibus
1148 2258 1356 2313 vestris.
1392 2256 1522 2309 Eum
1580 2267 1735 2322 quem
1781 2246 1971 2302 videtis
1999 2244 2175 2300 cordi-

589 2364 690 2420 bus
716 2369 912 2420 amatc,
957 2354 1123 2408 oculis
1161 2348 1444 2405 custodite.
1469 2343 1657 2398 Videte
1696 2340 1864 2404 illum,
1905 2337 2091 2391 scitote
2118 2336 2179 2388 il-

589 2459 721 2521 lum,
751 2465 803 2510 et
834 2462 1167 2521 quacumque
1223 2443 1312 2496 ille
1351 2437 1638 2503 transierit,
1682 2431 1932 2487 fratribus
1971 2429 2178 2485 eteteris

591 2550 682 2622 qui
710 2519 887 2601 modo
917 2541 1000 2593 hic
1029 2554 1132 2592 non
1164 2546 1286 2590 sunt
1307 2573 1320 2594 ,
1350 2528 1615 2585 ostendite
1642 2525 1790 2580 illum
1821 2541 1833 2574 :
1864 2530 1918 2575 et
1966 2521 2064 2576 ista
2093 2519 2176 2576 di-

592 2610 806 2711 ligentia
839 2628 1197 2689 misericordia
1231 2633 1346 2688 est,
1385 2639 1450 2677 ne
1494 2621 1582 2674 ille
1613 2617 1863 2672 seductor
1892 2610 2173 2668 retrahat’

590 2707 706 2799 cor,
737 2741 790 2785 et
820 2732 1107 2797 oppugnet.
1137 2717 1405 2775 Custodite
1433 2728 1563 2777 vos;
1598 2726 1701 2764 non
1731 2724 1823 2762 vos
1860 2707 2021 2760 lateat
2045 2719 2176 2759 cou-

589 2821 820 2880 versatio
866 2817 1004 2888 ejus,
1055 2813 1135 2866 via
1181 2810 1329 2880 ejus;
1373 2815 1430 2861 ut
1478 2802 1778 2860 testimonio
1807 2807 1985 2853 vestro
2026 2796 2178 2852 nobis

588 2914 934 2973 conﬁrmetur
961 2921 1086 2961 vere
1121 2903 1266 2957 illmn
1293 2898 1358 2953 ad
1392 2897 1670 2951 Dominum
1697 2907 1815 2947 esse
1835 2901 2175 2946 conversum.

588 3007 707 3064 Non
734 3002 877 3061 enim
903 2998 1080 3055 silebit
1109 2993 1256 3048 fama
1281 2991 1348 3045 de
1371 2991 1476 3044 vita
1504 2990 1620 3058 ejus
1640 3025 1654 3052 ,
1689 2983 1900 3054 quando
1921 2981 1998 3039 sic
2027 2979 2180 3034 vobis

589 3110 645 3157 et
674 3096 935 3152 videndus
963 3099 1019 3147 et
1043 3085 1374 3144 miserandus
1403 3081 1640 3138 offertur.
1676 3076 1852 3134 Nostis
1879 3075 1930 3129 in
1961 3073 2196 3149 Actibus

591 3187 969 3264 Apostolorum
996 3195 1116 3237 esse
1143 3182 1399 3247 scriptum
1428 3173 1548 3244 quia
1591 3169 1740 3224 multi
1771 3165 1996 3238 perditi,
2022 3165 2071 3218 id
2098 3171 2180 3219 est

592 3285 779 3342 talium
818 3281 1013 3336 artium
1057 3274 1333 3338 homines,
1367 3278 1422 3325 et
1449 3266 1808 3322 doctrinarum
1859 3259 2180 3316 nefariarum

591 3383 917 3438 sectatores,
951 3382 1138 3424 omnes
1172 3364 1385 3420 codices
1421 3376 1545 3415 suos
1574 3358 1640 3413 ad
1682 3354 1964 3425 Apostolos
1993 3352 2181 3408 attule-

593 3478 752 3534 runt;
785 3462 1054 3521 etinceusi
1085 3467 1208 3514 sunt
1239 3456 1358 3510 libri
1389 3463 1493 3508 tam
1523 3450 1696 3516 multi,
1730 3456 1785 3501 nt
1809 3450 2096 3516 pertineret
2115 3443 2179 3500 ad

593 3561 910 3631 scriptorem
939 3551 1346 3608 :nstimationetn
1385 3559 1570 3600 eorum
1615 3542 1808 3605 facere,
1839 3547 1892 3593 et
1920 3552 2180 3592 summam

593 3654 754 3726 pretii
783 3647 1119 3707 conscribere
1148 3644 1166 3714 (
1184 3643 1294 3695 Acl.
1322 3656 1434 3703 xix,
1475 3637 1594 3704 t9).
1627 3634 1737 3689 lloc
1759 3633 1938 3700 utique
1967 3637 2184 3700 propter

595 3720 817 3819 gloriam
850 3743 976 3808 Dei,
1007 3756 1074 3793 ne
1103 3737 1236 3791 tales
1260 3733 1419 3788 etiam
1462 3727 1650 3800 perditi
1678 3725 2089 3795 desperarentur
2113 3720 2182 3774 ab

597 3814 690 3899 Illo
727 3840 814 3912 qui
843 3834 1024 3891 novit“
1057 3845 1293 3904 quaerere
1323 3825 1463 3898 quod
1489 3823 1718 3893 perierat
1757 3817 1910 3889 (Luc.
1954 3831 2040 3877 xv,
2070 3814 2180 3882 52).

597 3934 838 3992 Perierat
859 3943 987 3998 ergo
1014 3926 1114 3978 iste
1136 3940 1149 3988 ;
1179 3935 1318 3975 nunc
1340 3914 1612 3989 qumsitus,
1637 3912 1902 3975 inventus,
1924 3906 2180 3962 adductus

598 4034 683 4082 est
712 4042 723 4076 :
748 3996 1133 4093 portat—secum
1159 4011 1371 4066 codices
1392 4003 1776 4068 incendendos,
1800 4016 1894 4070 per
1916 4013 2048 4068 quos
2071 3996 2182 4050 fue-

598 4126 684 4175 rat
711 4109 1077 4170 incendendus
1099 4148 1113 4173 ,
1147 4114 1205 4159 ut
1230 4103 1331 4157 illis
1362 4101 1412 4156 in
1443 4101 1616 4170 ignem
1641 4095 1839 4159 missis,
1873 4093 1984 4160 ipse
2015 4090 2067 4144 in
2096 4106 2184 4144 re-

598 4209 874 4280 Irigerium
903 4210 1159 4258 transeat.
1207 4193 1397 4252 Sciatis
1428 4207 1549 4247 eum
1579 4198 1776 4252 tamen,
1805 4184 2026 4247 fratres,
2059 4181 2183 4235 olim

598 4302 815 4374 pulsare
841 4297 903 4351 ad
928 4293 1220 4349 Ereti-simu
1248 4296 1371 4340 ante
1402 4281 1601 4340 Pascha
1631 4298 1643 4332 :
1673 4287 1795 4334 ante
1821 4275 2018 4330 Pascha
2045 4274 2185 4328 enim

603 4393 768 4463 coepit
794 4401 975 4461 petere
1000 4385 1066 4439 de
1089 4379 1323 4438 [Ecclesia
1351 4376 1548 4431 Christi
1582 4372 1916 4426 medicinam.
1944 4366 2047 4422 Sed
2069 4368 2187 4435 quia

602 4486 728 4542 talis
757 4491 838 4537 est
879 4496 966 4534 ars
995 4480 1045 4531 iu
1092 4493 1191 4545 qua
1223 4470 1541 4527 exercitatus
1579 4476 1725 4528 erat,
1757 4479 1876 4534 qua:
1904 4469 2146 4533 suspecta
2168 4458 2190 4490 ⁸

606 4585 751 4632 esset
776 4574 840 4627 de
867 4567 1144 4624 mendacio
1171 4575 1328 4633 atque
1355 4558 1578 4622 fallacia,
1611 4556 1803 4610 dilatus
1829 4564 1908 4608 est
1930 4569 1995 4605 ne
2022 4560 2188 4604 tenta-

605 4680 724 4732 ret;
758 4675 811 4720 et
831 4660 1111 4731 aliquando
1142 4671 1316 4710 tamen
1343 4652 1606 4707 admissus
1633 4659 1734 4714 est,
1759 4663 1824 4700 ne
1848 4644 2191 4716 periculosius

606 4768 921 4816 tentaretur.
954 4752 1114 4806 Orate
1143 4765 1237 4819 pro
1267 4747 1356 4799 illo
1377 4743 1502 4814 per“
1533 4741 1822 4796 Christum.
1853 4739 2077 4794 Prorsus
2099 4737 2194 4792 ho-

609 4853 849 4909 dicruani
883 4861 1094 4916 precem
1130 4857 1223 4912 pro
1253 4841 1344 4895 illo
1371 4837 1571 4894 fundite
1601 4835 1820 4890 Domino
1849 4833 1957 4888 Deo
1988 4843 2191 4885 nostro.

609 4947 821 5004 Scimus
856 4941 994 4995 enim
1042 4948 1094 4992 et
1120 4936 1250 4991 certi
1294 4945 1476 4987 smnus
1506 4928 1623 4999 quia
1656 4927 1824 4981 oratio
1851 4936 2027 4980 vestra
2056 4923 2196 4978 delet

615 5052 803 5094 omnes
832 5033 1128 5103 impietatcs
1157 5030 1290 5098 ejus.
1318 5026 1573 5080 Dominus
1603 5021 1895 5076 vobiscum.

627 5133 2179 5166 Μ

1039 5199 1119 5261 IN
1163 5191 1541 5258 PSALMUM
1584 5190 1757 5252 LXII

1210 5297 1487 5352 ENARIH
1497 5293 1631 5348 ΤΙΟ.

1161 5403 1329 5446 8εῆΜο
1357 5405 1423 5443 ⁸Η)
1454 5402 1676 5442 PLEBEM.

693 5496 744 5552 i.
776 5494 1002 5564 Propter
1031 5501 1124 5543 eos
1153 5484 1241 5556 qui
1285 5481 1418 5536 forte
1449 5480 1607 5534 rudes
1645 5487 1769 5533 sunt
1798 5477 1970 5532 adhuc
2010 5474 2076 5530 ad
2108 5489 2203 5529 no-

682 5613 700 5644 ι
738 5609 961 5670 Plerique
982 5597 1316 5670 ιιιεευιηιᾳια.⁸
1458 5653 1468 5664 ⁸
1507 5659 1517 5670 1
1581 5651 1592 5662 .

683 5675 703 5706 ³
738 5657 810 5722 Sic
835 5657 939 5717 Mss.
962 5674 1014 5714 ⁴ἰι
1037 5663 1167 5720 ttdd.,
1191 5657 1433 5708 hominum
1452 5657 1712 5713 interitum,
1737 5664 1803 5712 se,
1831 5658 1925 5700 etc.

688 5737 709 5768 ³
742 5721 864 5782 Tres
888 5739 1012 5781 3:55..
1039 5726 1205 5774 redeat
1229 5721 1291 5770 ad
1312 5733 1412 5782 cor.

689 5796 710 5827 ι
746 5781 872 5840 t'uus
893 5799 940 5837 et
963 5791 1085 5836 a‘tor
1113 5795 1210 5838 \ts.,
1229 5781 1366 5832 venit.

689 5857 712 5888 ⁸
748 5854 933 5912 Aliquot
958 5863 1076 5903 Vss...
1107 5850 1341 5905 διιςερῃιιι.

691 5917 712 5948 ⁵
743 5898 816 5963 Sic
837 5898 909 5959 iir.
939 5918 985 5955 et
1013 5899 1112 5957 vss.
1142 5915 1192 5955 at
1214 5898 1338 5955 tota:
1367 5910 1508 5953 Orate
1532 5914 1620 5965 pro
1640 5899 1724 5951 illo
1744 5898 2003 5950 Christian.

1825 391 1883 446 ε.
1923 380 2285 446 tucusmtt
2322 365 2619 438 Episcori

2287 510 2406 552 men
2448 493 2678 558 Christi,
2707 487 2828 564 quia
2864 487 3095 562 undique
3121 484 3319 564 colligit
3347 491 3436 565 qui
3474 508 3559 565 pro
3581 503 3756 561 omnibs

2281 589 2426 644 dedit
2453 589 2762 659 sanguinem
2793 603 2971 654 suum,
3011 587 3401 662 dicendumcst
3427 592 3585 657 paucis
3605 599 3757 661 «metu

2283 680 2355 734 illi
2400 679 2626 735 libenter
2677 678 2895 736 audiant
2947 678 3042 748 qui
3094 687 3372 742 noverunt,
3427 689 3475 736 et
3511 681 3674 739 discant
3704 693 3757 756 qni

2281 787 2385 827 non
2441 779 2722 840 noverunt.
2781 770 2980 830 Psalmi
3031 771 3116 836 isti
3169 786 3300 841 quos
3349 780 3625 840 cantantes,
3665 790 3756 835 ante.

2281 879 2436 935 quam
2490 863 2745 920 Dominus
2791 871 2977 922 noster
3023 861 3178 918 Jesus
3221 861 3462 922 Christus
3507 873 3635 920 natus
3670 883 3760 926 eiset

2279 970 2344 1010 ex
2407 954 2609 1025 virgine
2663 954 2826 1010 Maria
2861 995 2880 1021 ,
2929 953 3127 1024 Spiritu
3191 953 3282 1009 Dei
3347 953 3564 1012 dictante
3607 957 3698 1013 dicti
3731 974 3762 1016 et

2277 1049 2567 1118 conscripti
2618 1057 2764 1108 sum.
2813 1047 2935 1104 Fuit
2980 1048 3125 1110 enim
3187 1047 3352 1103 David
3412 1064 3500 1104 rex
3541 1048 3587 1104 in
3618 1049 3764 1108 Juda'o-
3848 1105 3849 1108 η

2283 1158 2397 1196 rum
2423 1150 2614 1212 gente;
2658 1157 2782 1213 quae
2819 1155 2954 1214 gens
2981 1157 3086 1198 una
3135 1140 3346 1197 colebat
3371 1141 3529 1196 Deu
3555 1149 3762 1214 unum,un
3848 1137 3849 1214 Ξ

2282 1235 2407 1292 fecit
2443 1235 2638 1294 emtum
2665 1242 2724 1299 et
2753 1244 2986 1301 terram,
3016 1248 3163 1288 mare
3200 1240 3254 1290 et
3275 1233 3456 1287 omnia
3477 1248 3588 1303 qu
3618 1233 3657 1288 in
3685 1235 3767 1302 inii
3848 1233 3849 1306 ξ

2283 1336 2424 1392 sunt,
2455 1327 2566 1383 sive
2587 1342 2705 1397 qum
2734 1326 3005 1392 videntur,
3027 1325 3143 1382 sive
3170 1340 3290 1395 quin
3323 1339 3428 1381 non
3455 1324 3766 1383 videntum}:-
3848 1321 3849 1378 ὲ

2284 1428 2411 1477 tera:
2435 1433 2614 1477 autem
2638 1429 2862 1490 gentes,
2898 1428 2989 1476 aut
3028 1419 3164 1474 idola
3198 1418 3445 1474 colebant
3469 1433 3574 1487 qua:
3601 1421 3768 1474 manilius

2283 1512 2393 1567 suis
2416 1511 2686 1577 fecerant,
2716 1520 2814 1570 aut
2837 1519 3140 1567 creaturam
3169 1510 3286 1575 Dei,
3321 1525 3426 1564 non
3455 1510 3604 1578 ipsum
3623 1510 3767 1567 Grato.

2283 1619 2417 1668 rem,
2451 1603 2502 1659 id
2531 1614 2644 1671 est,
2689 1612 2779 1660 aut
2814 1604 2984 1660 solem
3007 1644 3022 1665 .
3049 1611 3143 1656 aut
3172 1601 3354 1657 lunam
3377 1642 3392 1664 ,
3419 1611 3506 1655 aut
3528 1601 3769 1667 stellas,ant

2281 1711 2450 1761 mare,
2478 1704 2570 1750 aut
2590 1706 2817 1761 montes,
2841 1703 2929 1749 aut
2952 1693 3194 1750 arbores.
3217 1693 3349 1747 Hmc
3369 1691 3504 1746 enim
3524 1692 3663 1746 omnia
3681 1693 3767 1748 item

2283 1787 2436 1853 fecit;
2465 1797 2520 1842 et
2557 1787 2758 1844 laudari
2788 1802 2846 1844 se
2875 1786 2987 1846 vult
3017 1785 3068 1840 in
3098 1784 3230 1850 illis,
3271 1799 3380 1840 non
3417 1783 3500 1840 illa
3526 1783 3610 1850 coli
3634 1798 3702 1852 pro
3717 1799 3765 1838 se.

2282 1879 2424 1950 Ergo
2465 1880 2515 1936 in
2546 1881 2654 1952 ipsa
2681 1888 2840 1949 gente
2864 1877 3173 1936 Iudaeorum
3203 1874 3375 1934 David
3407 1890 3499 1931 rex
3523 1873 3623 1941 fuit,
3637 1873 3692 1930 ede
3710 1890 3767 1929 cu-

2277 1969 2364 2038 jus
2400 1971 2604 2025 semine
2642 1980 2795 2025 natus
2823 1976 2907 2024 est
2948 1967 3202 2025 Dominus
3233 1975 3420 2020 noster
3445 1963 3584 2020 Iesus
3604 1963 3769 2019 Christus

2283 2061 2459 2133 (Rom.
2505 2078 2542 2129 ι,
2574 2061 2627 2132 5)
2659 2075 2725 2118 ex
2773 2058 2932 2116 Maria
2963 2058 3196 2132 virgine;
3239 2055 3367 2127 quia
3407 2055 3472 2110 de
3511 2054 3588 2110 illo
3620 2054 3768 2110 ducebat

2281 2172 2448 2230 genus
2478 2157 2624 2227 virgo
2646 2155 2805 2212 Maria
2828 2170 2946 2224 qua:
2975 2153 3179 2222 peperit
3201 2150 3476 2207 Christum
3505 2147 3632 2221 (Lac.
3653 2149 3767 2212 11.7):

2282 2260 2335 2305 et
2365 2249 2490 2302 dicti
2516 2257 2639 2302 sunt
2669 2246 2752 2302 isti
2773 2245 2991 2312 l’salmi,
3015 2253 3070 2302 et
3086 2241 3504 2314 prophetabatur
3526 2243 3574 2294 in
3597 2240 3656 2294 eis
3668 2238 3767 2294 Clui-

2281 2353 2395 2398 stus
2425 2348 2678 2396 venturus
2691 2347 2819 2407 post
2843 2340 3038 2394 inultos
3057 2349 3234 2392 annos
3261 2350 3280 2390 :
3305 2342 3362 2390 et
3380 2333 3628 2390 dicebatur
3642 2331 3768 2387 abillis

2282 2432 2582 2520 PrOpbetis,
2609 2431 2700 2502 qui
2725 2429 2940 2486 fuerunt
2967 2437 3252 2497 antequam
3285 2425 3537 2482 Dominus
3559 2420 3766 2479 nosterle'

2283 2541 2373 2580 sus
2411 2515 2656 2581 Christus
2699 2524 2766 2579 de
2812 2522 2974 2578 Maria
3012 2521 3218 2590 virgine
3248 2527 3571 2581 nasceretur,
3597 2515 3767 2587 quidqud

2285 2620 2516 2674 futurum
2557 2628 2672 2674 erat
2707 2616 3037 2686 temporibus
3078 2614 3320 2678 nostris;
3360 2611 3502 2683 quod
3541 2609 3670 2666 modo
3687 2609 3766 2676 legi-

2284 2729 2420 2776 mus,
2446 2723 2498 2767 et
2527 2711 2765 2766 videmus
2797 2727 2811 2763 :
2845 2718 2898 2766 et
2923 2709 3145 2766 multum
3168 2706 3467 2776 gaudemus
3486 2704 3595 2774 quia
3612 2716 3768 2770 simio-

2284 2815 2389 2860 stra
2444 2805 2693 2874 przedicta
2731 2811 2813 2858 est
2851 2817 2882 2858 ιι
2925 2801 3157 2865 sanctis,
3183 2798 3279 2869 qui
3313 2797 3440 2854 illud
3482 2812 3576 2851 non
3604 2792 3768 2848 videtur»

2286 2898 2592 2965 impletum.
2633 2895 2727 2950 sed
2766 2895 2816 2950 in
2848 2890 3038 2962 spiritu
3075 2891 3312 2946 futurum
3358 2889 3592 2944 videbant
3620 2901 3631 2939 :
3656 2895 3766 2940 etuas

2285 2992 2444 3046 modo
2470 2990 2698 3059 legimus
2731 3000 2784 3043 et
2811 2987 3058 3046 audimus
3097 3003 3125 3039 ει
3167 2985 3494 3047 lectoribus;
3537 2980 3769 3050 disputamus

2287 3086 2407 3147 illa;
2435 3095 2488 3142 et
2521 3082 2790 3154 quomodo
2821 3091 2948 3138 sum
2987 3081 3038 3135 in
3067 3079 3396 3149 Scripturis,
3433 3078 3512 3131 sic
3535 3090 3589 3129 ea
3611 3071 3770 3126 videmus

2286 3178 2492 3250 impleri
2533 3193 2632 3247 per
2669 3186 2836 3232 totum
2875 3175 3060 3231 orbem
3105 3183 3392 3234 terrarum.
3423 3171 3547 3239 Quis
3584 3166 3679 3220 inde
3706 3177 3770 3217 non

2283 3271 2547 3342 83"‘3031?
2574 3269 2705 3335 Quis
2726 3283 2832 3323 non
2858 3278 2913 3323 et
2947 3283 3008 3322 ea
3037 3281 3154 3337 quae
3181 3264 3420 3320 nondum
3448 3267 3673 3315 venerunt
3690 3268 3770 3308 ven-

2287 3375 2400 3420 tura
2426 3373 2626 3434 speret,
2654 3371 2875 3434 propter
2893 3362 2991 3420 illa
3016 3376 3134 3430 quae
3156 3359 3268 3429 jam
3302 3365 3442 3412 tanta
3473 3353 3652 3423 impleta
3673 3343 3773 3402 sunt?

2286 3457 2438 3513 Modo
2483 3458 2647 3518 enim,
2678 3454 2885 3519 fratres,
2917 3453 3106 3507 videtis
3141 3451 3260 3520 quia
3312 3461 3449 3504 tatus
3484 3443 3686 3501 mundus.
3707 3445 3770 3491 tota

2289 3562 2448 3615 terra,
2473 3558 2891 3619 «minesgentcs,
2919 3561 3108 3601 omnes
3138 3543 3396 3612 regiones
3423 3549 3618 3595 currunt
3635 3535 3687 3588 ad
3713 3545 3770 3584 no-

2289 3661 2406 3701 men
2441 3645 2680 3710 Christi,
2725 3651 2779 3696 et
2821 3640 3047 3695 credunt
3094 3639 3144 3691 in
3183 3638 3474 3691 Christum.
3498 3634 3632 3687 Certe
3649 3623 3770 3678 vidui!

2291 3738 2419 3802 hoc,
2458 3734 2725 3806 quomodo
2773 3733 2968 3801 ubique
3008 3738 3318 3784 evertantur
3347 3726 3588 3782 vanitates
3613 3720 3769 3786 Pugnat;

2290 3845 2403 3883 rum
2425 3847 2438 3894 ;
2463 3805 2651 3881 videtis
2678 3827 2797 3888 hoc,
2825 3821 3162 3876 nianifestum
3197 3829 3279 3874 est
3319 3817 3481 3872 vobis.
3508 3805 3715 3878 Numquid
3740 3810 3770 3854 et

2290 3922 2392 3977 hoc
2431 3921 2499 3976 de
2548 3920 2684 3974 libro
2725 3918 2877 3971 vobis
2922 3916 3164 3986 legimus,
3195 3923 3386 3968 etnon
3423 3918 3538 3963 ante
3559 3901 3702 3958 oculos
3717 3912 3773 3947 ve-

2289 4025 2427 4070 stros
2471 4013 2564 4068 ﬁt?
2595 4013 2704 4066 lloc
2750 4025 2878 4080 ergo
2924 4019 3088 4063 totum
3132 4005 3274 4077 quod
3308 4004 3490 4059 videtis
3525 4009 3627 4056 ante
3654 3990 3773 4046 ticulns

2291 4113 2496 4160 vestros
2544 4105 2680 4164 lieri,
2722 4103 2976 4168 scriptum
3025 4109 3106 4153 cst
3149 4107 3272 4152 ante
3313 4099 3556 4152 immensa
3592 4083 3774 4139 volumina

2292 4209 2551 4250 arinorum
2587 4209 2678 4262 per
2717 4191 2845 4246 istos
2872 4205 3005 4259 quos
3035 4188 3195 4244 modo
3240 4188 3480 4258 legimus,
3515 4175 3684 4251 quando
3705 4172 3773 4237 im"

2294 4287 2391 4341 ista
2436 4286 2640 4355 impleri
2671 4285 2931 4338 videmus.
2962 4282 3068 4339 Sed
3114 4283 3365 4352 quoniam
3414 4279 3588 4345 scripta
3626 4276 3714 4323 sunt
3742 4269 3774 4312 ει

2295 4380 2382 4434 illa
2411 4396 2528 4450 qua:
2556 4378 2789 4434 nondum
2820 4385 3100 4440 venerunt,
3135 4375 3185 4429 id
3215 4354 3320 4439 est,
3347 4373 3463 4442 quia
3493 4365 3696 4423 Dominus
3716 4368 3774 4407 ιιοο

2295 4482 2406 4528 stcr
2431 4472 2586 4525 Jesus
2613 4470 2855 4525 Chrisms
2875 4477 3132 4524 venturus
3161 4476 3243 4522 est
3270 4477 3324 4521 ut
3346 4466 3550 4533 jndicet,
3574 4451 3774 4526 quiprimo

2295 4563 2437 4618 venit
2460 4571 2515 4616 nt
2537 4561 2898 4630 judicaretur;
2929 4561 3074 4614 venit
3101 4558 3242 4614 enim
3272 4559 3442 4628 primo
3469 4547 3770 4610 humilis,me

2297 4672 2357 4712 ea
2383 4665 2632 4710 venturus
2656 4667 2738 4709 est
2761 4654 3040 4717 excelsus;
3068 4653 3211 4708 venit
3246 4664 3302 4706 ut
3353 4647 3623 4706 ostenderet
3655 4645 3767 4690 HW

2301 4751 2443 4821 plum
2485 4749 2772 4818 patientiae,
2802 4758 2982 4817 postea
3015 4754 3268 4800 venturus
3311 4753 3391 4800 et
3433 4751 3483 4796 ut
3523 4752 3603 4808 pro
3639 4724 3770 4784 meritis

2295 4842 2495 4914 judicct
2537 4856 2744 4906 oumes,
2791 4841 2910 4894 sive
2957 4839 3146 4905 bonos,
3191 4838 3308 4892 sive
3355 4825 3664 4896 rnaloszquia
3693 4825 3771 4879 οτιο

2303 4936 2533 4990 nondum
2554 4935 2694 4987 venit
2715 4935 2813 4986 hoc
2828 4931 2969 5002 quod
2993 4947 3289 5002 speramus,
3312 4939 3565 4982 venturum
3581 4915 3766 4974 Christum

2297 5029 2530 5100 judicent
2563 5030 2800 5080 vivorum
2832 5035 2889 5080 et
2933 5034 3284 5089 mortuorum,
3314 5024 3549 5078 debemus
3573 5007 3669 5067 illud
3695 5013 3752 5056 cie

2225 5186 2231 5192 _
2303 5125 2446 5178 dere.
2477 5119 2736 5175 Modicum
2763 5117 2905 5188 quod
2938 5127 3101 5172 restat
3127 5127 3402 5172 venturum
3430 5124 3536 5166 esse
3556 5098 3763 5158 credam“!

2303 5211 2515 5284 quando
2555 5210 2664 5279 jam
2711 5209 2950 5264 videmus
2981 5217 3120 5263 tanta
3163 5225 3283 5279 qua:
3328 5218 3446 5261 tunc
3480 5201 3621 5255 futura
3655 5188 3762 5241 enim.

2305 5304 2464 5361 modo
2484 5302 2981 5372 compleri.Stultns
3005 5310 3087 5357 est
3113 5275 3252 5355 enim
3280 5300 3362 5370 qui
3393 5310 3487 5352 n0n
3509 5287 3601 5344 vult
3619 5275 3762 5372 emit“
3848 5275 3849 5334 l

2310 5412 2472 5467 pauca
2490 5411 2619 5465 “qua:
2663 5403 2884 5460 restant,
2925 5408 3046 5448 cum
3089 5392 3265 5448 videat
3299 5364 3406 5446 tam
3451 5383 3587 5440 multa
3625 5364 3761 5434 intrii“

2307 5504 2449 5551 esse,
2515 5503 2633 5557 qua:
2664 5499 2789 5541 tunc
2830 5501 2933 5539 non
2975 5494 3136 5540 erant
3180 5483 3384 5555 quando
3431 5465 3756 5550 prxdicclnntur.

2378 5581 2432 5634 ἢ.
2477 5579 2717 5634 Psalums
2741 5593 2886 5647 ergo
2929 5578 3027 5630 iste
3069 5576 3265 5630 dicitur
3298 5589 3358 5628 cx
3401 5576 3590 5639 ιὶυτεθυθ
3625 5555 3756 5647 "MT,"
3848 5579 3849 5586 “

2312 5675 2477 5732 nostri
2522 5675 2638 5729 lusu
2677 5671 2872 5728 Christi
2905 5714 2918 5734 ,
2953 5679 3008 5724 et
3054 5670 3243 5740 capitis
3283 5677 3337 5721 et
3377 5633 3754 5740 membrommll'c:
3848 5671 3849 5702 ι

2317 5769 2460 5822 enim
2493 5780 2628 5819 otius
2659 5766 2745 5835 qui
2786 5775 2938 5818 natus
2966 5773 3045 5818 est
3079 5763 3146 5817 de
3181 5761 3335 5816 Mari
3356 5801 3370 5822 ,
3399 5767 3440 5809 et
3472 5731 3754 5835 ιιτιςηιιςιείιςυξ

2319 5862 2556 5933 serum-us
2581 5869 2696 5926 est,
2715 5869 2782 5914 et
2811 5859 3118 5922 resurrexit,
3153 5867 3206 5910 et
3231 5849 3450 5910 ascendit
3475 5847 3516 5897 ιη
3539 5831 3700 5891 ςωιυιιι.
3723 5821 3752 5864 τί

3571 5759 3616 5796 us
3633 5743 3706 5789 σειν
3725 5727 3754 5771 σί
3848 5731 3849 5796 Ῠ
