3912 6422
152 353 243 414 749

147 467 294 522 modo
322 466 389 530 ad
415 467 691 536 desieram
715 467 889 534 Patris
908 467 1057 534 sedet
1082 479 1138 532 et
1162 463 1469 541 interpellat
1491 487 1586 540 pro
1621 489 1715 536 ηο-

144 557 244 624 bis,
275 565 437 629 caput
462 567 702 626 nostrum
729 569 834 624 est.
855 560 910 618 Si
940 561 1027 622 ille
1054 572 1212 631 caput
1233 573 1333 628 est,
1360 579 1456 622 nos
1479 563 1714 620 membra

145 663 315 708 sumus
349 665 362 706 :
393 655 505 712 tota
547 650 784 720 Ecclesia
824 650 943 720 ejus
974 667 1090 721 qua:
1135 651 1330 722 ubique
1368 651 1560 714 ditiusa
1599 665 1710 721 est,

146 757 325 811 corpus
358 742 526 812 ip6ius
562 754 645 810 est
670 787 686 812 ,
730 745 882 816 cujus
905 756 988 806 est
1030 747 1145 818 ipse
1172 757 1350 819 eaput.
1378 748 1494 808 Non
1537 752 1712 810 solum

147 841 308 888 autem
337 834 521 896 ﬁdeles
543 837 635 907 qui
667 837 824 900 modo
861 847 982 900 sunt
1025 840 1118 904 sed
1148 851 1197 901 et
1230 843 1317 911 qui
1346 841 1559 902 fuerunt
1588 853 1714 900 ante

145 937 266 990 nos,
297 933 350 987 et
377 927 466 1006 qui
499 937 616 996 post
647 943 743 994 nos
771 929 953 997 futuri,
981 941 1105 992 sunt
1135 947 1300 1002 usque
1332 933 1382 988 in
1415 935 1573 990 tinem
1605 951 1712 998 sie-

149 1017 259 1086 culi,
289 1032 471 1080 omnes
500 1019 564 1086 ad
594 1036 790 1092 corpus
813 1022 931 1092 eius
962 1025 1259 1092 pertinent;
1292 1025 1444 1096 cujus
1470 1029 1709 1097 corporis

152 1112 250 1182 ipse
278 1121 430 1182 caput
457 1121 562 1180 est,
587 1114 678 1184 qui
708 1116 948 1172 ascendit
980 1118 1032 1170 in
1061 1117 1251 1174 malum
1282 1117 1498 1185 (Coloss.
1527 1136 1563 1190 ι,
1596 1121 1705 1191 18).

153 1201 270 1276 Quia
301 1217 424 1272 ergo
449 1203 559 1274 jam
602 1206 848 1261 novimus
874 1217 1026 1275 caput
1053 1216 1108 1262 et
1136 1223 1328 1277 corpus
1347 1251 1360 1274 ,
1393 1209 1479 1270 ille
1507 1220 1592 1270 est
1619 1227 1710 1270 ca-

156 1301 271 1362 put,
305 1309 396 1353 nos
420 1309 634 1366 corpus.
664 1296 885 1364 Quando
911 1299 1160 1360 auditurus
1189 1316 1370 1364 vocem
1417 1302 1584 1371 ipsius
1609 1345 1622 1367 ,
1653 1310 1710 1366 et

156 1397 209 1440 ex
237 1383 399 1451 capite
424 1383 681 1444 debemus
707 1387 914 1456 audire,
939 1399 989 1448 et
1018 1405 1084 1456 es
1117 1405 1370 1459 corpore;
1403 1395 1521 1463 quia
1549 1394 1707 1465 quid-

153 1474 261 1543 quid
289 1489 471 1544 passus
501 1487 614 1549 est,
646 1478 698 1534 in
728 1479 820 1544 illo
852 1489 906 1534 et
945 1495 1042 1536 nos
1070 1483 1207 1549 passi
1251 1499 1470 1549 sumus;
1501 1486 1624 1555 quia
1654 1495 1708 1544 et

153 1581 238 1621 nos
264 1567 396 1636 quod
429 1567 685 1640 patimur,
715 1571 766 1634 in
800 1572 952 1630 nobis
981 1582 1034 1632 et
1061 1574 1170 1644 ipse
1191 1577 1408 1645 patitur.
1425 1577 1706 1644 Quomodo

152 1658 188 1719 si
220 1658 403 1730 aliquid
431 1659 658 1732 patiatur
679 1670 866 1731 caput,
896 1665 1152 1734 numquid
1183 1676 1356 1735 potest
1383 1668 1560 1725 dicere
1586 1686 1703 1734 ma-

154 1762 238 1804 nus
260 1749 371 1815 quia
398 1764 504 1812 not]
547 1750 778 1820 patitur?
805 1761 895 1810 aut
935 1752 979 1808 si
1025 1755 1223 1825 aliiptid
1254 1759 1452 1826 patitur
1481 1775 1698 1826 manus,

153 1840 384 1910 numquid
420 1850 594 1910 potest
617 1853 778 1920 caput
807 1844 984 1900 dicere
1011 1851 1132 1918 quia
1159 1865 1264 1904 non
1293 1852 1520 1919 patitur?
1546 1865 1636 1908 aut
1656 1854 1701 1910 si

152 1932 328 2008 aliquid
349 1934 545 2002 patitur
570 1950 687 2005 pes,
709 1940 964 2008 numquid
999 1951 1170 2009 potest
1198 1952 1355 2013 caput
1379 1945 1556 2002 dicere
1580 1949 1698 2017 quia

154 2038 246 2084 pou
272 2023 493 2094 patitur?
510 2027 732 2099 Quando
758 2030 958 2100 aliquid
983 2034 1181 2103 patitur
1209 2052 1372 2098 unum
1405 2040 1699 2101 membrum

149 2127 386 2182 nostrum,
410 2118 584 2186 omnia
607 2121 842 2182 membra
869 2133 1107 2192 currunt,
1125 2135 1179 2179 ut
1198 2127 1516 2190 subveniunt
1537 2149 1702 2194 mem-

149 2206 232 2266 bro
245 2209 372 2280 quod
391 2210 607 2278 patitur.
631 2212 683 2267 Si
699 2227 827 2283 ergo
844 2214 1064 2276 illecum
1083 2234 1266 2282 passus
1289 2231 1390 2288 est,
1407 2239 1504 2280 nos
1533 2225 1583 2282 in
1609 2226 1700 2282 illo

145 2299 273 2370 passi
294 2315 492 2366 sumus,
513 2312 567 2364 et
594 2303 802 2374 illejam
825 2307 1063 2370 ascendit
1093 2309 1144 2363 in
1164 2311 1376 2377 cmlum,
1395 2324 1445 2368 et
1467 2317 1698 2374 sedetud

146 2387 398 2452 dexteram
429 2391 634 2456 Patris;
677 2394 929 2464 quidquid
962 2401 1152 2465 patitur
1189 2400 1422 2458 Ecclesia
1454 2405 1616 2473 ipsius
1647 2407 1697 2462 in

142 2479 552 2540 tribulationibus
569 2483 726 2552 hujus
741 2488 942 2546 saeculi.
965 2489 1012 2542 in
1036 2493 1428 2562 tentationibus,
1455 2497 1504 2549 in
1522 2515 1701 2556 neces-

137 2571 384 2641 sitatibus,
415 2577 468 2630 in
485 2579 740 2645 angustiis
767 2578 908 2648 (quia
929 2580 1003 2648 sic
1018 2583 1161 2643 illam
1182 2597 1387 2652 Omtt‘tct
1406 2591 1621 2654 erudiri.
1638 2604 1696 2655 ut

135 2664 243 2734 igne
265 2675 508 2742 tanquam
534 2684 724 2730 aurum
759 2678 1033 2743 purgetur)
1061 2716 1072 2733 ,
1105 2677 1215 2744 ipse
1245 2681 1458 2748 patitur.
1490 2683 1694 2744 Proba-

132 2771 238 2814 mus
268 2756 386 2824 hoc,
417 2760 538 2834 quia
563 2775 667 2822 nos
696 2762 748 2824 in
775 2763 868 2820 illo
898 2765 1034 2828 passi
1067 2782 1282 2835 smnus,
1313 2770 1521 2829 dicente
1551 2778 1695 2842 Apo-

130 2849 286 2902 stolo:
318 2849 380 2904 Si
412 2861 574 2910 autem
606 2854 790 2914 mortui
813 2856 928 2916 estis
955 2873 1066 2912 cum
1102 2858 1335 2924 Christo;
1372 2865 1494 2933 quid
1527 2867 1694 2922 adhuc

125 2938 246 2998 υβιμι
272 2941 484 3002 virentes
501 2942 565 3008 de
590 2945 883 3010 Ιιρριιιιωιάο
910 2947 1172 3010 decernitis
1207 2951 1314 3022 (Id.
1341 2971 1395 3017 ιι,
1565 2960 1692 3020 Item

127 3030 244 3093 dicit
276 3051 289 3086 :
319 3032 454 3099 Quia
483 3044 617 3098 vetus
642 3036 789 3094 homo
817 3050 983 3100 uoster
1002 3044 1152 3098 simul
1176 3048 1453 3114 euripi/ints
1482 3030 1553 3106 est
1580 3071 1692 3106 cum

122 3125 222 3195 illo,
249 3136 301 3180 ut
321 3139 650 3191 concitaretur
673 3148 854 3201 corpus
879 3139 1072 3202 percuti
1092 3139 1266 3206 (Rom.
1293 3159 1362 3205 γι,
1382 3146 1463 3213 Β).
1487 3147 1540 3201 Si
1565 3165 1694 3220 ergo

121 3215 164 3270 in
211 3217 302 3284 illo
351 3221 548 3286 mortui
593 3235 812 3293 sumus,
847 3227 897 3286 iu
947 3228 1040 3290 illo
1083 3232 1241 3288 etiam
1285 3241 1689 3296 resurrexi-mus.

122 3309 254 3376 Dixit
279 3314 430 3380 etum
457 3314 568 3382 ipse
593 3315 880 3385 Apostolus
901 3337 920 3376 .:
948 3320 1010 3375 Si
1027 3335 1190 3378 autem
1219 3331 1558 3386 νινειινι·ρ.ι·ἑειὶε
1578 3348 1690 3388 sum

118 3400 468 3475 Christo,“
494 3423 692 3461 sursum
711 3419 823 3470 sunt
842 3412 1022 3477 sapite,
1046 3431 1160 3483 qua:
1185 3434 1380 3472 sursum
1407 3433 1522 3475 sunt
1550 3441 1691 3494 qum-

115 3494 230 3562 ritc,
257 3496 345 3556 ubi
369 3496 606 3563 aristas
619 3509 700 3558 £81
725 3502 778 3560 iu
799 3502 1010 3560 dextera
1033 3504 1129 3562 Dei
1159 3507 1334 3562 sedens
1363 3509 1580 3580 (Coloss.
1610 3532 1687 3580 ιιι,

120 3583 187 3656 1).
217 3587 273 3640 Si
304 3602 435 3656 ergo
463 3588 514 3641 in
537 3589 628 3650 illo
651 3594 842 3658 mortui
875 3609 1081 3661 sumus,
1105 3606 1162 3651 et
1193 3598 1242 3652 in
1273 3600 1364 3653 ilio
1395 3607 1690 3660 resurrexi-

117 3689 258 3739 ωιιδὶ
292 3685 347 3736 ει
374 3678 488 3748 ipse
511 3677 566 3744 in
605 3681 759 3744 nobis
789 3685 1005 3744 moritur
1030 3727 1042 3747 ,
1070 3695 1126 3745 .ct
1166 3687 1214 3742 in
1264 3689 1416 3745 nobis
1461 3698 1691 3766 resurgit

118 3764 256 3832 (ipse
274 3769 289 3798 ¹
313 3775 394 3822 est
417 3770 556 3824 enim
583 3772 754 3836 unitas
775 3774 960 3842 capitis
985 3779 1314 3849 etcorpuris)
1337 3797 1350 3842 ;
1373 3797 1477 3837 non
1506 3764 1692 3840 imme-

119 3858 212 3909 rito
247 3875 343 3918 vox
373 3861 544 3930 ipsius
573 3863 729 3918 etiam
762 3875 941 3924 nostra
965 3879 1083 3934 est,
1108 3880 1161 3924 et
1187 3888 1285 3930 vox
1317 3886 1495 3931 nostra
1527 3879 1685 3936 etiam

116 3943 275 4017 ipsius
298 3959 402 4009 est.
433 3953 722 4010 Audiamus
763 3972 888 4024 ergo
933 3959 1234 4028 Psalmum,
1266 3975 1319 4023 et
1344 3965 1400 4024 in
1433 3982 1498 4022 eo
1533 3965 1686 4024 Chri—

118 4048 250 4095 stum
281 4043 582 4114 loquentcm
611 4047 989 4118 intelligamus.

183 4131 233 4186 5.
263 4130 410 4206 [uers.
431 4134 505 4209 1.]
535 4137 763 4193 Titulum
786 4139 946 4198 habet
976 4143 1072 4199 iste
1095 4145 1345 4213 psalmus,
1371 4148 1682 4220 IpsiDavid,

119 4235 224 4275 cum
251 4236 374 4282 esset
399 4228 451 4282 in
481 4229 672 4284 deserto
701 4230 957 4287 lduuueaz.
991 4236 1090 4290 Per
1115 4236 1356 4294 ldumaue
1378 4259 1572 4301 nomen
1609 4246 1687 4302 iu—

120 4317 363 4388 telligitur
386 4322 635 4376 saeculum
659 4324 817 4379 istud.
838 4327 1064 4384 ldumwa
1091 4334 1230 4389 enim
1253 4350 1386 4403 gens
1406 4347 1519 4394 erat
1541 4355 1683 4408 quie-

116 4402 231 4459 dam
265 4413 551 4467 errantium
579 4413 880 4486 hominum,
913 4421 996 4474 ubi
1027 4422 1162 4478 idola
1197 4425 1531 4486 colebantur.
1564 4430 1681 4487 Non

114 4492 168 4550 in
194 4498 326 4556 bono
349 4505 558 4579 ponitur
583 4506 812 4564 [domata
845 4511 962 4564 ism.
986 4513 1039 4569 Si
1065 4530 1168 4570 non
1197 4517 1246 4570 in
1281 4519 1418 4575 bono
1451 4525 1678 4589 ponitur.

107 4582 503 4663 intelligendum
532 4608 611 4654 est
639 4599 788 4654 istam
815 4603 994 4669 vitam,
1029 4607 1113 4662 ubi
1146 4611 1373 4677 patimur
1404 4624 1576 4671 tantus
1607 4619 1681 4672 la-

100 4673 264 4740 bores
291 4697 344 4742 ct
366 4689 449 4743 ubi
483 4693 641 4747 Lentis
668 4696 1069 4752 necessitatibus
1096 4701 1288 4756 subditi
1314 4719 1528 4772 sumus,
1559 4707 1681 4766 ldu-

89 4779 254 4832 mrem
281 4781 490 4837 nomine
518 4785 821 4854 signiﬁcari.
846 4788 908 4842 Et
929 4789 1012 4846 hic
1041 4800 1122 4845 est
1141 4792 1410 4850 desertum
1441 4800 1524 4854 ubi
1545 4802 1680 4855 mul-

83 4863 106 4906 ἱ
125 4881 218 4922 um
248 4871 451 4936 sititor,
474 4884 528 4930 et
555 4877 781 4932 audituri
811 4881 938 4934 estis
967 4897 1152 4939 vocem
1179 4887 1338 4941 modo
1369 4890 1596 4946 sitientis
1627 4894 1675 4948 in

69 4946 332 5016 (leserto.
347 4964 399 5020 Si
413 4977 588 5022 autem
613 4985 992 5040 cognoscamus
1006 4991 1102 5032 nos
1119 4978 1379 5044 sitientes,
1393 4997 1678 5051 cognosce-

87 5050 222 5103 mus
250 5069 341 5109 nos
369 5067 421 5110 et
443 5057 703 5116 bibentes.
729 5063 857 5130 Quia
885 5067 969 5134 qui
995 5069 1108 5122 sitit
1143 5070 1193 5130 in
1237 5071 1336 5125 isto
1377 5077 1598 5140 sarculo,
1625 5077 1674 5133 in

111 5128 280 5198 intum
293 5151 798 5221 sarculosatiabitur,
815 5157 1021 5214 dicente
1043 5161 1288 5224 Domino:
1309 5164 1452 5220 Beati
1465 5170 1549 5236 qui
1566 5187 1679 5225 esu-

114 5224 235 5286 "iﬂnt
262 5247 304 5290 et
331 5241 505 5300 sitiunt
522 5244 796 5316 justitiam,
824 5250 940 5317 quia
966 5251 1060 5321 ipsi
1085 5255 1445 5316 sutnmbu-utur
1464 5261 1479 5329 (
1491 5259 1670 5320 illa/lli.

111 5321 154 5372 ν,
189 5323 258 5393 6).
280 5328 416 5398 Ergo
443 5331 493 5384 in
535 5332 633 5387 hoc
660 5338 853 5396 smculo
897 5357 998 5396 non
1041 5342 1295 5408 debemus
1317 5350 1462 5415 quasi
1495 5367 1672 5406 amare.

104 5408 349 5474 saginam.
378 5420 471 5473 llic
493 5422 774 5477 sitiendum
803 5438 909 5490 est;
947 5431 1068 5484 aiibi
1100 5437 1244 5494 sagitt
1267 5438 1476 5490 tbimur.
1518 5440 1672 5496 Modo

99 5495 268 5558 anlem
297 5519 471 5564 utnon
493 5511 800 5570 delicimuus
823 5517 870 5570 in
894 5520 992 5572 isto
1013 5522 1242 5584 deserto.
1271 5530 1500 5595 aspergit
1525 5534 1673 5587 nobis

96 5583 268 5652 ¹ὀΓυιιι
290 5600 468 5658 'verbi
496 5603 615 5673 sui,
646 5618 700 5662 et
728 5625 830 5663 non
856 5627 951 5668 nos
972 5613 1184 5672 diltlilill
1216 5635 1431 5688 prorsus
1459 5641 1672 5681 aresce-

1229 357 1622 428 ENABRATIO
1655 359 1718 416 IN
1757 360 2076 440 restituit
2112 371 2272 435 LXII.

3305 397 3407 464 $50

1825 509 1902 558 re,
1920 505 1977 550 ut
1998 513 2101 552 non
2126 502 2194 554 sit
2210 502 2275 557 de
2291 503 2693 578 nobisrepetitio
2710 515 2748 577 ⁸,
2768 517 2862 570 sed
2893 530 2942 572 ut
2967 521 3040 574 sic
3060 524 3315 596 sitiamus,
3344 542 3403 589 ut

1823 584 2082 643 bibamus.
2121 592 2186 647 Ut
2204 606 2378 650 autem
2403 598 2662 668 bibamus.
2703 607 2872 676 aliqua
2894 613 3057 680 gratia
3079 618 3190 686 Ejus
3217 636 3398 689 asper-

1819 678 2016 748 gimur;
2047 694 2220 741 tanien
2247 691 2473 746 sitimus.
2497 697 2696 767 thuid
2719 701 2844 757 dicit
2865 707 3037 761 anima
3062 722 3235 766 mistra
3269 718 3399 772 lico?

1889 773 1942 826 4.
1966 772 2207 851 [versi]
2231 779 2382 848 Deus,
2408 784 2540 842 Deus
2561 807 2716 857 meus,
2733 798 2799 846 ad
2812 805 2856 850 te
2873 799 2933 851 de
2950 801 3057 854 luce
3069 805 3233 874 vigilo.
3259 810 3393 876 Quid

1818 876 1901 916 est
1933 864 2181 934 vigilare?
2215 871 2402 943 Utique
2440 893 2542 932 nou
2571 880 2823 939 dormire.
2853 888 2988 954 Quid
3025 904 3104 946 est
3129 894 3396 955 dormire?

1820 953 1914 1008 Est
1955 971 2172 1015 somnus
2217 966 2440 1033 animm,
2487 981 2568 1025 est
2597 986 2815 1029 somnus
2839 983 3099 1048 corporis.
3139 986 3392 1047 Somnum
3450 977 3457 985 ’

1817 1049 2054 1116 corporis
2081 1068 2268 1108 omnes
2294 1057 2549 1114 debemus
2575 1062 2799 1131 habere;
2831 1070 2950 1138 quia
2992 1075 3034 1126 si
3064 1092 3166 1130 non
3195 1078 3391 1137 habea-

1816 1148 1903 1204 tur
1926 1157 2142 1199 soninus
2170 1154 2428 1220 corporis,
2456 1156 2636 1212 delicit
2655 1162 2835 1228 homo,
2868 1163 3042 1222 deticit
3073 1170 3239 1240 ipsum
3270 1193 3394 1232 eor-

1816 1245 1931 1299 pus.
1957 1233 2073 1290 Non
2109 1239 2250 1294 extim
2283 1255 2455 1312 potest
2499 1247 2586 1302 diu
2616 1253 2880 1310 sustinere
2919 1273 3111 1329 corpus
3149 1277 3388 1326 nostrum

1813 1319 1995 1393 fragile
2022 1328 2249 1384 animam
2285 1335 2586 1404 vigilantem
2617 1351 2670 1397 et
2697 1343 2947 1402 intentam
2980 1351 3027 1404 in
3051 1356 3344 1416 actionibus
3370 1380 3384 1416 :

1809 1417 1855 1471 si
1885 1419 1972 1472 diu
1996 1420 2150 1476 fuerit
2177 1426 2376 1486 intenta
2411 1433 2585 1486 anima
2618 1435 2670 1490 in
2697 1439 2996 1497 actionibus
3018 1487 3031 1507 ,
3063 1463 3251 1518 corpus
3278 1454 3386 1509 fra-

1811 1508 1914 1576 gile
1955 1520 2009 1565 et
2034 1522 2302 1571 terrenum
2335 1536 2438 1575 non
2469 1523 2612 1578 illam
2641 1529 2818 1598 capit,
2854 1547 2958 1586 non
2994 1537 3135 1592 illam
3159 1526 3388 1601 Sustinet

1811 1611 2068 1670 perpetuo
2094 1620 2358 1678 agentem;
2384 1623 2436 1668 et
2454 1614 2652 1686 deﬁcit,
2683 1631 2738 1676 et
2767 1628 3084 1684 succumbit.
3107 1632 3230 1688 ideo
3247 1637 3386 1694 Deus

1810 1693 2030 1752 donavit
2049 1715 2292 1757 somnum
2309 1711 2539 1776 corpori,
2559 1727 2666 1780 quo
2685 1729 3000 1785 reparantur
3018 1728 3251 1783 membra
3275 1748 3387 1788 cor-

1811 1787 1988 1855 poris,
2023 1801 2078 1844 ut
2113 1795 2317 1862 possint
2343 1799 2641 1868 rigiiantem
2669 1807 2895 1863 animam
2924 1816 3208 1874 sustinere.
3248 1824 3384 1881 illud

1808 1886 1984 1934 autem
2014 1895 2201 1938 carere
2239 1885 2533 1957 debemus,
2573 1909 2638 1948 ne
2681 1896 2791 1966 ipsa
2822 1902 2997 1958 anima
3036 1919 3215 1966 nostra
3254 1914 3381 1970 dor-

1808 1970 1965 2035 miat;
2002 1975 2169 2031 malus
2191 1980 2332 2034 enim
2364 1992 2446 2036 est
2470 2000 2690 2043 somnus
2718 1993 2927 2049 animae.
2952 1997 3133 2056 Bonus
3161 2020 3379 2064 somnus

1803 2065 2078 2131 corporis,
2116 2083 2222 2137 quo
2250 2085 2526 2141 reparatur
2561 2078 2811 2136 valetudo
2849 2091 3110 2158 corporis.
3150 2095 3378 2158 Somnus

1805 2163 1983 2208 autem
2011 2157 2202 2214 animae
2230 2171 2312 2217 est
2339 2165 2577 2224 oblivisci
2619 2171 2784 2228 Deum
2823 2190 2995 2252 suum.
3021 2182 3379 2260 Quweumque

1801 2246 1980 2300 anima
2010 2249 2170 2308 oblita
2201 2252 2358 2309 fuerit
2397 2258 2560 2314 Demn
2599 2277 2785 2332 suum,
2831 2246 3060 2331 dormit;
3091 2276 3213 2333 [deo
3250 2246 3380 2338 dicit

1806 2336 2094 2406 Apostolus
2112 2344 2426 2414 quibusdam
2458 2350 2635 2408 oblitis
2657 2357 2821 2413 Deum
2849 2376 3021 2427 suum,
3046 2377 3100 2421 et
3127 2378 3378 2442 tanquam

1804 2429 1854 2482 in
1897 2446 2088 2490 seumo
2123 2440 2403 2506 agentibus
2443 2443 2789 2503 deliramenta
2833 2454 3050 2511 culturae
3092 2458 3376 2522 idolorum.

1806 2523 1894 2578 Sic
1924 2538 2049 2580 sunt
2085 2531 2226 2588 enim
2254 2533 2339 2600 qui
2369 2535 2550 2590 colunt
2578 2537 2718 2594 idola
2739 2584 2751 2604 ,
2777 2547 3045 2612 quomodo
3071 2552 3160 2619 qui
3193 2555 3380 2611 vident

1808 2617 1858 2670 in
1884 2621 2085 2675 somnis
2111 2638 2240 2677 trima
2267 2643 2280 2679 :
2311 2629 2354 2680 si
2382 2637 2555 2684 autem
2579 2633 2790 2702 cvigilet
2817 2639 2990 2692 anitna
3019 2641 3272 2710 ipsorum,
3301 2649 3381 2702 iu-

1805 2708 1994 2779 tettigit
2017 2728 2047 2766 a
2084 2730 2188 2782 quo
2218 2716 2353 2771 facta
2381 2730 2499 2786 est,
2544 2734 2598 2777 et
2625 2740 2728 2780 non
2756 2729 2884 2783 colit
2922 2708 3062 2800 quod
3091 2733 3202 2803 ipsa
3231 2735 3372 2796 fecit.

1807 2800 1941 2854 Dicit
1965 2817 2096 2872 ergo
2125 2806 2438 2874 quibusdam
2476 2813 2762 2881 Apostolus
2803 2835 2816 2871 :
2847 2818 3014 2891 Surge
3038 2800 3125 2894 qui
3152 2827 3340 2884 dormis
3359 2873 3373 2895 ,

1799 2900 1844 2944 et
1870 2909 2082 2964 assurge
2106 2913 2137 2948 α
2164 2901 2408 2966 mortuis;
2433 2913 2478 2956 et
2501 2904 2806 2962 illuminabit
2830 2919 2877 2964 te
2899 2910 3130 2969 Christus
3157 2916 3375 2989 (Ep/tes.

1802 2997 1856 3048 ν,
1879 2983 1988 3053 Η).
2007 2984 2268 3058 Numquid
2286 3007 2508 3061 corpore
2521 2995 2868 3056 dormientem
2885 2983 3378 3079 excitabatdposte.

1800 3077 1916 3132 lus?
1949 3079 2054 3135 Sed
2097 3086 2360 3139 excitabat
2386 3090 2614 3145 animum
2654 3093 3039 3166 dormientem,
3067 3105 3278 3172 quando
3306 3107 3372 3162 ad

1796 3168 1903 3224 hoc
1933 3188 2048 3226 eam
2080 3177 2344 3232 excitabat
2387 3190 2442 3234 ut
2482 3183 2868 3244 illuminaretur
2901 3207 2931 3245 a
2970 3192 3202 3254 Christo.
3237 3201 3374 3271 Ergo

1797 3265 2087 3320 secundum
2119 3269 2260 3336 ipsas
2289 3272 2493 3342 lvigilias
2520 3276 2648 3332 dicit
2678 3281 2812 3337 iste:
2849 3283 3002 3352 Deus,
3037 3286 3176 3343 Deus
3201 3309 3370 3361 meus,

1796 3355 1863 3408 ad
1891 3366 1938 3410 te
1965 3356 2028 3410 de
2057 3357 2167 3414 luce
2190 3361 2362 3432 vigilo.
2381 3365 2496 3421 Non
2524 3370 2663 3424 enim
2692 3374 2936 3443 vigilares
2962 3377 3014 3432 in
3042 3387 3113 3446 te,
3143 3383 3242 3437 nisi
3268 3387 3374 3441 ori-

1797 3457 1942 3501 retur
1972 3448 2060 3502 lux
2092 3460 2175 3504 tua
2197 3494 2210 3516 ,
2240 3469 2358 3522 qum
2389 3465 2441 3512 te
2479 3459 2546 3514 de
2573 3476 2763 3516 somno
2798 3469 3074 3525 excitaret.
3108 3472 3374 3535 lllmninat

1791 3541 1938 3592 enim
1969 3542 2175 3596 animas
2197 3545 2463 3614 Claristus,
2509 3563 2563 3606 et
2589 3553 2712 3610 facit
2737 3573 2827 3613 eas
2850 3561 3069 3631 vigilare
3092 3583 3105 3618 :
3132 3570 3173 3621 si
3193 3579 3370 3627 autem

1796 3627 1972 3684 lumen
2001 3647 2152 3686 suum
2182 3635 2444 3703 detrahat,
2475 3641 2837 3705 obdormiunt.
2865 3649 2986 3708 Ideo
3015 3658 3157 3712 enin
3181 3661 3254 3716 illi
3283 3665 3366 3718 di-

1791 3719 1931 3772 citur
1958 3719 2006 3773 in
2037 3722 2142 3776 alio
2171 3727 2372 3791 psalmo
2396 3746 2410 3782 :
2434 3727 2677 3789 [Humi-ua
2697 3739 2864 3792 oculos
2887 3759 3039 3807 meos,
3064 3763 3126 3800 ne
3147 3766 3367 3822 unquam

1792 3811 2103 3868 obdormium
2126 3817 2177 3869 in
2202 3831 2364 3874 «torte
2389 3820 2559 3893 (Psel.
2590 3842 2683 3892 xu,
2712 3829 2790 3897 4).
2817 3833 2918 3886 Αυι
2943 3836 2986 3889 si
3007 3837 3073 3891 ab
3103 3839 3192 3894 illo
3214 3811 3364 3899 aver-

1789 3916 1866 3956 sa:
1889 3904 2256 3974 obdomuiunt,
2285 3926 2520 3980 praesens
2545 3927 2626 3970 est
2653 3919 2751 3972 illis
2780 3921 2954 3977 lumen
2978 3966 2992 3990 ,
3017 3939 3070 3982 et
3098 3946 3200 3985 non
3237 3952 3360 4002 pos-

1789 4003 1917 4048 sunt
1945 3996 2141 4062 videre,
2171 4002 2290 4068 quia
2319 4003 2609 4062 dormiunt.
2641 4009 2916 4076 Quomodo
2945 4027 2996 4070 et
3024 3996 3248 4089 corpore
3275 4030 3362 4095 qui

1789 4083 1988 4140 dormit
2015 4088 2155 4142 inter
2173 4090 2312 4144 (liem
2336 4110 2350 4157 ;
2377 4093 2487 4163 jam
2515 4107 2661 4152 ortus
2690 4111 2770 4155 est
2798 4105 2897 4168 sol,
2920 4107 3029 4176 jam
3054 4111 3170 4167 dies
3203 4117 3358 4184 calet,

1791 4188 1841 4232 et
1872 4178 1960 4233 ille
1989 4189 2233 4250 tanquam
2264 4185 2314 4238 iu
2339 4197 2492 4242 nocte
2517 4199 2617 4252 est,
2636 4193 2755 4260 quia
2778 4211 2881 4250 non
2913 4198 3088 4268 tigilat
3114 4212 3168 4258 ut
3190 4206 3362 4264 videat

1786 4269 1895 4338 jam
1926 4280 2100 4326 ortum
2129 4274 2268 4328 diem
2293 4293 2306 4330 :
2340 4278 2416 4332 sic
2448 4281 2759 4348 quibusdam
2784 4285 2891 4355 jam
2924 4305 3182 4358 pra-settle
3209 4300 3361 4352 Chri-

1787 4369 1891 4423 sto,
1923 4362 2027 4430 jam
2056 4366 2336 4432 prmdicata
2365 4370 2605 4435 veritate,
2638 4373 2776 4430 inest
2796 4378 2966 4433 adhuc
2996 4398 3216 4442 somnus
3242 4393 3359 4443 ani-

1783 4467 1913 4508 mai.
1937 4453 2046 4508 Illis
2067 4470 2194 4526 ergo
2216 4475 2330 4522 vos,
2349 4460 2392 4514 si
2421 4463 2664 4530 vigiletis,
2688 4467 2873 4522 dicetis
2896 4474 3128 4542 utiutidie
3150 4495 3160 4528 :
3189 4477 3363 4552 Surge

1785 4544 1872 4614 qui
1899 4545 2106 4612 dormis,
2130 4557 2176 4602 et
2203 4565 2414 4623 exsurge
2435 4569 2466 4606 α
2489 4557 2731 4622 mortuis;
2751 4567 2797 4612 et
2820 4559 3118 4618 illumiuubit
3149 4577 3194 4620 te
3213 4569 3362 4625 Chri~

1786 4647 1913 4693 stus.
1937 4638 2051 4692 Vita
2074 4641 2214 4695 enim
2244 4654 2437 4709 uestra,
2456 4657 2509 4702 et
2530 4664 2705 4704 mores
2732 4653 2886 4707 vestri
2914 4654 3130 4724 vigilare
3157 4659 3360 4718 debent

1786 4727 1837 4782 in
1862 4730 2097 4798 Christo,
2130 4743 2186 4788 ut
2213 4736 2574 4806 sentiantalii,
2599 4740 2790 4812 Pagani
2829 4745 3176 4816 dormientes,
3205 4761 3258 4807 et
3295 4756 3359 4810 ad

1785 4822 2015 4876 sonitum
2049 4824 2342 4893 vigiliarum
2375 4839 2666 4885 vestrarum
2697 4834 3014 4899 excitentur.
3046 4849 3102 4895 et
3131 4843 3229 4912 ipsi
3259 4859 3354 4899 ex-

1784 4912 1984 4971 cutiant
2012 4930 2278 4982 Somnum,
2301 4927 2355 4971 et
2381 4919 2632 4988 incipiant.
2658 4924 2708 4976 in
2728 4923 2940 4982 Christo
2971 4932 3240 4990 vobiscum
3265 4937 3348 4990 di-
3405 4922 3415 4934 ’

1782 5018 1902 5060 core
1925 5022 1937 5057 :
1965 5004 2124 5070 Deus,
2154 5008 2286 5063 Deus
2308 5028 2466 5078 meus,
2493 5016 2561 5066 ad
2585 5024 2632 5068 te
2659 5017 2721 5069 de
2744 5017 2852 5072 luce
2875 5023 3048 5093 vigilo.

1951 5097 2115 5152 Sitivit
2143 5099 2228 5153 tibi
2253 5101 2421 5155 unum:
2446 5121 2576 5161 mea.
2603 5105 2740 5163 Ecce
2767 5110 2892 5166 illud
2929 5114 3196 5173 desertum
3221 5120 3346 5178 “ldu-

1775 5202 1950 5247 manu.
1985 5189 2165 5246 Videte
2189 5194 2453 5262 quomodo
2481 5195 2565 5251 hic
2593 5197 2701 5253 sitit
2730 5217 2743 5253 :
2776 5202 2870 5256 sed
2899 5204 3073 5261 videte
3107 5211 3236 5280 quid
3268 5212 3353 5269 hic

1785 5277 1976 5334 bonum
2005 5292 2102 5343 est,
2134 5282 2303 5338 Sitiuit
2331 5286 2437 5342 tibi.
2458 5287 2590 5343 Sunt
2617 5291 2755 5346 enim
2783 5296 2870 5364 qui
2893 5298 3092 5364 sitiunt,
3129 5302 3221 5356 sed
3249 5320 3352 5360 non

1787 5368 1914 5425 Deo.
1937 5371 2121 5427 Omnis
2156 5376 2242 5445 qui
2273 5377 2371 5431 sibi
2400 5380 2510 5433 vult
2544 5381 2741 5452 aliqsid
2770 5389 3005 5453 przestari
3030 5431 3044 5454 ,
3077 5391 3128 5445 in
3161 5395 3356 5452 ardore

1781 5473 1861 5514 est
1891 5464 2134 5524 ilosiderii
2176 5485 2188 5520 :
2223 5467 2391 5536 ipsum
2423 5471 2742 5527 desiderium
2781 5476 2899 5528 sitis
2934 5487 3016 5532 est
3049 5482 3256 5540 animm.
3291 5488 3354 5544 Ιύι

1781 5556 1948 5608 videte
1964 5568 2152 5624 quanta
2171 5559 2429 5614 desideria
2444 5562 2544 5615 sint
2565 5566 2612 5614 in
2632 5565 2877 5619 cordibus
2897 5569 3165 5627 hominum
3191 5577 3350 5633 :nlius

1785 5649 2046 5704 desiderat
2074 5666 2280 5719 aurum,
2312 5655 2446 5706 alius
2465 5655 2732 5710 desiderat
2758 5671 3064 5731 argentum,
3095 5665 3230 5722 alius
3247 5667 3346 5725 de-

1844 5809 1857 5838 ¹
1897 5809 2067 5871 Regius
2091 5817 2190 5872 ats.,
2218 5816 2265 5861 ut
2287 5824 2410 5862 nunc
2432 5811 2493 5862 sit
2509 5810 2642 5864 nobis
