3912 6426
597 281 691 339 75Ι

597 398 800 456 siderat
823 393 1211 465 possessiones,
1236 385 1372 440 alius
1397 379 1756 441 haereditates,
1781 375 1917 430 alius
1943 372 2175 442 amplam

597 489 900 562 pecuniam,
919 485 1053 539 alius
1078 481 1238 537 multa
1259 491 1474 550 pecora,
1499 473 1637 528 alius
1660 471 1878 526 domum
1907 479 2173 562 magnam,

598 555 735 637 alius
764 591 1006 641 uxorem,
1036 572 1172 627 alius
1203 571 1456 633 honores,
1484 565 1621 619 alius
1650 563 1810 616 filios.
1847 558 2047 613 Videtis
2075 555 2175 610 de-

601 674 793 729 sideria
838 672 974 734 ista,
1017 663 1285 738 quomodo
1327 669 1452 716 sunt
1489 660 1541 714 in
1583 655 1834 713 cordibus
1873 652 2173 708 hominum.

601 767 805 823 Ardent
847 775 1035 818 omnes
1079 757 1322 814 homines
1366 751 1661 814 desiderio;
1694 757 1747 804 et
1791 749 1878 802 vix
1913 745 2180 800 invenitur

599 859 688 929 qui
723 857 864 911 dicat
889 872 902 908 :
935 852 1104 908 Sitivit
1128 850 1215 904 tibi
1239 847 1409 901 auium
1439 861 1570 898 utea.
1608 842 1804 898 Siliunt
1829 839 1970 894 enim
1998 835 2177 892 homi-

601 927 696 1006 nes
727 947 958 1012 szeculo;
984 953 1037 999 et
1062 958 1167 998 non
1194 955 1252 995 se
1275 939 1576 1008 intelligunt
1599 937 1655 990 in
1680 934 1894 989 deserto
1921 945 2040 986 esse
2061 927 2179 983 ldu-

599 1058 780 1108 mtete,
811 1038 902 1095 ubi
930 1037 1090 1092 debet
1115 1035 1265 1089 sitire
1293 1032 1469 1087 anima
1498 1029 1734 1100 ipsorum
1771 1027 1898 1081 Deo.
1934 1025 2182 1078 Dicamus

601 1147 728 1204 ergo
754 1145 873 1194 nos,
904 1128 1073 1184 Sitivit
1094 1125 1182 1180 tibi
1203 1123 1372 1178 anima
1392 1137 1540 1187 mea;
1563 1133 1750 1174 omnes
1775 1116 2032 1180 dicamus,
2056 1113 2178 1184 quia

601 1229 656 1283 in
693 1223 978 1282 concordia
1003 1221 1200 1278 Christi
1230 1232 1418 1274 omnes
1456 1231 1557 1270 una
1601 1214 1778 1268 anima
1804 1226 1986 1266 sumus
2016 1227 2030 1262 :
2064 1209 2178 1278 ipsa

599 1320 778 1376 anima
811 1317 955 1371 sitiat
980 1316 1032 1368 in
1059 1313 1309 1367 ldumaea.

670 1410 726 1466 6.
757 1407 922 1464 Sitivit
951 1405 1072 1469 tibi,
1105 1403 1301 1473 inquit,
1339 1401 1508 1454 anima
1549 1415 1658 1452 mea
1685 1413 1704 1452 :
1738 1413 1888 1464 quam
1933 1393 2177 1463 multipli-

600 1505 725 1556 citer
769 1498 858 1552 tibi
899 1506 947 1552 et
984 1511 1100 1550 caro
1134 1510 1263 1548 mea.
1300 1493 1492 1546 Parum
1539 1498 1620 1544 est
1653 1491 1775 1558 quia
1815 1487 1979 1540 sitivit
2006 1485 2183 1539 anima

604 1609 744 1656 nica,
775 1591 942 1647 sitivit
968 1598 1020 1645 et
1049 1601 1172 1642 caro
1203 1601 1340 1640 mea.
1387 1584 1553 1638 Porro
1583 1583 1627 1637 si
1673 1581 1850 1635 anima
1891 1579 2003 1633 sitit
2035 1579 2142 1631 Deo
2164 1617 2180 1642 ,

604 1682 874 1756 quomodo
903 1690 956 1736 et
983 1693 1108 1734 caro
1137 1677 1248 1732 sitit
1279 1676 1428 1731 Deo?
1454 1673 1678 1741 Quando
1707 1673 1847 1726 enim
1878 1685 2006 1726 caro
2031 1668 2146 1721 sitit
2165 1709 2180 1732 ,

603 1792 794 1849 aquam
829 1774 972 1839 sitit;
1017 1769 1228 1841 quando
1259 1769 1435 1822 anima
1490 1767 1619 1831 sitit,
1666 1764 1864 1818 fontem
1909 1761 2183 1833 sapientia:

603 1869 732 1924 sitit.
794 1866 870 1920 De
911 1864 1028 1933 ipso
1077 1861 1223 1915 fonte
1265 1857 1670 1913 inebriabuutur
1722 1855 1914 1908 animae
1964 1861 2180 1915 llOSll‘iB,

602 1959 738 2016 sicut
771 1957 900 2012 dicit
937 1955 1071 2008 alius
1111 1953 1389 2023 psalmus:
1421 1947 1818 2002 Incbriabuutur
1859 1947 1920 1998 ab
1959 1945 2186 1998 ubertate

604 2049 918 2112 domustuaz,
955 2054 1002 2099 et
1035 2052 1252 2098 torrente
1289 2042 1585 2095 deliciarum
1627 2051 1830 2092 tuarum
1873 2036 2068 2108 potabis
2103 2052 2186 2090 eos

605 2143 936 2215 (Psat.xxxv
959 2182 973 2206 ,
1001 2138 1080 2206 9).
1127 2136 1365 2192 Sitienda
1395 2142 1628 2204 estergo
1651 2133 1930 2202 sapientia,
1960 2129 2186 2185 sitienda

604 2244 687 2291 est
712 2233 938 2304 justitia.
992 2229 1106 2284 Non
1131 2244 1192 2282 ea
1219 2227 1551 2288 saliabimur,
1593 2241 1697 2278 non
1729 2239 1790 2278 ea
1819 2222 2182 2292 implebimnr,

605 2324 709 2379 nisi
735 2338 857 2378 cum
887 2320 1048 2374 fuerit
1075 2319 1220 2372 finita
1251 2318 1352 2370 vita
1385 2317 1503 2381 ista,
1537 2325 1590 2369 et
1618 2315 1921 2368 venerimus
1959 2312 2025 2366 ad
2056 2313 2186 2367 illud

605 2417 746 2490 quod
774 2412 1016 2484 promisit
1040 2411 1203 2466 Deus.
1236 2410 1486 2465 Promisit
1513 2411 1652 2462 enim
1671 2409 1808 2461 Deus
1833 2407 2188 2478 arqualitatcm

607 2506 936 2576 Angelorum
965 2501 1112 2574 (Luc.
1147 2518 1240 2568 xx,
1268 2499 1359 2572 36)
1390 2518 1401 2552 :
1430 2509 1483 2554 et
1531 2498 1691 2552 modo
1730 2499 1917 2569 Angeli
1959 2514 2064 2552 non
2112 2497 2184 2550 si-

609 2604 750 2659 tiunt
774 2599 1041 2672 quomodo
1069 2613 1187 2659 nos,
1218 2611 1322 2649 non
1349 2593 1586 2649 esuriant
1619 2591 1888 2662 quomodo
1919 2605 2050 2654 nos;
2093 2589 2185 2644 sed

605 2694 808 2750 habent
830 2693 1064 2762 saginam
1096 2686 1362 2750 veritatis,
1405 2685 1540 2739 lucis
1571 2725 1585 2748 ,
1626 2682 1942 2738 immortalis
1976 2683 2189 2752 sapien-

612 2788 724 2843 tiae.
757 2785 880 2841 Ideo
907 2782 1046 2838 beati
1077 2786 1238 2846 sunt;
1266 2788 1318 2833 et
1343 2778 1409 2832 de
1433 2785 1575 2830 tanta
1605 2773 1956 2840 beatitudine,
1987 2773 2108 2844 quia
2136 2774 2190 2828 in

607 2878 700 2934 illa
727 2883 854 2932 sunt
872 2873 1085 2929 civitate
1106 2871 1402 2927 Jerusalem
1442 2865 1668 2930 caelesti,
1717 2865 1855 2919 unde
1900 2881 1996 2917 nos
2031 2864 2190 2920 modo

606 2971 1033 3044 pcregrinamur,
1061 2961 1342 3018 attendunt
1368 2977 1462 3016 nos
1492 2958 1820 3028 peregrinos,
1850 2967 1902 3010 et
1931 2957 2191 3011 miseran-

608 3071 694 3119 tur
721 3077 834 3125 nos,
867 3069 920 3114 et
943 3059 1095 3130 jussu
1125 3055 1332 3110 Dotniui
1364 3053 1684 3107 auxiliantur
1711 3050 1888 3116 nobis,
1945 3059 2000 3103 ut
2028 3049 2091 3102 ad
2121 3048 2188 3102 il-

606 3156 712 3211 lam
736 3153 956 3224 patriam
995 3162 1332 3204 conununem
1364 3143 1646 3213 aliquando
1687 3141 1988 3204 redeamus,
2035 3148 2086 3194 et
2118 3137 2189 3194 ibi

609 3263 730 3303 eum
759 3247 864 3301 illis
902 3243 1050 3297 fonte
1069 3239 1337 3295 dominico
1363 3237 1600 3290 veritatis
1630 3244 1684 3290 et
1734 3233 2046 3288 aeternitatis
2089 3232 2186 3286 ali-

611 3337 822 3409 quando
848 3344 1166 3389 saturemur.
1200 3329 1353 3382 Modo
1389 3343 1516 3396 ergo
1546 3327 1692 3379 sitiat
1727 3325 1904 3378 anima
1959 3333 2138 3378 nostra
2171 3341 2185 3377 :

610 3429 754 3486 unde
779 3438 832 3482 et
861 3441 986 3480 caro
1016 3431 1196 3478 nostra
1223 3422 1352 3486 sitit,
1401 3429 1454 3476 et
1479 3421 1581 3476 hoc
1610 3419 2007 3489 multipliciter?
2047 3416 2188 3472 Mul—

611 3522 849 3592 tipliciter
865 3518 974 3583 tibi,
1008 3516 1262 3592 inquit,ct
1281 3530 1399 3568 caro
1425 3530 1554 3566 utea.
1585 3513 1718 3580 Quia
1745 3521 1797 3566 et
1821 3511 1967 3566 carni
1995 3519 2190 3566 nostrae

611 3613 937 3684 promittitur
959 3609 1300 3665 resurrectio.
1331 3605 1608 3674 Quomodo
1629 3604 1819 3658 anima:
1845 3613 2042 3658 nostra:
2071 3617 2192 3671 pro-

611 3705 836 3762 mittitur
882 3699 1172 3765 beatitudo,
1223 3699 1302 3752 sic
1344 3706 1400 3752 et
1437 3693 1583 3772 carni
1623 3703 1819 3749 nostra:
1865 3693 2190 3763 promittitur

611 3796 950 3855 resurrectio.
977 3791 1325 3847 .llesnrrectio
1359 3769 1532 3844 carinis
1569 3788 1688 3842 talis
1730 3789 1883 3843 nobis
1922 3787 2190 3858 promitti-

613 3899 698 3947 tur
721 3907 734 3943 :
760 3887 957 3954 audite,
983 3893 1037 3940 et
1055 3885 1262 3950 discite,
1286 3892 1340 3936 et
1362 3892 1538 3936 tenete
1558 3895 1677 3950 qua:
1697 3880 1768 3935 sit
1788 3895 1912 3950 spes
1934 3879 2191 3936 Christia-

611 3996 824 4047 norum,
853 3993 1018 4050 quare
1031 3961 1223 4032 sumus
1244 3967 1540 4029 christiani.
1567 3971 1684 4027 Non
1708 3972 1850 4027 enim
1876 3970 1942 4025 ad
1971 3971 2070 4026 hoc
2098 3987 2190 4025 su-

613 4089 734 4132 mus
759 4069 1052 4136 christiani,
1084 4078 1141 4124 ut
1176 4076 1440 4122 terrenam
1495 4064 1650 4119 nobis
1693 4064 1996 4118 felicitatem
2040 4072 2191 4132 peta-

615 4184 754 4234 mus,
781 4180 936 4236 quam
971 4164 1279 4233 plerumque
1318 4158 1513 4214 habent
1553 4166 1608 4212 et
1651 4157 1884 4212 latrones
1927 4165 1980 4212 et
2023 4155 2193 4211 scele-

615 4257 736 4314 rati.
767 4256 848 4310 Ad
875 4255 1030 4309 aliam
1057 4251 1358 4307 felicitatem
1385 4264 1484 4303 nos
1505 4262 1690 4301 sumus
1710 4246 2004 4310 christiani,
2034 4263 2190 4316 quam

618 4361 740 4406 tunc
767 4349 1108 4420 accipiemus,
1127 4360 1246 4399 cum
1265 4344 1369 4396 vita
1398 4343 1494 4396 ista
1519 4342 1676 4410 hujus
1698 4341 1876 4396 szcculi
1895 4349 1999 4394 tota
2017 4351 2191 4396 trans-

614 4445 756 4500 ierit.
791 4442 930 4512 Ergo
960 4438 1282 4511 promittitur
1325 4435 1476 4491 nobis
1519 4443 1572 4490 et
1606 4434 1781 4487 carnis
1828 4433 2190 4500 resurrectio;

614 4547 668 4593 et
695 4536 815 4590 talis
845 4531 1161 4588 resurrectio
1181 4529 1358 4584 carnis
1400 4527 1552 4582 nobis
1570 4526 1924 4596 promittitur,
1969 4535 2027 4580 ut
2067 4541 2192 4581 earo

615 4625 830 4698 quidem
862 4625 958 4678 ista
983 4637 1140 4692 quam
1169 4619 1327 4675 modo
1352 4628 1649 4690 portamus,
1683 4626 1925 4688 resurgat
1963 4619 2016 4672 in
2063 4616 2191 4673 fine.

615 4717 726 4775 Nec
761 4714 1072 4772 incredibile
1117 4713 1269 4768 vobis
1314 4711 1572 4766 videatur.
1621 4711 1674 4766 Si
1720 4711 1862 4765 enim
1903 4711 2040 4766 Deus
2067 4710 2195 4766 fecit

618 4825 718 4866 nos
744 4809 834 4880 qui
877 4824 980 4862 nou
1021 4821 1260 4868 eramus,
1311 4819 1557 4874 maguum
1599 4803 1674 4856 illi
1717 4811 1800 4858 est
1829 4818 2078 4873 reparare
2105 4803 2195 4875 qui

553 4903 561 4912 ’
619 4902 874 4962 eramus?
918 4902 1058 4972 Ergo
1095 4901 1197 4954 hoc
1231 4898 1380 4953 vobis
1416 4898 1726 4952 incredibile
1776 4913 1880 4951 non
1933 4898 2193 4966 rideatur,

621 4999 744 5070 quia
772 4995 920 5066 quasi
949 5002 1253 5064 putrescere
1279 4997 1518 5045 mortuos
1547 4989 1757 5056 videtis,
1787 4998 1839 5043 et
1869 4991 1945 5044 ire
1975 4991 2026 5044 in
2053 4992 2201 5046 cine-

621 5103 713 5147 res
738 5096 794 5144 et
822 5087 874 5140 in
918 5085 1208 5154 pulverem.
1242 5082 1348 5136 Aut
1387 5082 1430 5134 si
1477 5081 1790 5136 incendatur
1827 5081 2015 5150 aliquis
2057 5097 2203 5137 mor-

623 5191 765 5248 tuus,
798 5188 891 5234 aut
917 5178 962 5232 si
993 5191 1154 5231 canes
1179 5173 1435 5230 dilanient
1484 5189 1628 5244 eum,
1667 5173 1864 5243 putatis
1909 5175 2030 5243 quia
2077 5173 2202 5230 inde

627 5289 735 5330 non
760 5272 862 5328 erit
883 5265 1320 5325 resurrecturus?
1361 5264 1548 5319 Omnia
1583 5280 1701 5334 qua:
1737 5264 2110 5334 discerpuntur
2149 5273 2203 5320 et

625 5370 679 5424 in
709 5365 913 5422 favillas
943 5362 1198 5434 quasdam
1229 5365 1556 5429 putrescunt,
1589 5358 1790 5426 integra
1818 5357 1926 5411 Deo
1957 5368 2099 5412 sunt.
2145 5357 2204 5412 In

625 5461 714 5518 illa
752 5458 895 5515 enim
942 5457 1209 5511 elementa
1249 5450 1427 5506 mundi
1465 5459 1610 5516 eunt,
1651 5449 1790 5503 unde
1831 5451 2004 5519 primo
2046 5465 2204 5503 vene-

629 5558 776 5616 runt,
822 5545 1035 5619 quando
1079 5543 1202 5599 facti
1248 5557 1476 5597 sumus:
1511 5557 1614 5594 non
1663 5540 1746 5592 illa
1793 5539 2060 5605 videmus;
2105 5539 2202 5595 sed

631 5652 810 5698 tamen
861 5640 998 5693 Deus
1043 5636 1182 5691 unde
1230 5635 1330 5689 scit
1377 5632 1635 5703 νιόὼιρίςι
1665 5631 1770 5693 illa,
1814 5631 1935 5699 quia
1964 5641 2017 5684 et
2052 5641 2204 5689 aute-

637 5745 795 5804 quam
821 5733 1080 5794 eésemus,
1109 5726 1249 5782 unde
1264 5724 1464 5779 sciebat
1490 5738 1587 5776 nos
1616 5721 1880 5792 produxit.
1910 5722 2048 5776 Talis
2075 5740 2205 5794 ergo

1824 259 1882 316 S.
1920 249 2287 312 AUGUSTINI
2318 249 2632 308 EPISCOPI
3703 260 3781 320 τω

2287 366 2611 422 resurrectio
2634 365 2813 422 carnis
2833 365 2990 421 nobis
3017 365 3366 436 promittitur,
3397 373 3455 420 ut
3474 369 3678 436 quamvis
3693 373 3775 442 ipa

2285 459 2356 515 sit
2379 475 2505 515 caro
2529 473 2687 530 quam
2716 457 2878 514 modo
2903 467 3193 529 portamus,
3219 473 3344 530 qua:
3368 470 3687 516 resurrectura
3703 477 3780 533 est,

2285 559 2462 606 tamen
2491 567 2597 606 non
2622 550 2814 606 habeat
2856 551 3250 621 corruptionem
3283 565 3443 620 quam
3485 552 3626 608 modo
3655 554 3781 615 habet.
3862 550 3863 620 ξ

2285 642 2440 697 Modo
2467 642 2609 698 enim
2637 657 2703 696 ex
2723 643 3067 712 corruptione
3095 641 3419 712 fragilitatis,
3450 643 3492 696 si
3515 659 3606 698 non
3625 650 3783 704 mandu-

2286 750 2492 803 cemus,
2535 734 2818 790 deficimus
2837 743 2892 790 et
2918 735 3218 801 esurimus;
3250 735 3300 790 si
3330 749 3442 790 non
3480 736 3703 806 bibamus,
3727 745 3785 798 de.

2288 829 2495 885 ficimus
2525 839 2579 884 et
2607 829 2856 894 sitimus;
2907 829 2953 884 si
2999 827 3092 884 diu
3139 828 3449 900 vigilemus,
3499 828 3726 886 deﬁcimus
3753 848 3786 890 et

2287 919 2582 976 dormimus
2608 939 2621 975 :
2650 921 2694 975 si
2729 920 2824 976 'diu
2864 920 3212 988 dormiamus,
3239 920 3556 986 deficimus;
3589 921 3685 978 ideo
3703 927 3788 996 vigi-

2291 1013 2460 1068 lamus
2494 1029 2507 1066 :
2541 1012 2588 1066 si
2634 1011 2726 1066 diu
2771 1011 3159 1069 manducemus
3205 1021 3260 1068 et
3299 1011 3579 1076 bibamus;
3620 1018 3790 1084 quamvis

2289 1114 2506 1175 propter
2531 1101 2878 1158 refectionem
2920 1102 3303 1158 manducemus
3334 1112 3392 1158 et
3435 1103 3678 1171 bibamus,
3717 1107 3788 1174 bs:

2288 1195 2538 1250 diuturna
2565 1195 2782 1249 refectio
2802 1193 3031 1250 defectio
3053 1204 3136 1250 est
3167 1214 3181 1251 :
3209 1195 3253 1250 si
3276 1194 3374 1250 diu
3416 1205 3626 1263 stemus,
3661 1196 3792 1269 fatiga-

2289 1304 2443 1344 mur:
2477 1289 2596 1344 ideo
2621 1287 2871 1344 sedemus
2903 1307 2916 1343 :
2945 1298 3000 1344 et
3025 1289 3071 1344 si
3096 1289 3188 1344 diu
3231 1288 3539 1356 sedeamus,
3567 1297 3615 1345 et
3634 1290 3688 1345 ibi
3712 1292 3789 1346 lni-

2289 1396 2477 1452 gamur
2501 1422 2516 1448 ,
2539 1389 2594 1435 et
2619 1380 2742 1436 ideo
2769 1381 3058 1452 surgimus.
3110 1380 3311 1436 Deinde
3349 1380 3528 1436 videte
3554 1384 3656 1451 quia
3675 1384 3794 1439 llllllllS

2289 1483 2374 1530 est
2395 1474 2583 1530 cannis
2610 1483 2807 1528 nostra:
2829 1482 2998 1528 status
3027 1492 3040 1528 :
3067 1474 3323 1544 quoniam
3352 1473 3571 1528 infantia
3603 1475 3734 1530 avolat
3758 1477 3792 1531 in

2290 1566 2570 1636 pueritiam
2597 1581 2613 1630 ;
2654 1575 2710 1620 et
2747 1564 2944 1635 quzeris
2970 1564 3268 1631 infantiam,
3301 1575 3361 1621 et
3386 1579 3494 1619 non
3522 1573 3598 1620 est
3614 1566 3792 1633 infantia,

2291 1659 2415 1730 quia
2447 1659 2553 1725 jam
2588 1672 2686 1728 pro
2711 1649 2934 1711 infantia
2981 1656 3206 1727 pueritia
3257 1666 3346 1711 est
3375 1672 3390 1708 :
3419 1655 3601 1710 iterum
3642 1664 3684 1711 et
3719 1659 3791 1726 ipsa

2291 1749 2483 1818 migrat
2511 1748 2564 1802 in
2593 1748 3043 1811 adolescentiam;
3095 1746 3294 1818 qumris
3327 1747 3632 1816 pueritiam,
3670 1731 3792 1802 etnon

2293 1843 2498 1896 invenis
2529 1859 2541 1894 :
2573 1841 2888 1895 adolescens
2924 1843 2982 1899 lit
3023 1839 3272 1910 juvenis;
3329 1839 3532 1908 quzeris
3567 1838 3792 1894 adolescen-

2291 1937 2402 1990 tem
2424 1975 2438 1999 ,
2468 1941 2522 1987 et
2543 1948 2647 1986 non
2669 1941 2752 1986 est
2775 1949 2787 1984 :
2811 1931 3024 2002 juvenis
3051 1931 3108 1984 fit
3142 1945 3310 1985 senex
3338 1945 3354 1995 ;
3388 1931 3580 2000 qna-ris
3600 1931 3791 1999 juvenem,

2291 2034 2345 2079 et
2367 2041 2471 2078 non
2505 2023 2711 2079 invenis
2742 2042 2756 2078 :
2783 2033 2836 2078 et
2861 2038 3026 2078 senex
3063 2023 3333 2088 moritur;
3373 2021 3568 2092 quatris
3591 2033 3793 2089 senem,et

2292 2133 2398 2171 non
2431 2116 2658 2172 iuvenis.
2707 2115 2824 2170 Non
2851 2123 2960 2170 stat
2984 2130 3112 2186 ergo
3140 2124 3270 2170 tetas
3303 2123 3493 2170 nostra
3523 2131 3537 2169 :
3565 2113 3720 2185 ubique
3745 2114 3792 2166 ta-

2293 2211 2477 2282 tigatio
2501 2219 2600 2274 est,
2649 2208 2843 2279 ubique
2883 2208 3162 2272 lassitudo,
3205 2208 3410 2278 ubique
3450 2207 3710 2276 corruptio.
3733 2207 3793 2260 Al-

2293 2302 2574 2358 tcudentes
2601 2302 2818 2372 qualem
2849 2300 3004 2355 nobis
3035 2315 3184 2369 spem
3211 2298 3624 2354 resurrectionis
3647 2296 3793 2368 pmmit.

2295 2405 2369 2449 tat
2397 2396 2555 2461 Deus,
2579 2395 2634 2449 in
2658 2396 2772 2448 istis
2801 2393 3050 2447 omnibus
3081 2391 3472 2462 nuiltiplicibus
3496 2389 3793 2446 defectionibus

2293 2487 2490 2539 nostris
2529 2487 2739 2538 sitimus
2786 2485 2926 2538 illam
2982 2483 3480 2552 incorruptionem;
3525 2490 3576 2538 et
3619 2483 3680 2537 sic
3715 2497 3792 2536 caro

2293 2585 2476 2632 nostra
2518 2575 2882 2646 multipliciter
2917 2574 3029 2629 sitit
3050 2574 3175 2628 Deo.
3201 2573 3256 2628 lu
3285 2573 3392 2628 ista
3424 2573 3658 2638 ldumrca,
3682 2571 3790 2626 iaislo

2293 2671 2527 2735 deserto,
2555 2685 2712 2740 quam
2740 2669 3101 2736 multipliciter
3121 2667 3350 2733 laborat,
3387 2675 3494 2721 tam
3520 2665 3790 2734 multipliciter

2294 2763 2406 2816 sitit
2435 2776 2449 2826 ;
2485 2776 2642 2830 quam
2675 2759 3039 2828 multipliciter
3068 2757 3339 2830 fatigatur,
3374 2767 3484 2813 tam
3523 2755 3791 2828 multipliciter

2293 2853 2406 2908 sitit
2433 2853 2576 2908 illam
2600 2850 2976 2920 infatigabilem
3005 2850 3490 2920 incorruptionem.

2365 2945 2418 2998 7.
2451 2942 2619 3016 [verm
2648 2940 2729 3016 5.]
2781 2941 3114 3012 Quanquam,
3157 2941 3354 2996 fratres
3403 2940 3530 3005 mei,
3568 2938 3674 2994 boni
3707 2937 3787 2992 clui-

2295 3036 2452 3089 stiaoi
2485 3048 2539 3090 et
2568 3034 2738 3089 fidelis
2759 3035 2918 3090 etiam
2957 3034 3009 3088 in
3055 3033 3156 3088 hoc
3186 3033 3390 3088 sarculo
3421 3049 3545 3088 caro
3572 3033 3663 3087 Deo
3697 3031 3788 3084 sitit:

2294 3129 2417 3198 quia
2441 3128 2484 3182 si
2513 3143 2646 3197 opus
2671 3136 2755 3182 est
2787 3125 2936 3180 carni
2965 3140 3120 3195 pane,
3173 3124 3218 3178 si
3241 3139 3384 3195 Opus
3407 3136 3490 3180 est
3509 3138 3650 3195 aqua,
3666 3123 3792 3190 siopas

2293 3227 2379 3273 est
2403 3220 2544 3283 vino,
2591 3219 2634 3274 si
2678 3235 2810 3289 opus
2838 3225 3204 3280 est'nummo,
3248 3217 3296 3271 si
3343 3231 3481 3288 opus
3519 3224 3596 3272 est
3623 3215 3792 3286 iumento

2294 3311 2440 3366 carui
2481 3311 2626 3377 huic,
2657 3325 2686 3365 a
2710 3311 2820 3366 Deo
2849 3319 3030 3381 petere
3053 3309 3234 3377 debet,
3284 3325 3398 3364 non
3433 3325 3466 3364 a
3496 3307 3742 3370 demoniis,
3760 3313 3794 3358 et

2295 3396 2472 3462 idolis,
2516 3406 2567 3450 et
2597 3411 2626 3450 a
2652 3397 2834 3450 nescio
2856 3397 3046 3466 quibus
3077 3396 3432 3465 potestatibus
3482 3393 3626 3463 hujus
3655 3390 3788 3448 saeculi.

2293 3487 2428 3542 Sunt
2477 3487 2618 3542 enim
2655 3485 2780 3556 qui,
2832 3485 3044 3558 quando
3097 3485 3290 3541 famem
3333 3486 3604 3557 patiuntur
3650 3483 3694 3538 in
3729 3481 3790 3534 isto

2297 3580 2497 3635 sazculo
2524 3620 2540 3646 ,
2619 3579 2890 3634 dimittttnt
2936 3579 3134 3644 Deum,
3175 3589 3230 3634 et
3267 3591 3462 3652 rogant
3518 3575 3786 3640 Mercurium,

2295 3681 2387 3728 aut
2412 3681 2604 3744 rogant
2629 3672 2814 3728 Jovem
2843 3681 2900 3726 ut
2933 3672 3025 3728 det
3062 3673 3186 3736 illis,
3215 3682 3306 3727 aut
3332 3689 3496 3744 quam
3538 3671 3694 3726 dicunt
3719 3667 3788 3720 te

2297 3765 2484 3820 testem
2506 3766 2546 3828 ⁸,
2576 3773 2668 3818 aut
2693 3764 2866 3833 aliqua
2901 3763 3166 3819 dremouia
3201 3763 3402 3818 similia
3428 3781 3442 3819 :
3467 3780 3568 3820 non
3605 3763 3692 3816 Deo
3721 3755 3788 3812 silit

2295 3873 2420 3913 caro
2441 3858 2698 3927 ipsorum.
2727 3854 2825 3924 Qui
2843 3865 3018 3912 autem
3053 3857 3161 3912 Deo
3182 3856 3396 3925 sitiunt,
3423 3856 3634 3924 undique
3661 3851 3789 3906 debent

2295 3949 2466 4017 sitire,
2498 3956 2553 4004 et
2572 3949 2749 4003 anima
2774 3988 2790 4014 ,
2836 3957 2890 4004 et
2915 3963 3076 4004 carne
3109 3934 3292 4018 :quia‘
3306 3957 3366 4003 et
3399 3950 3580 4004 anima:
3613 3940 3790 4000 Deasdal

2297 4055 2487 4110 panem
2529 4055 2704 4108 suum,
2733 4039 2783 4094 id
2811 4041 3126 4096 estverbum
3148 4041 3420 4104 veritatis;
3455 4049 3506 4094 et
3545 4037 3666 4093 carni
3701 4035 3791 4086 licus

2298 4133 2390 4189 dat
2409 4150 2538 4204 quae
2564 4135 2862 4188 necessaria
2893 4142 3036 4199 sunt,
3083 4134 3203 4204 quia
3228 4132 3372 4188 Deus
3406 4134 3524 4189 fecit
3552 4141 3598 4186 ct
3626 4130 3788 4183 animum

2295 4236 2350 4284 et
2377 4242 2612 4282 carnem.
2657 4227 2883 4296 Propter
2925 4243 3140 4281 carnem
3193 4236 3332 4280 tuam
3369 4241 3527 4298 rogas
3561 4217 3788 4278 dannonb:

2299 4319 2551 4392 ntnnqnid
2591 4321 2822 4375 animam
2877 4321 3015 4374 Deus
3058 4319 3202 4387 fecit,
3248 4329 3302 4376 et
3340 4335 3554 4374 carnem
3580 4309 3788 4371 tuamtla-
3845 4366 3854 4382 ι

2299 4415 2474 4469 monia
2497 4413 2772 4468 fecerunt?
2815 4413 2916 4482 Qui
2945 4413 3067 4468 fecit
3092 4415 3346 4478 animam,
3383 4413 3496 4482 ipse
3518 4409 3624 4464 fecit
3657 4415 3698 4459 et
3712 4414 3786 4454 car-

2299 4521 2420 4560 nem
2463 4523 2476 4560 :
2516 4505 2602 4576 qui
2647 4506 2770 4560 fecit
2812 4505 2994 4559 ambas
3037 4520 3144 4569 res,
3191 4505 3304 4574 ipse
3344 4504 3510 4574 pascit
3543 4500 3691 4555 ambas
3717 4507 3782 4546 re»

2299 4597 2598 4668 Utrumque
2627 4607 2863 4652 nostrum
2894 4597 3006 4652 Deo
3025 4597 3187 4664 sitiat,
3214 4607 3263 4652 et
3286 4614 3346 4652 ex
3380 4598 3552 4652 labore
3586 4583 3783 4655 multiglivi

2301 4691 2615 4760 simpliciter
2643 4691 2884 4746 satietur.

2371 4785 2425 4839 8.
2455 4783 2552 4840 Ubi
2594 4794 2769 4838 autem
2793 4783 2905 4837 sitit
2945 4782 3120 4838 anima
3169 4793 3371 4850 nostra,
3422 4791 3472 4837 et
3511 4771 3781 4844 multiplicia

2301 4893 2426 4932 caro
2455 4888 2654 4942 nostra,
2681 4894 2782 4932 non
2813 4878 3146 4946 cuicumque,
3173 4875 3266 4932 sed
3292 4877 3404 4940 tibi,
3428 4874 3650 4934 Domine,
3674 4865 3710 4919 id
3730 4870 3776 4913 ρει

2305 4971 2416 5025 Deo
2433 4981 2636 5035 nostro;
2663 4969 2746 5023 ubi
2770 4970 2920 5024 sitit?
2960 4968 3024 5022 In
3055 4979 3186 5023 terra
3223 4970 3416 5022 deserta
3442 5009 3457 5036 ,
3490 4976 3532 5020 ct
3562 4965 3649 5018 sine
3667 4959 3775 5016 ΕΜ,ίῖ

2301 5062 2567 5131 sincaqua.
2592 5059 2854 5116 Saeculum
2876 5059 3013 5114 istud
3034 5060 3280 5124 diximus;
3300 5060 3410 5129 ipsa
3425 5042 3774 5113 εειΙάυηιεεει,Ιιοιε

2305 5165 2388 5210 est
2417 5155 2684 5210 desertum
2716 5154 2982 5220 ldummze,
3003 5153 3144 5208 unde
3161 5153 3366 5208 titulum
3388 5151 3603 5208 Psalmus
3618 5133 3768 5203 accepit

2307 5246 2374 5301 In
2403 5256 2535 5302 terra
2555 5247 2768 5301 deserta.
2797 5246 2988 5301 Parum
3013 5255 3114 5312 est,
3143 5245 3368 5314 deserta,
3395 5244 3480 5300 ubi
3499 5240 3645 5298 nullus
3659 5225 3769 5287 homi'

2308 5356 2434 5395 num
2463 5340 2700 5406 habitat;
2728 5340 2965 5412 insuper,
3007 5349 3054 5393 et
3087 5339 3195 5394 sine
3218 5341 3319 5408 via,
3361 5341 3526 5394 cuiue
3549 5347 3666 5403 aqua.
3703 5321 3766 5376 [ll-

2373 5482 2390 5513 ι
2426 5477 2559 5536 Edd.,
2581 5483 2662 5527 aut
2683 5490 2826 5540 quem
2841 5475 3008 5527 dicunt
3035 5474 3268 5526 cmtestem
3463 5461 3764 5540 Abest

2309 5549 2414 5593 Mss.
2426 5523 2662 5603 Etiamsi};
2678 5523 2867 5589 (mare;
2873 5523 2937 5586 si;
2941 5523 3248 5603 t’,"qutt,1iagig
3258 5523 3342 5586 dic
3348 5541 3422 5584 mu
3437 5523 3761 5603 cerfrcrtfauﬂ

2310 5583 2901 5663 ινξῖοξᾶἶιρδιριῖι-ίάιῖέέ
2909 5583 3144 5649 militioni
3161 5583 3289 5663 atris
3302 5583 3486 5663 paganis
3505 5583 3762 5663 Deaiiﬂﬂ'f

2311 5644 2451 5727 ἐίξῗιῖὀ
2473 5644 3417 5727 tam};issit;z'az'gag-regtansass
3429 5644 3758 5727 fumeo“

2316 5707 2450 5779 ἓὟὲιῖ
2471 5707 2952 5788 euangeliis;
2973 5707 3127 5773 iifiib.
3148 5707 3184 5771 ’2
3199 5707 3264 5773 de
3283 5707 3413 5772 om;
3428 5716 3520 5778 Dei,
3539 5707 3576 5762 ὃ.
3593 5707 3630 5757 ι.
