3912 6452
113 493 224 556 753

109 649 234 692 nam
258 636 338 694 vel
367 637 508 694 viam
534 637 754 696 haberet
784 640 954 710 ipsum
981 640 1280 697 desertum!
1332 643 1534 698 utinam
1563 645 1688 701 illuc

112 727 268 786 homo
293 731 592 799 incurrens,
622 731 706 787 vel
737 743 917 787 nosset
937 749 1038 802 qua
1065 733 1188 788 inde
1217 735 1413 789 exiret!
1460 735 1572 790 Non
1605 737 1685 790 vi-

114 821 200 880 det
225 825 486 880 hominem
522 827 587 880 ad
612 825 882 891 solatium,
928 843 1031 882 non
1054 827 1195 882 videt
1220 829 1356 882 viam
1385 845 1486 900 qua
1507 839 1688 886 careat

121 913 336 972 deserto.
366 917 508 988 Ergo
525 916 594 972 ibi
617 917 848 972 divertit.
869 918 1080 974 Utinam
1101 929 1246 974 esset
1265 919 1345 975 vel
1362 936 1520 990 aqua,
1547 921 1684 976 unde

116 1008 429 1076 reﬁceretur,
461 1010 548 1080 qui
575 1009 698 1064 inde
727 1027 834 1065 non
867 1021 1038 1080 petest
1067 1012 1249 1068 exire!
1285 1013 1473 1068 Malum
1495 1013 1682 1070 deser-

113 1111 238 1169 tum,
262 1103 514 1159 horribile
544 1113 598 1159 et
629 1087 919 1160 timendum
945 1107 959 1159 Ξ
992 1117 1045 1162 ει
1068 1115 1241 1161 tamen
1270 1107 1407 1162 Deus
1433 1107 1683 1162 misertus

107 1208 194 1255 est
213 1197 392 1265 nostri,
421 1205 476 1253 et
503 1195 632 1253 fecit
667 1198 821 1253 nobis
853 1201 989 1253 vium
1013 1199 1064 1253 in
1092 1199 1326 1267 deserto,
1361 1201 1533 1270 ipsum
1579 1201 1682 1255 Do-

99 1290 294 1343 minum
324 1298 566 1343 nostrum
602 1287 784 1344 Jesum
831 1289 1097 1344 Christum
1150 1289 1326 1363 (Joan.
1351 1307 1460 1356 xtv,
1489 1292 1586 1360 6);
1627 1299 1680 1348 et

103 1381 231 1437 fecit
249 1379 402 1435 nobis
427 1379 851 1436 consolationem
881 1382 931 1434 in
955 1380 1190 1447 deserto,
1222 1382 1482 1438 mittendo
1499 1383 1561 1438 ad
1582 1399 1679 1440 nos

95 1471 472 1542 prtedicatores
501 1471 650 1528 verbi
682 1473 762 1527 sui
790 1489 805 1538 ;
837 1483 885 1526 et
916 1472 1064 1528 dedit
1093 1473 1247 1528 nobis
1277 1489 1466 1544 aquam
1495 1475 1546 1529 in
1585 1477 1676 1530 de-

89 1575 258 1632 serto,
295 1565 524 1636 impleas
551 1565 748 1637 Spiritu
799 1579 986 1620 sancto
1015 1566 1390 1636 prmdicatores
1433 1582 1579 1635 suos,
1621 1577 1679 1623 ιιι

84 1658 244 1713 lieret
265 1659 315 1713 in
361 1657 442 1713 eis
485 1657 602 1713 fons
648 1672 800 1728 aqua:
843 1659 1084 1712 salientis
1115 1659 1168 1713 in
1210 1659 1372 1713 vitam
1417 1669 1672 1715 aeternam

81 1749 208 1822 (λά.
233 1767 302 1819 tv,
331 1747 446 1822 14).
490 1751 556 1806 Et
600 1765 725 1807 ecce
757 1751 1010 1806 habemus
1040 1752 1124 1806 hic
1166 1753 1376 1819 omnia;
1428 1753 1520 1806 sed
1565 1769 1669 1808 non

77 1850 216 1897 sunt
255 1839 322 1896 dc
367 1841 602 1897 deserto.
655 1842 796 1913 Ergo
854 1843 1230 1912 proprietatem
1279 1844 1475 1898 deserti
1526 1846 1674 1915 prius

72 1932 472 1990 culummendavit
497 1932 758 1995 Psalmtts,
805 1945 860 1986 ut
889 1943 943 1989 et
966 1945 1020 1988 tu
1045 1949 1164 1990 cum
1192 1936 1434 1992 audisses
1485 1937 1536 1990 in
1567 1952 1673 2006 quo

75 2030 230 2084 nlalo
251 2041 418 2093 esses,
461 2027 505 2082 si
555 2041 688 2097 quas
717 2026 803 2082 hic
825 2026 1021 2082 habere
1049 2043 1236 2098 posses
1256 2027 1669 2096 consolationes,

82 2119 164 2176 vel
199 2121 487 2182 sociorum,
539 2119 620 2174 vel
650 2120 769 2186 viae,
801 2121 882 2174 vel
911 2136 1085 2190 aqum,
1132 2136 1237 2176 non
1281 2123 1544 2178 tribueres
1572 2123 1668 2178 de-

80 2223 254 2280 serto,
283 2213 376 2268 sed
401 2212 475 2268 illi
507 2213 595 2282 qui
627 2220 678 2267 te
710 2211 930 2269 visitare
953 2214 1201 2284 dignatus
1226 2224 1305 2268 est
1346 2214 1396 2268 in
1428 2214 1664 2270 deserto.

143 2305 206 2361 9.
248 2303 334 2359 Sic
361 2304 414 2356 in
438 2311 612 2357 sancto
633 2305 848 2375 apparati
873 2303 980 2370 tibi,
1024 2314 1076 2357 ut
1120 2303 1338 2358 viderem
1387 2307 1662 2374 potentiam

78 2406 246 2464 tuam,
291 2405 338 2450 et
363 2395 578 2466 gloriam
615 2405 771 2448 litum.
821 2394 1000 2450 Primo
1034 2395 1199 2451 sitivit
1243 2395 1417 2449 anima
1449 2411 1587 2458 mea,
1616 2404 1670 2450 et

76 2504 206 2545 caro
231 2503 345 2544 mea
377 2487 740 2558 multipliciter
771 2488 860 2542 tibi
891 2489 941 2542 in
961 2487 1197 2554 deserto,
1227 2499 1280 2542 et
1313 2489 1362 2542 in
1394 2498 1532 2543 terra
1555 2490 1669 2544 sine

75 2584 176 2647 via,
213 2589 268 2636 et
292 2581 407 2634 sine
435 2595 606 2650 aqua;
651 2589 704 2634 et
727 2579 871 2634 sicin
895 2591 1070 2634 sancto
1095 2579 1311 2650 apparui
1341 2579 1448 2645 tibi,
1496 2589 1552 2633 ut
1594 2580 1670 2634 ri-

76 2672 249 2726 derent
273 2669 544 2741 potentiam
571 2679 730 2736 luant,
766 2680 812 2723 et
833 2669 1048 2741 gloriam
1076 2681 1233 2724 luant.
1275 2671 1384 2724 Nisi
1409 2673 1528 2742 quis
1558 2673 1669 2742 pri-

74 2778 159 2816 mo
193 2761 341 2816 sitiat
382 2761 435 2815 in
465 2761 568 2814 isto
597 2761 831 2827 deserto,
879 2760 929 2814 id
955 2771 1037 2816 est
1083 2761 1224 2815 malo
1268 2762 1320 2814 in
1365 2778 1472 2831 quo
1510 2771 1590 2816 est
1623 2763 1662 2830 ί,

74 2869 346 2924 nunquam
379 2851 620 2924 pervenit
647 2852 713 2908 ad
742 2853 938 2908 bonmu
963 2853 1105 2923 quod
1132 2863 1214 2908 est
1245 2853 1406 2908 Deus.
1435 2853 1667 2924 Apparui

75 2954 260 3000 autem
287 2945 394 3009 tibi,
429 2945 620 3015 inquit,
649 2945 701 2999 in
747 2955 942 2998 sancto.
993 2944 1109 2999 Jam
1136 2945 1187 2998 in
1220 2954 1404 2999 sancto
1429 2955 1511 2999 est
1553 2961 1666 3000 ma-

74 3051 176 3107 gna
212 3036 530 3090 consolatio.
564 3036 797 3106 Apparui
823 3034 929 3097 tibi,
949 3035 1076 3106 quid
1091 3036 1210 3090 est?
1236 3034 1530 3092 Utvideres
1546 3052 1659 3091 me:

68 3140 118 3186 et
142 3129 276 3186 ideo
302 3130 478 3184 vidisti
520 3145 604 3185 me
632 3139 689 3184 ut
715 3129 952 3184 viderem
985 3139 1056 3184 te.
1101 3127 1332 3199 Apparui
1363 3128 1471 3196 tibi,
1505 3141 1558 3183 ut
1586 3130 1664 3182 vi-

67 3225 265 3282 derem.
301 3223 418 3280 Non
449 3223 604 3279 dixit.
639 3224 870 3294 Apparni
897 3223 1012 3288 tibi,
1047 3232 1104 3278 ut
1131 3223 1512 3288 videres;sed,
1557 3222 1664 3292 Ap-

64 3317 228 3389 parui
255 3317 362 3384 tibi,
391 3317 682 3371 inriderent
705 3317 981 3388 potentiam
1003 3328 1162 3382 tuam,
1192 3327 1237 3370 et
1265 3317 1481 3388 gloriam
1502 3328 1658 3370 tuam.

63 3409 228 3468 Unde
254 3419 308 3465 ct
331 3410 620 3481 Apostolus
655 3427 666 3460 :
701 3399 863 3462 Nunc
893 3419 1079 3473 autem,
1109 3410 1303 3479 inquit,
1355 3425 1660 3480 cognoscen-

63 3512 130 3558 tes
160 3502 338 3556 Deum
357 3545 373 3569 ,
410 3503 512 3557 imo
535 3501 722 3574 cogniti
745 3518 776 3554 a
801 3499 1070 3572 Deo(Gal.
1102 3515 1182 3565 tv,
1205 3500 1289 3570 9).
1322 3500 1474 3554 Prius
1517 3501 1659 3555 enim

61 3594 394 3663 apparuistis
425 3593 557 3660 Deo,
589 3601 646 3646 ut
669 3593 837 3662 possit
887 3592 1040 3646 vobis
1081 3607 1339 3662 apparere
1390 3592 1543 3645 Deus.
1593 3590 1660 3646 Ut

57 3687 290 3741 uiderem
315 3686 589 3756 potentiam
617 3697 777 3750 tuam,
809 3694 856 3738 et
883 3685 1096 3756 gloriam
1145 3693 1302 3737 tuam.
1358 3683 1560 3737 Revera
1606 3684 1659 3738 in

58 3777 158 3830 isto
185 3775 430 3838 deserto,
463 3775 513 3830 id
549 3784 632 3830 est
663 3776 713 3829 in
745 3775 842 3830 ista
869 3789 1074 3837 eremo,
1105 3773 1149 3828 si
1173 3783 1420 3844 tanquam
1449 3773 1516 3827 ab
1543 3788 1663 3828 cre-

52 3881 142 3920 mo
163 3866 361 3937 exigat
380 3865 544 3920 homo
562 3865 701 3936 quod
721 3866 821 3920 sibi
849 3865 1004 3920 saluti
1031 3873 1133 3930 est,
1159 3879 1430 3934 nunquam
1462 3863 1662 3918 videbit

50 3959 365 4028 potentiam
399 3959 631 4024 Domini,
659 3967 713 4014 et
737 3957 962 4028 gloriam
1004 3957 1212 4011 Domini
1240 3974 1254 4022 ;
1278 3956 1369 4011 sed
1417 3973 1660 4012 remane-

43 4053 124 4109 hit
149 4052 266 4109 siti
297 4053 618 4118 moriturus;
668 4069 768 4108 nec
795 4056 934 4108 vlam
965 4051 1220 4118 inveniet,
1264 4066 1363 4106 nec
1411 4051 1658 4107 consola-

41 4148 268 4203 tionem
291 4149 334 4212 ’,
366 4163 466 4204 nec
489 4162 680 4218 aquam
711 4162 807 4224 per
832 4161 990 4217 quam
1023 4146 1180 4200 duret
1212 4147 1262 4199 in
1291 4160 1494 4200 eremo.
1523 4144 1658 4200 Cum

34 4249 249 4294 autem
278 4240 510 4296 erexerit
541 4255 598 4294 se
617 4240 682 4294 ad
713 4241 900 4304 Deum,
937 4247 995 4292 ut
1021 4239 1160 4294 dicat
1202 4239 1272 4292 illi
1305 4255 1366 4293 ex
1410 4239 1659 4294 medullis

34 4331 343 4396 omnibus,
397 4331 568 4388 Sitivit
595 4333 684 4386 tibi
725 4333 897 4386 anima
944 4349 1265 4401 numquam
1317 4333 1662 4404 multipliciter

29 4423 125 4476 tibi
153 4433 229 4477 et
253 4439 372 4477 caro
393 4439 540 4488 mea;
565 4439 630 4478 ne
661 4422 798 4479 forte
817 4423 900 4478 vel
917 4425 1233 4502 necessaria
1261 4425 1438 4478 carnis
1453 4425 1521 4479 ab
1542 4425 1660 4481 aliis

28 4521 220 4582 petat
247 4525 302 4569 et
344 4529 500 4569 nona
532 4515 662 4580 lleo,
711 4525 800 4568 aut
845 4530 950 4568 non
991 4515 1260 4570 desideret
1302 4515 1445 4570 illam
1475 4530 1658 4571 resur-

24 4615 169 4660 rectx
202 4619 360 4660 onem
391 4606 570 4660 carnis
614 4621 772 4676 quam
820 4605 974 4660 nobis
1019 4607 1280 4675 promittit
1319 4608 1458 4664 Dens
1492 4625 1504 4660 :
1535 4623 1655 4662 cum

27 4711 173 4767 ergo
215 4711 278 4752 se
309 4697 562 4763 erexerit,
604 4695 825 4750 habebit
853 4711 955 4749 non
990 4711 1178 4766 parvas
1205 4697 1618 4776 consolationes.

114 4791 216 4844 tu.
253 4789 415 4854 Ecce,
443 4788 656 4854 fratres,
691 4788 962 4860 qumuodo
1005 4805 1131 4843 caro
1181 4797 1363 4843 nostra
1403 4791 1656 4860 quamdiu

43 4881 318 4936 mortalis
343 4891 446 4948 est,
501 4881 754 4951 quamdiu
786 4881 986 4950 fragilis
1015 4889 1117 4944 est,
1159 4891 1283 4934 ante
1306 4881 1446 4934 illam
1475 4899 1656 4938 resur-

37 4973 362 5026 rectionem
389 4972 552 5028 habet
579 4972 767 5028 solatia
799 4973 896 5026 ista
929 4971 1120 5042 quibus
1149 4971 1397 5039 vivimus,
1443 4988 1653 5042 panem,

34 5080 278 5135 aquam,
311 5065 538 5131 fructus,
564 5064 768 5132 vinum,
795 5063 973 5119 oleum
1015 5063 1150 5136 (ista
1177 5065 1353 5118 omnia
1382 5065 1568 5119 solatia
1603 5075 1658 5121 et

37 5157 298 5212 subsidia
328 5158 372 5212 si
413 5173 512 5211 nos
543 5155 814 5222 deserant,
869 5157 1050 5228 utique
1082 5157 1276 5212 durare
1323 5172 1427 5212 non
1469 5174 1657 5228 possu-

37 5267 176 5304 mus
205 5249 226 5321 )
255 5250 500 5323 quamvis
523 5249 757 5306 nondum
781 5252 1043 5322 receperit
1063 5267 1190 5308 cato
1223 5253 1322 5306 ista
1369 5253 1650 5310 sanitatem

39 5344 210 5397 illam
239 5347 553 5414 perlectam,
597 5343 684 5399 ubi
708 5343 903 5398 nullam
937 5345 1167 5414 patietur
1189 5347 1510 5416 angustiam,
1538 5347 1655 5402 nul-

41 5437 153 5490 lam
207 5437 553 5508 indigentiam
584 5455 601 5491 :
633 5438 712 5492 sic
741 5447 794 5492 et
817 5439 990 5492 anima
1020 5448 1200 5494 nostra
1225 5455 1344 5494 cum
1370 5440 1455 5496 hic
1475 5425 1558 5496 est
1598 5442 1650 5497 in

47 5540 143 5582 Sta
182 5541 374 5598 carne,
405 5531 544 5585 inter
571 5530 892 5585 teutationcs
921 5543 974 5585 et
1003 5533 1235 5602 pericula
1262 5535 1440 5590 saeculi
1473 5534 1647 5604 huius,

41 5620 232 5675 adhuc
249 5633 337 5680 est
361 5623 608 5690 inlirma;
637 5623 799 5678 habet
823 5624 981 5680 etiam
1010 5625 1124 5695 ipsa
1151 5627 1338 5680 solatia
1362 5629 1528 5693 verbi,
1561 5643 1651 5683 so-

39 5714 166 5767 atia
227 5717 519 5784 orationis,
571 5716 758 5772 solatia
811 5717 1182 5787 disputationis
1213 5737 1224 5772 :
1255 5722 1334 5774 sic
1381 5732 1505 5776 sunt
1549 5723 1647 5778 ista

79 5872 112 5943 ⁸.
131 5864 403 5943 Plerique
427 5882 555 5935 Mss».
575 5871 628 5925 in
648 5871 740 5926 isto
761 5872 888 5925 malo
907 5873 960 5926 in
980 5887 1074 5941 quo
1094 5881 1165 5928 est
1191 5887 1210 5927 :
1227 5889 1322 5929 nec
1334 5876 1536 5943 habent,
1560 5880 1648 5932 de-

25 5935 169 5988 crto,
185 5928 264 5991 id
277 5928 372 5990 ait.

70 5994 96 6025 ³
132 5989 364 6066 Aliquo:
384 6007 515 6058 Mss,
537 5997 894 6048 consalutatum.

1151 589 1156 594 ἴ
1191 503 1591 566 ENARRATIO
1620 511 1686 568 IN
1723 511 2048 573 PSALMUM
2092 519 2248 574 LXII.

3279 535 3386 594 754

1795 647 1987 703 animm
2013 661 2227 720 nostrae,
2255 656 2522 725 quomodo
2556 659 2642 713 illa
2673 662 2852 717 carnis
2876 671 3094 720 nostrae.
3120 666 3255 722 Cum
3283 684 3381 724 au-

1797 749 1902 794 tem
1932 747 2280 818 resnrrexerit
2303 764 2428 803 caro
2471 762 2671 820 nostra,
2705 764 2766 808 ut
2796 755 2906 824 jam
2937 757 3054 812 istis
3094 774 3200 814 non
3233 761 3377 818 indic

1793 847 2033 902 geamus,
2092 837 2305 893 habebit
2349 841 2524 897 locum
2553 846 2836 914 quemdam
2884 859 2936 902 ct
2961 858 3157 906 statum
3195 852 3377 910 incor-

1795 926 2054 994 ruptionis
2084 943 2193 982 suae
2224 949 2238 984 :
2265 931 2343 986 sic
2389 941 2443 988 et
2480 937 2654 988 anima
2709 946 2892 992 nostra
2935 939 3149 996 habebit
3197 942 3377 1000 cibum

1793 1030 1970 1082 suum,
1989 1018 2162 1088 ipsum
2195 1018 2421 1077 Verbum
2455 1024 2570 1090 Dei,
2593 1041 2690 1096 per
2714 1027 2855 1096 quod
2880 1028 3016 1084 facta
3045 1040 3169 1086 sunt
3195 1035 3376 1091 omnia

1796 1106 1973 1180 (Joan.
2006 1127 2042 1178 t,
2067 1112 2145 1180 5).
2167 1112 2366 1169 Tamen
2388 1119 2584 1186 gratias
2608 1119 2734 1185 Deo,
2767 1121 2856 1191 qui
2879 1123 3036 1178 modo
3060 1124 3112 1179 in
3132 1124 3233 1181 hac
3252 1141 3376 1182 ere-

1791 1215 1880 1252 mo
1907 1217 2010 1254 non
2040 1219 2135 1257 nos
2163 1205 2392 1272 deserit;
2429 1208 2542 1263 sive
2576 1210 2753 1265 dando
2781 1213 2934 1268 nobis
2956 1215 3097 1284 quod
3125 1233 3374 1274 necessa-

1789 1291 1926 1346 rium
1951 1302 2028 1347 est
2051 1294 2219 1362 carni,
2246 1297 2360 1353 sive
2385 1298 2564 1352 dando
2607 1301 2760 1356 nobis
2790 1303 2930 1372 quod
2962 1305 3156 1362 animae
3187 1323 3378 1364 neces-

1789 1383 1986 1438 sarium
2017 1395 2211 1442 est:et
2253 1391 2467 1459 quando
2515 1407 2612 1446 nos
2658 1394 2922 1464 aliquibus
2967 1401 3392 1470 necessitatibqu

1787 1476 1982 1542 erudit,
2008 1478 2117 1532 vult
2147 1489 2202 1533 ut
2232 1483 2461 1552 amplius
2484 1483 2634 1539 illum
2667 1485 2985 1556 diligamus;
3017 1505 3086 1544 ne
3115 1488 3251 1547 forte
3279 1476 3388 1562 per,

1787 1568 2024 1636 saginam
2052 1585 2476 1642 corrumpamur,
2527 1584 2582 1630 et
2625 1576 3004 1634 obliviscamur
3047 1596 3190 1636 cum.
3238 1557 3402 1638 SubJ

1788 1658 1949 1713 trahit
1977 1661 2132 1716 nobis
2158 1663 2441 1733 aliquando
2469 1682 2586 1736 qum
2615 1671 2914 1741 necessaria
2936 1681 3082 1741 sunt,
3116 1683 3170 1728 et
3198 1675 3378 1730 atterit

1786 1765 1916 1815 nos;
1947 1761 2003 1805 ut
2027 1754 2259 1809 sciamus
2281 1758 2400 1826 quia
2433 1757 2592 1828 Pater
2623 1770 2677 1815 et
2717 1762 2976 1819 Dominus
3005 1775 3110 1831 est,
3157 1783 3263 1822 non
3285 1783 3378 1824 so-

1783 1841 1892 1896 lum
1922 1842 2215 1911 blandiens,
2243 1849 2337 1904 sed
2365 1857 2419 1904 et
2447 1851 2742 1920 ﬂagellatis.
2793 1855 3063 1924 Praeparat
3087 1858 3238 1913 enim
3269 1875 3372 1916 nos

1787 1934 1998 1990 cuidam
2033 1935 2330 1994 lia-reditati
2359 1941 2744 2012 incorruptibili
2783 1953 2837 2000 et
2871 1962 3096 2018 magnae.
3127 1948 3184 2005 Si
3210 1965 3375 2008 unam

1781 2041 2028 2098 cuppam,
2056 2039 2146 2084 aut
2167 2047 2323 2086 unam
2353 2035 2540 2088 cellam
2575 2046 2740 2102 tuam,
2781 2046 2873 2091 aut
2893 2039 2936 2093 si
2967 2039 3090 2110 quid
3116 2041 3282 2098 babes
3311 2043 3370 2098 in

1781 2117 1940 2174 domo
1963 2133 2051 2174 tua
2081 2163 2094 2187 ,
2142 2124 2343 2192 cogitas
2369 2123 2640 2181 dimittere
2679 2128 2786 2182 tilio
2814 2138 2925 2198 tuo,
2967 2141 3023 2186 et
3069 2147 3138 2188 ne
3184 2134 3376 2204 perdat

1780 2209 1931 2274 illud,
1977 2213 2156 2266 crudis
2201 2229 2344 2281 eum,
2393 2227 2446 2270 et
2489 2216 2714 2286 ﬂagellis
2757 2235 2880 2274 eum
2927 2222 2995 2276 ad
3031 2222 3371 2296 disciplinam

1780 2305 2025 2374 corrigis,
2071 2321 2138 2359 ne
2171 2307 2357 2376 perdat
2384 2309 2516 2362 nihil
2541 2319 2708 2376 tuum,
2742 2313 2883 2381 quod
2913 2321 2970 2369 et
2999 2316 3114 2384 ipse
3157 2316 3244 2372 hic
3289 2319 3373 2373 di-

1779 2395 2040 2450 missurus
2067 2407 2169 2459 est,
2195 2399 2332 2458 sicut
2351 2407 2406 2453 et
2436 2408 2488 2454 tu
2515 2417 2529 2465 ;
2561 2417 2666 2456 non
2690 2403 2767 2458 vis
2785 2412 2843 2458 ut
2867 2419 2964 2459 nos
2982 2407 3191 2462 erudiat
3211 2409 3372 2466 Pater

1778 2466 1961 2541 nos'ter
1990 2488 2042 2542 in
2076 2487 2300 2559 ﬂagellis
2325 2493 2484 2546 etiam
2529 2495 2905 2550 necessitatum
2945 2507 3037 2551 aut
3073 2499 3372 2556 tribulatio-

1777 2595 1926 2645 num,
1959 2583 2046 2652 qui
2069 2583 2224 2638 nobis
2254 2585 2413 2640 talem
2454 2586 2820 2644 haereditatem
2858 2589 3078 2647 daturus
3109 2602 3214 2660 est,
3245 2610 3367 2665 quas

1775 2673 2006 2728 transire
2031 2690 2135 2727 non
2167 2676 2378 2744 possit?
2405 2676 2784 2734 Hereditatem
2813 2682 2954 2735 enim
3002 2685 3156 2739 nobis
3217 2684 3371 2742 dabit

1775 2763 2009 2831 seipsum
2041 2765 2200 2833 Deus,
2231 2776 2288 2821 ut
2310 2767 2481 2836 ipsum
2510 2769 2899 2840 possideamus,
2933 2781 2988 2828 et
3011 2775 3079 2829 ab
3100 2775 3216 2846 ipso
3239 2792 3368 2846 pos-

1775 2853 2046 2908 sideamur
2074 2855 2128 2910 in
2155 2866 2434 2911 :rternum.

1847 2945 1946 3020 11..
1966 2947 2106 3016 Ergo
2145 2947 2198 3001 in
2235 2959 2420 3004 sancto
2447 2952 2982 3027 appareamusDeo,
3017 2964 3076 3010 ut
3114 2967 3371 3028 appareat

1772 3035 1964 3102 nobis;
1997 3053 2345 3108 appareamus
2377 3041 2449 3094 illi
2481 3041 2532 3094 in
2565 3051 2750 3097 sancto
2779 3043 3080 3113 desiderio,
3111 3057 3172 3103 ut
3199 3063 3366 3120 appa-

1772 3136 1887 3182 reat
1918 3128 2069 3182 nobis
2102 3129 2157 3184 in
2190 3131 2423 3198 potentia
2455 3143 2507 3186 et
2545 3133 2708 3202 gloria
2739 3133 2836 3188 Flii
2870 3134 2983 3189 Dei.
3016 3137 3192 3193 Multis
3221 3141 3364 3196 enim

1771 3232 1877 3273 non
1900 3221 2176 3288 apparuit;
2203 3221 2310 3276 sint
2337 3221 2391 3276 in
2419 3232 2624 3290 sant-to,
2647 3233 2707 3278 ut
2729 3235 2984 3295 appareat
3003 3235 3056 3282 et
3081 3229 3204 3284 illis.
3228 3229 3364 3288 Nam

1771 3310 1922 3364 multi
1955 3319 2139 3380 putant
2163 3312 2310 3367 illum
2337 3315 2702 3369 tantummodo
2727 3315 2999 3372 hominem
3028 3317 3215 3388 fuisse,
3241 3321 3366 3392 quia

1770 3401 2090 3470 praedicatur
2118 3413 2276 3458 natus
2315 3420 2378 3458 ex
2420 3404 2662 3472 homine,
2693 3408 2976 3464 cruciﬁxus
3005 3418 3058 3464 et
3086 3419 3361 3482 mortuus,

1770 3493 2072 3549 ambulasse
2103 3494 2154 3548 in
2189 3504 2349 3562 terra,
2383 3497 2728 3552 manducasse
2755 3508 2808 3552 et
2839 3499 3058 3566 bibisse,
3091 3509 3144 3558 et
3171 3511 3362 3559 caetera

1769 3585 1964 3654 egisse,
1989 3601 2106 3655 qua;
2138 3597 2260 3639 sunt
2287 3587 2551 3646 humana:
2578 3599 2633 3642 et
2659 3599 2844 3658 putant
2873 3590 3023 3644 illum
3050 3592 3208 3649 talem
3223 3593 3364 3650 Tuis-

1768 3690 1847 3740 se,
1873 3677 2057 3746 quales
2087 3685 2212 3731 sunt
2235 3679 2412 3732 cartcri
2443 3677 2706 3733 homines.
2739 3680 2975 3735 Audistis
2997 3690 3174 3744 autem
3198 3685 3362 3742 modo

1768 3783 1888 3822 cum
1931 3767 2276 3838 Evangelium
2323 3768 2620 3838 legeretur,
2661 3770 2929 3840 quomodo
2967 3774 3362 3832 commendavit

1767 3861 2098 3928 majestatem
2153 3875 2302 3913 suam
2335 3876 2348 3912 :
2383 3857 2491 3929 Ego
2530 3868 2575 3912 et
2606 3857 2763 3914 Pater
2801 3878 2962 3915 unum
2994 3879 3168 3918 sumus
3229 3863 3356 3937 (Id.

1770 3969 1836 4019 Χ,
1870 3952 1994 4023 50).
2028 3952 2167 4006 Ecce
2203 3960 2399 4022 quanta
2440 3952 2725 4020 majestas,
2767 3961 2820 4008 (‘t
2853 3962 3048 4024 quanta
3081 3956 3360 4027 aequalitas

1767 4043 1940 4098 Patris
1969 4042 2244 4098 descendit
2281 4043 2346 4097 ad
2380 4057 2594 4098 carnem
2628 4053 2844 4116 propter
2872 4044 3235 4104 infirmitatem
3259 4063 3358 4104 no-

1767 4138 1960 4192 stram!
1991 4137 2131 4192 Ecce
2159 4145 2410 4208 quantum
2436 4137 2614 4192 dilecti
2640 4153 2845 4206 sunms,
2871 4149 3157 4210 antequam
3187 4140 3356 4196 Deum

1767 4232 2140 4298 diligeremus!
2171 4231 2226 4288 Si
2253 4243 2533 4304 antequam
2563 4233 2728 4288 Deum
2755 4232 3122 4302 diligeremus,
3149 4242 3356 4292 tantum

1767 4324 1834 4378 ab
1865 4325 1953 4377 illo
1982 4325 2158 4379 dileCti
2198 4340 2414 4392 sumus,
2445 4336 2502 4379 nt
2536 4325 2794 4395 mqualem
2833 4324 2935 4379 sibi
2973 4323 3167 4380 Filium
3197 4341 3356 4382 suum

1767 4416 2034 4472 hominem
2067 4419 2265 4476 laceret
2293 4429 2510 4490 propter
2539 4435 2668 4484 nos;
2700 4417 2827 4490 quid
2855 4418 3008 4474 nobis
3035 4428 3214 4474 servat
3243 4419 3362 4491 jam.

1766 4509 2104 4580 diligentibus
2130 4509 2225 4565 se?
2253 4512 2389 4582 Ergo
2419 4511 2568 4566 multi
2597 4510 2776 4566 nescio
2801 4509 2928 4582 quid
2957 4511 3234 4567 minimum
3261 4528 3359 4583 pu-

1767 4611 1880 4655 tant
1903 4598 2210 4672 apparuissc
2239 4603 2291 4657 in
2324 4611 2460 4658 terra
2493 4602 2685 4656 Filium
2717 4603 2842 4666 Dei;
2871 4603 2993 4672 quia
3019 4617 3125 4658 non
3149 4611 3274 4659 sunt
3301 4605 3354 4660 in

1765 4706 1982 4763 sancto,
2031 4713 2136 4750 non
2185 4697 2262 4751 eis
2307 4705 2529 4766 apparet
2577 4695 2810 4765 polentia
2854 4694 3060 4764 ipsius,
3098 4705 3152 4750 et
3189 4695 3356 4766 gloria

1766 4787 1929 4856 ipsius
1955 4807 1968 4842 :
1997 4787 2047 4840 id
2073 4797 2174 4854 cst,
2197 4789 2318 4856 quia
2341 4787 2576 4840 nondum
2603 4785 2987 4841 sanctiﬁcatum
3017 4785 3213 4842 habent
3237 4802 3352 4856 cor,

1765 4881 1905 4935 unde
1936 4882 2229 4950 intelligant
2257 4880 2599 4935 eminentiam
2633 4879 2840 4932 virtutis
2872 4878 3048 4946 illius,
3075 4885 3132 4935 et
3157 4881 3354 4950 gratias

1763 4983 1920 5042 agant
1966 4973 2074 5026 Deo
2112 4972 2234 5042 quia
2282 4982 2498 5042 propter
2536 4971 2681 5040 ipsos
2715 4978 2890 5025 tantus
2929 4986 3034 5042 quo
3069 4973 3248 5038 venit,
3283 4972 3352 5029 ad

1763 5081 1919 5136 quam
1953 5065 2312 5128 nativitatem,
2343 5065 2405 5117 ad
2437 5079 2594 5132 quatn
2627 5062 2960 5133 passionem;
2995 5079 3101 5120 non
3127 5075 3353 5136 possunt

1762 5159 1941 5214 videre
1965 5158 2188 5229 gloriam
2217 5159 2382 5228 ipsius
2412 5169 2463 5212 et
2489 5159 2780 5228 potentiam
2807 5159 2990 5229 ipsius.

1834 5253 1920 5306 ω.
1967 5250 2117 5324 [υενε.
2160 5249 2238 5325 4.]
2271 5249 2522 5318 Quoniam
2561 5251 2740 5305 melior
2777 5259 2850 5305 est
2883 5249 3228 5306 misericordia
3261 5260 3352 5306 tua

1759 5363 1910 5418 super
1929 5347 2074 5400 vitas.
2098 5345 2272 5399 Multae
2301 5353 2424 5400 sunt
2447 5344 2568 5399 vita:
2596 5342 2874 5411 humanm;
2902 5343 2994 5399 sed
3023 5344 3164 5399 Deus
3186 5359 3346 5400 unam

1759 5440 1920 5494 vitam
1951 5439 2245 5509 promittit;
2277 5445 2330 5492 et
2355 5453 2461 5492 non
2489 5437 2632 5492 illam
2660 5437 2751 5491 dat
2775 5435 2928 5491 nobis
2954 5435 3102 5506 quasi
3130 5446 3350 5507 propter

1759 5532 1946 5586 merita
1975 5539 2175 5595 nostra,
2205 5529 2296 5585 sed
2327 5537 2546 5600 propter
2569 5525 2986 5583 misericordiam
3011 5541 3182 5581 suam.
3207 5527 3346 5595 Quid

1759 5623 1898 5678 enim
1931 5623 2053 5676 boni
2081 5622 2306 5692 egimus,
2335 5629 2396 5676 ut
2417 5619 2544 5675 illud
2570 5617 2930 5676 mereremur?
2949 5626 3040 5672 aut
3060 5633 3179 5689 quae
3204 5619 3347 5676 bona

1758 5712 1893 5768 facta
1915 5722 2092 5768 nostra
2116 5720 2600 5782 prmcesserunt,ut
2623 5709 2760 5764 Deus
2780 5705 2932 5764 nobis
2952 5708 3172 5778 gratiam
3192 5723 3344 5765 suam

1756 5805 1942 5860 daret?
1979 5804 2242 5874 Numquid
2285 5804 2484 5858 invenit
2518 5801 2747 5873 justitias
2776 5815 2909 5870 quas
2944 5809 3259 5868 coronaret,
3289 5811 3346 5858 et

1754 5915 1860 5956 non
1889 5900 2078 5959 delicta
2107 5917 2225 5971 quae
2253 5898 2514 5954 donaret?
2543 5896 2734 5966 Utique
2763 5893 2956 5950 delicta
2983 5910 3100 5965 quae
3125 5895 3346 5952 donavit

1757 5993 1802 6048 si
1835 5995 2020 6064 punire
2051 5992 2247 6059 vellet,
2280 6007 2384 6048 non
2419 5999 2560 6047 esset
2596 5989 2868 6060 iniustum.
2901 5986 3034 6057 Quid
3062 5991 3204 6044 enim
3236 6001 3340 6044 tam
