3912 6432
147 366 239 429 'ili‘l

147 490 413 544 successor
430 475 559 547 quia
581 468 759 528 nullus
780 468 1051 524 decessor.
1075 458 1257 530 Qualis
1282 460 1365 515 ilia
1393 456 1605 530 patria?
1621 455 1728 512 Sed

148 574 344 634 divitias
371 546 458 625 hic
481 564 663 622 amas?
692 560 809 634 ipse
837 558 981 615 Deus
1004 552 1100 613 tibi
1123 553 1446 609 erit‘divitia:
1473 560 1593 604 tum.
1622 546 1730 604 Sed

150 684 283 729 amas
314 667 514 722 fontem
546 658 786 716 bonum?
813 652 949 725 Quid
983 652 1284 725 priceiarins
1313 646 1404 703 illa
1435 642 1732 716 sapientia?

150 761 268 834 quid
293 754 558 814 lucidius?
585 747 850 834 Quidquid
884 746 971 834 hic
1001 750 1176 816 potest
1203 740 1371 795 amari
1389 780 1404 803 ,
1435 751 1530 807 pro
1554 733 1732 789 omni-

151 826 241 912 bus
270 851 361 907 tibi
388 848 493 903 erit
521 844 611 917 qui
645 832 771 898 l‘e0it
812 832 1010 895 omnia.
1058 832 1320 905 Tanquam
1358 830 1510 898 adipe
1535 836 1582 881 et
1615 826 1730 897 pin-

152 947 351 1023 goediae
374 941 631 1012 repleatur
654 936 824 990 animo
847 946 993 998 mea;
1018 935 1065 984 et
1090 927 1227 982 labia
1248 921 1597 979 exsultationis
1623 917 1734 972 lan-

153 1012 331 1097 dubant
369 1047 549 1090 nomen
594 1041 752 1084 tuum.
798 1027 855 1082 ln
903 1024 1000 1078 hac
1041 1030 1258 1084 eremo,
1297 1017 1350 1069 in
1389 1012 1604 1068 nomine
1643 1017 1735 1063 tuo

156 1132 331 1191 levabo
364 1137 554 1183 manus
594 1132 741 1178 meas
773 1136 788 1175 :
818 1114 1093 1187 impleatur
1130 1108 1302 1164 anima
1342 1121 1456 1161 mea
1496 1113 1737 1172 tanquam

159 1227 298 1299 adipe
318 1232 361 1278 et
385 1216 687 1294 pinguedine
701 1230 719 1280 ;
741 1221 787 1268 et
807 1208 943 1267 labia
970 1200 1320 1262 exsultationis
1341 1196 1623 1254 laudabunt
1646 1209 1741 1248 no-

163 1288 264 1378 men
284 1288 436 1373 tuum.
472 1288 624 1368 Modo
654 1307 795 1365 enim
822 1301 1012 1367 oratio,
1045 1295 1297 1370 quamdiu
1328 1293 1479 1357 sitis;
1507 1304 1630 1347 eum
1661 1288 1738 1344 si-

167 1415 223 1468 tis
253 1404 531 1467 transierit.
566 1400 752 1459 transit
782 1396 972 1462 oratio,
997 1400 1052 1449 et
1078 1386 1317 1446 succedit
1349 1384 1581 1441 laudatio
1614 1398 1628 1438 :
1661 1378 1732 1437 Et

167 1505 287 1563 labia
310 1492 649 1557 multationis
672 1490 952 1548 laudabunt
980 1499 1161 1541 nomen
1191 1489 1353 1536 tuum.

229 1596 309 1653 l5.
335 1588 479 1668 [vers.
510 1586 560 1654 τ,
594 1583 673 1661 8.]
708 1580 771 1641 Si
805 1587 1110 1637 memoratus
1147 1588 1261 1631 sum
1301 1568 1375 1626 iui
1411 1580 1566 1641 super
1604 1576 1740 1623 stra-

168 1703 261 1749 tum
297 1660 455 1743 meum
476 1726 490 1750 ,
530 1680 584 1737 in
619 1660 854 1734 diluculis
882 1670 1159 1729 meditabar
1181 1667 1197 1700 ¹
1222 1662 1275 1721 in
1302 1673 1388 1729 te;
1424 1661 1544 1733 quia
1578 1660 1742 1732 factus

165 1800 212 1841 es
238 1779 432 1853 adjator
459 1787 619 1830 meus.
653 1770 886 1828 Stratum
928 1772 1082 1821 Suum
1121 1757 1355 1833 quietem
1399 1768 1549 1809 suam
1590 1750 1738 1807 dicit.

166 1840 370 1944 Quando
406 1862 596 1936 aliquis
635 1858 843 1933 quietus
873 1862 988 1921 est,
1023 1860 1232 1909 memor
1261 1848 1331 1904 sit
1367 1846 1497 1912 Dei;
1531 1840 1743 1915 quando

166 1938 340 2035 aliquis
376 1959 584 2031 quietus
626 1963 742 2021 εει,
785 1964 890 2007 non
936 1960 1031 2021 per
1071 1943 1304 2018 quietem
1340 1938 1661 1996 dissolvatur
1690 1943 1744 1992 et

167 2031 490 2112 obliviscatur
519 2048 722 2113 Deum;
753 2043 798 2101 si
830 2034 1036 2098 memor
1065 2047 1146 2095 est
1174 2035 1267 2092 Dei
1293 2031 1504 2107 quando
1533 2032 1745 2103 iunctus

166 2154 273 2211 est,
304 2144 354 2200 in
388 2140 683 2198 actionibus
721 2134 833 2193 suis
871 2132 924 2190 in
971 2128 1136 2189 Deum
1179 2129 1485 2184 meditatur.
1529 2124 1743 2179 Dilucu-

166 2240 263 2297 lum
298 2238 436 2296 enim
474 2232 607 2291 dixit
642 2233 911 2297 actiones,
945 2224 1066 2298 quia
1105 2224 1279 2281 omnis
1319 2220 1479 2277 homo
1511 2217 1745 2275 diluculo

167 2331 338 2403 incipit
375 2320 577 2400 aliquid
618 2338 793 2397 agerc.
826 2318 963 2391 Quid
997 2330 1125 2403 ergo
1153 2312 1326 2372 dixit?
1352 2302 1414 2370 Si
1450 2327 1641 2366 menter
1669 2305 1748 2380 [ui

167 2424 234 2480 lui
266 2399 317 2478 in
356 2399 516 2476 strata
558 2428 702 2482 meo,
738 2423 788 2471 at
828 2412 880 2469 iu
919 2402 1157 2467 dilaeuiis
1195 2402 1472 2461 meditabar
1505 2401 1559 2457 iu
1593 2404 1657 2455 le.
1690 2399 1745 2456 Si

168 2520 284 2590 ergo
311 2528 416 2571 non
454 2508 531 2568 iui
569 2522 776 2567 memor
813 2504 866 2562 in
908 2513 1076 2560 strato
1118 2512 1238 2557 meo
1262 2541 1278 2567 ,
1323 2498 1377 2553 et
1417 2496 1468 2551 in
1511 2492 1747 2550 diluculo

170 2618 266 2665 non
296 2594 589 2663 meditabar
618 2602 673 2657 in
703 2606 772 2655 te.
800 2597 901 2666 Qui
930 2592 1141 2667 quando
1169 2590 1480 2647 otiosus‘est
1518 2601 1620 2641 non
1657 2598 1748 2638 co-

173 2697 289 2775 gitat
315 2696 504 2763 Deum;
532 2695 584 2749 in
610 2686 908 2749 actiunibus
933 2684 1046 2743 suis
1071 2682 1306 2754 cogitare
1332 2686 1509 2752 potest
1533 2676 1698 2731 Deum
1723 2672 1749 2727 ?

178 2769 265 2863 Qui
286 2800 456 2847 autem
484 2800 693 2844 memor
711 2783 826 2854 ejus
848 2784 929 2836 est
952 2774 1165 2851 quando
1185 2773 1397 2846 quietus
1423 2777 1523 2837 est,
1553 2770 1602 2823 iu
1633 2769 1749 2838 ipso

181 2854 449 2941 meditatur
474 2892 598 2935 cum
625 2874 753 2949 agit,
785 2889 853 2931 ne
881 2871 932 2927 in
963 2869 1171 2926 actione
1201 2854 1434 2922 deﬁciat.
1472 2858 1597 2918 Ideo
1621 2858 1749 2932 quid

183 2974 393 3047 adjecit?
416 2970 485 3028 Et
509 2973 560 3027 in
584 2964 824 3026 dilucnlis
850 2962 1131 3020 meditabar
1156 2952 1209 3014 in
1241 2966 1318 3024 te;
1355 2956 1475 3033 quia
1505 2960 1670 3029 [actus
1699 2970 1751 3007 es

183 3046 368 3140 adiutor
393 3080 550 3122 meus.
582 3060 795 3119 Etenim
840 3052 940 3114 nisi
971 3046 1112 3111 Deus
1141 3051 1355 3121 adjuvet
1404 3050 1542 3103 bona
1585 3060 1752 3116 opera

186 3136 372 3227 nostra,
400 3154 606 3230 impleri
637 3170 666 3207 a
698 3146 852 3208 nobis
877 3154 982 3205 non
1016 3153 1258 3219 possunt.
1294 3136 1359 3200 Et
1389 3138 1546 3212 digna
1582 3137 1748 3194 debe-

189 3268 294 3310 mus
321 3250 561 3326 operari;
587 3248 639 3303 id
665 3253 745 3302 est
773 3234 1020 3319 tanquam
1045 3242 1099 3295 in
1130 3239 1268 3305 luce,
1302 3234 1516 3308 quando
1539 3229 1754 3289 Christo

189 3322 568 3402 deuion‘strante
600 3350 907 3411 operantur.
930 3328 1261 3409 Quicumque
1300 3336 1553 3400 operatur
1578 3322 1714 3379 mala
1733 3363 1752 3389 ,

183 3437 233 3495 in
259 3446 404 3494 nocte
424 3439 695 3506 operatur,
726 3442 829 3484 non
861 3427 912 3482 in
941 3422 1192 3488 diluculo,
1222 3416 1478 3491 Apostolo
1504 3414 1712 3471 dicente
1736 3429 1751 3466 :

187 3530 278 3600 Qui
298 3530 622 3595 inebriantur,
647 3528 790 3580 no'cle
811 3519 1157 3587 inebriantur;
1182 3522 1226 3571 ei
1246 3513 1332 3587 qui
1360 3511 1637 3574 dormiunt,
1663 3524 1756 3562 no-

184 3634 255 3683 cte
279 3625 525 3683 dormiunt
549 3634 568 3677 :
594 3637 684 3675 uos
712 3618 799 3690 qui
823 3613 922 3669 diei
948 3620 1150 3677 sumus,
1185 3604 1339 3665 sobrii
1363 3607 1534 3661 simus.
1566 3601 1757 3658 Horta-

186 3730 264 3778 tur
311 3733 406 3776 nos
456 3725 514 3773 ut
567 3709 860 3772 secundum
908 3704 1050 3763 diem
1099 3700 1432 3757 ambulemus
1488 3694 1754 3751 honeste:

188 3814 320 3873 Sicut
347 3813 397 3868 in
421 3809 522 3877 die,
557 3804 755 3881 inquit,
789 3802 991 3857 honeste
1032 3792 1345 3852 ambulemus
1389 3788 1582 3861 (Rom.
1627 3801 1756 3852 xm,

188 3906 291 3979 i5).
323 3905 386 3961 Et
414 3876 646 3959 iterumi
684 3895 785 3951 Vos
807 3937 821 3961 ,
865 3889 1067 3964 inquit,
1111 3884 1206 3958 ﬁlii
1246 3884 1375 3941 lucis
1409 3880 1556 3942 estis,
1585 3887 1631 3932 et
1666 3876 1761 3946 [iiii

185 3974 310 4064 diei;
338 4012 437 4051 non
466 4007 638 4048 sumus
675 3985 834 4043 noctis
862 3998 1019 4053 neque
1062 3976 1377 4036 tenebrarum
1416 3971 1458 4049 (1
1487 3968 1670 4027 Thess.
1704 3984 1758 4035 v,

359 4087 462 4158 Qui
490 4095 613 4142 sunt
646 4081 734 4138 lilii
766 4079 969 4143 noctis,
1015 4080 1069 4131 et
1115 4069 1208 4127 ﬁlii
1256 4061 1635 4124 tenebrarum?
1661 4062 1760 4130 Qui

174 4169 356 4247 omnia
383 4183 519 4238 mala
553 4183 860 4250 Operantur.
888 4171 1067 4242 Usque
1094 4166 1230 4222 adeo
1258 4160 1352 4219 lilii
1393 4160 1562 4217 noctis
1602 4165 1758 4221 sunt,

173 4294 235 4339 ut
262 4281 485 4336 timeant
505 4272 668 4329 videri
688 4284 807 4344 quin
834 4272 1158 4339 operantur:
1182 4268 1237 4317 et
1261 4273 1377 4329 quae
1403 4253 1607 4327 publice
1631 4266 1765 4325 ope-
1810 4320 1813 4325 η

172 4384 367 4433 rantur
394 4367 553 4432 mala,
584 4362 702 4420 ideo
726 4359 939 4434 publice
961 4361 1271 4428 operantur,
1304 4350 1427 4422 quia
1472 4347 1624 4403 multi
1673 4346 1762 4401 illa

177 4472 511 4541 operantur;
537 4473 657 4529 qua:
682 4453 837 4527 pauci
865 4459 1179 4523 operantur,
1202 4446 1255 4500 in
1291 4440 1606 4498 abscondito
1633 4454 1764 4510 ope-

180 4529 393 4619 rantur.
421 4553 521 4623 Qui
544 4558 720 4606 autem
750 4545 876 4601 talia
904 4542 1111 4615 publice
1156 4544 1465 4610 operantur,
1499 4541 1623 4589 sunt
1647 4529 1767 4602 qui-

180 4657 305 4712 dem
336 4652 388 4706 in
417 4650 533 4703 luce
561 4643 691 4700 solis
712 4680 726 4703 ,
759 4637 854 4695 sed
878 4637 931 4693 in
963 4633 1198 4691 tenebris
1224 4629 1424 4686 cordis.
1449 4625 1616 4683 Nemo
1641 4639 1769 4695 ergo

181 4754 237 4808 in
260 4742 500 4805 diluculo
525 4747 796 4811 operatur,
821 4732 922 4789 nisi
944 4730 1032 4802 qui
1059 4731 1114 4783 in
1136 4725 1353 4782 Christo
1373 4730 1642 4792 operatur.
1663 4716 1770 4774 Sed

181 4844 273 4918 qui
303 4838 511 4896 otiosus
534 4810 743 4890 memor
769 4835 855 4884 est
879 4822 1072 4881 Christi
1099 4860 1113 4887 ,
1157 4819 1211 4873 in
1250 4816 1367 4887 ipso
1393 4812 1678 4869 meditatur
1718 4810 1771 4864 in

182 4901 438 4991 timuiita:
463 4921 765 4982 actionibus
807 4917 950 4981 suis;
996 4919 1053 4968 et
1090 4912 1174 4966 est
1203 4908 1276 4963 illi
1301 4905 1515 4975 adjutor
1554 4904 1604 4957 in
1634 4901 1774 4956 bono

183 5038 374 5099 Opere,
404 5032 472 5076 ne
494 5032 589 5089 per
609 5012 972 5071 inﬁrmitatem
1000 5019 1148 5061 suam
1175 5000 1407 5057 deﬁciat.
1431 4995 1493 5054 Si
1517 5010 1771 5049 nteutora‘

184 5087 267 5174 his
293 5087 411 5171 sum
435 5087 511 5166 tui
530 5123 683 5180 super
704 5112 916 5160 stratum
939 5113 1124 5163 meum,
1152 5095 1206 5149 in
1232 5091 1475 5147 diluculis
1496 5087 1778 5144 meditabar

183 5215 237 5269 in
271 5220 359 5273 te:
384 5205 505 5277 quia
533 5203 699 5273 factus
724 5213 778 5254 es
801 5195 1010 5267 adjutor
1034 5205 1195 5245 meus.

257 5300 355 5358 16.
398 5276 466 5352 Et
504 5295 561 5350 in
600 5291 879 5348 calamum
915 5298 1195 5358 pennarum
1232 5289 1438 5335 tuorum
1482 5276 1763 5334 exsultatio.

186 5395 472 5452 Hilaresco
501 5389 555 5443 in
586 5383 744 5440 bonis
781 5380 1055 5454 operibus,
1080 5376 1202 5449 quia
1229 5388 1391 5445 super
1417 5388 1502 5428 me
1526 5382 1610 5428 est
1634 5370 1780 5426 vela-

190 5502 320 5545 men
367 5492 662 5555 pennarum
706 5483 935 5530 tuarum.
985 5471 1042 5528 Si
1094 5484 1181 5525 me
1221 5483 1327 5523 non
1376 5476 1621 5536 protegas
1659 5465 1777 5533 quia

192 5579 377 5653 pullus
417 5590 556 5637 sum,
594 5570 791 5627 milvos
828 5581 917 5622 me
954 5562 1143 5635 rapiet.
1187 5561 1321 5617 Dicit
1363 5560 1505 5615 enim
1551 5558 1777 5628 qundam

202 5652 322 5729 loco
365 5671 478 5741 ipse
518 5664 774 5722 Dominus
822 5667 1004 5715 noster
1041 5656 1108 5713 ad
1141 5655 1454 5716 Jeruszilem,
1495 5652 1782 5723 quamdam

203 5764 472 5824 civitatem
495 5759 660 5827 utam,
693 5752 783 5811 ubi
801 5749 1086 5809 cruciﬁxus
1106 5756 1192 5811 est
1213 5765 1229 5809 :
1253 5746 1561 5816 Jerusalem,
1589 5743 1780 5816 inquit,

268 5880 289 5914 ι
320 5876 511 5941 Aliquot
531 5879 655 5937 uss,
675 5861 959 5926 meditabor.

1610 6002 1691 6013 ...αι

1204 340 1604 403 ENARRATIO
1638 286 1706 398 ῗΝ
1746 334 2079 399 ΡεΑιιιυιι
2123 334 2277 394 LXII.

3336 342 3437 403 7.38

1843 453 2156 517 Ierusalem,
2198 453 2389 520 quoties
2445 452 2581 507 volui
2624 453 2758 522 ﬁlios
2795 462 2904 507 (uos
2943 469 3265 525 congregare,
3319 468 3435 511 (an-

1846 560 1998 614 quam
2017 543 2211 613 gallina
2232 542 2400 614 pullos
2428 559 2565 611 suos,
2590 552 2639 598 et
2662 543 2867 598 noluisti
2892 541 3102 615 (Matth.
3130 562 3282 614 xxnt,
3307 549 3433 620 57)!

1849 635 2060 691 Parvuli
2090 649 2273 689 sumus
2302 651 2313 686 :
2344 648 2472 703 ergo
2504 642 2745 705 protegat
2789 649 2887 689 nos
2919 636 3054 690 Deus
3085 637 3183 691 sub
3216 639 3434 691 umbra-

1846 728 1970 783 eulo
2000 728 2199 781 alarum
2241 741 2482 781 suarum.
2523 727 2661 795 Quid
2688 741 2807 782 cum
2843 729 3074 798 majores
3112 729 3235 785 facti
3272 730 3439 787 fueri-

1847 819 2005 877 mus?
2025 820 2227 874 Bonum
2249 830 2332 875 est
2360 820 2513 875 nobis
2539 828 2672 876 utet
2699 829 2823 875 tunc
2851 832 3093 892 protegat
3120 838 3235 889 nos,
3262 835 3316 878 ut
3337 825 3438 881 sub

1848 911 1943 969 Hln
1971 912 2172 982 majore
2204 925 2415 982 semper
2444 926 2543 967 nos
2565 912 2692 983 pulli
2718 913 2906 968 simus.
2935 915 3158 986 Semper
3183 919 3324 972 enim
3346 918 3438 975 ille

1846 1005 2024 1077 major
2048 1012 2152 1071 est,
2178 1014 2671 1076 quantumcumque
2697 1005 3042 1062 creverimus.
3076 1006 3241 1063 Nemo
3270 1008 3434 1075 dicat,

1848 1097 2100 1169 Protegat
2130 1112 2238 1163 me,
2269 1111 2389 1151 cum
2414 1097 2666 1167 parvulus
2690 1113 2809 1152 sum
2840 1115 2854 1150 τ
2885 1098 3040 1169 quasi
3064 1101 3350 1172 aliquando
3372 1102 3441 1157 ad

1852 1198 2053 1246 tantam
2086 1188 2501 1262 magnitudinem
2529 1190 2700 1260 possit
2718 1190 3020 1261 pervenire,
3049 1207 3167 1263 quae
3194 1194 3291 1249 sibi
3321 1193 3438 1249 sul-

1851 1283 2012 1340 ilciat.
2046 1282 2172 1340 Sine
2203 1283 2534 1353 protectione
2563 1282 2658 1339 Dei
2707 1281 2839 1338 nihil
2867 1298 2946 1339 es.
2989 1283 3213 1355 Semper
3248 1285 3316 1341 ab
3346 1286 3440 1341 illo

1851 1380 2054 1452 protegi
2087 1378 2308 1434 velimus
2342 1394 2357 1432 :
2389 1386 2514 1434 tunc
2540 1392 2753 1448 semper
2780 1377 2833 1433 in
2861 1377 2952 1437 illo
2988 1378 3163 1450 magni
3193 1393 3313 1435 esse
3340 1393 3439 1450 po.

1852 1472 2095 1538 terimus,
2120 1472 2164 1525 si
2193 1485 2407 1543 semper
2433 1470 2531 1526 sub
2561 1470 2650 1526 illo
2678 1470 2881 1541 parvuli
2907 1470 3094 1527 simus.
3126 1470 3192 1525 Et
3218 1472 3271 1527 in
3298 1473 3440 1528 vela-

1852 1573 2019 1620 mento
2046 1579 2324 1635 pennarum
2355 1572 2555 1616 tuarum
2581 1561 2861 1617 exsultabit.

1926 1657 2011 1712 i7.
2055 1655 2202 1729 [λίνω-ε.
2248 1652 2327 1728 9.]
2368 1654 2694 1727 Agglutinata
2731 1664 2803 1709 est
2846 1653 3017 1708 anima
3054 1669 3165 1710 mea
3206 1663 3320 1726 post
3360 1664 3427 1713 te.

1852 1748 2041 1804 Videte
2065 1746 2409 1815 desirantem,
2439 1747 2611 1802 videte
2651 1746 2943 1812 sitientem,
2973 1745 3152 1802 videte
3176 1747 3445 1818 quomodo

1850 1842 2022 1896 lueret
2060 1840 2186 1895 Deo.
2218 1836 2474 1894 Nascatur
2516 1840 2571 1894 in
2612 1830 2762 1893 vobis
2807 1838 2906 1892 iste
2953 1837 3196 1895 allectus.
3240 1839 3295 1895 Si
3331 1840 3445 1911 jam

1849 1932 2135 2004 germinat,
2166 1932 2519 2004 compluatur,
2567 1941 2624 1986 et
2659 1939 2866 1986 crescat
2895 1948 2908 1983 :
2942 1929 3218 2001 perveniat
3244 1932 3311 1988 ad
3341 1934 3446 1989 tale

1852 2025 2016 2082 robur
2044 2033 2101 2079 ut
2126 2033 2179 2079 et
2208 2038 2305 2080 vos
2334 2023 2520 2079 dicatis
2555 2038 2621 2078 ex
2654 2031 2765 2078 toto
2788 2022 2969 2089 corde,
3013 2023 3341 2097 Agglutinata
3374 2035 3447 2081 est

1850 2120 2024 2173 animo
2052 2133 2160 2171 mea
2191 2128 2301 2188 post
2332 2125 2397 2172 te.
2430 2115 2525 2173 Ubi
2554 2125 2635 2172 est
2662 2117 2834 2187 ipsum
2865 2116 3083 2188 gluten?
3113 2117 3287 2191 Ipsum
3324 2119 3444 2191 glu-

1855 2222 1943 2268 tcn
1978 2212 2208 2267 Charitas
2234 2219 2336 2267 est.
2365 2209 2691 2267 Charitatem
2719 2209 2875 2275 habe,
2906 2227 3010 2282 quo
3040 2212 3239 2282 glutine
3265 2213 3449 2285 agglu-

1855 2310 2054 2362 tinetur
2076 2306 2250 2361 anima
2278 2313 2363 2360 tua
2396 2315 2515 2375 p05t
2541 2304 2726 2359 Deum.
2752 2302 2866 2360 Non
2895 2318 3015 2359 cum
3043 2304 3182 2372 Deo,
3204 2303 3298 2362 sed
3324 2314 3449 2377 post

1859 2401 2061 2465 Deum;
2104 2407 2163 2454 ut
2193 2398 2281 2454 ille
2311 2397 2598 2468 prmcedat,
2631 2407 2687 2453 tu
2731 2398 2990 2468 sequaris.
3040 2397 3141 2464 Qui
3169 2399 3310 2455 enim
3348 2415 3447 2456 vo-

1857 2490 2015 2548 luerit
2042 2491 2205 2547 Deum
2255 2488 2595 2551 antecedere,
2644 2490 2869 2545 consilio
2899 2504 2996 2545 suo
3026 2490 3138 2545 vult
3160 2491 3362 2556 vivere,
3394 2499 3451 2547 et

1858 2605 1965 2643 non
1997 2587 2107 2641 vult
2136 2585 2284 2655 sequi
2306 2593 2570 2658 prmcepta
2598 2583 2710 2639 Dei.
2742 2584 3029 2654 Propterea
3060 2592 3114 2638 et
3142 2582 3330 2639 Petrus
3357 2599 3449 2641 re-

1859 2681 2045 2754 pulsus
2072 2688 2172 2742 est,
2205 2677 2417 2748 quando
2439 2677 2604 2733 voluit
2628 2676 2910 2733 consilium
2937 2675 3064 2732 dare
3090 2676 3303 2732 Christo
3329 2692 3451 2749 pas-

1858 2788 1987 2830 suro
2014 2786 2111 2844 pro
2140 2769 2311 2825 nobis.
2345 2767 2531 2825 Adhuc
2572 2768 2714 2824 enim
2743 2768 2987 2823 inﬁrmus
3012 2776 3126 2823 erat
3156 2768 3364 2835 Petrus,
3394 2776 3451 2824 et

1859 2874 2056 2938 quanta
2111 2862 2313 2919 utilitas
2362 2869 2509 2918 esset
2556 2860 2768 2930 generis
2820 2859 3035 2915 humani
3080 2860 3131 2915 in
3188 2860 3449 2932 sanguine

1859 2955 2060 3013 Christi
2078 2970 2183 3010 non
2202 2961 2419 3008 noverat
2447 2972 2458 3007 :
2487 2951 2744 3007 Dominus
2769 2961 2945 3006 autem
2968 2953 3056 3024 qui
3084 2962 3303 3008 venerat
3327 2951 3451 3009 red-

1862 3050 2027 3106 imere
2070 3062 2168 3104 nos
2194 3087 2210 3114 ,
2263 3055 2319 3101 et
2363 3044 2491 3100 dare
2532 3044 2762 3114 pretium
2802 3058 2898 3115 pro
2940 3043 3093 3099 nobis
3137 3045 3449 3115 sanguinem

1862 3154 2038 3209 situm,
2071 3140 2235 3213 cit-pit
2255 3137 2542 3210 praedicare
2564 3137 2869 3212 passionem
2898 3152 3068 3193 suam.
3095 3138 3317 3207 Expavit
3342 3137 3449 3194 Pe-

1865 3246 1978 3292 trus
2017 3234 2167 3311 quasi
2211 3232 2525 3289 moriturum
2563 3230 2870 3298 Dominum,
2916 3246 3074 3302 quem
3109 3230 3321 3287 volebat
3365 3231 3452 3287 hic

1862 3346 2075 3402 semper
2106 3329 2286 3384 vivere
2325 3325 2593 3399 quomodo
2621 3326 2768 3382 illum
2797 3325 3029 3392 videbat,
3061 3327 3181 3398 quia
3218 3324 3451 3382 carnali-

1846 3423 1963 3482 'bus
1988 3420 2158 3481 oculis
2187 3422 2418 3487 deditus,
2451 3421 2650 3477 carnali
2676 3420 2865 3477 affectu
2891 3422 3030 3477 circa
3066 3421 3346 3476 Dominum
3371 3431 3451 3478 te-

1863 3519 2122 3585 nebatur;
2155 3527 2209 3573 et
2232 3518 2306 3573 ait
2342 3514 2417 3570 illi
2441 3534 2453 3570 :
2477 3514 2618 3570 Absit
2646 3531 2679 3569 a
2703 3524 2769 3581 te,
2796 3512 3048 3580 Domine;
3075 3514 3323 3585 propitius
3351 3522 3454 3568 esto

1864 3614 1974 3670 tibi.
2003 3610 2071 3669 Et
2113 3611 2413 3667 Dominus:
2452 3606 2580 3662 Redi
2620 3616 2731 3677 post
2776 3623 2872 3670 me,
2900 3615 3139 3670 satanas;
3184 3622 3285 3659 non
3322 3605 3457 3658 enim

1864 3708 2002 3778 sapis
2018 3722 2132 3778 quae
2160 3705 2253 3763 Dei
2277 3712 2415 3767 sunt,
2438 3703 2526 3756 sed
2544 3717 2658 3774 quia
2676 3709 2792 3755 sunt
2818 3701 3075 3754 hominum
3098 3698 3311 3773 (Matth.
3341 3716 3452 3768 xw,

1865 3798 1956 3865 22,
1987 3797 2100 3869 2'5).
2133 3796 2330 3866 Quare,
2369 3810 2484 3866 qua:
2504 3802 2621 3847 sunt
2643 3789 2949 3845 hominum?
2977 3789 3111 3858 Quia
3136 3788 3457 3846 antecedere

1869 3905 1954 3946 me
1980 3889 2080 3955 vis,
2108 3888 2216 3942 redi
2242 3894 2351 3957 post
2378 3901 2473 3950 ine,
2501 3893 2555 3937 ut
2583 3880 2823 3953 sequaris
2854 3894 2940 3936 me
2972 3897 2985 3935 :
3014 3886 3072 3934 ut
3091 3879 3200 3951 jam
3228 3894 3457 3949 sequens

1868 3979 2139 4037 Christum
2166 3977 2389 4046 diceret,
2432 3974 2763 4048 Agglutinata
2802 3980 2875 4029 est
2902 3971 3074 4026 anima
3100 3988 3210 4025 mea
3238 3982 3349 4043 post
3390 3982 3456 4026 le.

1869 4071 2057 4128 Merito
2086 4066 2357 4126 annectit:
2389 4066 2475 4122 Me
2520 4065 2736 4137 suscepit
2762 4064 2967 4119 dextera
2992 4072 3099 4120 tua.
3131 4061 3460 4135 Agglutinala

1871 4175 1944 4219 est
1969 4172 2081 4236 post
2111 4174 2156 4218 te
2199 4162 2369 4216 anima
2406 4176 2553 4222 mea;
2582 4173 2660 4211 me
2695 4154 2908 4230 suscepit
2940 4155 3145 4209 dextera
3176 4166 3286 4208 tua.
3319 4152 3461 4208 Dixit

1873 4257 1973 4312 hoc
2003 4256 2242 4312 Christus
2282 4255 2333 4310 in
2382 4251 2536 4310 nobis
2568 4269 2580 4305 :
2611 4249 2663 4306 id
2708 4260 2809 4316 cst,
2842 4248 2894 4305 in
2925 4247 3138 4304 homine
3177 4262 3334 4320 quem
3363 4263 3458 4318 ge-

1873 4352 2047 4409 stabat
2070 4366 2164 4421 pro
2194 4347 2368 4415 nobis,
2390 4361 2547 4417 quem
2576 4340 2834 4401 oll'erebat
2860 4357 2956 4414 pro
2981 4339 3154 4405 nobis,
3179 4338 3313 4395 dixit
3334 4339 3458 4396 hoc.

1876 4446 2013 4503 Dicit
2040 4446 2140 4500 hoc
2164 4452 2216 4500 ct
2242 4441 2480 4499 Ecclesia
2526 4441 2577 4495 itt
2618 4436 2852 4503 Christo,
2880 4432 3009 4490 dicit
3037 4435 3091 4488 in
3119 4433 3292 4502 capite
3326 4448 3459 4499 suo;

1875 4540 1997 4615 quia
2025 4544 2079 4592 et
2120 4537 2235 4611 ipsa
2264 4547 2416 4607 passa
2458 4539 2540 4587 est
2583 4528 2669 4585 hic
2701 4525 3101 4600 persecutiones
3129 4538 3364 4596 magnas,
3407 4528 3464 4579 et

1876 4631 2186 4703 singillatim
2217 4627 2375 4682 etiam
2416 4623 2575 4680 modo
2609 4621 2826 4695 patitur.
2854 4619 2985 4687 Quis
3019 4617 3160 4672 enim
3193 4615 3463 4685 pertinens

1877 4726 1943 4783 ad
1978 4725 2274 4788 Christum,
2330 4734 2439 4775 non
2485 4717 2643 4772 variis
2688 4711 3070 4771 tentationibus
3116 4709 3365 4779 agitatur,
3410 4714 3466 4761 et

1880 4816 2117 4891 quotidie
2141 4816 2249 4886 agit
2267 4826 2386 4867 cum
2416 4808 2510 4866 illo
2542 4806 2786 4863 diabolus
2813 4812 2869 4858 et
2894 4800 3067 4873 angeli
3093 4800 3230 4870 ejus,
3257 4809 3315 4854 ut
3341 4812 3464 4870 pero

1878 4921 2117 4969 vertatur
2164 4905 2396 4980 qualibet
2443 4901 2751 4973 cupiditate,
2807 4895 3043 4967 qualibet
3103 4892 3462 4964 suggestione,

1881 5013 1973 5065 aut
1996 5001 2348 5078 promissione
2375 4994 2528 5061 lucri,
2548 4993 2629 5049 vel
2654 5003 2860 5047 terrore
2889 4987 3091 5054 damni,
3121 4985 3203 5040 vel
3233 4983 3463 5056 promis-

1882 5099 2034 5154 sione
2059 5096 2202 5161 vitzc,
2232 5091 2317 5147 vel
2363 5099 2567 5145 terrore
2611 5082 2822 5148 mortis,
2867 5089 2959 5136 aut
2984 5077 3207 5148 alicujus
3233 5074 3466 5146 potentis

1884 5187 2196 5252 inimicitiis,
2227 5192 2320 5240 aut
2359 5179 2584 5250 alicujus
2622 5174 2852 5249 potentis
2897 5170 3178 5229 amicitiis?
3206 5165 3467 5223 Omnibus

1884 5283 2056 5340 modis
2082 5282 2241 5335 instat
2268 5272 2532 5336 diabolus,
2565 5264 3011 5340 quemadmodum
3041 5260 3290 5331 dejiciat;
3332 5265 3386 5314 et
3411 5257 3469 5313 in

1885 5368 2346 5449 persecutionibus
2366 5364 2612 5429 vivimus,
2633 5370 2685 5419 ct
2703 5359 2960 5415 habemus
2976 5360 3262 5424 perpetuos
3285 5349 3466 5404 inimi-

1885 5486 2000 5535 cos,
2026 5465 2292 5523 diabolum
2332 5469 2386 5517 ct
2431 5457 2647 5529 angelos
2695 5452 2809 5521 ejus
2839 5467 2852 5505 :
2881 5446 2974 5503 sed
3020 5461 3126 5500 non
3164 5442 3467 5498 timeamus.

1887 5564 1974 5620 Sic
2001 5570 2121 5616 sunt
2150 5554 2393 5613 diabolus
2422 5561 2474 5607 et
2501 5548 2675 5619 angeli
2701 5544 2834 5612 ejus,
2867 5539 3013 5611 quasi
3059 5536 3203 5592 milvi
3235 5552 3247 5589 :
3277 5533 3376 5589 sub
3401 5532 3469 5588 il-

1891 5657 1991 5711 lius
2014 5653 2221 5724 gallinae
2247 5648 2345 5702 alis
2364 5660 2569 5708 sumus,
2600 5649 2653 5695 et
2680 5653 2782 5692 non
2810 5648 2905 5688 nos
2928 5637 3100 5701 potest
3127 5627 3469 5697 contingere;

1888 5719 2079 5824 gallina
2104 5746 2246 5803 enim
2272 5755 2391 5812 quae
2420 5754 2515 5793 nos
2553 5733 2800 5806 protegit,
2845 5724 2998 5781 fortis
3022 5732 3122 5778 est.
3150 5719 3363 5776 lnlirma
3386 5724 3475 5775 est

1890 5809 2110 5917 propter
2132 5852 2265 5902 nos;
2292 5809 2392 5891 sed
2430 5828 2579 5887 fortis
2604 5834 2688 5884 est
2711 5826 2766 5880 in
2801 5835 2859 5875 se
2888 5818 3141 5874 Dominus
3167 5819 3355 5870 noster
3378 5809 3476 5867 Je-
