3912 6430
557 281 660 339 759

554 415 646 454 sus
672 400 931 465 Christus,
987 405 1094 473 ipsa
1140 408 1397 473 εειιιὶυιιιὶτι
1441 410 1554 464 Dei.
1591 410 1731 482 Ergo
1761 412 1889 467 dicit
1938 413 2041 470 hoc
2085 426 2141 471 et

551 492 793 548 Ecclesia
820 515 831 548 :
867 498 1187 565 :lgglutinata
1212 510 1283 551 est
1312 501 1482 554 anima
1521 518 1631 555 mea
1667 515 1778 573 post
1806 514 1889 569 te;
1915 523 1994 561 me
2021 524 2138 563 sus-

554 587 685 657 cepit
712 586 915 639 dextera
936 598 1040 639 tua.

627 678 710 733 18.
755 677 901 750 [vers.
939 678 1048 751 10.]
1090 678 1201 751 Ipsi
1238 698 1352 736 vero
1379 684 1431 737 in
1473 700 1658 739 vanum
1682 689 1987 757 quaesierunt
2025 692 2137 744 ani-

549 787 685 825 mam
720 788 897 823 nteant.
929 771 1062 837 Quid
1107 773 1234 827 mihi
1276 772 1516 830 fecerunt
1556 778 1643 847 qui
1674 779 1995 860 quasiet-unt
2023 783 2138 835 ani-

545 878 688 919 mam
738 878 909 917 meum
962 864 1228 933 perdere?
1283 866 1493 922 Utinam
1546 880 1853 938 quzerereut
1902 874 2132 929 animam

544 969 741 1021 meam,
787 965 843 1008 ut
881 956 1164 1011 crederent
1214 961 1460 1014 mecum!
1503 959 1606 1015 Sed
1648 963 1973 1032 quaesierunt
2013 964 2133 1020 auio

541 1061 684 1101 mam
713 1062 883 1100 meant
909 1056 964 1100 ut
990 1048 1271 1117 perderent
1298 1065 1406 1104 me.
1429 1045 1565 1118 Quid
1594 1051 1822 1107 facturi?
1849 1053 1960 1108 Non
1988 1057 2132 1111 enim

542 1139 746 1209 rapturi
774 1148 927 1194 erant
955 1141 1156 1210 gluten,
1187 1156 1293 1211 quo
1313 1142 1536 1197 adhaesit
1557 1146 1732 1199 anima
1763 1162 1876 1201 mea
1910 1156 2030 1217 post
2056 1158 2129 1205 te.

552 1233 675 1300 Quis
696 1235 826 1287 enim
855 1251 946 1288 nos
976 1233 1229 1304 separabit
1256 1251 1289 1288 a
1316 1235 1561 1290 cltaritate
1587 1236 1775 1291 Christi
1796 1238 1822 1292 ?
1847 1239 2126 1309 tribulatio,

545 1340 613 1378 an
654 1325 907 1395 angustia,
940 1341 1005 1379 an
1043 1327 1338 1394 persecutio,
1380 1343 1446 1380 an
1472 1326 1649 1397 fames,
1696 1344 1763 1382 an
1803 1330 2029 1397 auditas,
2060 1348 2129 1386 an

537 1415 743 1487 gladius
766 1415 941 1488 (Rom.
968 1432 1056 1482 vtt,
1090 1416 1218 1487 55)?
1246 1415 1466 1473 Dextera
1491 1427 1578 1473 tua
1598 1421 1818 1490 suscepit
1853 1438 1951 1477 me.
1987 1421 2127 1494 Ergo

536 1518 754 1579 propter
780 1509 906 1563 illud
933 1510 1111 1580 gluten
1143 1518 1197 1565 et
1235 1519 1449 1580 prepter
1476 1513 1896 1581 potentissimum
1935 1514 2126 1571 dexte-

535 1614 652 1655 ram
692 1611 856 1664 tuam,
880 1601 931 1653 in
960 1616 1140 1655 vanum
1162 1602 1465 1671 quaesierunt
1492 1604 1715 1657 animant
1738 1621 1922 1659 meam.
1952 1606 2124 1674 Quot-

538 1702 670 1764 quot
698 1694 964 1763 persecuti
984 1704 1127 1757 sunt,
1160 1695 1241 1748 vel
1274 1696 1518 1766 persequi
1552 1698 1771 1768 cupiunt
1801 1698 2120 1767 Ecelesiam,

534 1792 713 1854 potest
742 1784 913 1838 dehis
946 1786 1046 1839 hoc
1086 1785 1307 1855 intelligi
1345 1804 1359 1842 :
1390 1787 1620 1843 maxime
1648 1787 1749 1843 hoc.
1776 1797 1951 1845 tamen
1977 1792 2121 1846 acci-

533 1874 742 1945 piamus
786 1873 851 1929 de
888 1874 1106 1938 ludatis,
1148 1876 1238 1945 qui
1277 1875 1607 1946 quazsierunt
1650 1878 1881 1934 animam
1920 1879 2121 1937 Christi

532 1965 779 2037 perdere,
813 1976 865 2019 et
893 1966 944 2019 iu
989 1967 1105 2038 ipso
1135 1967 1310 2036 capite
1338 1978 1521 2024 nostro
1546 1968 1687 2039 quod
1716 1972 2117 2038 crucitixerunt,

534 2066 590 2113 et
613 2059 665 2112 in
693 2057 966 2128 discipulis
987 2058 1101 2128 ejus
1127 2073 1262 2129 quos
1289 2067 1469 2128 postea
1505 2062 1767 2129 persecuti
1793 2070 1937 2117 sunt.
1963 2063 2114 2131 Quwo

530 2149 721 2202 sierunt
757 2149 979 2202 animout
1023 2166 1204 2203 meam.
1248 2148 1539 2204 lntroibunt
1574 2152 1629 2206 in
1662 2153 1908 2226 inferiora
1948 2164 2115 2211 terra.

530 2241 753 2298 Terram
773 2242 999 2312 perdere
1022 2242 1327 2309 noluerunt,
1353 2251 1410 2298 ιιι
1423 2244 1795 2315 cruciﬁgerent
1813 2246 2114 2304 Christum:

527 2334 584 2389 in
615 2334 862 2389 inferiora
896 2345 1051 2389 terrae
1090 2336 1283 2389 ierunt.
1314 2333 1443 2402 Qua:
1490 2345 1613 2391 sunt
1642 2337 1887 2407 inferiora
1926 2341 2119 2395 tmte?

528 2427 780 2485 Terrena:
810 2426 1145 2496 cupiditates.
1191 2426 1379 2483 Melius
1405 2438 1488 2483 est
1522 2442 1685 2484 carne
1726 2429 2000 2486 ambulare
2026 2446 2118 2487 su-

526 2534 627 2591 per
656 2528 876 2583 terram,
906 2534 1063 2588 quam
1109 2519 1398 2590 cupiditate
1427 2519 1505 2574 ire
1545 2520 1646 2575 sub
1683 2532 1899 2577 terram.
1928 2521 2115 2581 Omnis

527 2610 669 2666 enim
719 2610 808 2680 qui
858 2617 1041 2665 contra
1077 2610 1301 2665 salutem
1346 2616 1514 2665 suam
1543 2612 1689 2682 cupit
1730 2622 1962 2681 terrena,
2014 2615 2114 2671 sub

525 2712 670 2760 terra
700 2712 815 2759 est:
847 2702 968 2773 quia
1000 2712 1194 2758 terram
1242 2702 1343 2757 sibi
1382 2703 1690 2774 prmposuit,
1727 2712 1924 2763 terram
1951 2722 2114 2777 super

523 2812 583 2852 se
611 2797 808 2868 posuit,
833 2805 886 2851 et
914 2810 972 2850 se
998 2795 1180 2851 subter
1204 2794 1349 2850 fecit.
1378 2795 1455 2850 illi
1483 2811 1611 2867 ergo
1633 2797 1885 2853 timentes
1912 2807 2108 2855 terram

522 2890 767 2961 perdere,
799 2889 920 2959 quid
946 2888 1194 2945 dixerunt
1216 2889 1285 2944 de
1313 2889 1536 2945 Domino
1560 2888 1689 2946 Iesu
1720 2891 1954 2960 Christo,
1981 2907 2106 2950 cum

521 2984 765 3040 viderent
795 2983 986 3037 multas
1019 2984 1200 3037 turbas
1231 2983 1308 3037 ire
1346 2991 1468 3052 post
1494 2983 1661 3048 illum,
1691 2985 1812 3055 quia
1840 2986 2109 3043 mirabilia

518 3074 787 3130 faciebat?
812 3075 871 3129 Si
899 3075 1041 3127 illum
1073 3073 1407 3128 dimiserimus
1438 3075 1620 3142 vivum,
1644 3076 1840 3131 venient
1860 3075 2102 3147 Romani,

519 3175 568 3219 et
595 3167 769 3220 tollent
798 3166 939 3218 nobis
966 3175 1011 3219 et
1042 3164 1228 3231 locum,
1258 3176 1304 3220 et
1328 3175 1523 3237 gentem
1549 3166 1728 3236 (Joan.
1755 3184 1832 3235 ιι,
1864 3170 1982 3242 48).
2021 3170 2105 3226 Ti-

516 3266 768 3312 tnuerunt
796 3255 1022 3327 perdere
1054 3265 1269 3323 terram,
1313 3265 1367 3311 et
1406 3258 1580 3313 ierunt
1608 3260 1707 3313 sub
1737 3268 1936 3316 terram
1969 3279 1984 3316 :
2013 3276 2105 3318 ac-

515 3348 647 3403 cidit
694 3348 773 3402 eis
814 3360 866 3401 ct
907 3348 1046 3417 quod
1108 3349 1417 3405 timuerunt.
1471 3349 1602 3404 Nam
1658 3350 1778 3407 ideo
1820 3353 2129 3425 voluerunt.

514 3436 782 3494 Christum
811 3439 1076 3507 occidere,
1099 3456 1167 3496 ne
1194 3451 1388 3497 terram
1419 3442 1732 3513 perderent;
1761 3452 1817 3499 et
1842 3444 1964 3502 ideo
1989 3455 2102 3503 ter-

511 3548 628 3588 ram
658 3532 1027 3601 perdiderunt,
1069 3533 1189 3604 quia
1227 3532 1495 3591 Christum
1537 3535 1867 3592 occiderunt.
1908 3536 2101 3596 Occiso

512 3624 655 3678 enim
686 3620 918 3690 Christo,
955 3623 1077 3693 quia
1105 3622 1310 3679 dixerat
1339 3625 1440 3679 illis
1483 3624 1599 3696 ipse
1628 3626 1907 3697 Dominus,
1938 3629 2099 3701 Aufe-

509 3724 648 3771 retur
684 3732 715 3769 a
743 3716 877 3771 vobis
918 3732 1145 3787 regnum,
1196 3725 1241 3771 et
1271 3717 1500 3772 tradetur
1539 3720 1677 3790 genti
1716 3721 1919 3790 facienti
1934 3722 2096 3792 justi-

510 3808 633 3861 tiam
663 3806 875 3877 (Matth.
912 3822 1026 3872 XXI,
1055 3805 1172 3878 43),
1205 3816 1401 3863 secutae
1431 3817 1554 3864 sunt
1579 3809 1698 3864 illos
1721 3826 1926 3881 magnae
1949 3814 2094 3869 cala-

506 3901 719 3956 tttitates
772 3900 1225 3969 persecutionum.
1278 3899 1536 3956 Vieerunt
1581 3903 1699 3957 illos
1744 3905 2094 3976 imperatores

506 3991 756 4059 Romani,
782 4000 835 4048 et
872 4006 1026 4062 reges
1050 3993 1288 4062 gentium
1314 4011 1327 4045 :
1351 3993 1554 4049 exclusi
1591 4004 1713 4050 sunt
1740 3996 1809 4053 de
1838 3997 1955 4069 ipso
1976 4001 2093 4057 loco

504 4086 595 4143 ubi
623 4086 1000 4143 cruciﬁxerunt
1019 4087 1323 4154 Christum;
1354 4096 1408 4144 et
1433 4088 1593 4144 modo
1613 4090 1760 4148 locus
1788 4093 1878 4150 ille
1902 4096 2091 4165 plenus

503 4189 587 4238 est
617 4178 983 4246 laudatoribus
1009 4178 1335 4246 christianis,
1374 4180 1579 4236 nullum
1606 4180 1851 4239 Judmum
1892 4187 2086 4257 habet;

502 4273 677 4329 caruit
723 4270 951 4326 inimicis
999 4268 1234 4337 Christi,
1286 4271 1534 4343 impletus
1585 4282 1668 4329 est
1719 4276 2090 4339 laudatoribus

503 4361 720 4421 Christi.
765 4364 902 4419 Ecce
954 4361 1301 4433 perdiderunt
1352 4378 1381 4417 a
1420 4364 1674 4422 Romanis
1708 4369 1908 4439 locum,
1960 4374 2086 4444 quia

502 4454 776 4513 Christum
796 4453 1125 4519 occiderunt,
1154 4452 1243 4524 qui
1273 4462 1549 4525 propterea
1572 4457 1883 4517 occiderunt
1908 4476 1978 4518 ne
2007 4463 2085 4519 lo-

499 4560 621 4603 cum
662 4562 692 4600 a
736 4546 988 4600 Romanis
1032 4544 1336 4615 perderent.
1366 4543 1529 4617 Ergo,
1574 4548 1850 4606 introibant
1887 4552 1942 4608 in
1981 4554 2084 4610 ima

498 4648 666 4694 teme.

570 4731 658 4787 i9.
703 4729 851 4801 [uers.
888 4726 1000 4803 1L]
1040 4728 1327 4786 Tradentur
1366 4731 1421 4786 in
1456 4749 1636 4788 ntanus
1663 4734 1843 4806 gladii.
1873 4737 2079 4797 Revera

496 4824 576 4881 sic
606 4822 710 4877 illis
736 4820 1014 4875 visibiliter
1052 4822 1271 4891 contigit
1297 4838 1312 4886 ;
1361 4825 1645 4896 expugnati
1676 4836 1798 4882 sunt
1829 4828 2082 4886 irruenti-

492 4918 594 4974 bus
614 4912 877 4970 hostibus.
907 4911 1085 4967 Partes
1108 4913 1333 4982 vulpium
1356 4924 1516 4969 ertmt.
1552 4916 1747 4986 Vulpes
1770 4918 1897 4976 dicit
1924 4936 2076 4993 reges

436 5056 443 5065 .
492 5010 694 5075 surculi,
724 5005 816 5078 qui
844 5016 967 5060 tunc
990 5004 1436 5076 fueruntquando
1463 5006 1724 5063 debellata
1755 5019 1837 5065 est
1865 5010 2072 5069 Iudaea.

435 5090 443 5100 ’
489 5102 706 5165 Audite,
747 5109 803 5153 ut
849 5098 1106 5153 noveritis
1144 5106 1201 5153 et
1246 5097 1552 5169 intelligatis
1596 5100 1717 5169 quia
1758 5101 1904 5171 ipsos
1946 5103 2076 5161 dicit

487 5196 694 5265 vulpes.
725 5192 989 5248 Herodem
1044 5205 1225 5261 regem
1271 5191 1385 5260 ipse
1440 5191 1695 5248 Dominus
1718 5193 1936 5263 vulpem
1979 5209 2074 5266 ap-

486 5287 702 5361 pellavit
728 5304 741 5339 :
772 5283 867 5347 Ite,
896 5283 1086 5354 inquit,
1109 5290 1156 5336 et
1185 5282 1333 5336 dicite
1352 5283 1492 5353 vulpi
1514 5284 1590 5337 illi
1619 5284 1773 5351 (Luc.
1803 5302 1917 5351 χιιι,
1947 5288 2066 5359 52).

488 5377 695 5441 Videte,
746 5383 801 5430 et
839 5374 1116 5439 attendite,
1170 5373 1359 5427 fratres
1402 5374 1504 5427 mei
1533 5372 1839 5431 :Christum
1888 5392 2068 5449 regem

487 5471 683 5525 habere
728 5468 1031 5528 noluerunt,
1077 5473 1129 5519 et
1177 5472 1353 5533 partes
1390 5465 1629 5534 vulpium
1705 5466 1827 5524 facti
1883 5474 2064 5527 suut‘.

484 5560 706 5629 Quando
733 5558 872 5613 enim
896 5556 1096 5610 Pilatus
1123 5570 1340 5625 praeses,
1371 5557 1422 5610 in
1452 5556 1632 5611 Judzea
1662 5560 1887 5629 legatus,
1920 5564 2065 5616 orci-

484 5653 560 5707 dit
579 5652 847 5707 Christum
872 5663 933 5703 ex
955 5648 1168 5702 vocibus
1187 5647 1509 5715 ιΙιιιΙιυοιίιιιι,
1532 5650 1659 5705 dixit
1682 5651 1810 5722 ipsis
1828 5652 2060 5709 Judmis:

549 5807 565 5837 ί
603 5811 695 5854 iloc
719 5805 822 5855 loco
835 5818 1008 5856 omnes
1026 5811 1154 5867 Mss,
1176 5805 1328 5857 secuti
1346 5813 1473 5859 sunt.

1789 296 1846 353 s.
1888 299 2254 359 AUGUSTINI
2294 270 2593 366 ﬁptscom
3082 370 3093 381 ,
3659 349 3731 412 τω

2252 418 2443 521 {tegent
2487 433 2704 481 uestrum
2742 431 3038 504 cruciﬁgmn
3058 435 3087 491 2
3123 437 3257 507 Quia
3293 441 3542 508 dicebatur
3573 471 3645 515 rex
3662 462 3731 521 lu.

2245 511 2504 584 dreornm,
2534 528 2589 574 et
2626 535 2786 578 verus
2814 540 2909 582 rex
2934 527 3072 599 ipse.
3120 532 3188 588 Et
3210 533 3287 591 illi
3329 511 3731 615 repellentes—Cll;

2244 615 2405 672 stum,
2436 608 2684 667 dixerunt
2713 631 2728 667 :
2765 614 2881 672 Nos
2918 634 3022 676 non
3058 621 3298 683 habemus
3333 608 3594 703 regentum

2241 695 2566 803 τεντινυοαη-
2750 705 2862 773 ιδ»
2909 707 3234 781 nemorum
3266 695 3491 790 εςηιςηις
3528 695 3735 803 ειειῶ

2241 785 2454 856 vulpem
2480 805 2496 855 ;
2524 792 2716 848 merito
2745 807 2923 865 partes
2949 800 3185 873 vulpium
3214 785 3338 864 facti
3363 785 3500 870 sunt.

2309 876 2602 978 :20.“I;t‘teﬂ.‘
2643 882 2756 959 12.]
2810 888 2938 978 Rea:
2989 906 3107 950 vero
3133 911 3153 950 :
3178 895 3302 955 ideo
3345 900 3417 957 ita
3460 907 3652 976 positum
3683 932 3739 978 ea

2239 967 2362 1066 quia
2413 970 2488 1025 illi
2516 973 2730 1066 vulpem
2772 977 3073 1051 elegerunt,
3121 1001 3304 1058 regem
3343 967 3473 1051 vero
3508 967 3738 1066 συιυεῖνί

2237 1056 2355 1113 Rex
2375 1076 2492 1168 onero
2518 1077 2539 1118 :
2570 1064 2620 1119 id
2651 1077 2737 1123 est
2762 1083 2923 1127 verus
2943 1088 3066 1142 rex,
3087 1077 3172 1133 cui
3188 1056 3383 1139 titulus

2236 1150 2667 1258 quanddpassus
2695 1167 2798 1259 est.
2844 1159 2977 1218 Nam
3019 1164 3222 1225 Pilatus
3257 1173 3403 1230 hunc
3426 1150 3612 1246 titulun;
3632 1150 3741 1259 Si];

2234 1249 2395 1341 caput
2419 1241 2536 1314 ejus
2557 1245 2869 1319 inscriptum
2904 1258 3101 1325 posuit,
3136 1258 3247 1316 Rea:
3264 1260 3572 1341 Judaei-um,

2231 1329 2434 1402 lingua,
2462 1349 2659 1405 graeca.
2683 1348 2739 1395 et
2768 1340 2933 1400 latina
2962 1363 2977 1400 :
3007 1357 3062 1404 ut
3084 1364 3274 1410 omnes
3302 1356 3396 1427 qui
3428 1329 3742 1428 transit-eat;

2230 1436 2421 1493 gerent
2445 1429 2668 1520 gloriam
2702 1436 2864 1506 regis,
2887 1446 2943 1494 et
2968 1438 3319 1511 ignominiam
3348 1449 3571 1520 ipsorum
3588 1456 3741 1520 Jodao.

2229 1528 2371 1583 rum,
2399 1519 2488 1588 qui
2516 1521 2819 1591 rejieientes
2840 1543 3031 1587 verum
3071 1548 3279 1606 regem,
3310 1519 3741 1624 elegeruntvulpm

2228 1605 2516 1664 Caesarem.
2564 1611 2680 1669 Rea:
2724 1632 2839 1673 uero
2873 1622 3128 1680 laetabitur
3146 1605 3218 1683 in
3247 1605 3507 1693 Deofllli
3531 1605 3744 1704 ΐιοιίἶιιῖι

2227 1708 2410 1765 partes
2430 1701 2666 1772 vulpium
2693 1723 2710 1760 :
2739 1706 2853 1765 Rea:
2880 1725 2997 1769 vero
3021 1715 3274 1775 lambitur
3294 1722 3351 1777 in
3378 1722 3504 1782 Deo.
3523 1728 3659 1797 Quem

2228 1791 2329 1847 visi
2377 1803 2505 1850 sunt
2545 1799 2697 1868 quasi
2752 1817 3038 1875 superasse
3083 1823 3207 1867 cum
3248 1791 3626 1892 cruciﬁgerent,
3660 1791 3743 1885 tunc

2225 1883 2513 1941 cruciﬁxus
2553 1887 2686 1946 ludit
2714 1894 2944 1962 pretium
2984 1912 3092 1971 quo
3125 1902 3258 1959 emit
3303 1883 3490 1964 orbein
3529 1883 3739 1974 terrarum.

2225 1974 2342 2080 item
2366 1994 2481 2034 vero
2502 1979 2763 2080 lambitur
2789 1987 2844 2042 in
2870 1987 2981 2046 Deo
3002 2007 3022 2048 :
3051 1993 3351 2055 laudabitur
3374 2004 3532 2060 omnis
3554 2008 3627 2078 qui
3643 2010 3742 2080 just

2223 2066 2279 2122 in
2314 2068 2447 2140 ipso.
2494 2070 2693 2142 Quare,
2723 2077 3017 2138 laudabitur
3064 2088 3230 2144 omnis
3277 2091 3373 2163 qui
3396 2094 3535 2167 jurat
3563 2066 3613 2153 in
3640 2066 3741 2172 ipso?

2399 2162 2501 2261 sibi
2522 2165 2683 2237 elegit
2710 2167 3006 2242 Christum,
3037 2189 3146 2234 non
3169 2159 3425 2252 vulpem;
3453 2187 3567 2257 quia
3590 2159 3741 2261 quando

2221 2251 2300 2308 illi
2320 2252 2488 2312 Judaei
2517 2256 2926 2331 iusultaverunt,
2960 2274 3089 2326 tunc
3112 2251 3275 2329 dedit
3293 2274 3388 2331 ille
3410 2251 3546 2338 unde
3569 2251 3740 2342 redime-

2220 2359 2425 2445 remur.
2452 2349 2552 2445 Ad
2565 2350 2742 2445 ipsum
2786 2372 2916 2430 ergo
2944 2362 3282 2433 pertinemus
3312 2368 3407 2441 qui
3442 2386 3535 2429 nos
3557 2375 3736 2445 redemit

2340 2451 2439 2508 pro
2465 2439 2621 2498 nobis
2661 2446 2918 2504 mundum
2945 2450 3091 2520 vicit,
3127 2469 3235 2512 non
3265 2436 3473 2518 armato
3497 2463 3656 2531 milite,

2219 2523 2374 2582 irrisa
2411 2542 2594 2587 cruce.
2642 2533 2757 2591 Rex
2802 2553 2919 2593 vero
2963 2539 3220 2599 (uitabitur-
3259 2546 3315 2603 in
3359 2523 3737 2611 Deo:laudatitu

2217 2619 2387 2717 omnis
2407 2622 2497 2717 qui
2510 2624 2661 2694 jurat
2683 2627 2737 2683 in
2757 2628 2892 2699 ipso.
2914 2631 3046 2700 Quis
3067 2633 3215 2706 jurat
3244 2639 3299 2695 in
3330 2642 3436 2698 eo?
3460 2643 3553 2714 Qui
3577 2648 3733 2717 pollict-

2216 2708 2404 2807 tur-ei-
2426 2710 2588 2768 vitam
2618 2729 2802 2807 suam,
2847 2722 2939 2792 qui
2976 2733 3135 2781 vovet
3182 2726 3262 2784 illi
3292 2739 3349 2787 et
3391 2708 3592 2804 reddit;
3609 2738 3677 2807 qui
3696 2738 3734 2794 ﬁt

2214 2797 2580 2883 christianus:
2615 2805 2717 2862 hoc
2751 2818 2836 2866 est
2872 2813 3016 2883 quod
3043 2815 3140 2883 ait,
3172 2818 3494 2881 Laudabitur
3524 2797 3733 2900 omnisqu

2203 2890 2352 2993 iurat
2388 2893 2600 2993 inAipso.
2631 2898 2887 2993 Quoniam
2922 2909 3208 2981 oppilatunt
3253 2925 3332 2971 est
3370 2934 3429 2973 os
3492 2890 3731 2993 (aquatius

2212 2980 2405 3080 iniqua.
2426 2984 2638 3054 Quanta
2664 2992 2843 3065 iniqua
2859 2994 3023 3055 locuti
3054 3011 3180 3059 sunt
3199 3003 3414 3064 luctati?
3436 2980 3617 3080 Quanta
3637 3014 3728 3069 mala

2210 3072 2484 3179 dixerunt,
2517 3096 2625 3137 non
2664 3084 2840 3142 solum
2867 3087 3060 3160 Judaei,
3108 3094 3206 3152 sed
3241 3106 3300 3154 et
3336 3072 3520 3179 omnes
3545 3105 3620 3174 qui
3643 3120 3727 3176 pro-

2210 3174 2331 3262 pter
2356 3168 2494 3262 idola
2523 3171 2859 3235 Christianos
2884 3187 3155 3252 persecuti
3176 3191 3344 3246 sunt?
3368 3168 3579 3262 Quaiido
3595 3168 3728 3252 saevie-

2208 3255 2341 3355 bant
2387 3260 2441 3316 in
2493 3262 2851 3339 Christianos,
2899 3276 3158 3344 putabant
3199 3281 3346 3351 quod
3378 3255 3589 3355 possent
3619 3287 3726 3342 ﬁnire

2206 3349 2572 3444 Christianos:
2592 3375 2714 3416 cum
2741 3364 2995 3433 putabant
3018 3370 3161 3439 quod
3436 3376 3595 3444 ﬁnire,
3614 3377 3722 3437 Chri-

2205 3443 2366 3540 stiani
2393 3459 2696 3518 creverunt,
2731 3461 2788 3510 et
2815 3454 2914 3526 ipsi
2948 3455 3085 3515 ﬁniti
3126 3443 3277 3521 sunt.
3307 3464 3587 3540 Oppilatunt
3606 3482 3665 3526 est
3687 3488 3725 3525 ot

2204 3533 2517 3633 loquentium
2554 3541 2752 3616 iniqua.
2799 3544 2972 3605 Nemo
3012 3550 3178 3609 audet
3210 3533 3377 3614 modo
3391 3533 3595 3632 publice
3620 3561 3722 3633 loqui

2202 3638 2390 3685 contra
2444 3631 2760 3705 Christum;
2810 3639 2923 3710 jam
2976 3657 3167 3702 omnes
3224 3648 3416 3707 timent
3470 3631 3720 3709 Cbristuni:

2205 3716 2459 3785 Quoniam
2483 3726 2765 3796 oppilatum
2790 3740 2865 3787 est
2890 3748 2948 3789 os
2977 3732 3289 3807 loquentium
3341 3743 3524 3814 iniqua.
3553 3743 3720 3815 Quando

2202 3811 2256 3868 in
2299 3814 2607 3876 inﬁrmitate
2658 3822 2843 3894 Agnus
2890 3837 3026 3896 erat,
3080 3829 3240 3888 etiam
3292 3811 3473 3907 vulpes
3514 3811 3720 3893 audebant

2198 3914 2383 4001 contra
2405 3909 2636 3982 Agnum.
2668 3913 2809 3971 Vicit
2835 3915 2947 3973 Leo
2972 3917 3040 3975 de
3069 3921 3213 3979 tribu
3237 3923 3375 3982 Juda
3411 3927 3576 4001 (Apoc.
3598 3944 3641 3994 ν.
3661 3928 3723 3997 ελ·

2197 4006 2253 4052 et
2294 3998 2555 4058 siluerunt
2593 4003 2783 4076 vulpes
2810 4024 2824 4062 :
2855 4007 3109 4075 Quoniam
3148 3998 3433 4087 oppilatttni
3467 3998 3532 4075 est
3556 4036 3626 4075 eos
3658 4021 3711 4073 lo-

2193 4092 2453 4165 quentium
2481 4092 2674 4165 iniqua.

2226 4226 2625 4242 —_—-‘I~

2630 4229 3707 4255 ._.__________

2628 4308 2710 4370 IN
2759 4306 3139 4374 PSALMUM
3165 4314 3371 4380 LXIII

2788 4457 2922 4516 ENA
2934 4455 3210 4518 RRATIO.

2714 4604 2887 4648 sanato
2910 4609 2979 4649 AD
3003 4604 3233 4650 ηειιειι.

2260 4699 2314 4755 1.
2359 4698 2631 4757 Passionis
2679 4714 2986 4762 sanctorum
3053 4714 3353 4782 martyrum
3409 4704 3538 4763 diem
3584 4700 3702 4760 hodie

2188 4787 2381 4847 festum
2408 4790 2686 4863 habentes,
2713 4794 2767 4851 in
2793 4809 2979 4854 eorum
3005 4800 3381 4860 recordatione
3401 4795 3697 4874 gaudeamus.

2187 4884 2484 4940 recolentes
2509 4885 2633 4955 quid
2667 4886 3020 4957 patiebantur,
3049 4900 3105 4947 et
3143 4892 3494 4966 intelligentes
3515 4888 3617 4963 quid
3635 4888 3695 4944 ia-

2183 4972 2486 5031 tuebantur.
2517 4975 2795 5048 Nunquam
2821 4980 2963 5037 enim
3008 4989 3185 5041 tantas
3211 4986 3558 5044 tribulationes
3578 4992 3695 5038 came

2183 5065 2504 5133 tolerarent,
2543 5068 2643 5123 nisi
2660 5083 2904 5142 magnam
2929 5073 3166 5145 quietem
3190 5088 3373 5135 mente
3396 5077 3687 5147 conciperent-

2180 5155 2333 5213 Hunc
2359 5158 2535 5229 itaque
2563 5159 2823 5230 psalmum
2840 5178 2937 5234 pro
2959 5164 3074 5236 ipsa
3101 5168 3435 5227 solemnitate
3455 5177 3686 5226 curramus-

2181 5250 2447 5307 Hesterno
2475 5251 2618 5309 enim
2656 5252 2743 5311 die
2792 5256 2956 5313 multa
3000 5259 3208 5318 audivit
3250 5263 3477 5321 Charitas
3518 5260 3680 5318 Vestri.

2177 5357 2281 5399 nee
2328 5341 2487 5399 hodie
2537 5351 2715 5399 tamen
2762 5343 2887 5404 huic
2937 5348 3209 5409 lestivitati
3254 5370 3436 5426 negare
3477 5349 3681 5424 potuimus

2174 5445 2414 5492 nostram
2439 5440 2770 5497 servitutem.
2801 5440 2983 5514 Itaque
3008 5447 3260 5516 quoniam
3290 5449 3500 5506 maxime
3519 5436 3675 5501 Domini

2175 5530 2356 5602 passio
2393 5533 2799 5591 commendatur
2826 5536 2880 5591 in
2910 5535 3012 5594 hoc
3042 5541 3249 5610 psalmo
3270 5584 3285 5607 ,
3328 5557 3419 5598 nec
3455 5536 3675 5611 potuerunt

2174 5639 2294 5679 esse
2321 5622 2485 5679 fortes
2512 5634 2794 5698 martyres,
2824 5628 2927 5684 nisi
2953 5629 3287 5689 intuerentur
3301 5648 3410 5690 eum
3429 5630 3504 5702 qui
3524 5626 3669 5697 primus

2172 5728 2362 5785 passus
2405 5725 2514 5781 est;
2562 5732 2663 5771 nec
2693 5718 2813 5773 talia
2854 5722 3180 5779 sustinerent
3201 5725 3254 5779 in
3282 5713 3664 5796 p3$aiﬂnc,q"a“‘

2176 5806 2284 5874 ille,
2318 5806 2416 5862 tisi
2446 5809 2567 5863 talia
2595 5822 2872 5879 sperarent
2901 5812 2954 5870 in
2983 5819 3398 5890 resurrectione,
3422 5815 3561 5888 qualia
3583 5810 3660 5879 il“
