3912 6416
110 387 211 446 761

109 501 185 559 de
231 517 293 560 se
329 497 711 557 demonstravit
765 513 778 550 :
834 493 982 549 novit
1022 502 1197 548 autem
1222 491 1487 548 Sanctitas
1515 488 1705 544 Vestra

109 604 279 663 caput
324 603 563 647 nostrum
602 603 720 644 esse
765 586 1044 643 Dominum
1081 593 1319 639 nostrum
1346 582 1525 637 Jesum
1553 581 1709 635 Chri-

110 697 260 741 stum
284 725 300 750 ,
342 696 635 751 omnesque
678 680 751 734 illi
797 678 1127 733 cohaerentes
1157 674 1395 729 membra
1425 688 1543 727 esse
1568 672 1708 727 illius

112 779 340 849 rapitis;
372 775 592 845 ejusque
618 786 801 827 vocem
826 770 935 841 jam
966 768 1172 824 habetis
1192 765 1550 832 notissimam,
1575 779 1701 835 quoe

108 872 265 925 niam
291 884 394 923 non
418 883 483 922 ex
509 867 625 921 solo
652 864 844 933 capite,
875 861 968 918 sed
998 861 1160 917 etiam
1188 874 1255 915 ex
1280 873 1504 927 corpore
1531 856 1703 926 loqui-

109 972 240 1027 tur;
267 974 534 1029 vocesque
551 957 668 1027 ejus
684 972 789 1011 non
810 963 1013 1009 tantum
1032 954 1203 1023 ipsum
1223 950 1503 1004 Dominum
1523 948 1705 1004 Jesum

107 1052 412 1116 Christum,
443 1051 531 1121 qui
559 1048 667 1119 jam
694 1045 933 1102 ascendit
962 1046 1012 1099 in
1038 1044 1232 1100 cmlum
1254 1083 1270 1109 ,
1301 1041 1385 1097 vel
1410 1040 1709 1111 signiﬁcant

109 1144 201 1198 vel
231 1142 546 1214 pradicant,
572 1139 664 1194 sed
684 1137 844 1193 etiam
869 1137 985 1207 ejus
1006 1135 1240 1190 membra
1258 1141 1415 1202 caput
1435 1131 1708 1202 proprium

108 1244 366 1291 secutura
398 1251 410 1287 :
442 1246 792 1303 agnoscamus
832 1229 917 1283 hic
960 1242 1065 1281 non
1104 1225 1278 1279 solum
1312 1224 1451 1279 illius
1480 1237 1664 1277 vocem
1690 1263 1707 1288 ,

110 1325 209 1381 sed
245 1336 303 1381 et
343 1334 600 1378 nostram.
636 1322 702 1376 Et
744 1334 900 1375 nemo
932 1318 1074 1373 dicat
1094 1316 1239 1388 quod
1267 1315 1425 1371 hodie
1454 1315 1506 1370 in
1539 1314 1709 1370 tribu-

115 1415 321 1471 latione
351 1415 652 1485 passionum
685 1428 790 1467 non
816 1426 1017 1466 sumus.
1044 1408 1267 1479 Semper
1289 1408 1461 1462 ‘enim
1489 1405 1711 1460 audistis

116 1507 242 1571 hoc,
275 1508 397 1578 quia
430 1506 533 1560 illis
564 1503 888 1573 temporibus
930 1501 1168 1557 Ecclesia
1213 1498 1361 1569 quasi
1408 1507 1515 1552 tota
1549 1496 1709 1551 simul

122 1601 517 1670 impellebatur,
547 1613 684 1653 nunc
704 1606 879 1651 autem
908 1612 1002 1667 per
1026 1593 1262 1665 singulos
1293 1601 1544 1647 tentatur.
1576 1590 1707 1645 Alli-

122 1704 277 1763 gatus
299 1704 380 1747 est
410 1690 623 1762 quidem
654 1688 916 1754 diabolus,
945 1702 1011 1742 ne
1040 1684 1199 1741 faciat
1228 1693 1484 1756 quantum
1516 1690 1706 1751 potest,

131 1802 195 1841 ne
226 1785 381 1840 faciat
409 1792 661 1855 quantum
699 1782 842 1847 vult;
884 1788 1060 1835 tamen
1102 1789 1304 1833 tantum
1336 1785 1541 1831 tentare
1576 1774 1707 1829 sini-

139 1889 238 1941 tur.
253 1890 505 1950 qnantum
519 1876 734 1947 expedit
754 1873 1169 1947 proﬁcientibus.
1190 1871 1305 1928 Non
1326 1871 1477 1927 nobis
1498 1887 1559 1926 ex
1570 1869 1711 1941 pedit

145 1985 251 2026 esse
286 1974 399 2026 sine
433 1967 809 2025 tentationibus
843 1983 857 2021 :
888 1980 987 2021 nec
1015 1978 1264 2035 rogemus
1305 1963 1469 2017 Deum
1513 1970 1569 2016 ut
1606 1975 1711 2016 non

151 2073 415 2127 tentemur,
443 2062 534 2117 sed
564 2070 621 2116 ut
648 2076 751 2115 non
774 2058 1085 2113 inducamur
1114 2056 1166 2110 in
1195 2054 1561 2110 tentationem.

208 2156 255 2207 2.
286 2152 433 2227 [vers.
462 2151 543 2226 2.]
572 2153 816 2206 Dicamus
842 2164 970 2220 ergo
994 2156 1048 2202 et
1075 2163 1171 2201 nos
1202 2164 1215 2201 :
1250 2144 1454 2198 Exaudi
1478 2184 1493 2209 ,
1526 2142 1664 2198 Deus
1691 2185 1706 2210 ,

152 2244 405 2299 orationem
431 2259 613 2306 meam,
646 2241 767 2295 dum
788 2238 997 2294 tribulor
1017 2240 1037 2269 ¹
1070 2255 1083 2291 :
1113 2254 1144 2290 a
1171 2237 1351 2290 timore
1376 2235 1571 2288 inimici
1597 2249 1714 2286 erue

150 2339 349 2392 animam
389 2352 571 2389 meam.
612 2332 907 2389 Sievierunt
938 2328 1136 2384 inimici
1180 2328 1230 2382 in
1262 2338 1554 2397 martyres;
1586 2323 1714 2393 quid

149 2431 313 2486 orabat
340 2430 438 2484 ista
468 2443 569 2483 vox
597 2426 837 2498 corporis
863 2423 1093 2480 Christi?
1120 2422 1230 2477 [Ioc
1250 2421 1455 2487 orabat,
1481 2428 1537 2473 ut
1559 2434 1707 2473 crue-

146 2534 311 2581 rentur
336 2523 404 2578 ab
433 2521 686 2584 inimicis,
738 2527 792 2574 et
830 2533 933 2572 non
963 2531 1055 2571 eos
1084 2524 1300 2587 possent
1331 2512 1577 2567 occidere
1607 2510 1711 2565 ini-

146 2615 273 2671 mici.
314 2614 451 2685 Ergo
477 2612 710 2669 exauditi
742 2625 845 2665 non
876 2621 999 2664 sunt
1024 2650 1039 2672 ,
1079 2608 1199 2679 quia
1250 2606 1410 2660 occisi
1455 2614 1613 2670 sunt;
1660 2612 1716 2659 et

138 2706 353 2763 deseruit
391 2706 529 2761 Deus
554 2703 810 2759 contritos
837 2702 1001 2756 corde
1028 2714 1211 2754 servos
1240 2714 1385 2765 suos,
1416 2707 1469 2753 et
1494 2712 1716 2766 speran-

137 2808 215 2854 tes
246 2799 293 2853 in
336 2814 395 2853 se
432 2796 708 2868 despexit?
736 2796 906 2850 Absit.
942 2794 1065 2858 Quis
1091 2794 1223 2846 enim
1252 2791 1496 2844 invocavit
1533 2788 1716 2843 Domi-

134 2907 269 2957 num,
292 2902 334 2944 et
359 2890 625 2944 derelictus
652 2888 761 2943 est?
786 2890 897 2955 quis
926 2889 1143 2953 speravit
1172 2885 1221 2936 in
1247 2900 1381 2949 eum,
1415 2891 1459 2936 et
1489 2883 1713 2936 desertus

131 2989 208 3034 est
228 2979 284 3033 ab
310 2997 365 3033 co
400 2977 587 3050 (Eccli.
622 2994 678 3045 ιι,
710 2977 798 3040 11,
834 2977 969 3044 12)?
999 2973 1434 3029 Exaudiebantur
1462 2987 1588 3041 ergo
1610 3010 1628 3037 ,
1658 2981 1713 3026 et

132 3072 539 3134 occidebantur;
570 3080 624 3125 et
650 3081 826 3123 tamen
868 3067 936 3122 ab
976 3066 1204 3121 inimicis
1231 3065 1576 3120 eruebantur.
1609 3064 1711 3118 Alii

131 3164 376 3218 timentes
401 3162 825 3225 consentiebant,
854 3170 906 3215 et
933 3160 1207 3224 vivebant;
1239 3167 1293 3213 et
1319 3168 1494 3212 tamen
1517 3156 1616 3228 ipsi
1644 3156 1714 3212 ab

128 3256 354 3311 inimicis
392 3256 831 3311 absorbebantur.
869 3251 1041 3309 Occisi
1076 3252 1422 3318 eruebantur,
1466 3251 1711 3306 viventes

125 3349 561 3405 absorbebantur.
596 3347 724 3402 Inde
768 3355 851 3402 est
901 3356 955 3401 et
1002 3346 1093 3399 illa
1137 3360 1236 3399 vox
1284 3344 1655 3414 gratulationis
1694 3360 1710 3398 :

125 3439 363 3495 Forsitan
388 3442 521 3495 vivos
540 3439 904 3494 absorbuissent
933 3454 1023 3492 nos
1053 3436 1221 3507 (Psal.
1241 3451 1422 3496 cxxut,
1451 3436 1526 3506 5).
1562 3434 1710 3489 Multi

117 3532 381 3603 absorpti,
412 3542 466 3588 et
492 3532 595 3586 vivi
628 3530 892 3598 absorpti;
925 3530 1075 3583 multi
1102 3528 1294 3583 mortui
1326 3527 1581 3596 absorpti.
1609 3526 1709 3594 Qui

116 3633 440 3696 putaverunt
471 3624 681 3677 inanem
714 3635 833 3676 esse
872 3619 1030 3674 ﬁdem
1067 3617 1409 3673 cbristianam
1443 3660 1458 3683 ,
1516 3617 1709 3671 mortui

114 3716 359 3785 absorpti
381 3713 639 3784 sunt:qui
663 3720 838 3767 autem
869 3711 1097 3765 scientes
1118 3709 1394 3763 veritatem
1423 3722 1543 3763 esse
1575 3722 1713 3776 prae-

114 3801 1032 3877 dicationemEvangelii,Cbristum
1060 3815 1179 3856 esse
1210 3799 1397 3854 Filium
1418 3800 1507 3853 Dei
1530 3799 1708 3853 scien-

116 3913 224 3966 tes,
252 3901 423 3957 ethoc
447 3898 751 3960 credentes,
770 3905 824 3951 et
843 3895 946 3949 hoc
971 3895 1112 3948 intus
1141 3902 1403 3957 tenentes,
1432 3902 1710 3946 cesserunt

115 4002 300 4046 tamen
322 3991 615 4054 doloribus,
631 4000 681 4043 et
704 3987 857 4043 idolis
881 3985 1335 4048 sacrilicaverunt,
1353 3984 1454 4039 vivi
1472 3982 1707 4053 absorpli

106 4096 264 4139 sunt.
290 4084 367 4139 Illi
393 4081 630 4152 absorpti
667 4089 811 4147 sunt,
850 4080 972 4150 quia
1001 4077 1231 4140 mortui;
1260 4076 1333 4129 illi
1363 4084 1539 4130 autem
1584 4076 1707 4145 quia

104 4174 613 4247 absorpti,mortui.
636 4172 749 4227 Non
768 4171 910 4226 enim
933 4168 1165 4238 absorpti
1194 4166 1373 4222 vivere
1402 4174 1706 4238 potuerunt,

102 4268 363 4337 quamvis
390 4265 492 4320 vivi
521 4264 955 4319 ahsorberenlur.
987 4260 1125 4329 Ergo
1157 4257 1258 4313 hoc
1288 4268 1404 4311 orat
1434 4272 1532 4311 vox
1562 4272 1707 4311 mar-

102 4372 320 4433 tyrum,
349 4361 393 4414 Α
422 4359 600 4413 timore
622 4355 813 4410 inimici
844 4370 958 4408 erue
994 4352 1215 4407 animam
1255 4366 1415 4403 meam
1454 4365 1472 4403 :
1516 4364 1624 4403 non
1652 4358 1709 4405 ut

100 4470 202 4508 me
234 4468 341 4508 non
380 4450 591 4507 occidat
625 4447 893 4510 inimicus,
925 4444 1020 4501 sed
1054 4452 1111 4499 ut
1159 4457 1264 4497 non
1316 4442 1530 4497 timeam
1562 4442 1706 4496 oeci-

95 4545 333 4602 dentem
361 4542 655 4599 inimicum.
689 4539 800 4594 Hoc
823 4546 941 4591 orat
960 4536 1012 4590 in
1031 4535 1242 4591 Psalmo
1259 4534 1467 4604 impleri
1494 4546 1703 4597 servus,

92 4640 257 4710 quod
287 4637 449 4695 modo
470 4634 688 4707 jubebat
720 4632 770 4687 in
793 4628 1084 4701 Evangelio
1098 4627 1376 4683 Dominus.
1393 4625 1527 4693 Quid
1549 4625 1708 4681 modo

90 4734 336 4805 iubebat
351 4728 640 4787 Dominus?
658 4725 833 4782 Nolite
850 4726 1021 4779 timere
1036 4737 1119 4777 eos
1136 4723 1222 4793 qui
1240 4737 1427 4792 corpus
1446 4720 1700 4785 occidunt,

95 4830 340 4883 aninmm
366 4834 536 4881 autem
570 4838 673 4877 non
713 4827 921 4892 possunt
958 4814 1221 4880 occidere;
1262 4813 1351 4867 sed
1378 4829 1494 4867 eum
1540 4812 1707 4883 potius

101 4922 281 4975 timete
307 4919 395 4990 qui
424 4918 571 4971 habet
602 4919 913 4986 potestatem,
941 4916 989 4963 et
1013 4906 1256 4968 animam,
1299 4914 1345 4959 et
1383 4921 1569 4973 corpus
1610 4920 1700 4957 oc-

102 5014 278 5066 cidere
322 5012 377 5065 in
412 5008 642 5082 gehenna
668 5005 799 5077 ignis
823 5001 1037 5074 (Matth.
1069 5016 1103 5054 x
1123 5041 1138 5066 ,
1167 4998 1284 5069 28).
1319 4998 1385 5053 Et
1411 4998 1656 5067 repetivit
1685 5015 1699 5051 :

109 5102 193 5157 Ita
234 5104 352 5157 dico
387 5100 560 5165 vobis;
587 5114 699 5152 eum
731 5096 897 5150 timete
926 5092 1075 5166 (Luc.
1112 5106 1204 5156 xu,
1235 5092 1311 5160 5).
1344 5090 1441 5156 Qui
1468 5088 1702 5159 suntqui

109 5213 309 5268 corpus
338 5191 620 5253 occidunt?
649 5188 871 5245 Inimici.
905 5184 1039 5255 Quid
1062 5184 1277 5254 jubebat
1308 5181 1601 5237 Dominus?
1625 5182 1703 5237 Ne

114 5291 449 5347 timerentur.
486 5286 681 5343 Oretur
709 5297 837 5352 ergo
885 5289 942 5335 ut
991 5286 1203 5349 prmstet
1258 5276 1402 5348 quod
1442 5276 1612 5346 jubet.
1658 5275 1703 5329 Α

119 5384 293 5439 timore
320 5382 512 5438 inimici
540 5394 657 5435 erue
680 5376 902 5429 animam
928 5388 1105 5426 meam.
1141 5370 1283 5425 Erue
1314 5383 1401 5424 me
1440 5383 1469 5421 a
1511 5367 1701 5423 timore

123 5476 337 5545 inimici,
388 5485 445 5533 et
486 5471 654 5530 subde
697 5466 872 5523 timori
918 5474 1028 5520 tuo.
1069 5463 1183 5519 Non
1214 5464 1426 5518 timeam
1457 5477 1579 5517 eum
1606 5461 1695 5532 qui

127 5584 311 5642 corpus
339 5567 569 5632 occidit;
597 5561 693 5621 sed
729 5562 945 5616 timeam
976 5572 1097 5613 eum
1128 5556 1215 5627 qui
1259 5554 1418 5610 habet
1460 5562 1697 5625 potesta-

184 5753 196 5782 ‘
232 5754 303 5804 Sic
320 5758 425 5800 Mss.
452 5744 652 5804 siadd,
675 5754 841 5807 supra.
1074 5803 1110 5807 __
1248 5795 1259 5807 .
1370 5800 1382 5807 _
1418 5793 1428 5803 ο

177 5813 198 5846 ⁸
232 5792 502 5875 δάπεἠᾷ
518 5792 768 5875 aéﬁr'eeot.
790 5810 847 5854 At
878 5810 1052 5851 omnes
1074 5803 1202 5855 Mss,
1225 5795 1344 5846 dum
1365 5792 1564 5845 tribulor
1595 5804 1615 5844 :
1646 5799 1699 5844 et

111 5868 181 5922 sie
205 5868 403 5943 legebat
427 5868 645 5922 Hilarius.

1214 376 1609 437 ENARRATIO
1648 374 1713 432 IN
1753 374 2076 440 PSALMUM
2116 380 2291 437 LXIII.

3293 383 3399 437 762

1817 504 1923 550 tem
1951 504 2002 551 et
2031 511 2246 567 corpus,
2279 506 2335 553 et
2362 497 2592 553 animam
2616 496 2861 553 occidere
2886 498 2940 552 in
2966 496 3209 567 gehenua
3237 499 3393 567 ignis.

1814 588 1928 643 Non
1958 592 2098 644 enim
2129 607 2157 645 a
2190 593 2380 647 timore
2406 592 2529 645 volo
2558 606 2676 647 esse
2707 592 2989 659 immunis;
3022 591 3117 648 sed
3146 608 3174 646 a
3208 593 3397 650 timore

1814 678 2012 734 inimici
2045 680 2196 743 liber,
2227 682 2328 736 sub
2359 683 2548 736 timore
2578 683 2784 737 Domini
2812 698 3018 738 servus.

1885 770 1939 825 ὅ.
1970 768 2117 841 [vers.
2149 770 2227 844 5.]
2252 771 2526 827 Protexiin
2560 790 2639 827 me
2657 790 2688 826 a
2716 783 2958 827 conventu
2981 774 3364 843 malignantium
3382 816 3396 838 ,

1813 875 1846 912 a
1875 861 2195 915 multitudine
2222 864 2535 931 aperantium
2561 864 2889 934 iniquitatem.
2906 863 3021 919 Iam
3045 865 3217 934 ipsum
3240 875 3401 935 caput

1816 963 2057 1009 nostrum
2091 955 2408 1011 intueamur.
2440 956 2586 1011 Multi
2617 968 2877 1026 martyres
2911 959 3030 1013 talia
3058 960 3198 1028 passi
3227 969 3351 1014 sunt
3382 976 3394 1012 :

1814 1045 1907 1100 sed
1951 1045 2081 1100 nihil
2121 1047 2197 1101 sic
2230 1048 2407 1103 elucet
2443 1050 2710 1117 quomodo
2750 1060 2907 1120 caput
2958 1060 3285 1123 martyrum:
3329 1052 3398 1105 ibi

1814 1137 2008 1192 melius
2029 1138 2297 1193 intuemur
2316 1139 2455 1209 quod
2489 1140 2559 1193 illi
2593 1142 2798 1211 experti
2840 1151 2982 1196 sunt.
3012 1143 3288 1198 Proiectus
3318 1151 3401 1199 est

1815 1242 1846 1281 a
1884 1228 2225 1286 multitudine
2272 1230 2713 1301 malignantium,
2771 1240 3079 1305 protegente
3136 1250 3194 1290 se
3246 1236 3351 1289 Deo
3377 1274 3394 1304 λ

1816 1329 2128 1391 protegente
2165 1337 2382 1377 carnem
2430 1338 2579 1377 suam
2612 1325 2725 1393 ipso
2755 1323 2891 1379 Filio
2920 1337 2972 1379 et
3000 1325 3216 1381 homine
3242 1342 3399 1395 quem

1814 1412 2035 1482 gerebat
2064 1431 2076 1466 :
2107 1414 2229 1483 quia
2272 1413 2436 1468 Filius
2471 1414 2697 1469 hominis
2736 1424 2846 1479 est,
2878 1424 2931 1469 et
2961 1415 3125 1469 Filius
3153 1416 3244 1470 Dei
3271 1428 3353 1470 est
3382 1433 3398 1484 ;

1817 1502 1985 1557 Filius
2008 1502 2099 1558 Dei
2127 1513 2344 1573 propter
2366 1503 2588 1559 formam
2618 1507 2726 1561 Dei.
2749 1506 2916 1561 Filius
2934 1507 3162 1562 hominis
3192 1517 3405 1578 pmpter

1815 1593 2041 1650 formam
2070 1595 2209 1650 servi
2242 1594 2497 1667 (Philipp.
2532 1614 2587 1659 ιι,
2607 1598 2767 1668 (iet?)
2796 1617 2808 1651 :
2840 1598 3039 1654 habens
3071 1600 3120 1653 in
3144 1609 3403 1669 potestate

1818 1701 2019 1759 ponere
2043 1686 2273 1741 animam
2300 1703 2471 1752 suam,
2504 1698 2558 1743 et
2586 1690 2823 1760 recipere
2848 1706 2964 1745 eam
2995 1690 3173 1762 (Joan.
3203 1707 3257 1755 x,
3292 1691 3399 1760 l8).

1816 1777 1954 1847 Quid
1980 1779 2029 1833 ei
2058 1786 2347 1847 potuerunt
2371 1777 2547 1833 facere
2574 1778 2814 1834 inimici?
2839 1778 3161 1835 Occiderunt
3186 1796 3400 1851 corpus;

1816 1871 2047 1925 animam
2089 1888 2194 1928 non
2228 1873 2560 1929 occiderunt.
2590 1874 2870 1930 lntendite.
2902 1876 3093 1930 Parum
3124 1890 3253 1947 ergo
3285 1886 3402 1930 erat

1818 1960 2046 2018 Domino
2072 1965 2270 2019 hortari
2303 1976 2563 2037 martyres
2588 1966 2778 2032 verbo,
2811 1967 2910 2020 nisi
2954 1966 3188 2022 ﬁrmaret
3216 1981 3404 2022 exem-

1818 2052 1925 2122 plo.
1958 2052 2135 2109 Nostis
2160 2055 2249 2125 qui
2275 2065 2571 2111 conventus
2598 2068 2715 2112 erat
2740 2058 3141 2127 malignantium
3186 2058 3402 2113 ladano-

1817 2162 1958 2213 rum,
1990 2156 2044 2203 et
2066 2163 2185 2219 qua:
2214 2150 2496 2205 multitudo
2526 2160 2641 2205 erat
2682 2149 3018 2220 operantium
3049 2150 3401 2221 iniquitatem.

1818 2236 1987 2305 Quam
2019 2239 2384 2308 iniquitatem?
2404 2240 2517 2308 Qua
2542 2242 2823 2296 voluerunt
2852 2240 3096 2297 occidere
3123 2243 3403 2298 Dominum

1818 2328 1999 2384 Jesum
2048 2330 2338 2385 Christum.
2374 2330 2541 2385 Tanta
2590 2348 2744 2400 opera
2782 2333 2932 2399 bona,
2973 2332 3162 2401 inquit,
3211 2334 3405 2387 ostendi

1818 2421 1954 2475 vobis
1980 2438 1998 2475 :
2029 2431 2230 2493 propter
2267 2422 2402 2491 quod
2445 2424 2625 2477 horum
2652 2440 2731 2477 me
2775 2424 2923 2478 vultis
2968 2423 3193 2478 occidere
3215 2422 3404 2496 (Ibid.,

1819 2512 1949 2585 32)?
1985 2513 2213 2568 Pertulit
2249 2529 2434 2570 omnes
2464 2515 2706 2571 inﬁrmos
2743 2532 2953 2583 eorum,
2986 2516 3191 2571 curavit
3219 2532 3406 2571 ouines

1819 2604 2099 2674 languidos
2127 2620 2313 2660 eorum
2334 2647 2349 2674 ,
2378 2606 2686 2677 praedicavit
2722 2623 2944 2678 regnum
2983 2609 3271 2675 caelorum,
3301 2625 3406 2666 non

1819 2696 1986 2752 tacuit
2013 2697 2137 2751 vitia
2168 2713 2375 2761 eorum,
2405 2708 2461 2751 ut
2488 2699 2599 2769 ipsa
2632 2700 2806 2769 potius
2822 2699 2901 2753 eis
2917 2700 3404 2769 displicerentmon

1818 2790 2057 2845 medicus
2083 2806 2112 2845 a
2144 2807 2250 2861 quo
2270 2792 2593 2847 sanabuntur
2621 2809 2633 2844 :
2668 2792 2749 2846 his
2770 2793 3017 2846 omnibus
3037 2794 3398 2848 curationibus

1818 2883 1934 2953 ejus
1962 2885 2174 2955 ingrati,
2208 2896 2455 2956 tanquam
2503 2886 2666 2940 multa
2719 2886 2848 2940 l'ebri
2898 2884 3212 2955 phrenetici,
3258 2887 3403 2940 insa-

1819 2978 2027 3034 nientes
2058 2979 2109 3032 iu
2139 2978 2402 3033 medicum
2432 2978 2521 3049 qui
2552 2986 2772 3033 venerat
2808 2994 2998 3033 curare
3041 2992 3155 3044 eos,
3186 2977 3405 3047 excogi-

1820 3078 2065 3124 taverunt
2092 3070 2375 3124 consilium
2427 3070 2681 3140 perdendi
2731 3084 2889 3134 eum;
2923 3076 3174 3141 tanquam
3209 3070 3278 3123 ibi
3313 3086 3404 3123 vo-

1817 3160 1990 3217 lentes
2021 3162 2248 3231 probare
2274 3171 2448 3217 utrum
2477 3176 2601 3217 vere
2631 3161 2793 3215 homo
2818 3161 2887 3215 sit
2912 3162 3002 3231 qui
3040 3176 3171 3215 mort
3196 3163 3404 3231 possit,

1816 3269 1885 3309 an
1920 3254 2119 3325 aliquid
2157 3270 2317 3324 super
2353 3253 2597 3310 homines
2624 3256 2726 3321 sit,
2759 3262 2815 3308 et
2856 3252 2993 3308 mori
3031 3268 3089 3309 se
3133 3268 3239 3308 non
3291 3270 3406 3322 per-

1824 3344 2017 3399 mittat.
2070 3344 2305 3400 Verbum
2358 3346 2591 3415 ipsorum
2637 3345 2974 3415 agnoscimus
3032 3345 3086 3399 in
3134 3344 3405 3413 Sapientia

1817 3435 2122 3492 Salomonis
2148 3454 2160 3491 :
2196 3437 2363 3492 Morte
2386 3438 2700 3508 turpissima,
2730 3438 2998 3509 inquiunt,
3022 3438 3407 3493 condemnemus

1816 3545 1949 3583 eum.
1983 3528 2362 3599 lnterrogemus
2393 3546 2544 3593 eum;
2572 3530 2666 3583 erit
2692 3530 2825 3583 enim
2852 3540 3104 3599 respectus
3129 3531 3181 3584 in
3206 3546 3402 3585 sermo-

1817 3619 1962 3672 nibus
1990 3619 2131 3673 illius
2155 3636 2173 3672 :
2196 3621 2240 3673 si
2263 3621 2396 3673 enim
2438 3637 2551 3675 vere
2596 3620 2764 3674 Filius
2802 3620 2900 3674 Dei
2942 3630 3049 3687 est,
3093 3621 3261 3676 liberet
3289 3641 3402 3678 eum

1817 3708 1972 3780 (Sap.
2008 3726 2065 3772 ιι,
2090 3708 2299 3781 18-20).
2332 3710 2618 3764 Videamus
2643 3725 2771 3781 ergo
2799 3711 2922 3780 quid
2950 3711 3142 3765 factum
3176 3715 3265 3767 sit.

1888 3801 1939 3855 4.
1976 3800 2124 3872 [vers.
2171 3803 2222 3866 4,
2274 3800 2353 3874 5.]
2400 3803 2533 3868 Quia
2571 3812 2878 3857 exaruerunt
2908 3815 3146 3873 tanquam
3173 3807 3402 3876 gladium

1816 3894 2016 3965 linguas
2039 3909 2177 3947 suas.
2214 3891 2338 3946 Filii
2362 3893 2619 3947 hominum
2637 3935 2651 3959 ,
2692 3894 2861 3949 dentes
2886 3912 3054 3949 eorum
3085 3914 3225 3951 arma
3254 3908 3298 3953 et
3322 3916 3405 3953 sa-

1814 3985 1952 4057 gitta:
1974 4026 1990 4052 ,
2030 3994 2077 4039 et
2108 3983 2282 4056 lingua
2313 4001 2485 4041 eorum
2514 3985 2715 4055 gladius
2741 3997 2917 4041 acutus
2944 3986 3113 4058 (Psul.
3146 4005 3229 4043 LVI
3253 4030 3267 4052 ,
3306 3989 3399 4061 5),

1814 4078 1957 4149 quod
1996 4078 2123 4133 dicit
2160 4087 2215 4132 et
2254 4077 2388 4132 alius
2433 4078 2707 4148 psalmus:
2740 4078 2816 4132 sic
2844 4088 2897 4133 et
2924 4077 3045 4144 hic,
3079 4078 3403 4135 Exacun'ttnl

1816 4179 2051 4237 tanquam
2084 4169 2311 4239 gladium
2336 4169 2535 4241 linguas
2554 4186 2692 4224 suas.
2717 4169 2831 4223 Non
2852 4169 3031 4225 dicant
3049 4170 3217 4226 Judzri
3242 4188 3256 4225 :
3284 4170 3400 4228 Non

1815 4260 2108 4315 occidimus
2134 4258 2426 4314 Christum.
2456 4259 2667 4315 Etenim
2686 4269 2964 4330 propterea
2991 4276 3109 4315 eum
3136 4260 3401 4318 dederunt

1811 4352 1978 4424 judici
2003 4352 2191 4420 Pilato,
2234 4360 2293 4407 ut
2332 4352 2480 4422 quasi
2524 4352 2624 4421 ipsi
2664 4367 2694 4406 a
2744 4362 2915 4407 morte
2941 4353 3055 4422 ejus
3088 4354 3403 4410 viderentur

1815 4447 2101 4501 immunes.
2125 4446 2257 4501 Nam
2279 4460 2399 4501 cum
2430 4445 2651 4500 dixisset
2679 4446 2757 4501 eis
2782 4445 3001 4512 Pilatus,
3036 4444 3134 4500 Vos
3162 4464 3274 4501 eum
3310 4464 3400 4503 oc-

1814 4536 1982 4603 cidite,
2026 4536 2419 4607 responderunt
2450 4555 2463 4590 :
2494 4535 2658 4590 Nobis
2691 4553 2789 4591 non
2821 4536 2933 4591 licet
2960 4538 3187 4592 occidere
3229 4555 3403 4609 quem-

1813 4642 1965 4697 quam
1995 4626 2174 4696 (Joan.
2207 4644 2357 4695 xvm,
2389 4628 2501 4698 3i).
2547 4626 2881 4698 Iniquilaham
2930 4627 3181 4683 facinoris
3223 4630 3305 4684 sui
3348 4631 3401 4685 in

1810 4722 2043 4793 judicem
2068 4722 2336 4776 hominem
2375 4720 2660 4777 rel'undere
2699 4721 2989 4776 volebant:
3020 4721 3115 4776 sed
3146 4723 3403 4793 numquid

1817 4816 1981 4871 Deum
2020 4815 2254 4884 jndicem
2287 4813 2743 4882 l‘allebant?Quod
2793 4812 2917 4867 fecit
2960 4813 3179 4883 Pilatus,
3226 4816 3277 4869 in
3333 4831 3399 4869 eo

1814 4908 1930 4978 ipso
1960 4906 2100 4977 quod
2134 4906 2289 4973 fecit,
2337 4905 2663 4976 aliquantum
2710 4905 2981 4975 particeps
3022 4904 3156 4972 fuit;
3203 4907 3295 4961 sed
3346 4906 3398 4960 in

1812 5000 2211 5071 comparatione
2247 4998 2455 5054 illorum
2486 4998 2655 5053 multo
2678 4997 2791 5067 ipse
2828 4998 3179 5055 innocentior.
3208 4998 3399 5052 lnstitit.

1812 5094 1954 5150 enim
1981 5100 2239 5164 quantum
2263 5090 2453 5161 potuit,
2485 5097 2543 5144 ut
2583 5089 2729 5143 illum
2755 5104 2819 5144 ex
2852 5103 3036 5144 eorum
3060 5089 3304 5143 manibus
3336 5089 3399 5142 lin

1813 5186 2046 5241 berarct.
2076 5182 2209 5237 Nam
2251 5189 2531 5252 propterea
2558 5179 2879 5251 ﬂagellatum
2910 5179 3161 5247 produxit
3189 5180 3253 5232 ad
3281 5196 3394 5236 eos.

1810 5277 1926 5333 Non
1959 5273 2325 5346 persequendo
2354 5273 2632 5328 Dominum
2663 5272 2962 5342 ﬂagellavit,
2987 5268 3080 5325 sed
3103 5286 3286 5325 eorum
3311 5271 3390 5325 fu-

1810 5371 1917 5427 rori
1944 5368 2249 5425 satisfacere
2278 5365 2483 5432 volens,
2513 5375 2569 5420 ut
2591 5365 2673 5420 vel
2705 5365 2783 5419 sic
2806 5364 2913 5433 jam
2944 5363 3319 5429 mitescereut,
3342 5376 3387 5419 et

1809 5466 2114 5523 desinerent
2143 5461 2280 5517 velle
2307 5459 2583 5523 occidere,
2629 5474 2747 5513 cum
2794 5457 3112 5527 ﬂagellatam
3154 5456 3387 5515 viderent

1809 5558 1920 5630 (Id.
1952 5573 2060 5621 xix,
2091 5554 2210 5621 1-5)
2244 5571 2256 5605 :
2285 5552 2407 5606 fecit
2432 5560 2484 5605 et
2510 5551 2632 5604 hoc.
2663 5551 2733 5604 At
2762 5549 2845 5601 ubi
2889 5560 3385 5617 perseveraverunt,

1809 5649 1976 5705 nostis
2022 5646 2168 5701 illum
2206 5644 2397 5697 lavisse
2425 5654 2635 5704 manus,
2668 5648 2722 5692 et
2748 5638 2947 5694 dixisse
2975 5637 3115 5707 quod
3144 5637 3257 5707 ipse
3286 5654 3391 5695 non

1806 5744 2038 5805 fecisset,
2059 5737 2313 5794 mundum
2345 5751 2404 5792 se
2429 5750 2549 5790 esse
2571 5749 2599 5788 a
2628 5744 2800 5788 morte
2827 5732 2968 5787 illius
2992 5731 3206 5804 (Matth.
3223 5748 3389 5801 xxvn,

1802 5839 1899 5911 24)
1932 5856 1946 5892 ε
1978 5835 2104 5892 fecit
2133 5842 2330 5889 tamen.
2359 5829 2465 5887 Sed
2501 5828 2545 5883 si
2582 5841 2706 5882 reus
2732 5826 2851 5896 quia
2883 5826 3008 5883 fecit
3030 5826 3112 5885 vel
3148 5825 3388 5896 invitus;
