3912 6430
519 410 625 472 765

524 527 599 590 illi
632 528 945 585 innocentes
968 516 1056 593 qui
1086 514 1377 584 eoegerunt
1402 513 1459 562 ut
1489 498 1723 560 faceret?
1748 493 1904 551 Nullo
1929 487 2109 544 modo.

526 624 630 683 Sed
661 622 747 678 ille
770 618 896 676 dixit
926 583 1124 669 ili-eum
1155 583 1496 667 sententiam,
1527 604 1581 653 et
1604 592 1763 666 jussit
1792 604 1914 646 eum
1944 583 2115 640 cruei-

530 718 639 788 iigi,
665 722 718 769 et
745 709 891 781 quasi
925 707 1035 776 ipSt:
1066 700 1294 762 occidit;
1328 705 1379 751 et
1405 707 1520 757 vos,
1549 706 1580 744 ο
1606 686 1794 750 Judmi,
1825 677 2111 736 occidistis.

534 773 682 868 Uitde
712 773 1015 862 occidistis?
1051 794 1239 853 Gladio
1294 791 1484 859 lingua:
1526 781 1786 839 :acuistis
1825 776 1965 831 enim
2011 773 2116 826 lin-

530 919 659 978 guas
709 907 931 955 vestras.
978 893 1045 949 Et
1077 888 1289 963 quando
1342 879 1702 956 percussistis,
1761 872 1861 929 nisi
1906 866 2118 941 quando

530 960 821 1056 claritastis,
852 960 1121 1056 Cruci/ige,
1153 978 1394 1049 cruciﬁge
1420 972 1567 1048 (Luc.
1593 982 1778 1031 χχχιιι,
1808 960 1941 1035 2|)?

601 1091 654 1146 5.
684 1088 966 1157 Propterea
994 1052 1134 1135 enim
1172 1091 1276 1131 non
1312 1080 1391 1127 est
1421 1059 1931 1140 praetermittendum
1952 1099 1967 1123 ,
2000 1052 2121 1125 quia

531 1188 677 1242 venit
712 1185 762 1237 in
808 1188 1036 1235 mentem
1059 1219 1073 1243 ,
1113 1189 1179 1228 ne
1219 1172 1355 1225 forte
1381 1166 1612 1234 aliquem
1646 1154 1919 1230 perturbet
1965 1147 2122 1205 lectio

499 1279 831 1336 tdivinorttm
874 1271 1154 1327 Librorum
1194 1283 1207 1318 :
1239 1260 1451 1333 qttidant
1484 1252 1807 1325 evangelista
1835 1246 1964 1302 dicit
1990 1240 2122 1297 ltora

533 1380 683 1430 sexta
702 1366 1011 1423 crucifixum
1035 1356 1318 1416 Dominum
1339 1352 1516 1425 (Joau.
1544 1356 1659 1410 XIX,
1693 1342 1803 1417 ιι),
1831 1350 1885 1397 et
1909 1336 2122 1411 quidam

536 1464 666 1523 hora
701 1460 852 1516 tertia
883 1455 1070 1529 (Marc.
1094 1469 1186 1518 ttv,
1210 1446 1303 1521 ‘25)
1334 1466 1347 1502 :
1378 1445 1477 1501 nisi
1510 1438 1885 1511 intelligamus,
1917 1438 2123 1503 perturv

537 1562 746 1616 bamur.
776 1556 842 1610 Et
872 1527 979 1623 jam
1030 1544 1317 1617 incipiente
1357 1550 1505 1598 sexta
1534 1538 1665 1595 hora
1693 1531 1886 1589 dicitur
1926 1527 2126 1583 Pilatus

540 1653 743 1710 sedisse
774 1664 870 1721 pro
913 1641 1195 1706 tribunali;
1249 1646 1302 1694 et
1350 1649 1537 1692 revera
1577 1626 1789 1702 quando
1817 1627 2020 1681 levatus
2046 1624 2128 1676 est

541 1745 798 1803 Dominus
825 1743 876 1795 in
906 1740 1067 1809 ligno,
1102 1735 1231 1789 bora
1260 1741 1408 1787 sexta
1440 1736 1572 1784 erat.
1603 1720 1710 1779 Sed
1738 1722 1869 1776 alius
1896 1733 2125 1786 evange-

539 1839 657 1895 lista
690 1837 900 1891 intuens
926 1808 1160 1883 animum
1206 1822 1549 1885 Judaaorum,
1596 1814 1717 1888 quia
1773 1808 2023 1867 volebant
2070 1816 2130 1862 se

543 1929 808 1987 immunes
829 1923 996 1979 videri
1022 1938 1051 1976 a
1082 1928 1252 1973 morte
1276 1910 1506 1978 Domini,
1540 1904 1808 1964 narrando
1830 1918 1922 1959 eos
1944 1909 2127 1956 osten-

542 2022 621 2079 dit
664 2034 801 2083 reos,
846 2016 1029 2075 dicens
1080 2010 1358 2065 Dominum
1409 2005 1537 2059 bora
1593 1999 1744 2057 tertia
1793 1994 2126 2053 crucilixum.

542 2112 960 2171 Coitsiderantes
989 2115 1164 2161 autem
1210 2116 1421 2156 omnem
1458 2093 1909 2152 circumstantiam
1941 2086 2131 2143 lcetio-

542 2207 647 2268 nis,
672 2214 865 2274 quanta
894 2201 974 2271 agi
1007 2198 1292 2269 potuerint,
1321 2208 1441 2248 cum
1464 2187 1602 2260 apud
1626 2186 1850 2242 Pilatum
1876 2180 2133 2236 Dominus

546 2308 908 2362 accusaretur,
932 2304 989 2348 ttt
1016 2290 1447 2360 cruciﬁgeretur;
1482 2282 1784 2338 invenimus
1814 2278 1997 2330 horam
2030 2284 2135 2329 ter-

547 2391 673 2446 tiam
700 2403 818 2444 esse
845 2385 1099 2456 potuisse,
1123 2376 1334 2452 quando
1357 2375 1431 2430 illi
1458 2374 1846 2432 elamaverunt,
1867 2365 2011 2421 Cruci
2024 2366 2132 2435 ﬁge,

548 2482 806 2551 cruci/ige.
858 2479 994 2547 Ergo
1028 2474 1214 2551 verius
1262 2471 1334 2525 illi
1392 2479 1515 2523 tunc
1560 2463 1889 2522 occiderunt,
1923 2455 2137 2528 quando

549 2574 935 2630 clamaverunt.
968 2550 1309 2634 Apparitorcs
1329 2558 1608 2630 patestatis
1633 2554 1761 2608 bora
1790 2560 1936 2607 Sexta
1966 2546 2139 2603 cruci-

551 2667 816 2727 iixeruut;
852 2658 1284 2731 prarvaricatores
1324 2651 1479 2721 chis
1512 2648 1639 2703 bora
1684 2644 1834 2699 tertia
1873 2642 2140 2697 clamavc-

549 2770 674 2817 runt
715 2777 728 2814 :
759 2755 899 2828 quod
933 2754 1005 2810 illi
1035 2749 1279 2806 manibus
1309 2745 1441 2801 ltora
1471 2750 1641 2806 sexta,
1684 2740 1784 2793 huc
1829 2736 1903 2791 illi
1963 2736 2141 2805 lingua

552 2854 685 2911 ltora
714 2851 886 2906 tertia.
928 2847 1022 2902 Rei
1066 2844 1232 2915 magis
1262 2842 1344 2895 isti
1371 2840 1459 2909 qui
1489 2831 1769 2891 clamando
1799 2826 2091 2884 sarviebant
2120 2868 2135 2893 ,

552 2960 711 3016 quam
746 2942 816 2996 illi
859 2940 944 3012 qui
977 2930 1395 3005 obtemperanth
1444 2923 1906 2983 administrabant.
1967 2920 2141 2990 Ipsum

554 3048 637 3095 est
685 3045 850 3091 totum
876 3010 1115 3087 iacumen
1186 3024 1522 3086 Judmorum;
1581 3019 1683 3074 Itoc
1729 3023 1810 3070 est
1859 3010 1998 3081 quod
2049 3024 2145 3080 pro

555 3143 751 3199 magno
777 3125 1101 3198 quaesierunt
1129 3136 1143 3175 :
1175 3117 1522 3177 Occidamus,
1556 3120 1610 3166 et
1654 3124 1758 3164 non
1799 3104 2144 3171 occidamus;

560 3223 639 3278 sic
666 3219 992 3279 occidamus.
1024 3224 1081 3267 ut
1105 3227 1208 3267 non
1240 3210 1338 3278 ipsi
1366 3205 1624 3261 cecidisse
1647 3200 1970 3274 judiccntur.
2008 3194 2148 3252 Exa-

560 3322 768 3371 cueruut
796 3322 1032 3381 tanquam
1056 3304 1282 3378 gladium
1308 3302 1506 3370 linguas
1529 3313 1669 3352 suas.

634 3410 687 3465 (⁵.
741 3405 1072 3460 Intenderunt
1101 3414 1305 3462 arcum,
1352 3411 1455 3450 rem
1500 3406 1748 3446 amaram.
1799 3387 1994 3442 Arcum
2023 3383 2151 3439 dicit

564 3502 805 3561 insidias.
851 3498 951 3567 Qui
1003 3496 1144 3552 enim
1192 3490 1366 3563 gladio
1406 3488 1651 3545 cominus
1695 3492 1912 3553 pugnat,
1966 3491 2152 3550 aperte

565 3605 766 3671 pugnat
816 3612 829 3648 :
874 3590 965 3662 qui
1007 3590 1251 3660 sagittam
1302 3583 1481 3646 mittit,
1522 3579 1653 3635 fallit
1683 3587 1742 3633 ιιι
1772 3575 1956 3630 ‘feriat.
1999 3574 2154 3629 Prius

568 3687 710 3743 enim
748 3684 938 3753 sagitta
989 3678 1253 3751 percutit,
1283 3690 1441 3746 quam
1487 3671 1670 3725 venire
1696 3668 1761 3722 ad
1793 3667 1981 3721 vulnus
2011 3681 2151 3733 pra:-

566 3779 826 3836 videatur.
856 3772 961 3831 Sed
988 3785 1144 3842 quem
1178 3769 1404 3823 laterent
1437 3762 1642 3817 insidia:
1672 3758 1849 3813 cordis
1890 3755 2105 3810 humani
2132 3754 2154 3808 ?

567 3868 823 3938 numquid
865 3874 919 3919 et
957 3863 1237 3918 Dominum
1278 3866 1519 3913 nostmtu
1546 3853 1726 3908 Jesuut
1750 3850 2042 3912 Christum,
2071 3847 2158 3917 qui

568 3978 669 4017 non
700 3976 825 4029 opus
851 3957 1063 4011 habebat
1088 3963 1142 4007 ut
1169 3953 1212 4006 ei
1237 3948 1571 4006 testimonium
1601 3945 1861 4015 quisquam
1881 3938 2159 4011 perhiberet

569 4052 634 4109 de
677 4048 917 4106 homine?
961 4045 1081 4115 Ipse
1126 4044 1258 4097 enim
1306 4041 1489 4095 sciebat
1527 4036 1650 4108 quid
1677 4045 1801 4090 esset
1829 4035 1881 4087 iu
1909 4032 2111 4086 homine
2139 4073 2155 4099 ,

570 4147 709 4203 sicut
736 4140 1059 4213 evangelista
1090 4145 1313 4193 testatur
1338 4132 1517 4205 (Joan.
1544 4147 1600 4195 tt,
1617 4130 1732 4201 25).
1752 4128 1953 4183 Tamen
1977 4124 2161 4179 audia-

574 4253 692 4297 mus
718 4252 833 4299 eos,
860 4246 913 4289 et
942 4234 1242 4288 intueamur
1282 4243 1376 4282 eos
1422 4226 1572 4296 Quasi
1622 4224 1894 4279 nesciente
1936 4219 2162 4275 Domino

572 4330 752 4387 facere
777 4325 917 4398 quod
952 4324 1261 4379 moliuntur.
1299 4319 1632 4374 intenderunt
1662 4332 1860 4376 arcum,
1888 4330 1993 4369 rem
2020 4328 2164 4365 ama-

574 4440 707 4490 ram,
762 4431 813 4476 ut
839 4420 1134 4490 sagittarent
1174 4417 1228 4470 in
1264 4413 1555 4468 abscondito
1581 4409 1980 4465 immaculatum.
2010 4400 2164 4474 Quod

577 4516 744 4579 dixit,
794 4514 1124 4568 Inlenderunt
1171 4523 1382 4570 arcum;
1442 4505 1543 4558 ltoc
1590 4511 1690 4562 est.
1734 4504 1788 4555 in
1822 4499 2165 4566 abscondito;

578 4610 730 4683 quasi
770 4608 1016 4663 fallentes
1060 4601 1284 4656 insidiis.
1316 4598 1495 4654 Nostis
1525 4595 1668 4649 enitn
1706 4594 1897 4664 quibus
1935 4590 2071 4646 dolis
2113 4591 2167 4645 id

578 4705 822 4777 egerint;
869 4693 1315 4769 quemadmodum
1361 4689 1674 4759 discipulum
1711 4687 1757 4742 ei
1811 4685 2165 4741 coluereotem

582 4797 808 4872 pecunia
836 4790 1194 4861 corruperint,
1228 4794 1285 4843 ut
1313 4786 1411 4840 sibi
1451 4782 1748 4837 traderetur
1779 4778 1987 4848 (Matth.
2018 4794 2165 4846 XXVI,

583 4871 673 4957 Π,
702 4890 787 4962 15)
812 4905 825 4952 ;
846 4883 1113 4957 quomodo
1139 4881 1298 4936 falsos
1320 4887 1482 4935 testes
1510 4873 1903 4945 procuraverint
1931 4890 1945 4935 ;
1979 4871 2169 4941 quibus

583 4983 788 5044 insidiis
816 4989 871 5037 et
895 4979 1032 5034 dolis
1062 4974 1285 5045 egerint,
1337 4980 1390 5025 ut
1437 4971 1730 5040 sagittarent
1772 4968 1827 5021 in
1878 4965 2171 5020 abscondito

581 5076 987 5135 immaculattnn.
1035 5068 1221 5139 Magna
1267 5061 1550 5133 iniquitas!
1598 5060 1735 5114 Ecce
1762 5058 1829 5113 de
1859 5057 2172 5111 abscondito

582 5171 726 5228 venit
753 5167 941 5237 sagitta
974 5177 1092 5232 qua:
1123 5155 1515 5214 immaculatum
1549 5152 1688 5213 ferit,
1721 5151 1809 5220 qui
1839 5164 1938 5205 nec
1968 5159 2171 5203 tantum

584 5262 815 5319 habebat
857 5256 1100 5317 macula),
1155 5258 1411 5321 quantum
1457 5253 1633 5317 potest
1679 5244 1839 5315 pungi
1885 5258 1915 5298 a
1960 5242 2172 5312 sagitta.

583 5355 765 5423 Agnus
781 5351 976 5422 quippe
993 5343 1378 5401 immaculatus.
1400 5347 1539 5392 totus
1560 5335 2178 5401 immaculatus,semper

585 5444 987 5504 immaculatus;
1021 5455 1129 5493 non
1159 5436 1241 5491 cui
1283 5433 1503 5489 maculae
1547 5430 1736 5485 ablata:
1777 5429 1905 5495 sint,
1946 5428 2038 5483 sed
2088 5430 2177 5498 qui

587 5540 824 5597 maculas
858 5535 1032 5590 nullas
1056 5529 1399 5586 contraxerit.
1429 5524 1560 5581 Nam
1593 5523 1716 5578 fecit
1745 5522 1942 5576 multos
1986 5521 2177 5574 imma-

587 5634 792 5689 culatos
828 5626 1076 5684 donando
1104 5631 1353 5695 peccata;
1383 5618 1499 5689 ipse
1543 5615 1909 5671 immaculatus
1938 5628 2043 5666 nou
2084 5613 2177 5665 ba-

588 5726 766 5783 bcndo
794 5731 1028 5796 peccata.
1061 5716 1129 5776 Ut
1174 5698 1406 5787 sagiitent
1448 5710 1503 5766 in
1545 5706 1836 5764 abscondito
1879 5702 2179 5762 immacula-

649 5837 720 5876 m.

587 5829 646 5880 ω
663 5910 719 5969 7.
749 5907 917 5985 [verm
948 5908 1001 5968 6.
1022 5906 1063 5981 1»
1085 5906 1310 5977 Repente
1336 5898 1644 5974 sagittabunt
1669 5913 1806 5969 eum.
1837 5902 1885 5956 et
1904 5911 2009 5957 non
2033 5892 2179 5956 time.

1766 371 1829 435 ε.
1866 361 2232 431 ΑυιιυετιΝι
2264 360 2569 420 εριειιυινι
2944 312 2947 317 ’
3660 364 3735 424 τα

2225 483 2363 539 bunt.
2396 474 2440 535 Ο
2464 492 2558 533 cnr
2582 476 2795 543 domm,
2827 473 3072 530 occidere
3101 471 3239 528 velle
3263 472 3524 528 itmninetn
3545 478 3621 545 qui
3638 493 3738 536 σιω.

2224 588 2341 633 tuos
2364 572 2684 631 suscitabat!
2719 571 2955 641 Repente,
2983 565 3034 624 id
3063 576 3145 623 est
3175 566 3448 633 insidiose,
3468 571 3597 637 quasi

2226 679 2367 735 nate,
2401 669 2549 739 quasi
2580 680 2685 720 non
2733 663 2978 734 pmvise.
3022 659 3226 717 Simi'is
3251 651 3398 714 enim
3427 660 3651 716 nescienti
3665 676 3745 723 snt

2227 767 2363 821 inter
2393 764 2537 833 ipsos
2566 761 2822 816 Dominus
2850 758 3157 828 ignorantes
3184 753 3315 826 quid
3341 755 3574 820 nesciret,
3596 766 3641 813 et
3658 761 3745 830 quid

2228 859 2415 923 sciret;
2459 857 2564 910 imo
2607 853 2912 923 ignorantes
2953 864 3073 904 eutn
3119 845 3249 902 nihil
3293 847 3748 910 mammam

2229 951 2386 1012 seire.
2422 957 2475 1003 et
2503 947 2569 1002 ad
2597 946 2698 1001 hoc
2729 944 2939 999 venisse
2964 952 3023 997 ιιι
3052 941 3128 996 illi
3156 939 3398 995 iacerem
3421 938 3555 1010 quod
3572 953 3624 996 se
3642 952 3750 1011 pou.

2230 1054 2368 1101 state
2397 1042 2570 1097 facere
2594 1037 3007 1095 arbitrabantur.
3036 1030 3259 1106 Repente
3282 1032 3581 1104 sagith
3598 1045 3698 1100 aut,
3722 1046 3751 1091 tt

2230 1154 2331 1194 non
2353 1135 2609 1191 timebunt.

2303 1229 2357 1286 8.
2391 1226 2794 1298 Obﬁrmaverunt
2819 1223 2916 1279 sibi
2936 1232 3217 1278 sermonem
3240 1219 3540 1291 malignum.
3566 1218 3755 1291 οιρπη.

2232 1334 2408 1381 verum
2440 1339 2458 1377 :
2487 1321 2622 1377 facta
2662 1326 2785 1375 sunt
2824 1324 2971 1372 tanta
3019 1315 3312 1380 miracula;
3345 1327 3455 1367 non
3498 1322 3607 1368 sunt
3635 1314 3751 1383 moti,

2234 1417 2585 1492 perstiterunt
2625 1414 2677 1469 in
2719 1409 2942 1468 consilio
2991 1407 3256 1465 sermonis
3303 1404 3542 1476 maligni.
3575 1404 3757 1461 Traditus

2235 1522 2324 1579 est,
2346 1510 2435 1569 ille
2472 1508 2637 1581 judici
2667 1525 2681 1565 :
2711 1503 2936 1577 trepidat
2964 1504 3127 1575 judex
3148 1544 3162 1568 ,
3194 1511 3247 1557 et
3274 1514 3387 1556 non
3434 1498 3666 1570 trepidant
3692 1500 3755 1571 qui

2231 1605 2396 1679 judici
2423 1602 2788 1666 tradiderunt;
2819 1595 3183 1655 contremiscit
3210 1599 3472 1665 potestas,
3497 1601 3546 1647 et
3571 1605 3655 1646 ιιοιι
3672 1606 3759 1647 coa-

2239 1697 2497 1755 tremiscit
2526 1694 2862 1759 immanitas;
2894 1689 3004 1745 vult
3047 1687 3136 1744 ille
3181 1686 3371 1742 lavare
3422 1686 3687 1751 manus,et
3709 1683 3759 1739 illi

2238 1792 2516 1863 inquinant
2545 1789 2770 1859 linguas.
2816 1782 2920 1842 Sed
2952 1796 3118 1853 quare
3164 1774 3303 1835 ltoc?
3355 1772 3676 1833 Firmum
3699 1775 3761 1829 ιιιι

2237 1898 2514 1940 sermonem
2560 1879 2861 1949 malignum.
2908 1872 3115 1945 Quanta
3143 1872 3250 1945 egit
3278 1868 3521 1927 Pilatus?
3556 1876 3761 1941 quantist

2238 1975 2682 2037 reirenarentur‘?
2707 1988 2825 2043 qute
2851 1968 3028 2027 dixit?
3055 1965 3179 2039 quid
3208 1964 3361 2038 egit?
3384 1963 3493 2021 Sed
3516 1965 3763 2033 [irritaverant

2241 2075 2336 2130 sibi
2350 2087 2627 2127 sermonem
2645 2067 2920 2138 malignum
2940 2078 2960 2119 :
2974 2061 3121 2117 Cruci
3125 2060 3243 2132 ﬁge,
3259 2056 3540 2129 cruciﬁge!
3552 2054 3761 2128 Repetitio,

2241 2164 2576 2221 continuatio
2597 2169 2679 2217 est
2708 2154 2970 2214 sermonis
2994 2152 3229 2223 maligni.
3254 2146 3548 2207 Videamus
3571 2147 3765 2220 quomodo

2244 2259 2570 2330 ﬁrmaverunt
2587 2252 2681 2308 sibi
2690 2266 2969 2306 sermonem
2990 2246 3291 2317 malignum.
3302 2242 3491 2315 Regem
3505 2249 3682 2299 vestram
3692 2254 3766 2295 cnt-

2244 2347 2495 2421 eiﬁgam?
2534 2345 2832 2400 Dixerunt:
2864 2336 2987 2394 Non
3031 2336 3271 2391 habemus
3322 2348 3493 2406 regem
3537 2329 3623 2386 nisi
3650 2330 3765 2385 solum

2246 2441 2494 2497 Ctesarem
2540 2434 2736 2510 (Joau.
2771 2448 2854 2489 λι(
2877 2475 2893 2500 ,
2943 2426 3069 2501 i5).
3120 2425 3533 2495 Obﬁrmaverunt
3567 2436 3765 2478 sermonem

2247 2535 2546 2605 malignum.
2573 2526 2841 2584 (merebat
2868 2524 2957 2580 ille
2982 2536 3162 2593 regem
3187 2519 3388 2576 Filium
3415 2517 3542 2582 Dei;
3569 2511 3691 2571 illiad
3707 2512 3766 2566 lto~

2250 2628 2445 2681 minem
2495 2619 2884 2677 recurrebattt:
2931 2614 3074 2687 digni
3120 2612 3209 2683 qui
3255 2611 3413 2667 illum
3459 2606 3765 2671 haberent,et

2250 2717 2400 2774 illum
2433 2731 2537 2770 non
2585 2712 2863 2770 baberent.
2894 2706 3083 2763 Adhuc
3126 2698 3250 2759 audi
3300 2700 3566 2774 quomodo
3603 2700 3765 2770 ﬁrme-

2249 2818 2365 2866 runt
2394 2824 2673 2863 sermonem
2713 2798 3011 2873 malignum.
3049 2796 3171 2854 Non
3209 2797 3415 2851 invenio
3451 2792 3627 2865 aliquid
3656 2789 3766 2845 inita

2252 2902 2471 2966 homine,
2501 2899 2574 2954 ait
2591 2894 2781 2968 judex,
2807 2911 2904 2966 quo
2928 2892 3111 2965 dignus
3135 2891 3199 2945 sit
3225 2892 3390 2944 marte
3409 2885 3557 2961 (Luc.
3575 2899 3697 2950 um,
3713 2882 3763 2945 ιι,

2251 2993 2379 3067 22).
2410 2994 2472 3047 Et
2497 2988 2570 3046 illi
2598 2991 2684 3061 qui
2716 2986 3043 3061 ﬁrmaverunt
3067 2996 3350 3040 sermonem
3376 2974 3653 3052 ntalignnm,
3676 2974 3766 3031 ditt-

2254 3095 2381 3143 runt
2411 3104 2423 3139 :
2464 3082 2688 3155 Sanguis
2727 3076 2836 3153 ejus
2874 3095 3026 3148 super
3069 3088 3160 3131 nos
3183 3117 3198 3142 ,
3226 3080 3272 3129 et
3317 3082 3472 3144 super
3498 3068 3618 3142 ﬁlios
3640 3072 3768 3122 nostra

2257 3176 2277 3249 (
2301 3176 2487 3233 Matth.
2516 3154 2681 3237 nvo,
2710 3170 2782 3227 25
2802 3172 2850 3244 )ῐ
2886 3168 3244 3226 Fit-moverunt
3266 3162 3368 3220 sibi
3403 3172 3654 3221 scrutantem
3678 3154 3770 3211 mali-

2257 3288 2433 3346 gnum.
2464 3262 2504 3322 1Γ
2510 3271 2818 3323 irmuverunt
2839 3276 3115 3321 sermonem
3144 3259 3453 3333 malignum,
3484 3268 3581 3313 non
3601 3254 3768 3315 Domino,

2259 3364 2353 3423 sed
2382 3362 2493 3419 sibi.
2523 3361 2802 3433 Quomodo
2829 3360 2970 3415 enim
3004 3368 3106 3411 neu
3136 3352 3259 3418 sibi,
3289 3364 3421 3409 cum
3447 3346 3773 3416 diruunsm

2260 3476 2353 3514 nos
2379 3500 2394 3525 ,
2423 3466 2469 3512 et
2495 3472 2649 3523 super
2694 3453 2827 3521 ﬁlios
2872 3446 3108 3504 nostros?
3134 3442 3283 3514 Quod
3321 3454 3451 3516 ergo
3479 3442 3770 3501 ﬁrmaverunt,

2263 3550 2361 3607 sibi
2396 3549 2740 3604 ﬁrmaverunt
2768 3562 2781 3598 :
2813 3542 2934 3614 quia
2977 3542 3087 3611 ipsa
3119 3553 3219 3593 vox
3269 3544 3358 3593 εει
3400 3534 3557 3603 alibi,
3592 3526 3772 3586 Pedani

2263 3659 2379 3703 ante
2404 3645 2581 3719 faciem
2612 3659 2771 3696 meam
2802 3638 2995 3710 foveam
3015 3679 3031 3704 ,
3054 3645 3100 3690 et
3130 3633 3415 3689 inciderunt
3438 3631 3489 3685 in
3512 3644 3628 3685 eam.
3654 3619 3771 3680 Domi-

2268 3759 2394 3798 nmn
2427 3754 2569 3794 mors
2593 3753 2696 3791 non
2725 3734 2938 3793 occidit,
2965 3730 3058 3786 sed
3089 3729 3201 3798 ipse
3226 3732 3461 3782 mortem
3495 3740 3509 3777 :
3540 3720 3640 3778 illos
3658 3726 3771 3772 autem

2270 3835 2519 3907 iniquitas
2558 3828 2791 3897 occidit,
2825 3826 2946 3899 quia
2991 3824 3277 3880 uoluet-unt
3321 3819 3560 3877 occidere
3599 3812 3772 3883 iniquita-

2270 3938 2397 3984 tem.

2340 4021 2393 4078 9.
2438 4019 2687 4082 Prorsus,
2718 4014 2930 4080 fratres,
2958 4020 3160 4067 certum
3186 4017 3302 4076 est;
3332 4013 3425 4062 aut
3451 3996 3628 4061 occidis
3648 3991 3773 4064 iniqui-

2270 4122 2433 4168 tatem
2459 4154 2474 4179 ,
2506 4119 2595 4163 aut
2626 4106 2887 4163 occideris
2925 4102 2991 4159 ab
3030 4098 3327 4173 iniquitate.
3360 4094 3476 4155 Noli
3504 4104 3652 4150 autem
3676 4100 3772 4159 qua:-

2271 4221 2393 4261 rere
2421 4200 2667 4258 occidere
2711 4198 3037 4270 iniquitatem
3080 4206 3330 4266 tauquam
3376 4187 3562 4262 aliqttid
3595 4188 3768 4240 extruit-

2272 4298 2351 4356 Ad
2385 4299 2611 4365 teipstun
2656 4293 2861 4362 respice
2886 4333 2900 4355 ,
2929 4288 3050 4343 vide
3089 4284 3214 4359 quid
3250 4296 3425 4343 tecum
3456 4285 3630 4355 pugnet
3651 4275 3688 4329 in
3716 4276 3770 4327 te:

2271 4401 2329 4448 et
2352 4405 2482 4447 cave
2516 4404 2580 4443 ne
2605 4392 2871 4457 expugnet
2898 4390 2949 4438 te
2996 4380 3244 4449 iniquitas
3270 4388 3361 4434 tua
3387 4421 3403 4446 ,
3430 4373 3617 4444 inimica
3644 4360 3772 4427 bimi

2273 4484 2551 4542 interiecta
2585 4478 2821 4535 nouerit
2873 4494 2886 4527 :
2933 4491 3003 4529 ex
3056 4481 3106 4529 te
3148 4470 3291 4528 cnim
3342 4480 3458 4537 est,
3489 4477 3537 4523 et
3561 4460 3771 4519 animal!!!

2274 4578 2530 4632 adversus
2580 4583 2630 4627 te
2686 4569 2948 4635 rebellat,
2989 4582 3093 4622 non
3146 4562 3286 4620 aliud
3332 4556 3541 4634 aliquid.
3590 4556 3651 4611 lix
3689 4560 3771 4620 qua-

2274 4670 2397 4726 dam
2430 4679 2576 4740 parte
2604 4665 2842 4723 coltzeres
2877 4663 3018 4726 Deo;
3056 4676 3118 4715 ex
3143 4658 3374 4730 quadam
3410 4636 3545 4727 parte
3569 4638 3769 4705 delccmris

2277 4737 2475 4819 Stertth
2502 4779 2514 4815 :
2543 4758 2671 4815 illttd
2701 4772 2806 4828 quo
2833 4752 3113 4811 delectaris
3146 4749 3364 4816 s;eculo,
3392 4753 3573 4821 pugnat
3593 4737 3766 4793 adversus

2279 4867 2511 4914 mentem
2558 4868 2676 4923 qua)
2722 4851 2959 4906 cobasret
3006 4848 3134 4902 Deo.
3192 4843 3504 4907 Cohwreat,
3551 4833 3764 4893 tollerent.

2281 4966 2387 5006 non
2418 4946 2665 5011 deficiat,
2713 4960 2816 4999 non
2859 4957 2917 4996 se
2959 4939 3211 5005 dimittat,
3261 4950 3499 5007 magnum
3539 4920 3762 4996 adjotoriltm

2282 5045 2463 5101 habet.
2491 5041 2668 5098 Vincit
2698 5036 2837 5105 quod
2869 5036 2920 5090 in
2967 5035 3050 5088 illa
3092 5030 3190 5089 sibi
3222 5030 3459 5094 rebellat,
3488 5023 3526 5079 si
3554 5013 3764 5093 persrt’tﬂl

2281 5139 2334 5196 itt
2367 5134 2666 5209 pugnando.
2701 5133 2792 5186 Est
2833 5138 3102 5200 peccatum
3155 5128 3204 5179 iu
3235 5137 3453 5193 corpore
3479 5129 3584 5178 tuo,
3609 5104 3678 5166 sed
3699 5113 3759 5156 "0"

2282 5241 2486 5303 ῖυῧπυι·
2513 5227 2632 5283 Νοη
2655 5233 2975 5297 9’001‘0gnet,
2998 5221 3182 5292 inquit,
3210 5226 3456 5285 peccatum
3480 5211 3526 5264 in
3548 5207 3761 5261 restrainin-

2286 5326 2374 5381 tali
2399 5337 2627 5393 corpore,
2651 5318 2717 5373 ad
2748 5313 3117 5371 obaudieudum
3156 5310 3411 5365 desideriis
3442 5305 3537 5377 ejus
3561 5294 3686 5370 (Rom
3707 5299 3755 5344 νιν

2288 5415 2405 5489 12).
2440 5381 2498 5471 Si
2537 5381 2665 5469 vero
2695 5426 2799 5466 non
2826 5407 3162 5473 obaudicris;
3191 5404 3290 5459 etsi
3332 5409 3410 5457 cst
3434 5393 3555 5469 quod
3582 5381 3717 5443 statim
3744 5413 3754 5489 ἰ

2286 5510 2428 5582 quod
2456 5508 2684 5565 delectet
2713 5505 2779 5559 ad
2809 5502 3035 5564 malum;
3068 5515 3171 5554 non
3200 5485 3584 5565 obtemperando
3608 5476 3695 5531 iacis
3722 5472 3754 5582 υ)

2290 5554 2428 5582 am”-
2458 5554 2683 5565 νει-νν-ν-
2714 5554 2779 5559 -ν-
2899 5554 2999 5558 νπη
3024 5554 3034 5564 ι
3383 5554 3395 5565 .

2290 5622 2394 5660 ιιοιι
2427 5613 2613 5673 regnet
2637 5600 2898 5672 quodest,
2926 5607 2978 5651 et
3006 5598 3074 5650 ita
3106 5596 3193 5650 ﬁet
3224 5601 3400 5662 postea
3428 5595 3478 5641 ut
3501 5596 3584 5637 non
3605 5554 3753 5635 εῖίφιίλλ

2289 5710 2424 5758 erat.
2453 5696 2709 5766 Quando?
2735 5695 2867 5755 Cum
2899 5691 3266 5749 absorbebitur
3297 5676 3434 5741 mors
3462 5683 3506 5737 itt
3539 5666 3748 5766 violarii".

2287 5809 2410 5854 cum
2435 5791 2780 5864 corruptibile
2803 5790 2907 5847 hoc
2930 5785 3161 5845 induerit
3188 5777 3598 5852 incorruptionem
3617 5759 3657 5834 (ι

2288 5908 2395 5963 ιν,
2423 5889 2494 5947 54
2508 5844 2549 5962 )’
2563 5844 2834 5946 {nisi
2854 5844 2967 5943 erit
3007 5879 3150 5955 quod
3193 5878 3289 5937 tibi
3313 5844 3571 5949 repugnet,
3593 5866 3670 5917 non
3684 5844 3745 5902 en"
