3912 6426
171 456 293 524 765

173 576 328 661 quod
359 580 410 637 te
449 576 592 636 aliud
636 564 862 631 delectet
892 558 991 624 nisi
1033 565 1193 623 Deus.
1226 556 1369 631 Ergo
1405 564 1462 616 et
1490 557 1575 613 isti
1604 550 1773 645 Judaei

175 642 491 737 inviderunt
518 660 778 732 Domino;
810 661 1103 719 delectabat
1142 670 1234 713 eos
1265 653 1611 726 principatus.
1644 642 1773 717 Qui-

180 771 312 828 dam
341 762 588 823 videbant
618 752 717 815 sibi
763 754 831 812 ab
859 766 923 810 eo
964 746 1159 807 auferri
1208 745 1555 818 principatum
1583 783 1598 808 ,
1630 749 1684 796 et
1711 750 1776 795 ex

150 846 547 922 delectatione
588 869 681 910 sua
726 848 1118 907 rebellat-erunt
1159 841 1413 897 adversus
1453 828 1773 891 Dtnninnin:

185 958 283 1031 qui
311 957 353 1012 si
381 944 730 1009 rebellaSsent
754 941 1005 998 adversus
1047 928 1455 992 delaetationetu
1487 940 1635 984 suam
1666 938 1780 981 ma-

188 1022 301 1105 lam
326 1090 342 1115 ,
384 1046 549 1115 ipsam
601 1034 940 1094 invidentiam
975 1029 1289 1090 vincerent,
1318 1032 1415 1078 nec
1442 1022 1781 1075 Vincerentttt‘

188 1142 261 1198 ab
399 1114 450 1190 et
471 1135 614 1190 esset
644 1126 748 1185 illis
776 1125 1032 1182 Dominus
1074 1120 1327 1183 salvator,
1362 1114 1450 1185 qui
1482 1118 1699 1167 venerat
1725 1116 1782 1163 ut

190 1225 433 1292 Sanaret.
461 1222 609 1285 Nune
650 1233 826 1280 autem
873 1219 1113 1273 faverunt
1153 1208 1324 1273 febri,
1359 1208 1784 1278 repttgttaverunt

190 1324 410 1383 medico
464 1340 477 1377 :
531 1314 788 1391 quidquid
840 1307 1155 1381 Suggcrcbat
1227 1294 1429 1365 febris,
1482 1290 1781 1359 faciebant;

192 1406 456 1490 quidquid
480 1386 699 1484 iubebat
740 1412 923 1461 contra
956 1400 1191 1457 medicus
1215 1439 1229 1463 ,
1260 1390 1612 1464 ncgligebanl.
1648 1386 1785 1457 Ergo

193 1509 278 1567 illi
311 1507 479 1578 magis
503 1501 665 1560 occisi
697 1507 838 1559 sunt.
868 1510 971 1551 non
1000 1488 1254 1547 Dominus
1285 1500 1299 1541 :
1334 1500 1452 1540 nam
1483 1481 1535 1536 in
1564 1478 1786 1535 Domino

194 1618 353 1659 mors
372 1600 543 1655 occisa
572 1606 675 1659 est,
705 1594 756 1647 iu
785 1591 888 1645 illis
915 1584 1160 1658 iniquitas
1188 1580 1348 1647 visit;
1379 1574 1590 1633 vivente
1612 1581 1788 1628 autem

197 1696 259 1750 in
287 1709 346 1747 se
377 1688 649 1758 iniquitate
672 1727 686 1748 ,
723 1680 794 1738 illi
828 1679 1019 1735 IIlOI‘ltti
1048 1683 1189 1729 sunt.

281 1783 369 1840 10.
412 1754 757 1835 Nun'avernnt
796 1780 849 1827 ut
878 1766 1231 1825 absconderant
1277 1756 1583 1832 muscipulas
1606 1770 1624 1822 ;
1651 1754 1793 1811 dixe-

199 1887 328 1933 runt
362 1893 379 1929 :
408 1872 529 1940 Quis
567 1866 745 1924 videbit
787 1858 1132 1921 eas?Latcre
1175 1854 1425 1926 putabant
1468 1862 1588 1906 eum
1636 1863 1793 1918 quem

200 1966 543 2029 occidebant,
571 1962 735 2017 latere
767 1959 953 2011 Deum.
981 1952 1117 2007 Ecce
1145 1954 1286 2016 puta,
1318 1944 1476 1998 homo
1496 1948 1611 1997 erat
1634 1935 1794 1995 Citri-

201 2072 351 2127 stus,
377 2059 513 2112 sicut
539 2048 716 2111 cmteri
740 2044 1018 2111 homines;
1052 2039 1319 2097 nesciebat
1349 2035 1470 2110 quid
1499 2034 1565 2091 de
1596 2034 1686 2089 illo
1708 2046 1795 2088 co-

202 2157 471 2228 gitaretur
498 2167 511 2204 :
544 2136 793 2217 numquid
823 2151 875 2198 et
904 2141 1041 2194 Deus
1073 2128 1273 2190 nescit?
1304 2130 1348 2186 0
1374 2146 1466 2183 cur
1488 2128 1795 2190 humanum,

203 2214 382 2318 auare
409 2242 498 2298 tibi
527 2214 728 2301 dixisti,
758 2233 888 2302 Quis
919 2228 1061 2284 videt
1090 2242 1174 2281 me
1194 2266 1209 2289 ,
1240 2232 1359 2280 cuin
1394 2220 1483 2275 ille
1512 2218 1688 2273 videat
1711 2214 1799 2286 qui

206 2308 271 2394 te
310 2335 466 2405 fecit?
498 2331 740 2386 Dixerunt
772 2344 790 2381 :
823 2320 947 2393 Quis
992 2312 1171 2374 videbit
1218 2310 1348 2370 eas?
1376 2308 1598 2367 Videbat
1639 2308 1797 2375 Deus,

209 2400 431 2485 videbat
453 2435 505 2480 et
523 2420 798 2483 Christus;
830 2415 949 2484 quia
980 2422 1032 2467 et
1057 2407 1297 2467 Christus
1325 2405 1484 2460 Dens.
1512 2400 1616 2458 Sed
1638 2416 1802 2473 quare

210 2521 497 2577 videbatur
524 2510 602 2571 eis
632 2529 735 2569 non
768 2506 989 2565 videre?
1028 2502 1163 2559 Audi
1191 2498 1483 2570 sequentia.

296 2614 381 2669 11.
424 2609 587 2685 [vers.
617 2605 715 2680 7.]
754 2599 1064 2658 Perscrutati
1089 2607 1203 2651 sunt
1232 2594 1544 2663 iniquitatem
1568 2607 1585 2654 ;
1607 2587 1803 2659 defece-

212 2714 342 2760 runt
382 2682 657 2757 scrutantes
698 2694 1071 2750 scrutationes:
1107 2687 1157 2743 id
1202 2696 1284 2741 est
1327 2682 1516 2738 acerba
1563 2689 1618 2736 et
1654 2686 1805 2734 acuta

214 2798 463 2857 consilia.
497 2793 610 2850 Non
655 2790 894 2845 tradatur
925 2801 1017 2857 per
1055 2798 1153 2837 nos
1177 2822 1191 2843 .
1216 2777 1308 2833 sed
1357 2792 1450 2847 per
1489 2772 1805 2843 discipulum

215 2907 380 2949 suum
421 2909 434 2944 :
468 2904 571 2943 non
601 2883 871 2941 occidatur
895 2895 925 2933 a
971 2876 1123 2933 nobis
1145 2916 1159 2942 ,
1194 2871 1287 2928 sed
1324 2887 1356 2926 a
1381 2869 1559 2940 judice
1597 2887 1610 2922 :
1639 2877 1806 2921 totum

218 3006 324 3047 nos
355 2986 607 3044 faciamus
632 3022 648 3048 ,
682 2988 736 3035 et
775 2977 904 3033 nihil
947 2973 1138 3030 fecisse
1179 2968 1472 3023 videamur.
1520 2963 1585 3018 Et
1612 2962 1697 3018 ubi
1728 2969 1810 3016 est

218 3083 428 3139 clamor
453 3072 643 3146 lingua:
677 3090 691 3126 :
723 3062 973 3138 Cruciﬁge
995 3105 1011 3132 ,
1043 3058 1318 3131 cruciﬁge?
1349 3057 1437 3112 Sic
1481 3054 1610 3109 eieci
1640 3051 1768 3105 estis
1790 3092 1804 3117 ,

221 3186 285 3233 ut
308 3184 362 3230 et
386 3171 530 3228 surdi
573 3167 710 3223 sitis.
744 3160 1000 3219 Simulata
1046 3152 1346 3212 innocentia
1393 3164 1497 3204 non
1527 3157 1609 3203 est
1653 3146 1808 3200 inno-

223 3269 399 3329 centia
430 3285 443 3321 :
473 3262 717 3320 simulata
743 3258 963 3329 mquitas
991 3268 1097 3308 non
1123 3258 1204 3306 est
1229 3247 1471 3320 aequitas,
1493 3243 1585 3300 sed
1616 3240 1809 3311 duplex

224 3360 508 3433 iniquitas;
536 3354 657 3427 quia
683 3361 737 3408 et
760 3347 1008 3420 iniquitas
1040 3352 1156 3411 est,
1192 3350 1245 3397 et
1269 3337 1554 3395 simulatio.
1585 3334 1657 3390 lbi
1685 3347 1811 3403 ergo

225 3429 625 3523 isti'defecerunt
660 3450 937 3500 mutantes
980 3435 1324 3492 scrutationes.
1369 3430 1576 3497 Quanto
1608 3429 1813 3481 acutius

225 3546 332 3603 sibi
362 3519 658 3611 escogitare
682 3534 1000 3591 videbantur
1027 3570 1041 3595 ,
1072 3537 1219 3582 tanto
1247 3524 1412 3592 magis
1455 3519 1810 3582 deficiebant;

227 3638 355 3708 quia
384 3650 415 3689 a
445 3631 641 3687 lumine
669 3624 907 3682 veritatis
934 3632 989 3677 et
1018 3617 1282 3689 aequitatis
1310 3615 1360 3668 in
1393 3611 1655 3685 profunda
1683 3624 1814 3664 con-

229 3728 476 3786 siliorum
507 3723 854 3793 malignorum
894 3711 1359 3782 demergebantur.
1407 3705 1575 3760 Habet
1613 3701 1816 3770 justitia

232 3820 516 3894 quamdam
541 3817 713 3871 lucem
740 3825 918 3875 suam;
949 3803 1234 3878 perfundit,
1258 3810 1314 3857 et
1340 3800 1567 3857 illustrat
1588 3797 1816 3851 animam

234 3913 584 3971 inhterentem
608 3906 706 3961 sibi
739 3921 755 3960 :
784 3904 959 3957 anima
986 3913 1112 3953 vero
1155 3902 1400 3949 avertens
1426 3906 1484 3946 se
1513 3905 1542 3943 a
1578 3889 1695 3943 luce
1720 3888 1807 3957 ju—

234 4007 433 4072 stitite,
482 4009 679 4072 quanto
721 3994 890 4065 magis
929 3989 1118 4063 quatrit
1158 3985 1298 4058 quod
1344 3982 1578 4038 inveniat
1636 3989 1821 4035 contra

235 4099 514 4172 justitiam,
541 4101 687 4150 tanto
713 4089 831 4161 plus
854 4103 883 4141 a
910 4085 1025 4140 luce
1054 4081 1351 4151 repellitur,
1382 4087 1434 4132 et
1464 4076 1516 4131 in
1544 4073 1821 4130 tenebrosa

238 4162 583 4262 demergitnr.
615 4184 802 4240 Merito
850 4193 975 4249 ergo
1019 4186 1073 4231 ct
1116 4173 1203 4228 isti
1250 4175 1645 4242 perscrutantes
1680 4162 1823 4235 quod

239 4256 451 4341 contra
469 4281 669 4351 justum
712 4272 1065 4329 moliebantur
1090 4306 1103 4330 ,
1126 4280 1164 4319 a
1210 4261 1413 4334 jnstitia
1458 4256 1775 4314 recedebant
1806 4271 1822 4321 ;

240 4388 298 4434 et
322 4348 518 4446 quanto
541 4387 571 4426 a
587 4366 787 4441 justitia
809 4360 1150 4424 recedebant,
1174 4362 1318 4410 tanto
1344 4353 1463 4424 plus
1486 4348 1822 4410 deficiebant,

242 4474 542 4525 scrutantes
589 4457 958 4516 scrutationes.
1031 4450 1274 4520 Magnum
1324 4443 1607 4500 consilium
1664 4440 1820 4493 iuno-

244 4559 436 4619 ccutiat
468 4575 481 4610 :
509 4553 722 4627 quando
750 4552 922 4620 ipsum
968 4543 1157 4601 Judam
1210 4537 1450 4611 pmnituit
1497 4532 1637 4605 quod
1666 4530 1831 4586 tradi-

246 4656 419 4712 disset
444 4623 711 4707 Christum
738 4682 753 4711 ,
781 4652 834 4699 et
857 4639 1080 4712 proiecit
1111 4636 1213 4688 illis
1239 4629 1518 4703 pecuniam
1558 4641 1715 4698 quam
1741 4623 1835 4679 de-

247 4748 461 4807 derant,
489 4741 567 4796 illi
592 4738 875 4795 noluerunt
900 4744 1015 4786 eam
1045 4726 1255 4781 mittere
1276 4723 1328 4777 in
1354 4716 1792 4791 gazOpbylacium
1817 4753 1832 4779 ,

246 4846 306 4895 et
334 4836 579 4891 dixerunt
619 4846 632 4883 :
668 4824 893 4883 Pecunia
918 4816 1178 4890 sanguinis
1217 4823 1323 4876 est;
1370 4808 1633 4865 uout‘llam
1658 4806 1829 4858 mitta-

252 4948 369 4987 mus
412 4930 464 4982 in
507 4918 929 4998 gazOphytacium
958 4908 1190 4984 (Matth.
1236 4919 1413 4969 xxvii,
1443 4900 1529 4970 6).
1578 4897 1714 4966 Quid
1759 4903 1841 4951 est

251 5014 715 5099 gazophylacium?
742 5014 879 5069 Area
923 5004 1055 5070 Dei,
1104 5001 1192 5057 ubi
1230 4997 1612 5068 colligebantur
1637 5006 1698 5099 ea
1724 5003 1842 5060 quae

219 5081 324 5182 aia
355 5081 695 5182 indigentiam
733 5114 1006 5159 servorum
1053 5094 1146 5150 Dei
1179 5089 1544 5148 mittebantur.
1573 5083 1618 5138 Ο
1642 5081 1802 5135 1ιοιηο
1825 5120 1841 5147 ,

255 5223 355 5265 cor
386 5171 533 5261 tuuvm
564 5201 634 5257 sit
661 5198 835 5270 potius
879 5206 1002 5248 arca
1049 5185 1178 5253 Dei,
1229 5182 1317 5239 ubi
1368 5178 1607 5234 habitent
1649 5171 1847 5228 divitia:

263 5299 382 5363 Dei,
411 5296 499 5351 ubi
527 5266 872 5347 sitnummus
900 5282 1013 5348 Dei,
1042 5292 1194 5334 mens
1222 5283 1306 5329 tua
1339 5271 1540 5325 habens
1566 5266 1846 5336 imaginem

212 5355 225 5429 ί
261 5355 605 5462 Imperatoris
637 5379 750 5437 tui!
783 5377 912 5433 Cum
938 5388 1065 5444 ergo
1108 5369 1223 5424 haec
1260 5366 1332 5421 ita
1376 5365 1483 5418 sint
1506 5400 1523 5427 ,
1552 5357 1721 5429 qualis
1763 5355 1850 5408 illa

267 5448 590 5541 iittinccntiat
630 5470 899 5529 simulatio
944 5467 1077 5532 fuit,
1120 5459 1397 5532 pecuniam
1447 5448 1716 5522 sanguinis
1745 5460 1851 5501 non

268 5576 484 5634 mittere
511 5571 565 5626 in
592 5579 794 5632 arcam,
823 5570 878 5618 et
903 5560 1072 5630 ipsum
1098 5553 1407 5624 sanguinem
1432 5546 1640 5601 mittere
1662 5543 1714 5596 in
1734 5554 1857 5595 con-

271 5666 551 5725 scientiam
571 5663 595 5716 1

349 5759 437 5827 12.
469 5754 579 5813 Sed
616 5750 742 5827 quid
792 5749 870 5804 cis
918 5742 1180 5814 contigit?
1236 5738 1531 5808 Defecerunt
1580 5736 1858 5785 scrutantes

278 5816 857 5913 scrutationem-Unde?
905 5837 1040 5905 Quia
1078 5833 1240 5896 dicit,
1277 5829 1399 5898 Quis
1444 5823 1621 5880 videbit
1651 5816 1858 5874 eos?id

280 5907 389 6014 est,
414 5941 539 6014 quia
564 5954 658 5997 eos
681 5948 839 5993 nemo
864 5926 1099 5987 videbat.
1130 5924 1246 5980 Hoc
1278 5918 1563 5985 dicebant,
1591 5914 1694 5972 hoc
1715 5907 1858 5982 apud
1882 5969 1903 5989 Ἰ

1301 430 1697 499 ENARRATIO
1737 428 1801 493 IN
1841 430 2163 494 PSALMUM
2203 436 2382 492 LXIII.

3358 444 3461 505 706

1887 569 1947 610 se
1984 554 2334 625 opinabantur
2373 554 2514 625 quod
2565 569 2723 612 nemo
2770 568 2860 612 eos
2900 554 3118 614 videret.
3174 559 3301 617 Vide
3340 561 3463 635 quid

1883 648 2151 717 contingat
2190 648 2379 701 animxe
2406 647 2593 713 malae;
2647 648 2846 704 recedit
2887 662 2915 703 a
2963 650 3081 707 luce
3108 650 3346 709 veritatis
3372 698 3385 721 ,
3413 665 3468 711 ct

1883 739 2003 809 quia
2033 739 2143 808 ipsa
2175 755 2276 793 non
2303 739 2444 794 videt
2472 740 2656 806 Deum,
2688 750 2834 811 putat
2860 756 2917 796 se
2944 758 3048 797 non
3079 744 3243 799 videri
3272 760 3299 799 a
3334 747 3464 803 Deo.

1884 830 1972 886 Sic
2001 838 2054 885 et
2084 830 2168 885 isti
2199 830 2494 886 rccedendo
2536 833 2711 888 ierunt
2750 832 2802 888 in
2832 833 3074 890 tenebras
3094 878 3109 903 ,
3144 848 3201 891 ut
3231 837 3334 909 ipsi
3364 855 3466 896 non

1884 920 2127 977 viderent
2152 922 2348 989 Deum;
2380 931 2430 978 et
2448 924 2700 979 dixerunt
2724 942 2738 985 :
2767 926 2894 993 Quis
2920 942 3017 983 nos
3043 926 3218 985 videt?
3246 928 3470 989 Videbat

1886 1024 1938 1069 ct
1967 1012 2052 1068 ille
2081 1028 2236 1083 quem
2269 1012 2683 1085 crnciﬁgebant;
2715 1016 2787 1071 illi
2832 1016 3126 1075 deiiciendo
3148 1063 3164 1089 ,
3196 1036 3295 1079 nec
3323 1022 3470 1081 illum

1886 1103 2104 1171 Filium,
2141 1118 2238 1162 nec
2264 1102 2473 1162 Patrem
2505 1106 2772 1163 videbant.
2803 1106 2857 1166 Si
2888 1126 3014 1182 ergo
3043 1122 3093 1167 et
3126 1110 3213 1169 ille
3238 1112 3467 1183 videbat,

1889 1212 2052 1271 quare
2074 1217 2129 1255 se
2150 1199 2450 1272 patiebatur
2475 1202 2640 1257 teneri
2667 1203 2733 1257 ab
2753 1203 2852 1271 eis,
2877 1204 3045 1259 occidi
3072 1207 3139 1261 ab
3164 1206 3280 1262 eis?
3299 1208 3473 1277 Quare

1890 1291 1933 1347 si
1973 1288 2222 1357 videbat,
2251 1292 2419 1348 voluit
2460 1292 2677 1347 consilia
2723 1308 2905 1349 eorum
2948 1299 3236 1367 praevalere
3279 1301 3330 1355 in
3377 1300 3474 1356 se?
3511 1314 3517 1323 '

1890 1387 2098 1455 Quare!
2132 1386 2263 1453 Quia
2306 1384 2465 1442 homo
2502 1396 2618 1442 erat
2662 1398 2876 1458 propter
2919 1388 3220 1457 hominem,
3253 1400 3307 1449 et
3334 1392 3475 1451 Deus
3504 1380 3511 1415 ⁸

1892 1481 2065 1535 latens
2104 1481 2155 1534 in
2197 1478 2449 1545 homine,
2496 1480 2583 1551 qui
2629 1490 2847 1536 venerat
2890 1481 3247 1540 nescientibus
3292 1502 3475 1542 exem-

1895 1572 2040 1642 plum
2071 1570 2395 1627 fortitudinis
2427 1570 2586 1639 dare;
2620 1572 2739 1628 ideo
2765 1573 2878 1645 ipse
2904 1572 3078 1630 sciens
3118 1572 3293 1632 Omnia
3320 1577 3479 1633 susti-

1896 1660 2076 1718 nebat.

1969 1754 2057 1809 15.
2086 1751 2245 1826 [vers.
2275 1748 2362 1827 8.]
2399 1751 2536 1822 Quid
2574 1754 2713 1807 enim
2750 1754 3026 1825 sequitur?
3046 1755 3254 1811 Accedet
3297 1755 3476 1824 homo,

1900 1854 1947 1901 et
1970 1847 1985 1878 ³
2008 1863 2094 1900 cor
2114 1846 2310 1911 altum;
2339 1854 2382 1900 et
2410 1842 2708 1900 excitabitur
2735 1845 2893 1902 Deus.
2930 1846 3002 1902 Illi
3032 1842 3280 1904 dixerunt
3310 1868 3323 1903 :
3351 1849 3480 1918 Quis

1901 1950 1999 1993 nos
2021 1934 2216 1993 videbit
2233 1937 2258 1989 ’ἰ
2289 1936 2875 2006 Defeceruntscrutantes
2892 1937 3236 2005 scrutationes,
3261 1939 3480 1995 consilia

1900 2030 2061 2087 mula.
2095 2029 2332 2085 Accessit
2359 2024 2518 2084 homo
2545 2029 2610 2083 ad
2659 2029 2768 2101 ipsa
2799 2028 3020 2086 consilia
3046 2073 3062 2098 ,
3094 2046 3275 2100 passus
3315 2041 3396 2088 cst
3423 2048 3483 2089 se

1904 2123 2071 2180 teneri
2102 2132 2160 2179 ιιι
2183 2124 2363 2179 homo.
2391 2120 2505 2179 Non
2550 2120 2689 2177 enim
2729 2116 3014 2189 teneretur,
3044 2122 3143 2177 nisi
3173 2122 3365 2190 homo;
3393 2133 3483 2181 aut

1908 2215 2200 2282 videretur,
2231 2215 2328 2269 nisi
2359 2212 2553 2281 homo;
2582 2222 2671 2269 aut
2699 2213 3012 2276 Ca‘tleretur,
3042 2213 3138 2268 nisi
3170 2215 3362 2282 homo;
3394 2222 3484 2270 aut

1907 2307 2305 2379 crucifigeretur
2326 2315 2417 2379 aut
2443 2315 2740 2361 moreretur
2765 2304 2866 2360 nisi
2893 2305 3072 2360 homo.
3101 2305 3335 2361 Accessit.
3358 2318 3484 2377 ergo

1907 2399 2068 2454 homo
2098 2397 2163 2453 ad
2194 2399 2306 2452 illas
2336 2412 2524 2452 omnes
2556 2395 2827 2466 passiones
2850 2439 2864 2461 ,
2895 2406 3014 2466 quae
3040 2394 3093 2450 in
3123 2392 3212 2451 illo
3238 2393 3367 2451 nihil
3392 2408 3485 2451 va-

1907 2490 2076 2546 lerent
2097 2532 2114 2556 ,
2148 2491 2247 2545 nisi
2275 2499 2415 2544 esset
2444 2488 2624 2543 homo.
2656 2486 2759 2544 Sed
2790 2487 2833 2542 si
2864 2488 2954 2543 illc
2982 2504 3086 2543 non
3114 2494 3256 2543 esset
3284 2482 3446 2543 homo
3469 2528 3485 2554 ,

1909 2597 2014 2636 non
2047 2578 2360 2635 liberaretur
2391 2580 2570 2633 homo.
2601 2579 2837 2635 Accessit
2866 2577 3014 2633 homo
3039 2622 3052 2643 ,
3096 2588 3140 2633 et
3180 2596 3266 2634 cor
3292 2577 3485 2649 altum,

1910 2673 1963 2731 id
1993 2683 2074 2728 est
2111 2689 2203 2728 cor
2231 2680 2494 2728 Secretum
2542 2689 2558 2729 ι
2606 2670 2861 2740 objiciens
2905 2671 3204 2740 aspectibus
3248 2670 3488 2725 humanis

1911 2768 2177 2823 hominem
2200 2809 2215 2833 ,
2244 2781 2462 2821 servans
2488 2764 2627 2819 intus
2656 2762 2820 2818 Deum
2845 2779 2859 2828 ;
2887 2763 3065 2817 celans
3091 2761 3313 2816 formam
3357 2762 3447 2817 Dei
3472 2803 3486 2826 ,

1912 2861 2082 2929 inqua
2105 2859 2323 2931 atqualis
2345 2865 2427 2912 est
2450 2854 2614 2927 Patri,
2638 2862 2691 2910 et
2709 2854 2938 2909 oll'erens
2962 2854 3181 2907 formam
3208 2852 3365 2919 servi,
3390 2868 3490 2922 qua

1911 2953 2088 3007 minor
2108 2961 2187 3006 est
2210 2949 2386 3005 Patre.
2416 2947 2534 3017 Ipse
2560 2946 2699 3001 enim
2726 2944 2859 3001 dixit
2883 2952 3163 3016 utrumque
3193 2962 3204 2995 :
3236 2940 3328 2998 sed
3351 2942 3491 2999 aliud

1913 3055 1996 3101 est
2019 3062 2081 3099 ex
2111 3042 2279 3099 forma
2304 3040 2416 3106 Dei,
2441 3038 2581 3096 aliud
2607 3056 2670 3095 ex
2702 3037 2868 3093 forma
2896 3034 3056 3091 servi.
3087 3034 3225 3090 Dixit
3248 3051 3313 3089 ex
3330 3036 3493 3092 forma

1914 3138 2011 3194 Dei
2042 3156 2055 3193 :
2092 3134 2201 3208 Ego
2228 3144 2271 3188 et
2307 3131 2458 3187 Pater
2484 3146 2640 3185 unum
2672 3146 2844 3184 sumus
2875 3127 3063 3202 (Joan.
3099 3143 3131 3181 Χ
3151 3168 3164 3192 ,
3198 3123 3322 3197 ⁸50).
3356 3122 3497 3180 Dixit

1915 3248 1979 3288 ex
2006 3232 2170 3286 forma
2202 3220 2360 3288 servi.
2396 3223 2642 3293 Quoniam
2669 3222 2818 3276 Pater
2849 3221 3014 3294 major
3038 3236 3115 3273 me
3141 3226 3211 3273 est
3242 3212 3350 3284 (Id.
3381 3232 3494 3283 xw,

1914 3322 2037 3395 28).
2071 3318 2223 3377 Unde
2253 3332 2315 3376 ex
2345 3314 2512 3373 forma
2544 3316 2671 3382 Dei,
2706 3314 2814 3387 Ego
2840 3323 2885 3368 et
2924 3313 3075 3367 Pater
3102 3328 3258 3367 unum
3282 3308 3501 3365 sumus?

1917 3415 2048 3484 Quia
2080 3431 2192 3468 cum
2221 3416 2274 3468 in
2304 3412 2467 3484 forma
2497 3404 2590 3464 Dei
2619 3416 2741 3463 esset
2783 3407 3077 3461 constitutus
3100 3446 3115 3471 ,
3144 3421 3243 3457 non
3270 3402 3501 3475 rapinam

1918 3508 2188 3564 arbitratus
2216 3516 2287 3561 est
2313 3522 2416 3560 esse
2443 3502 2647 3573 aequalis
2691 3500 2819 3555 Deo.
2853 3499 3005 3554 Unde
3031 3514 3097 3553 ex
3131 3496 3294 3552 forma
3326 3494 3498 3559 servi,

1922 3596 2171 3668 Quoniam
2202 3598 2356 3652 Pater
2378 3596 2541 3666 major
2564 3611 2642 3648 me
2669 3604 2739 3647 est
2762 3593 2786 3646 ?
2814 3590 2946 3660 Quia
2990 3590 3305 3656 semetipsum
3333 3588 3504 3642 axina.

1921 3694 2043 3748 nivit
2065 3734 2078 3755 ,
2107 3694 2321 3763 formam
2361 3692 2491 3741 servi
2529 3684 2778 3752 accipiens
2812 3679 3077 3750 (Philipp.
3108 3695 3162 3743 ll,
3198 3679 3250 3743 6,
3287 3674 3371 3751 7).
3406 3678 3504 3732 Ac-

1922 3782 2081 3841 cessit
2122 3795 2248 3851 ergo
2289 3776 2480 3843 homo,
2526 3786 2579 3831 ct
2629 3791 2722 3831 cor
2761 3774 2959 3838 altum;
3010 3780 3062 3826 et
3116 3769 3380 3826 exaltatus
3424 3777 3505 3825 est

1924 3876 2088 3933 Deus.
2143 3871 2413 3929 Occiditur
2461 3866 2662 3932 homo,
2718 3873 2772 3921 et
2820 3864 3080 3920 exaltatur
3136 3861 3293 3915 Deus.
3354 3858 3502 3927 Quod

1926 3968 2066 4023 enim
2094 3962 2301 4021 occisus
2329 3971 2410 4017 est
2433 4002 2449 4027 ,
2480 3975 2546 4015 ex
2577 3954 2881 4013 infirmitate
2920 3952 3148 4008 humana
3191 3951 3286 4005 fuit
3315 3967 3328 4004 :
3363 3949 3503 4020 quod

1925 4058 2218 4117 resurrexit
2243 4064 2297 4111 et
2331 4051 2605 4117 ascendit,
2634 4066 2699 4104 ex
2750 4054 3013 4120 potestate
3063 4043 3237 4098 divina
3283 4039 3504 4111 (llCor.

1927 4168 2020 4208 xm
2044 4193 2057 4217 ,
2091 4148 2180 4221 4).
2215 4140 2427 4201 Accedet
2451 4144 2599 4198 homo
2624 4183 2637 4205 ,
2666 4151 2713 4196 et
2741 4157 2827 4194 cor
2855 4139 3014 4192 altum
3033 4178 3048 4201 ,
3084 4151 3178 4191 cor
3202 4143 3464 4190 secretum
3491 4173 3506 4199 ,

1930 4262 2022 4302 cor
2041 4243 2306 4303 abditum;
2338 4255 2443 4294 non
2473 4232 2760 4293 ostendens
2787 4231 2912 4305 quid
2953 4239 3133 4286 nosset
3157 4271 3169 4293 ,
3188 4246 3305 4291 non
3332 4235 3510 4282 osten-

1932 4339 2063 4395 dens
2089 4335 2216 4408 quid
2255 4342 2417 4391 esset.
2460 4329 2540 4387 Illi
2588 4338 2832 4401 putantes
2878 4327 2979 4381 hoc
3019 4335 3182 4379 totum
3228 4338 3344 4377 esse
3370 4322 3510 4394 quod

1934 4429 2233 4491 videbatur,
2265 4424 2513 4481 occidunt
2541 4421 2813 4478 hominem
2862 4417 2914 4472 in
2941 4414 3103 4472 corde
3133 4416 3259 4482 alto,
3289 4426 3340 4470 et
3369 4413 3516 4468 exalo

1937 4535 2077 4580 tatur
2102 4524 2244 4578 Dens
2268 4521 2321 4576 in
2350 4517 2511 4574 corde
2535 4515 2715 4571 divino
2745 4532 2759 4567 :
2792 4510 3024 4583 potentia
3051 4510 3191 4563 enim
3225 4505 3514 4577 maiestatis

1938 4632 2049 4674 suae
2072 4614 2332 4671 exaltatus
2375 4617 2477 4667 est.
2511 4607 2577 4664 Et
2619 4620 2726 4678 quo
2766 4603 2858 4658 ivit
2898 4599 3192 4658 exaltatus?
3232 4595 3385 4654 Unde
3412 4613 3515 4652 non

1941 4707 2159 4767 recessit
2183 4703 2510 4760 humiliatus.

2014 4802 2102 4855 14.
2125 4796 2334 4852 Accedet
2362 4794 2530 4858 homo,
2554 4800 2599 4844 et
2623 4805 2711 4844 cor
2731 4787 2932 4851 altum;
2962 4793 3006 4840 et
3034 4778 3332 4839 exaltabitur
3363 4778 3516 4834 Deus.

1944 4891 2229 4961 Propterea
2249 4886 2358 4955 jam
2386 4880 2661 4944 attendite,
2694 4877 2885 4933 fratres
2916 4872 3039 4939 mei,
3093 4889 3187 4930 cor
3232 4873 3391 4937 altum
3417 4869 3519 4924 lto-

1947 4983 2127 5039 minis.
2149 4978 2312 5046 Cujus
2353 4972 2628 5030 hominis?
2661 4969 2826 5024 Mater
2872 4968 3019 5031 Sion,
3076 4965 3203 5020 dicet
3243 4964 3435 5026 homo;
3475 4968 3521 5013 et

1950 5076 2097 5131 homo
2123 5078 2284 5142 factus
2317 5076 2389 5123 est
2434 5068 2487 5121 in
2514 5082 2593 5132 ea,
2615 5073 2660 5118 et
2686 5064 2792 5132 ipse
2814 5060 3041 5132 fundavit
3085 5074 3194 5111 eam
3242 5054 3526 5107 Altissinms

1952 5172 1971 5243 (
2000 5168 2145 5223 Psat.
2170 5178 2401 5226 Lxxxw,
2429 5160 2461 5215 5
2500 5157 2540 5231 ).
2575 5158 2631 5210 In
2654 5159 2763 5225 ipsa
2799 5154 3009 5208 civitate
3040 5149 3207 5204 faenus
3232 5156 3307 5200 est
3341 5143 3522 5209 homo,

1953 5233 2110 5334 quam
2159 5257 2297 5313 idem
2327 5255 2440 5324 ipse
2474 5250 2707 5304 fundavit
2747 5244 3071 5307 Altissimus,
3118 5239 3205 5307 qui
3256 5237 3305 5289 in
3344 5250 3405 5289 ea
3452 5233 3528 5287 fa-

1956 5364 2074 5411 ctus
2098 5359 2181 5407 est
2204 5349 2383 5403 homo.
2416 5345 2554 5414 Ergo
2580 5339 2801 5396 accessit
2821 5343 2989 5398 homo,
3020 5342 3065 5386 et
3110 5347 3193 5384 cor
3237 5328 3416 5381 attiun.
3443 5323 3529 5378 ln-

1958 5457 2108 5503 tuere
2132 5440 2397 5497 hominem
2419 5436 2472 5491 in
2502 5433 2664 5490 corde
2713 5431 2819 5486 alto
2852 5424 3006 5481 :vide
3051 5431 3306 5494 quantum
3349 5428 3522 5490 potes,

1959 5540 2002 5594 si
2030 5545 2201 5608 potes,
2232 5542 2287 5589 et
2315 5532 2480 5586 Deum
2508 5528 2559 5582 in
2581 5524 2740 5581 corde
2789 5520 2915 5575 alto.
2965 5515 3201 5571 Accessit
3246 5513 3405 5565 homo
3439 5529 3451 5565 :
3483 5519 3535 5567 et

1961 5631 2079 5701 quia
2110 5628 2249 5682 Deus
2273 5631 2405 5687 erat,
2436 5629 2490 5675 et
2516 5618 2634 5687 quia
2673 5623 2922 5683 passurus
2960 5617 3073 5662 erat
3106 5604 3308 5669 volens,
3337 5612 3387 5656 et
3415 5602 3535 5671 quia

1962 5718 2261 5787 exemplmn
2282 5712 2596 5784 prmbiturus
2618 5702 2858 5767 inﬁrmis,
2883 5710 2933 5754 et
2958 5696 3077 5768 quin
3105 5694 3233 5750 nihil
3265 5690 3313 5748 ei
3355 5691 3539 5749 facturi

2030 5851 2046 5883 ι
2081 5848 2153 5898 sic
2194 5845 2417 5910 plerique
2450 5842 2503 5892 et
2534 5837 2749 5903 potiores
2781 5836 2888 5885 MSS.
2920 5831 3060 5895 juxta
3090 5813 3220 5879 LXX.
3246 5832 3302 5878 At
3321 5824 3455 5887 Edd.,
3478 5819 3543 5875 ad

1914 5910 2237 5975 ,corattum.
