3912 6434
466 403 571 463 767

460 516 729 590 erantqui
773 518 1081 583 saviebant,
1134 527 1383 589 tanquam
1434 533 1654 588 passuro
1710 517 1838 583 Deo,
1868 515 1960 573 sed
1991 517 2041 571 in

460 614 699 677 homine.
722 611 813 668 sed
843 613 892 666 in
930 626 1089 667 carne
1116 629 1131 678 ;
1155 611 1278 681 quid
1309 611 1546 682 sequitur
1573 611 1595 664 ?
1622 609 1837 681 Sagitta
1866 611 2042 680 infan-

462 709 590 763 tium
615 707 763 776 facta
780 715 895 758 sunt
923 705 1087 774 plaga:
1115 720 1287 758 eorum
1326 703 1419 776 (α).
1446 702 1547 758 Ubi
1573 711 1655 758 est
1684 702 1767 757 illa
1799 701 2045 757 saevitia?

459 799 547 855 ubi
574 807 655 852 est
681 798 766 852 ille
784 794 1020 851 fremitus
1046 795 1235 860 leonis,
1271 796 1444 866 populi
1495 794 1752 865 rugientis
1774 803 1831 849 et
1854 794 2043 850 dicen-

458 889 545 952 tis,
576 886 841 957 Cruciﬁge,
867 886 1147 957 cruci/ige?
1173 886 1257 941 ubi
1304 896 1431 942 sunt
1475 886 1677 940 insidia:
1720 900 1901 940 arcum
1928 894 2043 941 ten-
2078 924 2083 927 -

455 982 692 1038 dentium
721 979 745 1033 ἲ
781 978 968 1034 Nonne
1007 979 1202 1049 sagitta
1226 978 1497 1049 infantium
1547 982 1698 1049 facta
1733 988 1849 1032 sunt
1876 978 2045 1049 plaga

454 1088 625 1126 eorum
647 1070 673 1124 .9
697 1069 873 1124 Nostis
898 1068 1344 1140 quemadmodum
1373 1067 1475 1122 sibi
1522 1068 1721 1123 faciunt
1745 1066 1813 1122 de
1855 1068 2042 1122 canni-

457 1164 543 1217 tiis
565 1162 785 1232 sagittas
814 1160 1059 1216 iurantes.
1087 1158 1224 1227 Quid
1267 1158 1486 1226 feriunt,
1517 1168 1609 1215 aut
1635 1159 1772 1214 unde
1797 1159 1991 1215 feriunt
2016 1159 2044 1213 ἳ

454 1270 573 1325 qua:
624 1268 832 1317 manus,
883 1264 974 1307 aut
1013 1252 1153 1321 quod
1191 1252 1541 1322 telum‘lqnze
1592 1266 1760 1317 arma,
1801 1260 1893 1306 aut
1922 1267 2040 1323 quae

452 1344 732 1401 membra?
754 1345 968 1415 Sagitta
993 1345 1262 1414 infantium
1289 1348 1438 1414 facta
1455 1352 1572 1398 sunt
1588 1345 1754 1416 plaga
1775 1360 1965 1399 eorum.

523 1436 653 1511 15.[
679 1455 806 1494 uers.
838 1438 891 1493 9.
915 1435 938 1512 ]
961 1436 1028 1492 Et
1069 1438 1341 1507 inﬁrmata
1382 1447 1497 1491 sunt
1540 1454 1693 1508 super
1731 1455 1815 1493 eos
1853 1439 2041 1510 lingua

450 1533 870 1586 eorum.Acnant
896 1546 1036 1586 nunc
1056 1530 1259 1601 linguas
1315 1543 1438 1584 suas
1477 1538 1727 1598 tanquam
1780 1530 2034 1600 gladium,

450 1621 665 1677 ﬁrment
704 1619 801 1675 sibi
831 1635 1127 1675 sermonem
1180 1619 1492 1691 malignum.
1542 1619 1727 1675 Merito
1771 1620 1870 1675 sibi
1916 1636 2035 1677 eum

451 1711 801 1767 ﬁrmaverunt
830 1728 846 1777 ;
879 1712 999 1782 quia
1024 1712 1296 1781 inﬁrmata
1334 1721 1451 1766 sunt
1497 1728 1647 1782 super
1710 1729 1792 1767 eos
1851 1714 2039 1785 lingua

447 1821 643 1859 eorum.
671 1803 933 1873 Numquid
986 1813 1195 1875 poterat
1233 1817 1353 1859 esse
1400 1802 1502 1858 hoc
1530 1802 1738 1858 firmum
1784 1804 2037 1860 adversus

446 1896 614 1952 Deum
637 1896 661 1951 ?
683 1896 894 1951 Mentita
931 1905 1024 1964 est,
1053 1896 1242 1967 inquit,
1282 1897 1522 1967 iniquitas
1546 1896 1641 1951 sibi
1668 1897 1686 1968 (
1718 1894 1861 1952 Psal.
1887 1914 2033 1964 nm,

446 1988 558 2059 12)
589 2005 603 2043 :
631 1985 913 2056 Inﬁrmata
935 1997 1053 2042 sunt
1096 2004 1249 2059 super
1276 2003 1359 2042 eos
1413 1986 1601 2059 lingua
1649 2004 1838 2043 eorum.
1896 1989 2036 2048 Ecce

448 2079 740 2135 resurrexit
768 2078 1021 2134 Dominus
1067 2078 1156 2149 qui
1183 2080 1397 2134 occisus
1425 2087 1558 2134 erat.
1585 2078 1907 2136 Transibaut
1933 2096 2030 2136 an-

445 2178 499 2227 te
526 2185 762 2239 crucem,
803 2170 884 2225 vel
920 2169 1151 2237 stabant,
1206 2180 1260 2224 et
1314 2169 1657 2224 intuebantur
1688 2171 1857 2237 illum,
1894 2171 2033 2226 sicut

445 2269 594 2316 tanto
631 2270 756 2317 ante
822 2259 1054 2331 psalmus
1104 2258 1465 2330 praedixerat:
1509 2257 1773 2314 Fuderunt
1847 2278 2031 2317 manus

442 2367 578 2407 meus
604 2361 652 2406 et
680 2352 831 2421 pedes
856 2367 991 2406 meos
1021 2367 1039 2416 ;
1087 2351 1524 2404 dinumeraverunt
1553 2351 1722 2405 omnia
1748 2367 1863 2404 ossa
1890 2368 2019 2407 mea.

441 2439 555 2511 Ipsi
581 2457 693 2496 vero
714 2442 1151 2496 consideraverunt
1179 2450 1224 2495 et
1255 2450 1558 2511 aspexerant
1589 2458 1667 2495 me
1695 2442 1712 2510 (
1748 2440 1888 2496 I’sal.
1915 2459 2027 2508 χχι,

442 2533 530 2596 17,
587 2531 716 2603 l8).
763 2532 912 2587 Tunc
957 2540 1120 2599 caput
1159 2532 1431 2602 agitabant
1479 2532 1831 2587 dicentes:Si
1863 2531 2030 2589 Filius

440 2623 538 2680 Dei
563 2633 655 2691 est,
678 2625 942 2679 descendat
964 2625 1026 2677 de
1052 2640 1218 2679 cruce.
1243 2623 1606 2679 Tcntaverunt
1632 2625 2026 2695 quodammodo

440 2725 614 2770 utrum
636 2714 803 2769 Filius
833 2716 922 2769 Dei
950 2724 1109 2774 esset,
1143 2713 1361 2783 etquasi
1398 2713 1714 2769 invenerunt
1738 2715 1877 2784 quod
1917 2731 2024 2772 non

439 2816 604 2873 esset,
627 2808 747 2878 quia
774 2805 1148 2862 insultantibus
1169 2806 1292 2872 illis,
1332 2806 1401 2860 de
1422 2821 1581 2862 cruce
1606 2823 1711 2862 non
1733 2807 2025 2867 descende-

436 2896 526 2951 bat
550 2896 984 2952 :sidescenderct
1009 2898 1075 2952 de
1101 2911 1277 2959 cruce,
1311 2896 1479 2951 Filius
1513 2897 1608 2953 Dei
1638 2910 1780 2954 esset
1810 2900 2021 2969 (Matth.

435 3001 604 3051 xxv",
627 2987 832 3059 40-65).
863 2986 998 3054 Quid
1030 2987 1122 3042 tibi
1160 2987 1367 3042 videtur
1381 2988 1469 3058 qui
1498 2987 1565 3042 de
1614 3003 1773 3044 cruce
1802 3006 1907 3044 non
1931 2991 2024 3047 de-

435 3078 658 3143 scendit,
681 3091 733 3134 et
761 3079 828 3133 de
853 3079 1096 3149 sepulcro
1122 3078 1355 3133 surrexit
1382 3078 1407 3131 ?
1431 3077 1567 3147 Quid
1597 3093 1725 3149 ergo
1777 3079 2019 3150 profece-

435 3172 604 3227 runt?
632 3171 785 3240 Quod
832 3172 929 3227 etsi
989 3171 1245 3226 Dominus
1302 3186 1408 3225 non
1446 3174 1847 3240 rcsurrexisset,
1896 3174 2021 3244 quid

434 3262 804 3336 profecissent.
855 3264 954 3318 nisi
1001 3263 1139 3333 quod
1185 3262 1522 3333 profecerunt
1566 3271 1621 3319 et
1654 3273 2022 3336 persecutores

433 3363 723 3425 martyrum
747 3354 771 3408 ν
819 3353 947 3408 Nam
970 3363 1019 3408 et
1041 3361 1300 3425 martyres
1319 3354 1551 3410 nondum
1566 3367 1935 3424 surrexerunt,
1964 3366 2019 3412 et

434 3453 609 3499 tamen
653 3445 725 3499 illi
769 3460 871 3499 non
941 3445 1317 3515 profecerunt:
1350 3447 1582 3502 nondum
1628 3451 2017 3520 resurgentium

430 3537 540 3607 jam
573 3536 805 3592 natalitia
836 3538 1185 3594 celebramus.
1219 3538 1319 3595 Ubi
1363 3549 1445 3594 est
1470 3539 1615 3595 furor
1644 3541 2018 3599 savieutium?

435 3629 647 3700 Sagitta
668 3630 937 3699 infantium
965 3632 1116 3702 facta
1138 3640 1255 3683 sunt
1285 3630 1453 3701 plaga
1494 3646 1687 3695 eorum,
1716 3640 1761 3685 et
1781 3631 2015 3701 inﬁrma-

433 3729 498 3775 ta
524 3730 640 3776 sunt
677 3737 829 3791 super
855 3736 936 3774 eos
965 3720 1153 3791 lingua
1176 3736 1368 3774 eorum.
1415 3719 1530 3785 Quo
1557 3721 1928 3791 perduxerunt
1954 3723 2016 3777 il-

430 3817 508 3871 las
532 3815 883 3871 scrutationes
901 3828 1045 3879 suas,
1077 3828 1208 3883 quas
1239 3821 1632 3882 perscrutantes
1679 3812 2010 3881 defecerunt,

430 3918 487 3962 ut
512 3909 668 3961 etiam
701 3916 906 3961 mortuo
931 3905 1151 3959 Domino
1165 3913 1215 3959 ct
1232 3904 1459 3974 sepulto,
1482 3905 1730 3960 custodes
1746 3915 2011 3975 ponerent

429 4000 492 4054 ad
520 4000 817 4070 sepulcrum
845 3999 868 4052 ?
901 3997 1154 4052 Dixerunt
1204 3995 1345 4051 enim
1376 3994 1567 4063 Pilato,
1596 3996 1847 4051 Seduetor
1879 3998 2010 4064 ille;

427 4091 529 4146 hoc
550 4092 913 4162 appellabatur
934 4090 1146 4144 nomine
1174 4089 1430 4143 Dominus
1472 4089 1626 4145 Jesus
1649 4087 1912 4157 Christus,
1946 4091 2012 4146 ad

424 4183 667 4237 solatium
690 4197 966 4237 servorum
1008 4195 1224 4236 suorum
1250 4179 1464 4250 quando
1489 4179 1736 4235 dicuntur
1762 4181 2011 4237 seducto-

425 4291 513 4330 res
543 4290 706 4346 :ergo
741 4275 812 4328 illi
865 4273 1053 4339 Pilato,
1105 4272 1354 4327 Seductor
1392 4272 1496 4337 ille,
1552 4273 1821 4342 inquiunt,
1875 4274 2007 4328 dixit

423 4366 590 4420 adhuc
616 4366 778 4419 vivens
808 4380 825 4418 :
856 4363 976 4419 Post
1006 4374 1103 4418 tres
1124 4364 1229 4417 dies
1258 4379 1534 4433 resurgam.
1562 4361 1696 4418 Iube
1732 4367 1898 4437 itaque
1922 4383 2011 4420 cu-

420 4458 600 4512 stodiri
635 4458 919 4527 sepulcrum
948 4472 1101 4526 usque
1124 4456 1176 4508 in
1220 4454 1354 4507 diem
1405 4454 1647 4519 tertium;
1689 4473 1751 4510 ne
1771 4461 1901 4527 forte
1921 4473 2007 4512 ve-

423 4550 563 4603 niant
585 4549 820 4619 discipuli
846 4549 977 4617 ejus,
1000 4555 1045 4600 et
1069 4550 1303 4617 furentur
1347 4561 1480 4608 eum,
1509 4554 1555 4599 et
1601 4546 1772 4599 dicunt
1824 4547 1956 4618 plebi
1988 4588 2004 4613 ,

421 4639 655 4696 Surrexit
679 4656 709 4691 a
726 4637 933 4691 mortuis
956 4653 975 4703 ;
1003 4645 1050 4690 et
1074 4635 1166 4689 erit
1188 4635 1483 4688 novissimus
1498 4626 1639 4688 e'rror
1662 4638 1803 4707 pejor
1818 4639 2003 4707 priore.

420 4733 506 4786 Ait
534 4730 635 4785 illis
663 4726 863 4782 Pilatus
891 4745 909 4782 :
932 4726 1140 4781 Habetis
1178 4725 1497 4789 custodiam;
1525 4727 1611 4791 ite,
1643 4727 1884 4781 custodite
1899 4728 2003 4781 sic-

420 4833 473 4877 ut
515 4821 671 4875 scitis.
718 4818 809 4873 Illi
861 4827 1025 4873 autem
1075 4817 1314 4871 abeuntes
1358 4816 1644 4870 munierunt
1693 4817 2000 4887 sepulcrum,

417 4916 672 4985 signantes
711 4909 932 4981 lapidem
950 4925 1064 4964 cum
1089 4907 1378 4963 custodibus
1407 4906 1591 4980 (Ibid.,
1623 4908 1794 4963 63-66
1831 4907 1872 4979 ).
1904 4909 2007 4964 Po-

415 5006 635 5052 suerunt
691 4992 938 5051 custodes
1005 4992 1200 5049 milites
1245 4992 1310 5046 ad
1364 4991 1685 5063 sepulcrum.
1730 4990 2003 5049 Coucussa

417 5101 555 5147 terra
588 5089 844 5144 Dominus
894 5091 1187 5143 resurrexit
1216 5105 1229 5141 :
1262 5086 1511 5141 miracula
1559 5086 1695 5142 facta
1733 5098 1858 5143 sunt
1880 5089 1999 5145 talia

413 5185 552 5239 circa
578 5184 901 5253 sepulcrum,
932 5188 1062 5236 utet
1081 5179 1180 5249 ipsi
1208 5180 1400 5235 milites
1440 5182 1527 5250 qui
1555 5179 1804 5235 custodes
1832 5180 1997 5236 adve-

415 5282 624 5341 nerant,
650 5280 812 5329 testes
843 5270 1048 5336 lierent,
1098 5271 1141 5325 si
1169 5270 1365 5326 vellent
1413 5285 1539 5325 vera
1590 5272 1870 5339 nuntiare;
1906 5273 1999 5329 sed

410 5367 630 5422 avaritia
661 5366 747 5421 illa
774 5380 894 5437 quae
922 5361 1532 5435 captivavitdiscipnlum
1563 5364 1813 5418 comitem
1844 5363 2000 5421 Chri-

410 5463 500 5527 sti,
524 5460 804 5529 captivavit
823 5467 878 5514 et
918 5458 1138 5513 militem
1164 5456 1439 5511 custodem
1482 5456 1732 5525 sepulcri.
1780 5456 1991 5527 Damus,

413 5553 674 5620 inquiunt.
703 5552 839 5605 vobis
867 5549 1130 5622 pecuniam
1158 5565 1175 5612 ;
1205 5556 1252 5601 et
1274 5547 1424 5601 dicite
1445 5548 1563 5617 quia
1583 5548 1718 5601 vobis
1740 5548 1995 5604 dormien-

411 5649 539 5700 tibus
576 5654 810 5699 venerunt
847 5641 1080 5715 discipuli
1109 5642 1242 5712 ejus,
1286 5650 1334 5694 et
1375 5638 1684 5695 abstulerunt
1732 5640 1880 5714 eum(
1904 5641 1991 5697 Id.

473 5801 545 5861 (ιι)
570 5806 680 5848 Hac
702 5809 811 5862 pars
849 5798 900 5858 9.
922 5796 955 5846 8
997 5803 1227 5848 tractatur
1272 5806 1418 5858 supra
1460 5795 1512 5845 in
1540 5798 1678 5844 Enar.
1725 5801 1844 5848 Psat.
1897 5811 1991 5861 m,

412 5896 464 5934 ιι.
495 5882 572 5932 15.

1695 401 1753 457 S.
1795 399 2163 459 AUGUSTINI
2200 402 2505 463 EPISCOPI
3608 422 3693 480 768

2154 534 2341 587 sxvm,
2376 520 2465 587 l2,
2498 522 2566 578 t5
2595 523 2634 593 ).
2673 522 2807 580 Vere
2847 525 3134 596 defecerunt
3161 539 3439 586 nutantes
3473 537 3695 593 scrutatio-

2152 626 2259 665 nes.
2280 611 2418 679 Quid
2432 622 2531 679 est,
2566 616 2705 686 quod
2727 616 2927 683 dixisti,
2955 633 2990 673 ο
3010 619 3189 676 infelix
3227 622 3459 677 astutia?
3485 624 3696 684 Tantum-

2151 716 2221 758 ne
2262 702 2468 759 deseris
2516 706 2688 761 lucem
2734 709 2947 765 consilii
3005 711 3237 780 pietatis,
3285 724 3340 769 et
3389 715 3442 769 in
3479 717 3698 787 profunda

2153 784 2403 850 versutia
2434 796 2451 827 ⁸
2474 795 2820 869 demergeris,
2850 810 2907 855 ut
2943 799 3046 857 hoc
3071 802 3220 858 dicas
3253 822 3266 856 :
3299 805 3469 862 Dicite
3482 784 3602 878 quia
3625 828 3699 867 vo-

2149 884 2232 942 bis
2257 888 2643 947 dormientibus
2666 902 2930 949 venerunt
2955 895 3201 966 discipuli
3244 898 3382 968 ejus,
3412 908 3467 955 et
3505 901 3701 961 abstule-

2149 988 2274 1035 runt
2296 982 2461 1036 cum?
2490 982 2824 1042 Dormientes
2876 996 3042 1045 testes
3076 989 3300 1047 adhibes
3330 1009 3345 1046 :
3389 1009 3515 1050 vere
3537 1005 3586 1050 tu
3613 997 3704 1068 ipse

2148 1066 2486 1141 obdorinisti,
2509 1076 2599 1143 qui
2630 1077 2918 1133 scrutando
2942 1080 3065 1136 talia
3107 1080 3373 1140 deiecisti.
3422 1083 3479 1140 Si
3505 1066 3703 1146 donnie-

2151 1161 2296 1221 bant.
2317 1164 2443 1238 quid
2467 1166 2646 1223 videre
2667 1173 2997 1238 potuerunt?
3024 1173 3069 1229 si
3122 1176 3253 1231 nihil
3286 1177 3554 1248 viderunt,
3594 1198 3702 1251 quo-

2146 1253 2309 1311 modo
2334 1264 2503 1313 testes
2528 1261 2825 1318 suntYSed
2874 1265 3162 1333 defecerunt
3208 1281 3493 1327 scrutantes
3537 1287 3701 1329 scruta-

2062 1348 2065 1351 ’
2146 1347 2351 1402 tiones:
2391 1349 2701 1408 defecerunt
2749 1370 2781 1411 a
2824 1356 2943 1414 luce
3000 1359 3113 1427 Dei,
3161 1360 3479 1419 defecenmt
3524 1366 3571 1420 iu
3612 1368 3704 1437 ipso

2145 1436 2336 1494 ell‘ectu
2356 1443 2700 1500 consiliorum
2722 1461 2939 1504 suorum
2973 1466 2986 1502 :
3019 1450 3231 1522 quando
3253 1454 3401 1525 quod
3430 1436 3700 1527 voluerunt,

2144 1527 2278 1584 nihil
2306 1532 2563 1599 perﬁcere
2602 1544 2907 1605 potuerunt,
2946 1541 3131 1611 utique
3169 1541 3487 1599 defecerunt
3516 1563 3532 1600 :
3559 1547 3702 1617 Quare

2145 1616 2248 1674 hoc
2274 1619 2299 1673 ‘l
2322 1620 2451 1689 Quia
2469 1626 2693 1680 accessit
2719 1625 2903 1695 homo,
2925 1638 2980 1686 et
2998 1646 3093 1686 cor
3119 1632 3285 1688 altum
3320 1650 3335 1700 ;
3388 1645 3448 1691 et
3474 1616 3707 1695 esahatus

2142 1719 2225 1764 est
2246 1709 2405 1766 Deus.
2437 1712 2725 1785 Propterea
2763 1729 2946 1790 postea
3004 1736 3124 1778 cum
3175 1724 3503 1783 innotuisset
3541 1732 3703 1791 Chrisu'

2141 1803 2483 1872 resurrectio,
2513 1815 2568 1862 et
2594 1810 2812 1866 veniens
2836 1810 3067 1884 Spiritus
3090 1826 3305 1875 sanctus
3326 1819 3575 1894 impleret
3599 1825 3706 1880 lidu-

2138 1891 2219 1947 cia
2262 1894 2510 1952 timentes
2550 1900 2808 1969 quosdam
2863 1903 3173 1975 discipulos,
3218 1918 3276 1965 ut
3324 1891 3582 1970 auderent
3615 1916 3703 1986 jam

2138 1994 2364 2041 mortem
2393 2003 2496 2042 non
2522 1989 2770 2047 timentes
2799 1994 3089 2063 pradicare
3122 1999 3264 2069 quod
3296 2000 3561 2071 viderant,
3582 2009 3706 2063 etal-

2140 2081 2250 2130 tato
2283 2076 2392 2133 Deo
2412 2078 2465 2133 in
2488 2080 2766 2150 majestate
2795 2099 2910 2148 sua,
2943 2089 3032 2158 qui
3057 2100 3274 2160 propter
3308 2107 3549 2151 nostram
3580 2099 3703 2155 intir-

2136 2165 2374 2222 mitatem
2399 2169 2614 2226 humilis
2636 2171 2908 2243 judicatus
2933 2187 3055 2244 est;
3083 2188 3138 2234 et
3166 2180 3255 2236 ubi
3282 2197 3569 2255 cmperunt
3587 2191 3701 2244 tuba

2136 2256 2385 2313 caelestes
2416 2274 2706 2329 personare
2741 2264 2977 2335 judicem
3013 2279 3322 2339 venturum,
3357 2291 3518 2345 quem
3566 2280 3704 2346 prium

2134 2346 2375 2402 viderant
2396 2348 2713 2420 judicatum,
2737 2354 3032 2413 Conturbati
3055 2371 3170 2415 sunt
3184 2378 3358 2418 omnes
3381 2368 3474 2438 qui
3506 2369 3705 2425 uidebant

2134 2453 2236 2490 eos.
2282 2439 2525 2496 Exallato
2574 2443 2702 2511 Deo,
2731 2454 2788 2500 ut
2827 2447 2956 2512 dixi,
3010 2451 3297 2520 praedicata
3347 2455 3585 2527 Christo,
3627 2460 3704 2515 visi

2132 2540 2255 2582 sunt
2280 2529 2448 2585 Judaei
2479 2549 2507 2585 a
2534 2535 2853 2605 quibusdam
2881 2538 3102 2609 Judaeis,
3128 2544 3227 2599 visi
3272 2557 3400 2601 sunt
3423 2548 3705 2606 deﬁcientes

2132 2618 2619 2681 inscrntatimibus
2662 2630 2790 2684 suis.
2818 2630 3082 2689 Videbunt
3118 2637 3259 2690 enim
3290 2637 3370 2693 illi
3430 2640 3485 2694 in
3520 2643 3703 2697 nomine

2129 2714 2393 2782 crueilisi,
2421 2719 2649 2774 etoccisi
2693 2722 3081 2793 manibussuis,
3118 2724 3231 2781 ﬁeri
3253 2736 3403 2784 tanta
3446 2733 3700 2788 miracula:

2129 2818 2468 2863 recesserunt
2494 2811 2656 2867 corde
2672 2812 2740 2866 ab
2763 2814 2841 2869 eis
2881 2816 2971 2887 qui
3001 2833 3413 2887 permanserunt
3446 2824 3502 2879 in
3539 2825 3699 2895 impie-

2131 2904 2275 2962 tate;
2304 2898 2574 2969 diSplicuit
2599 2902 2677 2958 eis
2704 2903 2916 2959 illorum
2963 2906 3158 2964 duritia
3188 2929 3203 2976 ;
3237 2914 3567 2981 qua-sicrunt
3591 2933 3701 2973 con-

2127 2987 2303 3042 silium
2338 2990 2527 3046 salutis
2570 3007 2703 3061 sua),
2733 3005 2789 3051 et
2815 2996 3066 3054 dixerunt
3115 3003 3390 3072 Apostolis
3423 3025 3437 3061 :
3481 3007 3613 3076 Quid
3634 3013 3699 3081 [a—

2126 3081 2314 3137 ciemus
2342 3083 2367 3137 7
2391 3083 2686 3141 Conturbati
2704 3104 2832 3160 ergo
2869 3100 2988 3145 sunt
3013 3109 3184 3148 omnes
3226 3098 3315 3165 qui
3360 3100 3597 3154 uidebant
3635 3118 3701 3157 eos

2127 3172 2148 3247 (
2178 3173 2287 3228 Act.
2316 3191 2374 3242 ιι,
2400 3174 2570 3250 1-57)
2602 3196 2616 3232 :
2650 3178 2700 3234 id
2732 3189 2847 3246 est,
2904 3184 2993 3252 qui
3039 3185 3410 3257 intelligebant
3461 3194 3599 3263 quod
3623 3194 3701 3249 lin-

2124 3279 2242 3335 gua
2268 3280 2451 3322 eorum
2482 3268 2764 3325 inﬁrmata:
2803 3270 2929 3327 Sunt
2979 3290 3140 3347 super
3166 3293 3280 3345 eos,
3322 3282 3414 3351 qui
3467 3283 3691 3355 intellige

2121 3358 2252 3415 bant
2297 3360 2419 3431 quia
2465 3361 2516 3416 in
2566 3365 2815 3422 omnibus
2858 3366 2970 3423 suis
3012 3369 3167 3425 malis
3211 3376 3698 3441 perscrutationibus

2122 3451 2465 3507 consiliorum
2543 3454 2739 3526 ubique
2806 3456 3144 3517 defecerunt.
3209 3461 3531 3522 Conturbati
3598 3476 3697 3523 sunt

2121 3543 2230 3598 isti.

2193 3637 2282 3693 16.
2312 3636 2331 3711 [
2356 3654 2482 3693 vers.
2506 3639 2628 3713 10.]
2654 3640 2718 3695 Et
2741 3644 2906 3697 timuit
2942 3646 3103 3700 omnis
3131 3649 3300 3704 homo.
3351 3650 3454 3719 Qui
3504 3669 3603 3709 non
3642 3654 3696 3709 ti-

2118 3739 2387 3798 muerunt,
2412 3747 2510 3787 nec
2541 3732 2785 3789 homines
2829 3737 3063 3793 luerunt.
3098 3739 3284 3796 Timuit
3330 3748 3497 3801 omnis
3522 3749 3694 3803 homo:

2117 3822 2273 3877 idest
2302 3825 2477 3879 omnis
2512 3835 2665 3881 utens
2702 3831 2907 3885 ratione
2935 3830 3000 3885 ad
3033 3832 3369 3905 intelligenda
3415 3854 3539 3908 qua:
3576 3840 3688 3895 laets

2117 3922 2288 3968 erant.
2325 3914 2474 3971 Unde
2507 3917 2579 3971 illi
2616 3918 2706 3988 qui
2764 3935 2870 3975 non
2925 3922 3235 3991 timuerunt,
3289 3942 3481 3996 pecora
3536 3932 3689 4003 potius

2115 4006 2422 4061 nominandi
2463 4017 2606 4074 sunt,
2647 4009 2833 4066 bestia:
2888 4014 3066 4082 potius
3109 4015 3370 4074 immanes
3413 4029 3470 4076 et
3513 4032 3684 4078 truces.

2113 4093 2226 4150 Leo
2270 4098 2483 4166 rapiens
2512 4108 2566 4153 et
2595 4099 2831 4170 rugiens,
2880 4101 2969 4157 ille
3006 4103 3178 4160 adhuc
3206 4110 3455 4178 populus.
3488 4114 3555 4167 At
3581 4127 3685 4168 veno

2114 4188 2287 4242 omnis
2305 4188 2462 4243 homo
2493 4189 2708 4243 timuit:
2758 4189 2808 4245 id
2858 4203 2968 4258 est,
3017 4195 3105 4264 qui
3140 4196 3363 4254 credere
3404 4202 3679 4263 voluerunt.

2114 4280 2201 4346 qui
2249 4277 2505 4346 judicium
2562 4283 2849 4334 venturum
2907 4291 3364 4341 contremuerunt.
3416 4290 3481 4344 Et
3536 4288 3691 4345 timuit

2113 4369 2275 4422 onmis
2303 4370 2451 4424 homo
2478 4387 2498 4424 :
2523 4380 2567 4424 et
2613 4374 3037 4428 annuntiaverunt
3065 4392 3219 4448 Opera
3252 4378 3364 4434 Dei.
3396 4381 3489 4438 lllc
3514 4385 3593 4453 qui
3614 4383 3679 4437 di-

2112 4460 2286 4526 cebat,
2332 4462 2374 4514 Α
2417 4464 2594 4517 timore
2629 4466 2823 4519 inimici
2863 4482 2982 4522 erue
3021 4470 3244 4523 animum
3296 4490 3498 4542 meum,
3540 4476 3676 4530 timuit

2112 4553 2275 4607 omnis
2300 4554 2466 4607 homo.
2494 4557 2536 4609 A
2587 4557 2775 4612 timore
2827 4558 3025 4613 inimici
3055 4563 3346 4619 eruebatur
3389 4568 3482 4620 sed
3525 4567 3673 4621 timori

2112 4643 2205 4697 Dei
2234 4643 2578 4699 subdebatur.
2610 4645 2726 4701 Non
2777 4649 2996 4703 timebat
3024 4666 3137 4718 eos,
3170 4655 3257 4721 qui
3316 4669 3511 4725 Corpus
3545 4657 3663 4711 oeci.

2109 4734 2263 4800 dunt,
2291 4735 2384 4790 sed
2429 4752 2551 4790 cum
2595 4739 2683 4807 qui
2744 4747 3057 4809 potestatem
3112 4743 3288 4807 habet,
3319 4755 3375 4800 et
3427 4754 3669 4816 corpuset

2108 4826 2339 4880 animam
2386 4828 2598 4882 mittere
2629 4829 2679 4882 in
2722 4829 3058 4903 gehennam(
3091 4833 3354 4902 Muttinx,
3383 4837 3454 4893 38
3486 4844 3521 4906 ).
3550 4840 3665 4893 Puro

2108 4917 2421 4973 dicaverunt
2450 4920 2725 4973 Dominum
2763 4939 2775 4975 :
2824 4938 2945 4976 nam
2972 4925 3142 4994 primo
3192 4927 3385 4983 Petrus
3429 4933 3663 5001 litauiij

2107 5009 2378 5064 inimicum
2415 5011 2879 5076 timuit;nondum
2908 5023 3023 5068 erat
3051 5018 3223 5070 anima
3272 5021 3390 5088 ejus
3435 5032 3571 5074 eruta
3612 5020 3664 5069 ab

2107 5102 2343 5156 inimico.
2371 5103 2729 5173 Interrogatus
2758 5105 2825 5158 ab
2849 5107 3038 5161 ancilla
3075 5112 3215 5178 quod
3246 5112 3385 5166 inter
3409 5114 3659 5180 (ilSt'lpltit-~

2106 5195 2221 5262 ejus
2238 5202 2398 5260 esset,
2428 5195 2638 5264 negavit
2684 5194 2963 5250 Dominum
2996 5208 3075 5253 ter
3099 5199 3117 5268 (
3142 5198 3225 5253 ld.
3256 5217 3402 5267 xxvi,
3429 5206 3494 5257 tit)
3519 5212 3547 5273 ).
3575 5204 3651 5255 Rw

2105 5286 2334 5340 surrexit
2365 5285 2618 5340 Dominus
2641 5327 2655 5351 ,
2710 5287 2939 5341 lirmavit
2976 5290 3280 5345 columnam
3316 5294 3462 5361 :jam
3503 5295 3655 5348 l'cu-us

2104 5376 2354 5446 praedicat
2380 5376 2496 5430 sine
2537 5379 2747 5443 timore,
2805 5387 2860 5432 et
2902 5395 3021 5433 cum
3072 5382 3262 5438 timore
3293 5388 3446 5447 ;sine
3497 5387 3651 5437 timore

2103 5483 2287 5524 eorum
2328 5470 2415 5539 qui
2446 5485 2642 5540 corpus
2662 5471 2935 5539 occidunt,
2954 5488 3071 5527 cum
3103 5475 3293 5532 timore
3339 5479 3451 5548 ejus
3478 5479 3555 5547 qui
3574 5476 3645 5529 ha-

2101 5560 2191 5614 bet
2207 5570 2523 5630 potestatem
2549 5569 2603 5616 et
2627 5575 2822 5630 corpus
2849 5571 2902 5617 et
2924 5563 3153 5618 animam
3179 5568 3456 5623 occidendi
3495 5570 3539 5622 in
3572 5581 3645 5636 ge.-

2101 5649 2273 5706 benna
2302 5652 2459 5720 ignis.
2502 5649 2690 5705 Timuit
2738 5654 2900 5709 onmis
2947 5655 3096 5709 homo
3122 5672 3141 5711 :
3166 5666 3215 5711 et
3260 5662 3644 5715 anituntiarersnt

2101 5761 2254 5817 opera
2277 5742 2391 5799 Dei.
2415 5745 2653 5816 Namque
2680 5749 3056 5804 annuntiantcs
3081 5750 3211 5807 istos
3250 5752 3521 5823 Apostoles
3544 5762 3641 5819 ope-

2169 5881 2185 5913 ι
2222 5886 2297 5929 Er.
2321 5886 2373 5930 et
2392 5877 2574 5942 aliquot
2596 5887 2722 5938 uss.
2744 5881 2970 5934 versutia.
