3912 6424
700 236 712 271 ι

158 365 260 425 7ὺ9

1266 363 1663 426 ENAliRATIO
1700 369 1766 426 IN
1806 372 2129 432 PSALMUM
2171 378 2350 435 LXIII.

3338 394 3446 455 770

158 500 210 540 ra
256 483 368 544 Dei,
412 482 776 538 exhibuernnt
823 483 922 537 sihi
969 483 1234 553 principes
1284 484 1640 551 sacerdotum,
1689 496 1746 543 et
1853 488 2045 557 panis:
2076 496 3135 578 agnoscunteum(Lue.xxrv,16.46),
3166 505 3433 576 luctantur,

155 578 339 635 cummi
382 577 453 627 ati
485 585 613 629 sunt
649 573 887 629 dicentes
923 591 987 628 ne
1023 575 1077 628 in
1108 576 1307 630 nomine
1335 575 1462 631 Jesu
1491 577 1741 645 pradica-

156 682 274 722 rent.
310 667 373 720 Et
402 668 480 720 illi
502 667 737 720 dixerunt
766 682 783 719 :
808 665 971 721 Dicite
997 666 1138 722 nobis
1179 668 1260 721 cui
1302 670 1464 739 magis
1489 670 1742 739 obtempe-

152 778 257 814 rure
299 768 551 826 aperient.
614 756 737 818 Deo,
788 773 854 810 an
909 756 1190 812 hominibus
1219 757 1239 827 (
1263 758 1373 811 Act.
1398 774 1451 824 γ,
1478 758 1647 814 27-29
1672 758 1691 828 )
1716 760 1741 813 ?

150 856 275 923 Quid
319 854 389 906 illi
437 849 729 906 dicerent?
769 849 1085 904 Hominibus
1144 849 1320 919 potius
1375 865 1533 920 quam
1587 849 1733 904 Deo?

148 948 267 1005 Sine
293 945 456 999 dubio
501 960 607 998 non
666 943 1071 1012 responderent,
1123 942 1247 1009 nisi,
1298 942 1407 996 Deo
1429 943 1624 1011 potius.
1658 941 1736 996 Illi

146 1051 312 1093 autem
336 1036 582 1091 sciebant
610 1051 726 1103 qua:
751 1034 962 1102 juberet
1014 1033 1175 1098 Deus,
1204 1041 1256 1087 et
1302 1041 1739 1102 contempserunt

147 1135 401 1189 minantes
441 1128 772 1185 sacerdotes.
805 1126 937 1194 Quia
989 1139 1117 1195 ergo
1161 1125 1323 1178 timuit
1370 1125 1531 1179 omnis
1561 1124 1733 1189 homo,

144 1242 245 1280 non
277 1223 466 1277 terruit
517 1220 679 1274 homo
713 1236 727 1274 :
758 1228 805 1274 et
859 1218 1284 1272 aununtiaverunt
1328 1232 1484 1285 opera
1534 1214 1648 1268 Dei.
1676 1213 1734 1270 Si

147 1315 498 1378 timcthomo,
551 1326 658 1367 non
712 1317 910 1365 terreat
954 1308 1304 1363 homo:eum
1353 1306 1495 1362 enim
1544 1307 1734 1363 timere

142 1409 291 1464 debet
313 1405 496 1467 homo,
529 1419 561 1458 a
588 1419 694 1473 quo
716 1402 884 1456 factus
913 1409 994 1455 est
1014 1398 1199 1453 homo.
1233 1396 1384 1465 Quod
1441 1412 1599 1468 supra
1636 1396 1734 1454 ho-

144 1499 304 1554 mines
326 1507 407 1552 est
428 1495 580 1558 time,
610 1503 663 1548 et
689 1492 933 1547 homines
954 1500 1005 1546 te
1042 1506 1148 1545 non
1183 1490 1476 1546 terrebunt.
1506 1489 1729 1545 Mortem

142 1591 512 1662 sempiternam
548 1589 694 1650 time,
725 1597 780 1642 et
826 1593 1141 1654 praesentem
1202 1599 1307 1639 non
1360 1583 1594 1640 curabis.
1624 1583 1730 1639 Vo-

142 1685 385 1755 luptatem
432 1680 580 1734 illam
624 1678 1024 1745 incorruptam,
1078 1684 1132 1730 et
1183 1675 1416 1745 quietem
1461 1674 1579 1728 sine
1608 1673 1728 1730 labe

141 1776 568 1846 eoneupisce;et
626 1772 1021 1841 promittentem
1061 1768 1197 1824 dona
1244 1766 1723 1837 istavtemporalia,

140 1879 186 1926 ct
210 1877 371 1923 totum
425 1864 686 1920 mundum
741 1862 1028 1918 deridebis.
1079 1863 1209 1915 Ama
1260 1875 1407 1929 ergo,
1440 1868 1495 1914 et
1546 1859 1723 1914 time:

141 1975 249 2014 ama
275 1957 412 2029 quod
445 1955 709 2026 promittit
740 1954 899 2019 Deus,
925 1952 1052 2006 time
1084 1950 1223 2023 quod
1269 1951 1495 2005 minatur
1534 1949 1672 2003 Deus
1704 1963 1720 2012 ;

141 2047 607 2117 neccorrnmperis
634 2061 699 2100 ex
722 2060 789 2102 eo
821 2043 962 2112 quod
1011 2042 1288 2112 promittit,
1308 2056 1408 2095 nec
1438 2039 1723 2095 lerreberis

138 2159 195 2199 ex
223 2159 285 2198 eo
309 2139 449 2212 quod
499 2139 737 2192 minatur
786 2134 967 2190 homo.
999 2132 1067 2187 Et
1105 2132 1269 2185 timuit
1308 2132 1470 2186 omnis
1520 2131 1669 2185 homo
1701 2146 1717 2183 :

138 2235 614 2290 ctannuutiaverunt
636 2246 790 2297 opera
822 2227 933 2289 Dei,
963 2235 1011 2280 et
1041 2225 1176 2294 facta
1196 2225 1308 2293 ejus
1337 2224 1717 2277 intellexerunt.

137 2326 258 2396 Quid
286 2334 384 2385 est,
419 2328 559 2395 facta
613 2323 724 2391 ejus
772 2318 1123 2373 intellexerunt
1155 2316 1180 2369 ?
1210 2316 1318 2370 Hoc
1358 2324 1476 2370 erat
1510 2314 1655 2380 illud,
1686 2330 1720 2369 ο

138 2420 344 2474 Domine
372 2417 499 2472 Jesu
544 2413 781 2477 Christe,
811 2410 952 2482 quod
987 2409 1218 2472 tacebas,
1250 2418 1302 2463 et
1345 2409 1481 2463 siettt
1505 2408 1618 2461 uvis
1650 2406 1717 2462 ad

136 2511 389 2566 victimam
415 2505 722 2567 duceharis,
747 2511 798 2558 et
831 2518 934 2558 non
973 2500 1249 2570 aperiehas
1276 2514 1456 2554 coram
1483 2496 1716 2553 tonden-

137 2614 181 2660 te
198 2619 254 2660 οε
276 2614 437 2665 tuum,
470 2610 525 2657 et
544 2614 649 2656 nos
676 2608 723 2653 te
743 2596 1054 2668 putabamus
1073 2609 1191 2650 esse
1216 2593 1267 2646 in
1286 2593 1434 2662 plaga
1461 2599 1516 2646 et
1534 2591 1718 2648 dolore

136 2698 369 2767 positum,
425 2704 479 2750 et
529 2682 792 2748 scicntem
846 2691 982 2745 ferre
1030 2686 1439 2742 inﬁrmitatem?
1478 2685 1715 2741 Hoceine

136 2801 237 2846 erat
254 2790 388 2861 quod
417 2786 791 2843 abscondebas
808 2784 1038 2853 speciem
1071 2792 1238 2848 tuam,
1265 2780 1511 2851 speciose
1539 2779 1714 2832 forma

136 2897 232 2951 pra:
280 2881 397 2936 [iliis
445 2876 764 2949 hominuml
788 2875 934 2930 Psal.
987 2889 1129 2940 xuv,
1160 2871 1554 2940 '5)?lioecine
1599 2878 1711 2925 erat

137 2971 272 3038 illud,
295 2972 430 3042 quod
462 2969 732 3024 videbaris
754 2985 858 3023 non
906 2966 1102 3021 habere
1145 2964 1381 3036 speciem
1417 2978 1592 3033 neque
1612 2962 1711 3017 de—

135 3081 297 3122 corem
319 3065 337 3137 (
363 3065 489 3121 Iani.
523 3080 635 3126 un,
664 3062 765 3117 2-7
792 3060 1126 3132 )?Portabas
1157 3058 1211 3113 in
1237 3072 1394 3113 cruce
1444 3054 1713 3112 insultan-

135 3165 204 3213 tes
226 3167 277 3212 et
293 3158 527 3214 dicentes
562 3175 577 3211 :
632 3155 693 3210 Si
734 3153 900 3208 Filius
929 3152 1021 3206 Dei
1045 3160 1137 3218 cst,
1184 3147 1453 3205 descendat
1478 3147 1541 3203 de
1567 3163 1715 3202 cruce

134 3248 344 3320 (Matth.
394 3265 560 3311 xxvu,
615 3245 746 3317 40).
801 3244 930 3315 Quis
994 3242 1132 3298 forte
1174 3242 1350 3297 sciens
1388 3246 1711 3311 potestatem

134 3348 260 3396 tuam
282 3355 463 3397 servus
491 3349 639 3403 tuus,
670 3346 722 3394 et
762 3337 988 3393 dilectus
1035 3344 1177 3400 tuus,
1230 3348 1338 3389 non
1391 3332 1712 3390 exclamavit

135 3433 179 3486 in
203 3432 354 3489 corde
379 3449 497 3497 suo,
520 3443 577 3488 et
605 3431 736 3485 dixit
761 3428 843 3486 :0
863 3429 907 3485 si
937 3426 1096 3483 modo
1141 3426 1519 3492 descenderet,
1544 3434 1598 3481 et
1616 3424 1706 3479 isti

133 3536 302 3580 omnes
336 3525 426 3593 qui
471 3522 733 3579 insultant
764 3518 1258 3577 confunderentur?
1287 3517 1392 3574 Sed
1441 3533 1549 3572 non
1592 3524 1711 3573 erat

133 3616 201 3672 sic
226 3635 238 3670 :
266 3616 604 3673 moriendum
631 3623 747 3672 erat
794 3623 1011 3685 propter
1070 3611 1382 3676 morituros,
1431 3619 1487 3665 et
1536 3625 1710 3665 resur-

133 3710 340 3778 gendum
366 3720 587 3781 propter
638 3723 850 3778 semper
897 3706 1152 3762 victuros.
1187 3703 1298 3757 lloc
1333 3702 1403 3757 illi
1440 3701 1528 3771 qui
1560 3702 1707 3756 vole-

134 3799 246 3855 bant
267 3802 409 3857 illum
437 3802 504 3858 de
526 3815 693 3857 cruce
708 3798 1052 3858 descendere,
1078 3812 1182 3850 non
1213 3793 1580 3863 intelligebant
1612 3811 1627 3859 ;
1651 3802 1706 3847 at

135 3892 209 3947 ubi
238 3895 542 3960 resurrexit,
574 3904 632 3949 et
658 3892 983 3963 glorincatus
1010 3886 1253 3942 ascendit
1290 3885 1342 3939 in
1369 3885 1587 3950 coitum,
1615 3883 1704 3938 in-

136 3984 433 4042 tellexerunt
457 4000 626 4057 opera
659 3980 887 4038 Domini.
918 3978 1355 4035 Annuntiavcruut
1399 3992 1554 4048 opera
1586 3974 1701 4044 Dei,

134 4086 172 4130 tt
195 4080 320 4147 facta
340 4082 450 4152 ejus
471 4077 845 4133 intelleterunt.

199 4170 275 4225 i7.
307 4169 467 4245 [vers.
498 4167 628 4242 11.]
654 4166 929 4223 Ltetabitur
960 4165 1135 4236 justus
1187 4161 1242 4217 in
1294 4159 1535 4216 Domino.
1583 4159 1701 4214 Jam

136 4276 228 4316 non
253 4271 333 4318 est
353 4264 520 4319 tristis
568 4261 763 4331 justus.
820 4258 1025 4313 Tristes
1062 4255 1204 4310 enim
1257 4262 1410 4309 erant
1456 4251 1704 4321 discipuli

137 4354 365 4411 cruciﬁxo
381 4356 639 4413 Domino:
660 4349 978 4413 contristati,
995 4356 1284 4403 mmrentes
1301 4345 1663 4400 discesserunt
1686 4360 1702 4409 ;

137 4448 409 4514 perdidisse
452 4466 514 4506 se
555 4462 708 4517 spem
760 4448 1094 4514 putaverunt.
1153 4437 1464 4494 Resurrexit
1500 4435 1703 4502 ;etiam

138 4552 378 4608 apparens
403 4538 821 4598 tristesinvenit.
844 4535 1037 4592 Tenuit
1066 4533 1249 4589 oculos
1281 4531 1505 4587 duorum
1537 4529 1591 4585 in
1616 4528 1703 4584 via

138 4633 520 4702 amhulantium,
554 4649 624 4689 ne
647 4631 717 4685 ah
746 4631 824 4686 eis
865 4635 1264 4699 agnosceretur,
1295 4634 1350 4680 et
1383 4623 1586 4680 invenit
1610 4638 1704 4679 eos

141 4735 390 4789 gementes
415 4737 467 4782 et
495 4725 827 4797 suspirantes
848 4737 863 4786 ;
884 4729 940 4775 et
970 4719 1137 4774 tenuit
1161 4732 1255 4773 eos
1281 4716 1453 4772 donec
1471 4730 1706 4786 expone-

142 4823 211 4870 ret
253 4817 568 4891 Scripturas,
622 4825 678 4874 et
716 4831 811 4886 per
853 4813 997 4883 ipsas
1049 4810 1356 4880 Scripturas
1396 4808 1706 4864 ostenderet

142 4908 249 4976 quia
271 4911 338 4964 ita
389 4912 502 4967 fieri
547 4908 827 4981 oportebat
871 4905 1010 4961 sicut
1081 4903 1272 4957 factum
1308 4908 1412 4957 est.
1459 4899 1705 4955 Ostendit

143 4998 267 5053 enim
297 5002 346 5055 in
367 5002 676 5073 Scripturis,
708 4999 830 5070 quia
851 5003 973 5067 post
1007 4995 1221 5050 tertium
1253 4991 1396 5047 diem
1420 5006 1705 5062 resurgere

146 5094 402 5157 oportebat
430 5094 734 5149 Dominum.
754 5090 822 5145 Et
846 5084 1113 5161 quomodo
1151 5086 1309 5140 tertio
1337 5084 1424 5140 die
1456 5098 1703 5155 resurge-

148 5191 235 5246 ret,
273 5185 396 5243 side
418 5202 576 5241 cruce
624 5181 1013 5241 descenderet?
1042 5178 1195 5234 Modo
1247 5194 1340 5232 vos
1382 5177 1470 5247 qui
1524 5178 1705 5234 tristes

147 5273 260 5326 estis
281 5275 331 5329 in
370 5277 467 5343 via,
500 5276 547 5332 si
577 5274 777 5332 Judmis
823 5271 1196 5329 insultantibus
1244 5268 1492 5323 videretis
1519 5267 1701 5323 Domi-

149 5376 259 5418 num
296 5365 361 5420 dc
406 5383 565 5424 cruce
609 5365 984 5431 descendisse,
1030 5370 1284 5432 quantum
1336 5359 1703 5416 eﬂ‘erreniini?

149 5449 619 5530 Laetare-mihiquod
644 5476 737 5515 ora
763 5457 1069 5513 Iudaeorum
1121 5456 1199 5510 sic
1243 5455 1562 5509 ohturasset.
1597 5453 1705 5508 Ex-

150 5554 362 5609 spectate
375 5552 653 5608 Consilium
680 5549 869 5605 medici
895 5566 908 5601 :
936 5547 1076 5618 quod
1107 5564 1210 5599 nun
1232 5543 1527 5608 descendit,
1559 5544 1700 5614 quod

148 5637 296 5693 Occidi
324 5643 466 5712 vult,
509 5644 804 5701 antidotum
863 5642 1003 5695 terit.
1050 5640 1185 5694 Ecce
1225 5638 1335 5707 jam
1389 5637 1699 5703 resurrexit,

149 5738 261 5784 ecce
288 5731 391 5801 jam
439 5735 704 5808 loquitur:
740 5732 974 5791 nondum
1031 5731 1337 5803 agnoscitur
1366 5770 1381 5794 ,
1430 5737 1489 5785 ut
1531 5728 1703 5785 lanius

147 5826 455 5887 δεηοεωιατ.
495 5824 691 5887 Postea
714 5823 922 5899 aperuit
944 5824 1128 5880 oculos
1145 5837 1330 5880 eorum
1360 5821 1413 5876 in
1442 5820 1702 5880 lractione

1849 581 2164 637 exclamant.
2221 585 2498 643 Laetabitur
2526 592 2700 661 justus
2756 593 2811 647 in
2855 593 3098 656 Domino.
3144 597 3429 655 Nuntiatur

1849 670 2057 726 cuidam
2078 672 2302 743 duriori,
2343 677 2501 735 Visus
2550 690 2634 737 est
2679 683 2955 753 Dominus,
2994 691 3287 746 resurrexit
3332 693 3441 746 Do-

1849 759 2027 814 minus
2061 779 2074 815 :
2107 764 2278 821 adhuc
2317 767 2405 825 ille
2431 770 2596 827 tristis
2615 756 2717 839 est,
2740 791 2846 831 non
2862 777 3049 851 credit.
3076 778 3195 835 Nisi
3232 783 3434 853 misero,

1848 847 2034 920 inquit,
2054 871 2258 910 umnam
2287 875 2467 925 meam,
2517 874 2563 916 et
2597 864 2801 935 tetigero
2844 868 3099 924 cicatrices
3150 873 3433 940 clavorum,

1846 956 1945 993 non
1965 943 2483 1006 credam.Pra:betur
2526 965 2581 1008 et
2625 969 2819 1025 corpus
2880 960 3219 1030 tangendum,
3275 967 3438 1022 mittit

1844 1047 2081 1100 manum,
2109 1046 2423 1104 contrectat,
2458 1045 2739 1108 exclamat,
2774 1047 3020 1105 Dominus
3048 1068 3188 1108 meus
3229 1065 3275 1109 et
3302 1056 3435 1113 Deus

1843 1126 2026 1181 meus!
2076 1128 2350 1186 Lretabitur
2371 1135 2545 1204 justus
2581 1138 2635 1192 in
2678 1139 2917 1197 Domino.
2965 1143 3043 1203 Illi
3091 1163 3220 1219 ergo
3271 1149 3432 1206 ltelati

1841 1218 2105 1287 suntjusti
2133 1222 2182 1277 in
2211 1224 2457 1291 Domino,
2486 1229 2575 1298 qui
2601 1230 2868 1299 viderunt,
2896 1236 3202 1306 tetigerunt,
3231 1248 3289 1296 et
3310 1258 3428 1296 cre-

1840 1306 2127 1366 diderunt:
2158 1313 2281 1383 quid
2308 1315 2436 1385 justi
2468 1319 2556 1389 qui
2604 1321 2762 1377 modo
2790 1332 2916 1379 sunt
2946 1328 2986 1392 ²,
3036 1328 3155 1398 quia
3203 1347 3306 1385 non
3349 1334 3430 1386 vi-

1839 1398 2004 1467 dent,
2037 1406 2160 1473 quia
2201 1422 2306 1461 non
2370 1418 2607 1480 tangunt,
2641 1428 2746 1469 non
2782 1415 3031 1473 lzetantur
3073 1419 3125 1475 iu
3154 1420 3378 1477 Domino
3407 1424 3431 1476 ?

1837 1490 1906 1545 Et
1930 1493 2018 1549 ubi
2046 1504 2125 1549 est
2156 1496 2241 1550 illa
2271 1513 2372 1553 vox
2401 1502 2608 1556 Domini
2650 1504 2717 1559 ad
2770 1506 2941 1576 ipsum
2972 1507 3265 1565 Thomam:
3295 1511 3430 1577 Quia

1834 1582 2004 1637 vidisti
2021 1602 2116 1649 me,
2145 1588 2407 1645 credidisti
2428 1607 2446 1646 :
2490 1591 2621 1647 beati
2646 1595 2735 1665 qui
2759 1613 2859 1650 non
2894 1599 3144 1666 viderunt,
3174 1611 3221 1656 et
3267 1604 3429 1658 credi-

1834 1674 2055 1747 derunt(
2082 1678 2238 1735 .loau.
2268 1697 2365 1749 xx,
2410 1683 2498 1739 25~
2515 1685 2584 1740 29
2612 1684 2631 1756 )
2661 1687 2686 1740 ?
2718 1688 2855 1758 Ergo
2884 1706 3072 1747 omnes
3104 1692 3344 1749 laetemur
3373 1696 3425 1751 in

1835 1765 2059 1823 Domino
2087 1785 2101 1834 ;
2135 1786 2321 1826 omnes
2349 1776 2643 1831 secundum
2688 1777 2845 1833 ﬁdem
2875 1796 3010 1835 unus
3029 1781 3206 1851 justus
3235 1785 3421 1854 simus,

1830 1872 2123 1930 omnesque
2146 1862 2195 1915 in
2230 1880 2334 1918 uno
2355 1881 2578 1935 corpore
2630 1885 2791 1924 unum
2842 1882 3011 1941 caput
3034 1872 3341 1942 habeamus,
3370 1884 3426 1933 et

1829 1951 2074 2009 lmtemur
2102 1956 2153 2009 in
2182 1956 2428 2023 Domino,
2453 1976 2557 2016 non
2604 1961 2657 2017 in
2704 1964 2890 2028 nobis;
2922 1966 3043 2036 quia
3083 1967 3279 2022 bonum
3321 1986 3422 2024 no-

1827 2052 1994 2099 strum
2023 2063 2126 2101 non
2156 2064 2253 2103 nos
2294 2051 2466 2114 nobis,
2526 2053 2617 2108 sed
2664 2055 2750 2110 ille
2774 2057 2860 2126 qui
2892 2057 3016 2113 fecit
3045 2074 3160 2113 nos.
3200 2059 3314 2131 lpsc
3338 2069 3423 2117 est

1826 2133 2023 2191 bonum
2060 2148 2296 2194 nostrum
2327 2141 2391 2196 ad
2426 2143 2768 2202 laetiﬁcandos
2794 2163 2910 2203 nos.
2945 2148 3008 2203 Et
3037 2165 3194 2205 nemo
3212 2151 3421 2208 lmtetur

1828 2227 1879 2281 in
1910 2244 1988 2293 se,
2023 2246 2182 2285 nemo
2211 2245 2517 2301 prmsumat,
2555 2252 2711 2292 uenio
2753 2237 3002 2309 desperet
3046 2242 3115 2297 de
3146 2257 3225 2307 se,
3259 2260 3417 2300 nemo

1825 2319 1893 2374 de
1919 2336 2184 2394 quoquam
2219 2324 2450 2389 homine,
2472 2342 2629 2397 quem
2658 2329 2816 2386 debet
2860 2331 3128 2389 adducere
3152 2343 3208 2390 ut
3234 2337 3413 2392 socius

1823 2411 1892 2467 sit
1920 2414 2031 2483 Spei
2067 2415 2249 2484 ipsius.
2304 2433 2407 2472 non
2431 2418 2586 2474 dator
2603 2422 2738 2489 spei.

1898 2503 1983 2558 18.
2019 2503 2293 2561 Lwtabitur
2307 2508 2480 2579 justus
2508 2510 2561 2564 in
2583 2509 2802 2567 Domino
2819 2554 2834 2578 ,
2862 2523 2910 2569 et
2933 2515 3152 2585 sperabit
3175 2517 3228 2572 in
3253 2534 3364 2572 eum
3395 2535 3418 2585 ;

1822 2603 1869 2649 ct
1914 2595 2260 2651 laudabuntur
2305 2613 2475 2655 omnes
2501 2602 2586 2668 qui
2624 2604 2746 2658 recti
2788 2614 2903 2659 sunt
2944 2607 3113 2661 corde.
3143 2606 3259 2663 Jam
3290 2609 3415 2680 quia

1823 2685 2080 2742 Dominus
2124 2693 2457 2757 resurrexit,
2481 2692 2591 2763 jam
2634 2694 2755 2765 quia
2798 2697 3041 2752 ascendit
3090 2698 3144 2753 in
3173 2700 3408 2766 coelum,

1816 2774 1928 2845 jam
1957 2777 2078 2848 quia
2105 2780 2340 2835 ostendit
2378 2796 2499 2837 esse
2526 2783 2684 2839 aliam
2713 2785 2907 2852 vitam,
2938 2786 3047 2858 jam
3079 2789 3202 2859 quia
3233 2790 3409 2846 mani-

1819 2868 2013 2925 festum
2040 2881 2121 2927 est
2149 2874 2371 2929 consilia
2411 2875 2528 2944 ejus
2561 2877 2754 2947 quibus
2789 2879 2941 2934 latuit
2961 2881 3124 2937 corde
3145 2882 3257 2939 alto
3300 2899 3409 2939 non

1822 2961 1985 3019 fuisse
2016 2963 2215 3032 inania,
2242 2965 2363 3036 quia
2392 2965 2512 3022 ideo
2535 2968 2751 3039 sanguis
2787 2969 2878 3025 ille
2907 2969 3056 3026 fusus
3076 2981 3159 3028 est
3182 2983 3239 3028 ut
3266 2981 3410 3030 esset

1819 3056 2048 3124 pretium
2088 3057 2519 3128 redemptorum;
2541 3059 2650 3131 jam
2680 3062 2802 3133 quia
2828 3064 3106 3120 manifesta
3136 3076 3262 3122 sunt
3285 3082 3408 3123 om-

1818 3147 1905 3202 nia
1927 3189 1942 3212 ,
1971 3148 2091 3218 quia
2133 3150 2419 3219 prardicata
2443 3153 2464 3184 ¹
2489 3162 2614 3208 sunt
2640 3154 2820 3210 omnia
2848 3197 2864 3223 ,
2892 3155 3015 3228 quia
3044 3157 3243 3218 credita
3282 3168 3408 3216 sunt

1817 3239 2016 3305 omnia,
2040 3239 2141 3296 sub
2165 3242 2311 3298 omni
2350 3243 2490 3299 etelo
2527 3245 2783 3301 laetabitur
2806 3248 2982 3319 justus
3006 3249 3057 3305 in
3078 3247 3327 3316 Domino,
3355 3261 3406 3308 et

1814 3329 2037 3400 sperabit
2064 3331 2117 3385 in
2155 3348 2269 3386 eum
2289 3342 2378 3399 ,°et
2426 3334 2768 3391 laudabuntur
2805 3354 2978 3394 omnes
3017 3340 3105 3410 qui
3130 3342 3252 3396 recti
3286 3351 3404 3397 sunt

1813 3422 1984 3476 corde.
2017 3422 2116 3490 Qui
2144 3434 2268 3479 sunt
2293 3427 2425 3482 recti
2451 3426 2614 3484 corde
2636 3427 2661 3482 ’ἓ
2681 3427 2774 3485 Eia
2807 3430 3000 3488 fratres
3028 3436 3156 3501 mei,
3185 3450 3404 3507 semper

1814 3511 2040 3569 dicimus
2065 3557 2080 3582 ,
2110 3522 2164 3570 et
2190 3515 2387 3572 bonum
2423 3528 2506 3574 est
2535 3528 2593 3573 ut
2627 3522 2902 3578 noveritis.
2953 3522 3053 3591 Qui
3094 3535 3219 3581 sunt
3262 3525 3398 3582 recti

1812 3608 2014 3663 corde?
2040 3608 2139 3677 Qui
2169 3610 2349 3665 omnia
2378 3627 2727 3684 quaecumque
2753 3614 2807 3668 in
2834 3614 2934 3671 hac
2960 3616 3063 3671 vita
3092 3618 3363 3686 patiuntur
3380 3658 3399 3686 ,

1812 3716 1919 3754 non
1942 3717 2004 3756 ea
2028 3702 2263 3758 tribuunt
2295 3703 2648 3773 insipientire,
2680 3705 2775 3761 sed
2818 3708 3044 3763 consilio
3078 3709 3168 3764 Dei
3189 3711 3254 3765 ad
3278 3726 3397 3767 me-

1813 3791 2042 3848 dicinam
2085 3808 2277 3860 suam;
2306 3811 2406 3851 nec
2448 3806 2775 3866 prmsumunt
2819 3798 2887 3853 de
2925 3799 3132 3869 justitia
3171 3818 3299 3868 sua,
3339 3813 3400 3861 ut

1811 3894 1999 3954 putent
2024 3900 2083 3940 se
2113 3884 2307 3955 injuste
2349 3887 2455 3957 pati
2484 3887 2626 3958 quod
2674 3890 2945 3958 patiuntur
2966 3933 2978 3953 ,
3008 3901 3102 3947 aut
3132 3893 3249 3949 ideo
3277 3910 3397 3953 esse

1814 3974 1981 4031 Deum
2005 3975 2281 4044 iniustum,
2309 3978 2429 4047 quia
2461 3994 2567 4033 non
2594 3978 2743 4049 plura
2776 3982 2971 4049 patitur
3002 3982 3088 4050 qui
3122 3983 3239 4053 plus
3269 4000 3392 4053 pec-

1808 4077 1915 4123 cat.
1950 4065 2157 4134 V‘idete,
2192 4069 2411 4136 fratres;
2442 4071 2557 4127 haec
2582 4086 2726 4142 sape
2746 4071 2993 4128 dicimus.
3024 4073 3239 4144 Aliquid
3266 4090 3394 4130 sen-

1808 4161 1898 4225 tis,
1924 4160 2036 4215 sive
2060 4161 2349 4216 secundum
2368 4177 2582 4233 corpus,
2601 4163 2715 4219 sive
2741 4164 3029 4221 secundum
3053 4166 3387 4235 dispendium

1809 4252 1888 4307 rei
1922 4251 2230 4317 familiaris,
2261 4239 2388 4309 sive.
2410 4270 2506 4325 per
2543 4255 2825 4312 orbitatem
2864 4257 3091 4329 aliquam
3128 4259 3387 4315 charissi-

1808 4358 2017 4398 mornm
2058 4352 2272 4400 tuorum
2306 4346 2451 4400 :noli
2498 4346 2766 4415 respicere
2793 4362 2887 4402 eos
2924 4364 3058 4418 quos
3103 4349 3238 4405 nosti
3287 4349 3391 4404 ini-

1808 4438 2023 4509 quiores
2050 4448 2100 4493 te
2130 4437 2272 4511 (non
2302 4439 2445 4495 enim
2486 4437 2622 4495 forte
2645 4439 2810 4495 audes
2850 4439 3029 4497 dicere
3066 4442 3267 4511 justum
3302 4453 3352 4497 te
3374 4484 3392 4508 ,

1807 4528 1902 4585 sed
1943 4530 2081 4584 nosti
2111 4531 2321 4598 pejores
2343 4527 2437 4601 te),
2466 4538 2521 4584 et
2546 4530 2737 4585 llorcre
2771 4530 2823 4584 in
2853 4530 2986 4597 istis,
3014 4539 3191 4585 etnon
3215 4532 3396 4602 ﬂagel-

1807 4620 1945 4687 lari;
1996 4628 2053 4676 ut
2077 4620 2353 4689 displiceat
2393 4619 2486 4674 tibi
2512 4621 2792 4676 consilium
2826 4622 2915 4677 Dei
2947 4630 3000 4676 et
3035 4620 3220 4678 dicas:
3256 4622 3396 4677 Ecce

1809 4724 1934 4785 puta
1969 4724 2217 4784 peccator
2237 4728 2353 4768 sum
2374 4755 2389 4779 ,
2418 4725 2473 4769 et
2503 4724 2779 4785 prepterea
2817 4714 3092 4786 ﬂagellor;
3120 4732 3285 4788 quare
3308 4717 3397 4772 ille

1809 4825 1914 4864 non
1954 4806 2254 4879 ﬂagellatur
2278 4847 2294 4873 ,
2320 4806 2472 4876 cujus
2503 4808 2624 4860 novi
2658 4817 2799 4861 tanta
2831 4808 3067 4878 ﬂagitia?
3097 4808 3393 4876 Quantum-

1808 4915 2037 4970 cumque
2067 4900 2190 4954 mali
2235 4900 2451 4954 fecerim
2480 4914 2611 4970 ego,
2641 4900 2895 4969 numquid
2922 4917 3022 4972 ego
3053 4911 3253 4956 tantum
3296 4901 3394 4965 feci

1807 5000 2067 5061 quantum
2099 4990 2233 5045 ille?
2266 4990 2555 5045 Distortum
2599 5000 2681 5045 est
2709 5006 2803 5046 cor
2840 4999 3009 5047 tuum.
3034 4993 3201 5061 Quam
3227 4994 3397 5053 iunius

1811 5082 1951 5139 Deus
1996 5081 2199 5148 Israel;
2229 5082 2323 5137 sed
2364 5082 2524 5137 rectis
2568 5082 2730 5137 Corde
2769 5083 2782 5136 Ι
2815 5083 2913 5138 Tui
2948 5094 3122 5138 autem
3148 5083 3397 5138 labuntur

1809 5172 1994 5243 pedes,
2023 5172 2145 5243 quia
2170 5172 2309 5227 zelus
2349 5173 2401 5228 in
2444 5182 2751 5241 peccatores
2778 5214 2792 5235 ,
2825 5190 3006 5245 pacem
3053 5186 3393 5242 peceatorum

1810 5267 2022 5323 intuens
2066 5264 2236 5337 (Psal.
2266 5282 2406 5322 Lxxn
2430 5308 2447 5333 ,
2482 5267 2620 5337 1-5).
2651 5267 2777 5322 Sine
2821 5283 3046 5332 curare;
3081 5268 3229 5321 novit
3268 5268 3394 5335 quid

1808 5369 1947 5430 agat,
1992 5359 2080 5430 qui
2113 5359 2304 5413 vulnus
2351 5359 2517 5413 novit.
2558 5358 2672 5415 Non
2702 5367 2914 5414 secatur
2952 5359 3109 5415 alius.
3157 5358 3316 5427 Quid,
3348 5360 3394 5417 si

1808 5450 2161 5520 desperatur?
2186 5449 2306 5517 quid
2341 5450 2383 5503 si
2434 5461 2713 5519 propterea
2749 5460 2801 5505 tu
2844 5450 3083 5518 secaris,
3113 5452 3235 5523 quia
3284 5467 3394 5511 non

1808 5543 2145 5612 desperaris?
2176 5543 2360 5598 Patere
2403 5559 2530 5613 ergo
2568 5543 2818 5612 quidquid
2860 5546 3057 5612 pateris
3094 5554 3244 5601 recto
3272 5561 3393 5601 cor-

1809 5633 1917 5690 de:
1951 5635 2097 5689 novit
2124 5635 2262 5689 Deus
2293 5635 2417 5704 quid
2462 5635 2553 5688 tibi
2581 5634 2778 5700 donet,
2809 5635 2934 5706 quid
2974 5636 3067 5692 tibi
3092 5636 3391 5694 subtrahat.

1873 5773 1889 5804 ¹
1926 5769 2148 5835 Plerique
2170 5777 2307 5835 Mss,
2322 5768 2569 5835 quinde
2588 5782 2688 5821 esse
2711 5768 2958 5823 voluerint.

1874 5836 1895 5865 ³
1931 5830 2117 5896 aliquot
2127 5841 2256 5891 Mss,
2276 5830 2528 5894 pradicla.
