3912 6444
529 315 630 373 771

521 428 673 499 Quod
714 426 805 482 tibi
852 425 1051 487 donat,
1083 420 1150 477 ad
1190 416 1608 474 consolationem
1653 410 1861 474 valeat,
1896 423 2000 461 non
2036 405 2104 460 ad

521 521 952 590 corruptionem;
983 524 1035 569 et
1062 510 1202 582 quod
1228 509 1317 563 tibi
1346 504 1644 567 subtrahit,
1675 501 1739 556 ad
1770 499 2105 555 tolerantiam

522 613 713 678 valeat,
746 626 847 663 non
887 607 951 659 ad
981 602 1386 673 blasphemiam.
1433 596 1487 652 Si
1525 605 1701 650 autem
1730 593 2103 660 blasphemas,

521 718 574 761 ct
600 706 836 774 displicet
865 701 956 755 tibi
988 703 1143 763 Deus,
1172 705 1297 751 ettu
1323 693 1412 747 tibi
1438 691 1651 763 places;
1675 699 1925 756 perverso
1946 681 2108 738 corde

521 812 574 855 et
602 800 825 853 distorto
847 811 903 849 cs
930 812 942 845 :
973 802 1027 847 et
1065 791 1166 845 hoc
1211 789 1362 860 pejus
1386 828 1399 850 ,
1432 785 1553 856 quia
1586 798 1681 837 cor
1709 780 1800 835 Dei
1829 780 1906 833 \‘ls
1933 775 2105 832 corri-

522 907 647 962 gere
676 889 739 943 ad
771 904 863 943 cor
895 897 1063 951 tuum,
1087 893 1146 937 ut
1168 884 1267 936 boc
1298 880 1385 933 ille
1414 877 1572 932 faciat
1592 873 1730 945 quod
1755 882 1807 926 tu
1838 871 1955 935 vis;
1986 883 2106 923 cum

525 960 579 1037 tu
606 982 801 1036 debeas
847 978 1021 1033 facere
1062 974 1202 1045 quod
1234 972 1324 1026 ille
1351 969 1480 1024 vult.
1510 966 1645 1036 Quid
1683 963 1849 1035 ergo?
1880 963 1967 1016 Vis
2011 960 2107 1015 de-

528 1086 774 1146 torquere
802 1088 893 1126 cor
924 1070 1037 1135 Dei,
1068 1067 1208 1138 quod
1258 1080 1470 1134 semper
1500 1071 1701 1116 rectum
1731 1067 1814 1114 est
1837 1100 1850 1121 ,
1874 1057 1939 1111 ad
1984 1070 2107 1125 pra-

524 1168 738 1221 vitatem
780 1162 958 1218 cordis
996 1160 1112 1215 tui?
1140 1159 1348 1227 Quanto
1389 1154 1582 1208 melius
1628 1150 1694 1205 ad
1736 1148 2108 1204 rectitudinem

527 1262 616 1316 Dei
655 1259 877 1328 corrigis
903 1273 994 1311 cor
1017 1254 1202 1309 tuum?
1228 1251 1413 1306 Nonne
1444 1248 1547 1303 hoc
1570 1256 1620 1301 te
1651 1244 1834 1300 docuit
1857 1242 2109 1296 Dominus

526 1364 681 1417 tuus,
715 1350 782 1405 de
825 1348 975 1417 cujus
1011 1346 1259 1416 passione
1297 1341 1455 1396 modo
1498 1335 1885 1408 loquebamur?
1924 1332 2111 1387 Nonne

527 1442 890 1499 inlirmilatem
920 1450 1059 1495 tuam
1090 1436 1331 1507 portabat
1354 1476 1368 1498 ,
1391 1431 1604 1509 quando
1628 1429 1761 1487 dixit
1785 1448 1796 1482 :
1822 1425 2005 1481 Tristis
2036 1433 2110 1479 est

528 1535 698 1587 anima
742 1549 852 1584 mea
895 1547 1051 1603 usque
1088 1528 1155 1581 ad
1197 1525 1445 1580 mortem?
1477 1523 1663 1577 Nonne
1704 1519 1930 1589 teipsum
1973 1519 2023 1573 in
2053 1533 2111 1571 se

530 1624 806 1694 ﬁgurabat,
837 1636 955 1674 cum
981 1618 1186 1673 dicebat
1215 1634 1229 1671 :
1261 1614 1437 1678 Pater,
1469 1614 1513 1668 si
1538 1612 1648 1681 ﬁeri
1672 1617 1862 1681 potest,
1890 1615 2111 1662 transeat

529 1736 558 1771 a
590 1734 667 1770 ine
696 1716 830 1768 calix
854 1715 989 1767 iste?
1016 1711 1129 1766 Non
1155 1711 1296 1764 enim
1329 1708 1434 1762 duo
1460 1706 1621 1761 corda
1664 1711 1717 1759 et
1737 1703 1942 1757 diversa
1970 1742 1984 1768 ,
2010 1701 2111 1757 Pa-

530 1811 645 1875 tris,
668 1818 719 1862 ct
748 1807 860 1861 Filii
890 1823 904 1869 ;
931 1804 1023 1860 sed
1051 1805 1102 1859 in
1133 1802 1298 1857 forma
1324 1800 1462 1855 servi
1490 1798 1719 1877 portavit
1745 1813 1833 1851 eor
1865 1806 2031 1859 tuum,
2057 1803 2114 1847 ut

531 1902 747 1956 doceret
786 1895 1188 1965 illud'exetuplo
1228 1910 1346 1947 suo.
1380 1891 1496 1946 Iam
1526 1905 1650 1944 ecce
1682 1887 1831 1959 quasi
1856 1885 1996 1940 aliud
2020 1899 2113 1939 cor

533 2004 677 2049 tuum
704 1991 905 2047 invenit
930 1988 1223 2054 tribulatio,
1254 1986 1440 2041 volens
1468 1985 1484 2015 ¹
1519 1982 1741 2041 transire
1767 1980 1907 2052 quod
1936 1980 2113 2035 itumi-

532 2089 731 2145 uebat:
775 2085 868 2140 sed
921 2084 1087 2138 uoluit
1135 2081 1297 2137 Deus.
1326 2079 1441 2134 Non
1488 2075 1751 2135 consentit
1786 2076 1924 2129 Deus
1962 2071 2115 2129 cordi

536 2190 658 2244 tuo;
685 2177 925 2233 conseuti
961 2186 1014 2228 tu
1045 2173 1191 2229 cordi
1224 2172 1336 2227 Dei.
1382 2169 1519 2225 Audi
1561 2183 1743 2223 vocem
1776 2166 1939 2239 ipsius
1971 2167 1985 2218 ἑ
2017 2162 2118 2217 Ve-

535 2290 646 2328 rum
669 2289 767 2325 non
796 2269 929 2343 quod
954 2285 1046 2340 ego
1075 2265 1219 2332 volo,
1253 2263 1340 2318 sed
1365 2263 1499 2335 quod
1516 2271 1569 2315 tu
1599 2262 1691 2325 vis,
1718 2258 1873 2313 Pater
1900 2256 2111 2329 (Matth.

540 2380 690 2427 xxvi,
721 2363 809 2422 38.
844 2360 954 2429 59).

611 2455 694 2510 19.
731 2451 1099 2507 Laudabuutur
1122 2462 1249 2521 ergo
1288 2462 1458 2505 omnes
1505 2445 1625 2499 recti
1652 2442 1820 2499 corde.
1864 2440 2001 2512 Quid
2027 2455 2116 2496 se-
2196 2520 2214 2528 η

536 2547 749 2619 quitur?
799 2544 853 2599 Si
883 2542 1222 2597 laudabuntur
1250 2555 1420 2595 onmes
1443 2540 1568 2592 recti
1592 2536 1769 2601 corde,
1789 2536 2121 2593 damnabun-

538 2650 624 2695 tur
668 2636 904 2711 perversi
939 2635 1118 2695 corde.
1162 2634 1278 2688 Duo
1318 2633 1410 2687 tibi
1453 2631 1610 2684 modo
1646 2628 1916 2705 proposita
1956 2638 2114 2699 sunt;

540 2732 674 2803 elige
704 2746 822 2785 cum
857 2739 1062 2798 tempus
1092 2736 1191 2779 est.
1221 2724 1275 2780 Si
1306 2732 1450 2778 recto
1475 2721 1637 2777 corde
1661 2721 1823 2774 lucris
1848 2762 1862 2784 ,
1887 2719 1951 2773 ad
1982 2719 2117 2773 dex—

538 2832 705 2878 teram
728 2821 861 2891 eris,
889 2830 939 2873 et
969 2815 1282 2873 laudaberis.
1317 2812 1635 2882 Quomodo?
1674 2811 1845 2864 Venite
1870 2852 1883 2871 .
1906 2809 2115 2863 benedi-

538 2914 603 2968 cti
645 2911 818 2966 Patris
845 2911 974 2976 mei;
999 2908 1243 2982 percipite
1286 2923 1496 2979 regnum
1532 2903 1669 2977 quod
1706 2903 1844 2957 vobis
1883 2913 2119 2977 paratum

541 3016 613 3061 est
642 3005 703 3060 ab
725 3004 916 3075 origine
944 3001 1138 3057 mundi.
1172 3000 1433 3057 Perverso
1459 3007 1637 3052 autem
1659 2995 1819 3051 corde
1850 2997 1893 3051 si
1919 2995 2114 3065 lueris;

539 3100 582 3153 si
610 3096 1019 3153 subsannaveris
1057 3094 1222 3148 Deum
1256 3134 1270 3157 ,
1301 3092 1347 3147 si
1380 3089 1761 3163 providentiam
1790 3089 1903 3159 ejus
1934 3089 2118 3143 irrise-

540 3192 634 3258 ris,
658 3191 701 3245 si
729 3189 927 3245 dixeris
953 3189 1002 3242 in
1031 3186 1209 3241 animo
1241 3194 1329 3240 tuo
1350 3226 1364 3249 ,
1392 3183 1531 3239 Vere
1562 3199 1665 3239 non
1688 3190 1843 3238 curat
1874 3182 2011 3237 Deus
2031 3196 2119 3236 res

541 3281 800 3335 humanas
829 3297 841 3335 :
868 3279 912 3335 si
944 3288 1153 3333 curaret
1193 3292 1277 3331 res
1303 3276 1590 3345 humanas,
1624 3274 1711 3330 ille
1737 3275 1874 3329 latro
1915 3282 2118 3329 tautmn

545 3373 769 3428 haberet
793 3412 807 3437 ,
837 3382 889 3427 et
910 3387 1011 3441 ego
1039 3372 1292 3427 iuuoecns
1322 3366 1652 3438 indigerent?
1680 3381 1937 3443 perverso
1958 3365 2120 3421 corde

543 3466 711 3520 lactus
751 3481 829 3519 es.
861 3463 1047 3519 Veniet
1087 3461 1344 3533 judicium
1391 3458 1553 3527 illud;
1583 3458 1914 3533 apparebunt
1939 3460 2121 3515 omnia

544 3566 760 3627 propter
803 3571 920 3627 qua!
964 3554 1063 3608 ista
1107 3553 1283 3607 omnia
1320 3551 1477 3605 faciat
1523 3551 1694 3614 Deus;
1724 3560 1777 3605 et
1806 3559 1859 3611 tu
1891 3551 1979 3619 qui
2020 3564 2120 3603 no-

544 3646 684 3700 luisti
716 3647 766 3700 in
799 3645 896 3699 hac
916 3644 1019 3701 vita
1047 3642 1312 3717 corrigere
1354 3656 1446 3697 cor
1473 3650 1617 3697 tuum
1644 3641 1709 3695 ad
1742 3640 2115 3696 rectitudinetn

545 3739 671 3804 Dei,
696 3748 748 3792 et
773 3749 822 3792 te
861 3737 926 3791 ad
972 3736 1243 3791 dexteram
1286 3750 1620 3806 pratparare,
1654 3735 1738 3788 ubi
1784 3733 2123 3788 laudabuntur

543 3847 710 3885 omnes
736 3830 853 3883 recti
876 3826 1046 3894 corde,
1071 3830 1178 3883 eris
1208 3825 1272 3881 ad
1302 3826 1591 3892 sinistram,
1622 3824 1709 3879 ubi
1745 3835 1868 3883 tunc
1891 3825 2076 3879 audies
2102 3842 2117 3879 :

546 3920 628 3976 Ite
660 3924 708 3976 in
745 3923 905 3994 ignem
944 3930 1215 3987 attat-num,
1258 3920 1342 3992 qui
1379 3928 1695 3991 pra’paratus
1722 3928 1793 3972 est
1838 3917 2037 3972 diabolo
2075 3925 2123 3974 et

546 4017 738 4089 angelis
784 4016 891 4088 ejus
933 4013 1041 4085 (Id.
1092 4029 1227 4077 xxv,
1274 4013 1378 4075 5i,
1420 4011 1534 4084 Il).
1587 4011 1653 4066 Et
1706 4010 1961 4083 numquid
2020 4011 2124 4066 erit

549 4121 673 4164 tune
698 4119 903 4177 tempus
929 4106 1195 4177 corrigere
1215 4104 1338 4160 cor?
1368 4102 1520 4157 Modo
1545 4117 1672 4175 ergo
1698 4103 1945 4174 corrigitc
1972 4143 1986 4166 ,
2010 4102 2120 4156 fra-

554 4211 694 4264 tres;
723 4200 880 4253 modo
909 4198 1175 4265 eorrigite.
1223 4198 1349 4265 Quis
1373 4195 1655 4268 prohibet?
1682 4195 1937 4250 Cantatur
1974 4194 2124 4250 Psal—

547 4307 685 4355 tnus,
714 4290 902 4360 legitur
925 4288 1288 4363 Evangelium,
1319 4297 1471 4341 sonat
1492 4287 1677 4355 lector,
1709 4296 1856 4340 sonat
1880 4285 2121 4356 disputa-

551 4394 670 4438 tor:
700 4382 905 4451 patiens
949 4392 1027 4435 est
1058 4380 1343 4444 Dominus;
1374 4394 1593 4451 peccas,
1622 4387 1674 4433 et
1718 4380 1918 4449 parcit;
1947 4379 2123 4435 adhuc

547 4489 755 4547 peccas,
782 4475 950 4527 adhuc
971 4473 1151 4541 parcit,
1176 4482 1229 4527 et
1254 4470 1425 4525 adhuc
1441 4470 1608 4524 addis.
1635 4470 1894 4539 Quamdiu
1916 4471 2122 4543 patiens

546 4578 623 4622 est
652 4566 830 4622 Deus?
867 4564 1074 4621 Senties
1101 4575 1153 4618 et
1186 4563 1386 4634 justum
1435 4564 1620 4618 Deum.
1652 4563 1933 4617 'l‘crremus
1956 4606 1969 4629 ,
1999 4564 2123 4634 quia

550 4661 792 4711 t'ntcnms
819 4673 832 4720 ;
869 4656 1055 4711 docete
1081 4669 1177 4711 nos
1206 4670 1308 4709 non
1358 4654 1577 4721 timere,
1608 4663 1661 4709 et
1690 4671 1794 4709 non
1835 4662 2118 4711 terremus.

550 4748 653 4803 Sed
702 4749 889 4803 melius
918 4764 1014 4803 nos
1046 4747 1181 4802 Deus
1224 4746 1379 4803 docet
1413 4746 1598 4800 timere
1622 4788 1635 4811 ,
1658 4762 1813 4818 quam
1843 4748 2123 4818 quisquam

554 4840 825 4896 hominum
859 4856 961 4893 non
1000 4840 1205 4895 timere.
1237 4838 1423 4893 Timuit
1470 4839 1609 4894 enim
1652 4840 1813 4894 omnis
1855 4840 2046 4895 homo:
2075 4849 2123 4895 et

551 4935 967 4989 omnmtiavernnt
1008 4950 1161 5005 opera
1197 4933 1313 4988 Dei.
1365 4932 1510 4987 Inter
1555 4933 1673 4988 illos
1718 4950 1816 4989 nos
1853 4943 2124 5005 computet

550 5028 708 5089 Deus.
743 5027 829 5097 qui
863 5028 1184 5092 timuerunt,
1214 5034 1266 5081 et
1306 5026 1767 5079 annuntiavcrunt.
1801 5026 1931 5095 Quia
1964 5027 2122 5081 time-

543 5137 680 5184 mus,
710 5121 1081 5175 aunuutiatnus
1112 5119 1277 5183 vobis,
1298 5118 1506 5172 fratres.
1526 5116 1776 5171 Videmus
1797 5118 2123 5173 alacritatem

547 5222 775 5265 vestram
818 5209 881 5263 ad
913 5208 1229 5263 audiendum
1263 5208 1499 5273 verbum,
1529 5217 1582 5262 et
1614 5208 1677 5261 ad
1705 5206 2020 5278 exigendum
2044 5208 2124 5263 vi-

545 5299 732 5355 demus
774 5310 894 5353 vota
927 5308 1100 5354 vestra
1126 5340 1139 5366 ,
1173 5297 1410 5353 videmus
1446 5297 1663 5354 allectus
1706 5307 1929 5353 vestros.
1980 5300 2125 5355 Bene

547 5394 868 5463 compluitur
919 5403 1091 5461 terra;
1145 5392 1437 5457 frumenta,
1479 5409 1581 5446 non
1635 5393 1815 5462 spinas
1866 5401 2120 5461 generet:

548 5482 830 5539 frumentis
860 5484 1107 5539 hor-reum
1152 5492 1395 5554 paratur;
1430 5484 1563 5553 ignis
1593 5485 1779 5554 Sptnis.
1812 5482 1957 5536 Nosti
1997 5478 2127 5555 quid

553 5575 713 5633 "acias
761 5577 826 5633 de
864 5593 989 5649 agro
1036 5587 1159 5641 tu);
1190 5586 1243 5631 ct
1286 5578 1453 5631 nescit
1501 5577 1640 5631 Deus
1676 5576 1800 5647 quid
1854 5575 2011 5630 faciat
2056 5574 2123 5629 de

606 5794 627 5829 ³
660 5794 881 5852 Plerique
908 5801 1028 5853 \‘ss.,
1053 5792 1204 5845 valles.

1768 295 1825 350 S.
1867 286 2231 348 AUGUSTINI
2276 292 2576 350 EPISCOPI
3650 302 3730 360 τη

2216 425 2371 465 servo
2395 426 2491 465 suo
2507 411 2551 463 ‘?
2572 408 2722 477 Quod
2748 409 2878 479 pluit
2901 406 2952 465 in
2971 425 3155 481 agrum
3179 408 3412 478 uberem,
3433 412 3569 471 dulce
3588 426 3654 471 est
3671 432 3736 481 ;et

2215 501 2356 572 quod
2387 504 2518 571 pluit
2564 503 2616 556 in
2647 517 2829 574 agrum
2877 502 3153 572 spinosum
3179 544 3194 568 ,
3226 504 3380 558 dulce
3406 517 3501 559 est.
3526 506 3735 580 Numquid

2216 593 2445 663 pluviam
2498 604 2712 647 accusat
2756 594 2844 664 qui
2874 595 2894 625 ²
2929 594 3109 663 spinas
3152 595 3434 669 genuerit?
3470 594 3629 651 Nouue
3658 604 3734 655 erit

2216 686 2392 756 pluvia
2420 686 2507 740 illa
2538 686 2688 741 testis
2716 685 2767 739 in
2808 685 3010 754 judicio
3044 686 3173 750 Dei;
3207 696 3259 740 et
3281 688 3459 742 dicet:
3488 686 3590 758 Ego
3612 690 3740 746 dulcis

2216 792 2376 846 super
2402 792 2588 832 omnes
2612 777 2632 807 ³
2664 777 2817 831 veni?
2844 777 2923 831 Tu
2968 792 3096 848 ergo
3134 777 3259 851 quid
3294 777 3528 849 proferas
3544 780 3646 835 vide
3666 825 3676 841 .
3699 794 3742 838 ut

2216 869 2339 939 quid
2375 870 2464 924 tibi
2501 878 2714 939 paretur
2758 869 3025 925 attendas.
3051 869 3265 924 Proters
3292 872 3741 936 trumentum;hor.

2217 978 2366 1018 reum
2407 978 2601 1031 Spera:
2638 961 2842 1032 profers
2868 962 3088 1033 Spittas;
3122 963 3295 1033 ignem
3338 979 3513 1033 spera.
3536 964 3744 1021 Seduno-

2217 1055 2345 1110 dum
2393 1060 2535 1109 venit
2581 1063 2671 1109 aut
2722 1063 2930 1127 tempus
2980 1052 3199 1120 horrei,
3232 1064 3325 1109 aut
3381 1065 3578 1124 tempus
3612 1056 3741 1127 ignis:

2217 1146 2377 1205 modo
2421 1162 2547 1216 ergo
2597 1153 2854 1217 paretur,
2901 1155 2955 1201 et
2990 1162 3093 1200 non
3137 1146 3433 1201 timcbitur.
3488 1146 3537 1200 In
3583 1149 3743 1204 nomine

2216 1238 2416 1295 Christi
2444 1248 2498 1293 et
2522 1239 2611 1310 qui
2654 1239 2922 1310 loquimur
2948 1240 3203 1301 vivimus,
3235 1250 3289 1294 et
3314 1240 3506 1309 quibus
3530 1239 3739 1313 loquimur

2218 1331 2395 1385 vivitis
2420 1350 2431 1383 :
2462 1331 2714 1402 numquid
2743 1332 2950 1386 consilii
2978 1330 3278 1403 corrigendi
3308 1340 3364 1386 et
3401 1332 3643 1385 mutanda!
3661 1334 3745 1390 vita

2219 1424 2373 1478 matre
2404 1425 2455 1479 in
2476 1424 2670 1477 bonam
2699 1441 2802 1478 non
2825 1432 2906 1478 est
2933 1424 3111 1489 locus,
3126 1439 3230 1478 non
3250 1434 3335 1479 est
3363 1425 3746 1496 tempusmonne

2219 1515 2264 1570 si
2296 1515 2391 1579 vis,
2427 1515 2583 1569 hodie
2610 1515 2705 1570 lit?
2734 1531 2911 1571 nonne
2932 1517 2974 1571 si
3002 1518 3102 1582 vis,
3135 1516 3295 1571 modo
3328 1517 3422 1571 ﬁt?
3443 1516 3571 1584 Quid
3593 1530 3745 1588 emptu-

2220 1621 2311 1661 rus
2336 1622 2394 1661 es
2422 1617 2479 1662 ut
2519 1606 2725 1663 facias?
2751 1623 2869 1677 quae
2912 1607 3197 1679 symplasia
3222 1607 3243 1640 ⁸
3265 1609 3584 1679 qttmsiturus
3605 1610 3684 1663 es?
3704 1611 3749 1665 ad

2221 1713 2355 1767 quos
2381 1696 2539 1752 Indos
2568 1699 2940 1769 navigaturus?
2966 1715 3125 1770 quam
3176 1701 3354 1753 navim
3388 1703 3749 1770 prarparaturus?

2220 1788 2359 1845 Ecce
2381 1806 2499 1844 cum
2527 1790 2716 1860 loquor
2740 1833 2754 1857 ,
2783 1802 2923 1845 muta
2954 1807 3077 1856 cor;
3107 1798 3162 1846 et
3191 1790 3391 1846 lactant
3423 1801 3503 1847 est
3537 1792 3655 1862 quod
3676 1805 3749 1847 tam

2222 1893 2442 1959 sarpeet
2483 1883 2679 1937 tamdiu
2719 1884 2979 1939 clamatur
3014 1893 3074 1939 ut
3120 1882 3230 1953 ﬁat,
3276 1894 3334 1941 et
3382 1886 3520 1957 quod
3556 1896 3748 1943 :eternam

2225 1990 2438 2047 pinnam
2472 1977 2715 2046 parturit,
2749 1976 2792 2031 si
2824 1992 2928 2031 non
2958 1978 3066 2032 liat.

2642 2188 2724 2253 IN
2768 2188 3150 2255 PSALMUM
3192 2190 3404 2259 LXIV

2815 2308 3235 2366 ENARRATIO.

2756 2437 2926 2478 SERIIO
2956 2440 3023 2478 AD
3056 2439 3282 2478 PLEBEI.

2301 2535 2353 2589 1.
2385 2532 2534 2608 [υενε.
2570 2533 2646 2609 1,]
2676 2535 3023 2606 Agnosccuda
3049 2546 3130 2592 est
3159 2554 3256 2592 vox
3287 2546 3489 2593 sancta:
3520 2539 3749 2615 prophetia

2228 2640 2292 2679 ex
2324 2626 2438 2699 ipso
2480 2626 2634 2679 titulo
2678 2628 2866 2697 pSalmi
2911 2627 3090 2703 hujus.
3129 2629 3449 2686 luscribitur
3480 2650 3493 2685 :
3526 2629 3585 2685 In
3608 2632 3747 2701 ﬁnem,

2230 2713 2472 2771 Psalmus
2501 2717 2687 2784 David,
2707 2717 2973 2773 Canticum
2996 2719 3231 2775 Ieremia:
3256 2732 3305 2776 et
3335 2722 3605 2778 Ezechirlis
3624 2741 3673 2777 ex
3690 2741 3749 2792 ρο-

2226 2811 2351 2885 pulo
2383 2813 2858 2885 transmigrationis,
2885 2831 2996 2868 cum
3017 2815 3292 2887 inciperent
3321 2817 3483 2872 exire.
3503 2816 3600 2873 Res
3623 2832 3748 2888 quent-

2227 2902 2515 2959 admodum
2572 2914 2720 2979 gesta
2776 2905 2845 2959 sit
2901 2905 3040 2979 apud
3096 2916 3275 2981 patres
3326 2917 3539 2962 nostros
3578 2919 3749 2977 tempore

2230 2995 2715 3067 transmigratitmis
2740 2996 3067 3077 BabyIOnitc,
3100 3013 3206 3055 non
3233 2999 3491 3055 omnibus
3514 3008 3747 3061 nominest,

2231 3087 2328 3143 sed
2371 3087 2451 3142 his
2480 3089 2566 3160 qui
2594 3086 2897 3163 Scripturas
2926 3101 3140 3148 sanctas
3177 3092 3467 3165 diligenter
3495 3093 3747 3153 advertunt,

2230 3180 2317 3235 vel
2342 3180 2637 3251 audiendo,
2681 3183 2766 3239 Vt‘l
2796 3183 3038 3257 legendo.
3073 3186 3391 3255 Captivatus
3423 3186 3560 3242 enim
3586 3183 3749 3257 populus

2228 3271 2412 3338 Israel,
2442 3291 2505 3330 ex
2531 3274 2745 3331 civitate
2770 3275 3063 3331 Jerusalem
3092 3277 3285 3334 ductus
3315 3288 3400 3334 est
3430 3280 3481 3333 in
3508 3279 3748 3335 servitutem

2231 3365 2535 3441 Babylonia:
2562 3366 2649 3439 (IV
2684 3368 2813 3445 Reg.
2840 3385 2988 3433 xxw,
3011 3368 3126 3440 25).
3157 3369 3508 3440 Prophetavit
3533 3380 3679 3424 autem
3698 3365 3750 3421 ie

2232 3460 2427 3517 rcmias
2451 3470 2685 3525 sanctus,
2715 3469 2831 3531 post
2857 3462 3186 3532 septuaginta
3209 3476 3385 3519 annos
3409 3462 3667 3517 rediturum
3686 3472 3750 3527 po.

2232 3551 2412 3623 pulum
2466 3551 2532 3607 de
2578 3554 2926 3623 captivitate,
2975 3565 3029 3609 et
3083 3555 3498 3611 instauraturum
3550 3554 3748 3610 civitatem

2232 3646 2400 3717 ipsam
2429 3643 2723 3701 Jerusalem
2745 3687 2760 3711 ,
2790 3662 2946 3717 quam
2980 3646 3246 3705 devictam
3278 3648 3351 3701 ab
3381 3647 3607 3702 hosnbus
3642 3646 3747 3717 phn-

2232 3746 2381 3793 xerat
2410 3736 2617 3807 (Jerem.
2648 3753 2753 3793 xxv
2775 3781 2789 3803 ,
2820 3739 2880 3793 II
2906 3782 2919 3807 ,
2949 3749 2992 3793 et
3020 3756 3140 3794 xm
3169 3782 3181 3804 ,
3214 3737 3332 3812 10).
3364 3739 3456 3794 Illo
3482 3750 3637 3793 autem
3660 3745 3748 3791 lem-

2233 3844 2362 3899 pore
2390 3830 2599 3884 luerunt
2626 3829 2919 3901 prophetae,
2950 3831 3000 3885 in
3034 3831 3117 3885 illa
3154 3832 3460 3907 captivitate
3487 3831 3639 3902 populi
3661 3843 3747 3883 con-

2232 3921 2399 3975 SIituti
2432 3920 2482 3973 in
2514 3920 2830 3992 Babylonia;
2863 3922 3000 3979 inter
3025 3938 3158 3993 quos
3188 3932 3383 3978 eratet
3412 3920 3635 3977 Ezechiel
3659 3934 3744 3987 pro.

2233 4012 2416 4081 pheta.
2446 4010 2800 4083 Exspectabat
2834 4023 3010 4067 autem
3040 4014 3125 4068 ille
3164 4013 3397 4090 populus
3425 4014 3581 4069 donec
3614 4009 3745 4074 impie“

2233 4115 2420 4159 reutur
2446 4114 2681 4175 tempora
2707 4105 3041 4176 septuaginta
3066 4121 3353 4172 annorum,
3384 4104 3643 4161 secundum
3658 4112 3741 4172 por

2233 4195 2469 4269 phetiam
2498 4194 2765 4251 Jeremim.
2796 4194 3015 4251 Factum
3043 4204 3126 4253 est
3168 4197 3450 4266 completis
3488 4191 3742 4264 septuaginta

2231 4290 2423 4357 annis,
2450 4290 2751 4344 restitutum
2790 4297 2873 4343 est.
2902 4289 3155 4360 templum
3189 4289 3334 4360 quod
3365 4289 3608 4358 dejectum
3636 4289 3739 4342 erat;

2232 4390 2289 4437 et
2317 4396 2557 4452 regressa
2588 4389 2671 4435 est
2711 4379 2778 4436 de
2806 4380 3113 4451 captivitate
3153 4394 3342 4451 magna
3387 4394 3501 4449 pars
3534 4377 3647 4432 illius
3674 4385 3738 4441 po-

2232 4472 2366 4549 puli.
2392 4471 2498 4525 Sed
2527 4470 2774 4542 quoniam
2797 4471 2927 4526 dicit
2943 4472 3250 4542 Apostolus,
3278 4470 3409 4526 Παῖς
3432 4471 3480 4523 in
3501 4469 3639 4538 figura
3658 4477 3739 4516 (οπο

2234 4563 2491 4637 tingebant
2517 4565 2570 4617 in
2603 4563 2743 4630 illis;
2787 4565 2977 4634 scripta
3020 4574 3136 4619 sunt
3174 4574 3342 4618 autem
3382 4572 3571 4633 prapter
3593 4553 3735 4619 nonin

2229 4673 2357 4727 quos
2380 4657 2500 4727 ﬁnis
2524 4657 2824 4711 sa’calorum
2849 4657 3044 4711 obvenit
3067 4657 3107 4731 (1
3143 4655 3261 4711 Cor.
3291 4672 3322 4712 κ
3345 4698 3361 4719 ,
3393 4654 3510 4727 Il);
3545 4652 3734 4706 debemus

2232 4758 2289 4805 et
2315 4764 2411 4801 nos
2443 4763 2599 4804 nosse
2630 4749 2775 4820 prius
2793 4749 3152 4819 captivitatem
3183 4758 3439 4811 nostram,
3465 4742 3625 4801 deinde
3642 4737 3730 4793 libe-

2234 4839 2497 4895 rationem
2539 4848 2816 4906 nostram;
2862 4840 3120 4895 debemus
3156 4854 3317 4895 nosse
3355 4826 3730 4908 Bahy1tmiamﬂ"

2231 4946 2334 5003 qua
2364 4931 2556 5001 captivi
2586 4948 2768 4991 sumus
2790 4973 2805 4996 ,
2838 4940 2893 4986 et
2927 4930 3221 4986 Jerusalem
3243 4973 3257 4995 ,
3300 4931 3367 4986 ad
3402 4931 3538 5000 cujus
3566 4923 3725 4980 reditum

2232 5022 2585 5095 suspiramus.
2618 5022 2739 5078 Istae
2762 5023 2957 5097 quippe
2979 5023 3099 5077 dua:
3119 5022 3380 5089 civitates,
3408 5017 3651 5078 secundum
3671 5012 3725 5063 lit.

2234 5122 2401 5169 teram
2434 5130 2617 5170 revera
2649 5114 2767 5169 dua:
2787 5114 3050 5170 civitates.
3076 5114 3142 5169 Et
3162 5114 3253 5169 illa
3281 5113 3481 5185 quidem
3508 5104 3721 5165 Jentsaloﬂ

2233 5207 2396 5265 modo
2420 5223 2450 5264 a
2474 5206 2672 5265 Iudaeis
2711 5222 2817 5263 non
2861 5207 3131 5263 incolitur.
3160 5206 3291 5263 Post
3325 5203 3598 5262 cruciﬁxum
3627 5192 3719 5250 enim

2297 5363 2317 5396 ι
2338 5359 2559 5433 nonnulli
2584 5368 2710 5421 Mss,
2734 5361 2797 5412 tte
2832 5373 2953 5426 agro
2981 5372 3225 5412 rerum
3267 5372 3284 5412 :
3310 5367 3361 5411 et
3376 5350 3710 5423 mutem

2229 5436 2359 5478 servi
2382 5437 2470 5473 aut.

2298 5490 2318 5519 ²
2343 5487 2416 5535 sic
2436 5490 2543 5534 Mss.
2569 5491 2625 5534 At
2646 5485 2779 5544 Edd.,
2796 5484 2941 5545 quod.
3395 5542 3403 5545 Α
3622 5524 3694 5545 μέ

2298 5549 2415 5597 'sie
2450 5546 2601 5597 nostri
2640 5536 2952 5599 omuesllss.
2999 5545 3240 5609 Atili,
3273 5542 3426 5598 dicit
3458 5536 3712 5603 ut?!“

2232 5623 2474 5743 υθδθὶτςιιι,
2520 5670 2794 5745 emplastra.
2825 5679 2879 5723 At.
2917 5645 3362 5745 risspsymptasia,
3394 5650 3709 5745 aut

2236 5736 2400 5805 paucis
2420 5708 2881 5796 esceptismuoruu;
2901 5708 3485 5799 ait?”

2238 5809 2379 5848 δῆλα).
