3912 6426
160 372 279 429 ’1⁸13

169 489 489 552 "crstinum,
514 485 843 542 vindicatum
868 488 952 537 est
976 482 1032 537 in
1060 480 1180 535 illos
1201 478 1412 550 ﬂagello
1438 493 1662 549 ιιιειειιος
1708 488 1763 533 et.

166 581 432 635 eradicati
461 578 531 633 ab
559 593 626 632 eo
654 575 800 641 loco,
840 575 932 628 ubi
972 574 1134 644 impia
1176 573 1417 627 libertate
1455 570 1637 626 furiosi
1668 570 1764 624 ad-

166 690 368 728 ηεινμιιιι
396 671 660 729 medicum
682 670 1028 731 insanieraut,
1050 668 1277 737 dispersi
1302 674 1430 721 sunt
1456 681 1554 735 per
1580 678 1766 718 omnes

164 780 370 837 gentos
396 807 412 831 ,
438 778 495 820 et
522 764 644 820 data
672 771 756 817 est
786 762 870 816 ilia
900 771 1040 817 terra
1071 759 1387 815 Christianis
1413 777 1425 811 :
1458 758 1766 827 impletum-

162 876 278 928 que
304 868 391 912 est
415 855 558 926 quod
585 856 664 912 eis
689 854 899 909 dixerat
934 852 1189 905 Dominus
1207 891 1221 914 ,
1253 848 1532 921 Propterea
1561 852 1764 917 aufem-

161 960 257 1002 mr
300 966 332 1001 ιι
361 949 501 1003 nobis
534 962 748 1016 regnum
772 986 788 1011 ,
823 954 870 1001 st
902 945 1104 999 dabitur
1127 944 1262 1015 genti
1289 941 1491 1013 facienti
1513 942 1771 1013 justitiam

161 1039 394 1107 (Matth.
431 1054 520 1094 ut
545 1081 559 1103 ,
595 1038 708 1109 43).
747 1038 883 1093 Cum
925 1046 1103 1092 autem
1149 1035 1386 1089 viderent
1428 1045 1549 1088 tunc
1579 1034 1770 1089 trinitas

160 1132 370 1187 turbas
402 1132 479 1186 ire
510 1139 626 1199 post
661 1128 961 1190 Dominum,
1000 1127 1373 1197 prasdirantem
1405 1140 1625 1195 regnum
1654 1139 1766 1179 coe-

160 1224 380 1286 lorusn,
410 1233 467 1279 et
496 1221 754 1277 mirabilia
784 1220 1068 1279 facientem
1087 1260 1101 1284 ,
1130 1220 1388 1272 dixerunt
1412 1217 1679 1287 principes
1705 1216 1769 1270 il-

159 1317 287 1373 lius
314 1317 546 1371 civitatis
575 1333 588 1369 :
621 1316 680 1369 Si
702 1314 1045 1367 dimiserimus
1086 1329 1199 1366 eum
1226 1354 1240 1377 ,
1284 1328 1457 1365 omnes
1486 1312 1630 1365 ibunt
1658 1320 1771 1381 post

160 1410 372 1473 illam;
402 1419 447 1463 et
472 1408 666 1462 venient
695 1406 949 1471 Romani,
978 1417 1023 1459 et
1050 1405 1222 1459 tollent
1247 1406 1387 1458 nobis
1412 1416 1454 1459 et
1482 1406 1648 1459 locum
1670 1447 1683 1465 ,
1726 1412 1772 1457 et

163 1508 385 1571 gentem
407 1498 587 1569 (Joan.
621 1513 675 1552 ιιι
702 1540 718 1564 ,
748 1495 861 1569 48).
908 1496 986 1551 Ne
1024 1497 1199 1551 locum
1243 1495 1558 1561 perderent,
1594 1495 1773 1550 Domi-

164 1608 313 1645 num
352 1589 706 1655 occiderunt;
744 1597 798 1642 et
831 1588 949 1643 ideo
981 1587 1357 1657 perdiderunt,
1389 1585 1510 1655 quia
1554 1585 1771 1640 occide-

168 1693 330 1738 rtnn.
370 1680 571 1737 Civitas
596 1696 724 1751 ergo
747 1678 991 1750 qna‘dam
1029 1679 1113 1732 illa
1144 1689 1352 1733 terrena
1381 1677 1659 1747 cujusdam
1692 1678 1772 1733 cl-

171 1777 369 1832 aritatis
395 1785 611 1830 mrum
641 1774 692 1827 in
718 1773 875 1829 costis
904 1772 1143 1826 umbram
1170 1772 1425 1842 gerebat;
1466 1782 1519 1825 at
1550 1772 1635 1825 ubi
1662 1787 1773 1826 cm-

172 1869 265 1939 pit
290 1868 383 1922 illa
402 1882 529 1937 qum
556 1865 973 1936 signiﬁcabatur,
995 1863 1294 1918 evidentius
1323 1864 1631 1933 prec-dicari;
1660 1879 1775 1917 um-

172 1960 281 2016 bra
322 1976 428 2031 qua
458 1958 853 2030 signiﬁcabatur
883 1998 896 2020 ,
950 1955 1156 2025 dejecta
1198 1966 1281 2011 est
1328 1965 1657 2027 :propterca
1698 1955 1769 2009 ibi

178 2049 350 2105 modo
394 2050 648 2119 tetuplum
692 2064 797 2102 non
828 2055 948 2111 est,
990 2045 1131 2117 quod
1168 2045 1477 2103 fabricatum
1504 2045 1679 2100 fuerat
1718 2046 1771 2100 in

180 2141 473 2209 imaginem
506 2139 664 2193 futuri
692 2137 936 2207 corporis
979 2135 1208 2190 Domini.
1250 2136 1514 2190 Tenemus
1553 2137 1725 2191 lucem
1755 2153 1770 2202 ;

182 2234 376 2290 umbra
407 2233 648 2289 transivit
678 2250 690 2285 :
722 2242 899 2286 tamen
926 2230 1099 2293 adhuc
1130 2231 1181 2285 in
1210 2230 1439 2301 quadam
1467 2230 1774 2300 captivitate

180 2343 374 2383 sumus
402 2325 706 2390 sanandis
732 2340 929 2386 suum,
965 2323 1154 2394 inquit,
1181 2324 1234 2377 in
1260 2340 1476 2393 corpore
1495 2364 1509 2391 ,
1547 2324 1773 2395 peregri-

178 2434 372 2473 nantur
392 2433 426 2470 a
452 2415 671 2473 Reatino
698 2416 765 2484 (il
784 2413 910 2471 Cor.
934 2431 992 2480 ν,
1023 2414 1101 2488 6).

254 2505 407 2564 2J7;
455 2507 630 2563 videte
675 2509 890 2562 nomine
938 2506 1162 2563 duarum
1206 2508 1425 2563 istarum
1475 2509 1771 2576 civitatum,

186 2602 474 2675 Babylonis
501 2610 556 2657 et
580 2601 897 2657 Jerusalem.
947 2601 1183 2673 Babylon
1212 2603 1466 2656 Confusio
1510 2604 1776 2674 interpre-

178 2705 347 2758 tatur.
374 2696 673 2757 Jerusalem
703 2696 835 2749 visio
867 2695 1312 2765 paeis.lntendite
1347 2712 1484 2749 nunc
1506 2677 1771 2752 civitatem

172 2793 609 2860 omdusionis,=ut
634 2792 944 2863 intelligatis
970 2791 1227 2846 visionem
1250 2792 1393 2861 pacis
1418 2809 1432 2845 :
1454 2793 1605 2846 istam
1636 2793 1772 2849 tole—

176 2888 338 2950 rotis,
367 2886 433 2941 ad
465 2884 606 2940 illam
636 2886 940 2956 suspiretis.
970 2883 1122 2940 Unde
1150 2883 1389 2953 dignosei
1411 2896 1632 2954 possunt
1656 2887 1772 2941 ista:

170 2977 308 3037 diue
340 2979 618 3033 ciuitates?
646 2976 911 3047 Numquid
962 2992 1243 3046 possumus
1283 2992 1377 3031 eas
1418 2977 1576 3032 modo
1614 2993 1771 3047 sepa-

184 3088 307 3128 rare
350 3072 418 3126 ab
445 3071 1011 3126 imicomﬂ‘ermixtm
1063 3079 1203 3136 sunt,
1237 3072 1382 3125 etab
1410 3072 1528 3140 ipso
1551 3072 1771 3127 exordio

179 3166 399 3238 generis
438 3163 663 3220 humani
701 3163 981 3235 permixtae
1031 3171 1253 3218 currunt
1301 3179 1470 3234 usque
1516 3165 1569 3218 in
1611 3163 1769 3219 linem

181 3257 384 3313 saeculi.
411 3255 706 3312 Jerusalem
733 3256 937 3326 accepit
962 3255 1239 3310 exordium
1273 3270 1369 3324 per
1396 3256 1561 3322 Abel;
1593 3257 1769 3329 Baby-

182 3350 273 3405 ton
306 3365 401 3418 per
448 3349 579 3403 Cain
611 3348 870 3402 :mditicia
916 3348 1112 3418 quippe
1155 3348 1363 3403 urbium
1418 3360 1601 3418 postea
1628 3348 1770 3405 facta

164 3451 329 3498 .sttnt.
361 3440 448 3494 Illa
475 3440 771 3496 Jerusalem
802 3440 854 3494 in
900 3448 1039 3495 terra
1067 3439 1468 3508 Jebuszcorum;
1511 3456 1632 3495 nam
1663 3443 1771 3511 pri-

178 3548 275 3591 mo
321 3533 485 3589 Jebus
508 3533 783 3590 dicebatur
805 3532 870 3604 (ll
904 3532 1033 3604 Reg.
1058 3549 1109 3598 v,
1126 3532 1182 3599 6,
1201 3543 1246 3587 et
1274 3531 1435 3587 Josue
1457 3550 1603 3598 xvm,
1626 3532 1717 3606 ‘28)
1751 3551 1764 3587 :

179 3626 309 3683 inde
333 3643 463 3697 gens
481 3626 846 3682 Jebuszeornm
876 3626 1041 3695 ejecta
1059 3636 1163 3689 est,
1186 3626 1397 3695 quando
1418 3627 1645 3696 populus
1674 3627 1766 3681 Dei

179 3720 438 3777 liberatus
454 3729 539 3776 est
564 3719 632 3775 de
652 3718 899 3791 Egypto,
929 3729 985 3775 et
1026 3719 1357 3774 introductus
1386 3729 1469 3775 est
1499 3721 1549 3774 in
1573 3729 1766 3774 terram

166 3813 569 3885 promissionis.
598 3813 833 3886 Babylon
865 3821 1043 3869 autem
1076 3812 1285 3867 condita
1332 3822 1414 3867 est
1462 3813 1513 3867 in
1570 3812 1768 3867 intimis

178 3906 418 3962 Persidis
440 3906 765 3976 regionibus,
797 3919 916 3974 qua:
941 3904 1193 3958 diuturno
1226 3916 1463 3973 tempore
1489 3912 1647 3973 caput
1672 3919 1768 3957 ex-

179 3999 309 4055 tulit
331 4014 488 4068 super
516 4008 738 4054 crateras
763 4005 968 4068 gentes.
1002 3998 1131 4052 Dum
1154 4012 1280 4067 ergo
1312 3997 1428 4050 ista:
1464 3997 1623 4050 urbes
1648 4012 1767 4051 cer-

162 4094 258 4150 1is
278 4094 601 4163 temporibus
626 4092 855 4148 condita:
881 4103 1027 4158 sunt,
1060 4103 1119 4146 ut
1148 4090 1578 4146 manifestaretur
1605 4091 1767 4161 ﬁgura

176 4189 408 4245 duarum
434 4189 700 4243 civitatum
728 4187 852 4241 olim
884 4196 1199 4254 captarum,
1236 4195 1291 4240 et
1318 4200 1482 4254 usque
1528 4183 1577 4237 in
1609 4183 1767 4238 ﬁnem

176 4284 239 4340 in
272 4282 373 4337 isto
396 4283 590 4337 SaBCttlt)
614 4294 985 4335 mansurarmn
1012 4320 1026 4345 ,
1068 4278 1161 4333 sed
1192 4284 1242 4332 tu
1294 4277 1396 4332 fine
1441 4277 1767 4348 separanda-

176 4390 328 4432 rum.
353 4373 504 4430 Unde
532 4388 659 4441 ergo
683 4387 967 4442 possumus
992 4387 1083 4426 eas
1109 4370 1266 4424 modo
1306 4368 1609 4434 ostendere,
1651 4386 1769 4439 quae

168 4468 464 4541 permixte
490 4467 650 4522 sunt?
673 4465 928 4521 Ostendet
975 4474 1099 4519 tunc
1150 4464 1425 4523 Dominus,
1464 4478 1583 4518 cum
1635 4462 1770 4517 alios

181 4571 349 4634 ponet
377 4560 442 4615 ad
465 4560 763 4615 dexteram.
792 4559 929 4611 alios
954 4556 1022 4611 ad
1052 4557 1345 4611 sinistram.
1368 4555 1663 4610 Jerusalem
1702 4554 1768 4609 ad

179 4654 458 4710 destcram
487 4652 619 4717 erit;
651 4649 887 4722 Babylon
919 4648 985 4703 ad
1017 4650 1306 4702 sinistram.
1336 4647 1629 4703 Jerusalem
1673 4664 1768 4701 au-

176 4746 358 4804 ditura
406 4755 487 4800 est
515 4764 532 4799 ι
572 4743 767 4807 Venite,
798 4741 1039 4797 benedicti
1070 4741 1238 4797 Patris
1276 4744 1409 4805 mei;
1439 4761 1486 4814 p-
1505 4744 1678 4813 rcipite
1700 4760 1771 4797 re-

180 4855 339 4914 gnum
366 4838 502 4910 quod
521 4838 657 4893 vobis
681 4848 911 4908 paratum
935 4845 1006 4889 est
1032 4834 1094 4887 ab
1139 4836 1330 4906 origine
1373 4838 1563 4889 mundi.
1600 4838 1771 4910 Baby-

211 4947 284 4987 on
310 4932 550 4986 auditura
577 4940 660 4985 est
688 4949 701 4982 :
732 4928 812 4982 Ite
843 4930 897 4983 in
942 4929 1110 4998 ignem
1143 4940 1381 4983 (vternmu
1402 4970 1417 4995 ,
1448 4931 1532 4999 qui
1562 4943 1769 5001 paratus

182 5037 259 5084 est
287 5025 485 5081 diabolo
505 5035 549 5079 et
574 5024 764 5095 angelis
786 5025 892 5097 ejus
915 5022 1125 5093 (Illntth.
1157 5039 1281 5086 xxv,
1305 5023 1394 5089 54,
1424 5024 1538 5093 il).
1570 5026 1768 5080 Possu-

182 5137 306 5178 mus
337 5131 509 5176 tamen
540 5129 593 5175 ct
619 5117 813 5189 aliquid
844 5116 1052 5183 alierrc,
1082 5127 1334 5188 quanlutn
1375 5118 1628 5173 Dominus
1669 5119 1767 5173 do-

185 5223 301 5283 nat,
325 5215 465 5271 unde
513 5212 903 5282 distinguantur
935 5212 1002 5281 pii
1046 5211 1249 5277 ﬁdeles,
1280 5214 1436 5265 etiam
1478 5211 1578 5266 hoc
1631 5223 1767 5267 tem-

185 5325 334 5383 pore,
362 5309 502 5364 cives
530 5305 825 5363 Jerusalem
856 5321 884 5358 a
914 5304 1119 5359 civibus
1134 5304 1455 5377 Babylonius.
1487 5305 1767 5360 Πιιειςίμιεις

182 5401 425 5459 civitates
455 5399 656 5455 faciunt
676 5397 783 5451 duo
810 5411 1022 5451 amores
1055 5412 1067 5449 :
1095 5394 1386 5451 Jerusalem
1444 5395 1569 5449 facit
1617 5413 1767 5451 amor

186 5493 320 5558 Dei;
352 5490 692 5563 Babyloniam
718 5486 845 5541 facit
878 5503 1028 5541 amor
1073 5488 1276 5541 sa-ruli.
1314 5486 1614 5554 interroget
1642 5505 1767 5558 ergo

182 5602 244 5642 ερι
268 5584 486 5653 quisque
515 5581 637 5653 quid
668 5589 829 5638 amet.
852 5588 908 5633 et
943 5580 1172 5633 inveniet
1195 5578 1333 5633 unde
1354 5580 1417 5634 sit
1446 5579 1575 5631 civis
1606 5599 1616 5632 :
1642 5596 1691 5633 et
1724 5582 1767 5634 s‘i

181 5692 245 5734 se
270 5676 532 5732 invenerit
550 5675 718 5730 civem
748 5670 1074 5744 Babylonizr,
1107 5674 1362 5740 exstirpet
1391 5673 1729 5741 cupiditatem
1748 5716 1763 5741 ,

179 5771 387 5844 plantat
403 5768 753 5831 charitatcm;
780 5766 824 5818 si
848 5774 1024 5819 autem
1055 5764 1386 5821 RCiiWCﬂel'il
1409 5764 1577 5818 civem
1604 5764 1766 5819 Jeru-

174 5864 369 5934 salem,
417 5862 607 5919 toleret
652 5860 1037 5932 captivitatem,
1059 5868 1237 5929 speret
1266 5858 1581 5913 libertatem.
1619 5856 1763 5913 Multi

1315 363 1710 420 ENAitllATiO
1745 363 1814 420 1N
1854 365 2175 425 [‘SALMUM
2214 366 2398 427 LXIV.

3360 377 3458 445 ⁸774

1875 482 2015 537 enim
2040 486 2185 539 cives
2205 496 2402 541 sanctae
2423 487 2606 543 matris
2636 488 2932 547 Jerusalem
2956 493 3329 562 cupiditatibus
3360 500 3459 554 Da-

1873 575 2100 647 bylonia:
2124 580 2357 650 corrupti
2377 582 2711 649 tenebantur,
2740 592 2792 638 et
2818 584 2928 654 ipsa
2953 589 3292 658 corruptione
3313 594 3460 661 cupi-

1876 670 2095 725 ditatum
2113 682 2360 744 tanquam
2380 675 2521 729 cives
2547 674 2669 729 inde
2696 676 2814 731 facti
2838 690 3020 743 erant;
3047 690 3096 733 et
3120 683 3269 734 multi
3290 684 3462 738 adhuc

1877 762 1945 817 ita
1965 773 2107 827 sunt,
2131 773 2183 817 et
2199 767 2343 819 multi
2370 776 2487 835 post
2508 782 2605 821 nos
2634 768 2685 820 in
2703 767 2803 823 hac
2822 778 2965 823 terra
2990 769 3148 826 futuri
3173 772 3241 826 ita
3264 784 3420 829 erunt
3446 792 3460 831 :

1875 853 1968 908 sed
1989 855 2135 909 novit
2150 856 2424 923 Dominus,
2447 857 2692 912 conditor
2705 858 3020 926 Jerusalem,
3040 878 3173 932 quos
3194 865 3238 918 ci
3248 882 3336 919 ws
3352 866 3464 935 ejus

1878 945 2349 1015 praedestinaverit,
2379 964 2515 1020 quos
2535 949 2711 1005 videat
2736 951 2908 1005 adhuc
2935 953 3033 1006 sub
3054 954 3327 1010 dmuinatu
3352 958 3463 1009 dia-

1876 1037 1986 1091 boli
2008 1038 2345 1093 redimendos
2362 1042 2619 1110 sanguine
2641 1042 2853 1108 Christi,
2874 1045 3020 1096 novit
3043 1044 3161 1099 illos
3182 1047 3291 1113 ipse
3310 1057 3464 1103 antc-

1877 1145 2036 1201 quam
2068 1146 2124 1186 se
2157 1133 2254 1201 ipsi
2287 1135 2553 1188 noverint.
2582 1134 2691 1190 Sub
2722 1135 2819 1190 hac
2862 1153 2987 1211 ergo
3023 1136 3190 1208 ﬁgura
3216 1150 3461 1195 cantatur

1876 1223 1964 1278 hic
1993 1223 2249 1291 psalmus.
2286 1223 2342 1278 In
2386 1224 2536 1295 cujus
2584 1227 2734 1280 titulo
2782 1228 2939 1295 positi
2985 1239 3106 1303 sunt
3150 1232 3311 1284 etiam
3357 1236 3463 1287 duo

1878 1315 2172 1385 prepbet'c,
2202 1317 2289 1386 qui
2324 1317 2410 1369 illo
2443 1328 2680 1386 tempore
2716 1317 2768 1371 in
2791 1320 3092 1390 captivitate
3118 1318 3350 1387 fuerunt,
3371 1321 3462 1376 Je—

1879 1409 2073 1461 rcmias
2101 1416 2155 1462 et
2204 1408 2466 1474 Ezechiel,
2495 1420 2547 1464 et
2573 1411 2858 1464 cantabant
2884 1412 3147 1482 «purdam,
3179 1430 3293 1467 cum
3326 1415 3455 1467 imi-

1880 1501 2225 1568 percntexire.
2262 1499 2447 1571 Incipit
2484 1504 2631 1559 exire
2674 1504 2763 1574 q-ni
2806 1505 2989 1574 incipit
3018 1520 3217 1561 amare.
3254 1508 3466 1562 Evcuut

1881 1596 2019 1648 enim
2047 1594 2195 1648 multi
2225 1596 2468 1658 latenter,
2493 1607 2543 1651 ct
2572 1598 2883 1652 exottntlum
2933 1599 3098 1669 pedes
3142 1610 3264 1654 sunt
3290 1600 3466 1656 eortlis

1880 1688 2102 1742 affectus
2137 1704 2149 1739 :
2180 1697 2379 1742 exeunt
2407 1698 2582 1745 autem
2634 1689 2699 1744 de
2731 1690 3040 1762 Babylonia.
3090 1692 3225 1759 Quid
3272 1704 3353 1748 est
3402 1693 3467 1749 de

1880 1778 2169 1851 Babylonia
2195 1780 2218 1833 ?
2251 1781 2321 1834 lle
2342 1779 2672 1834 confusione.
2696 1782 2974 1847 Quomodo
3005 1782 3181 1837 exitur
3204 1784 3270 1837 de
3296 1784 3467 1855 Baby—

1880 1871 2023 1936 lone,
2059 1872 2107 1925 id
2135 1883 2215 1926 est
2250 1872 2318 1928 de
2338 1873 2691 1927 confusione?
2719 1874 2815 1940 Qui
2863 1875 3032 1943 primo
3067 1875 3274 1929 confusi
3315 1885 3467 1933 crant

1880 1964 2142 2017 similibus
2172 1963 2566 2034 cupiditatibus,
2597 1965 2854 2039 incipiunt
2879 1965 3140 2021 charitate
3166 1967 3416 2037 distingui
3446 1984 3462 2034 ;

1875 2055 1983 2127 jam
2012 2056 2266 2119 distincti,
2293 2071 2394 2110 non
2435 2064 2559 2111 sunt
2603 2057 2829 2111 confusi.
2862 2057 2971 2111 litsi
3023 2056 3197 2112 adhuc
3242 2073 3466 2128 corpore

1881 2149 2125 2217 permixti
2155 2159 2299 2214 sunt,
2328 2147 2591 2203 desiderio
2622 2157 2796 2203 tamen
2829 2157 3015 2219 sancto
3057 2148 3463 2215 discernuntur;

1880 2247 1933 2294 et
1972 2248 2187 2308 propter
2223 2240 2628 2309 permixtionem
2684 2241 3013 2310 corporalem
3060 2241 3293 2296 nondum
3322 2244 3467 2297 exic-

1879 2340 2033 2389 runt:
2065 2342 2280 2403 propter
2308 2331 2554 2387 alit-ctum
2585 2332 2761 2387 cordis
2808 2334 2955 2388 exire
3001 2344 3299 2405 coeperunt.
3348 2333 3467 2390 Jam

1880 2440 2008 2496 ergo
2056 2427 2352 2491 audiamus,
2383 2425 2605 2491 fratres;
2646 2427 2956 2493 audiamus,
2985 2438 3037 2481 et
3084 2438 3380 2491 cantemus.
3414 2438 3468 2486 et

1879 2518 2245 2573 desideremus
2276 2518 2414 2573 unde
2440 2519 2587 2573 cives
2616 2533 2818 2573 sumus.
2852 2519 2917 2573 Et
2958 2535 3076 2591 qua:
3110 2521 3298 2590 gaudia
3345 2536 3469 2576 cau-

1881 2619 2057 2665 tantur
2084 2612 2275 2666 nobis?
2313 2611 2591 2679 Quomodo
2635 2612 2687 2665 in
2743 2610 2895 2689 nobis
2939 2612 3265 2667 reformatur
3309 2629 3462 2669 amor

1879 2704 2108 2758 civitatis
2138 2714 2354 2767 nostrae,
2376 2720 2533 2774 quam
2563 2702 2810 2758 diuturna
2861 2705 3287 2774 peregrinatione
3314 2705 3465 2762 obliti

1881 2794 2185 2849 inermum?
2215 2795 2320 2850 Sed
2348 2797 2489 2849 misit
2518 2795 2637 2850 inde
2662 2795 2727 2849 ad
2758 2811 2853 2849 nos
2882 2796 3136 2869 epistolas
3185 2797 3342 2853 Pater
3373 2814 3467 2853 no-

1872 2897 2006 2949 ster,
2042 2888 2356 2941 ministravit
2384 2886 2537 2941 nobis
2584 2887 2886 2956 Scripturas
2929 2888 3067 2942 Deus
3094 2931 3109 2954 ,
3135 2889 3327 2959 quibus
3353 2891 3468 2961 Cpi-

1876 2979 2029 3034 stolis
2060 2978 2209 3034 ﬁeret
2238 2980 2288 3033 in
2318 2980 2469 3033 nobis
2497 2980 2751 3035 redeundi
2771 2980 3092 3035 desiderium
3118 2998 3132 3047 ;
3175 2982 3295 3053 quia
3343 3000 3467 3057 per-

1877 3076 2259 3145 egrinationum
2282 3085 2513 3129 nostram
2543 3074 2831 3147 diligendo,
2861 3077 2927 3130 ad
2952 3076 3131 3131 hostes
3162 3077 3348 3133 faciem
3378 3093 3468 3148 po-

1876 3183 2176 3236 sueramus,
2199 3169 2487 3225 Bldtll‘alllll
2516 3170 2583 3225 ad
2618 3170 2863 3239 patriam.
2896 3168 3033 3238 Quid
3067 3187 3194 3247 ergo
3229 3171 3317 3230 hic
3344 3189 3467 3233 catt-

1868 3253 2056 3318 tatur?

1946 3359 1999 3413 5.
2024 3356 2175 3431 [υιινε.
2197 3355 2234 3410 2
2258 3355 2279 3431 ]
2308 3356 2380 3410 Te
2405 3356 2542 3411 decet
2569 3358 2807 3431 hymnus,
2842 3354 3006 3431 Deus,
3030 3358 3081 3411 in
3114 3357 3261 3413 Sion.
3295 3358 3469 3415 Patria

1868 3450 1963 3505 illa
1995 3459 2076 3505 est
2107 3449 2234 3504 Sion
2271 3469 2283 3504 :
2316 3451 2427 3520 ipsa
2459 3458 2541 3505 est
2567 3449 2862 3507 Jerusalem
2910 3467 3028 3523 qua:
3053 3449 3177 3506 StOll
3201 3469 3213 3517 ;
3239 3463 3292 3507 et
3317 3454 3470 3525 hujus

1878 3542 2106 3595 neminis
2155 3540 2647 3610 interpretationem
2681 3557 2837 3597 misse
2865 3541 3094 3597 debetis.
3125 3544 3273 3598 Sicut
3315 3543 3470 3599 Jeru~

1876 3632 2038 3685 salem
2070 3631 2452 3700 interpretatur
2476 3630 2626 3684 Visio
2656 3633 2799 3701 pacis
2820 3674 2834 3698 ,
2888 3632 2960 3687 ita
2989 3632 3115 3687 Sion
3145 3633 3467 3704 Speculalio,

1881 3725 1931 3778 id
1962 3734 2044 3777 est
2073 3724 2203 3777 visio
2228 3733 2279 3776 et
2310 3724 2707 3793 contemplatio.
2748 3724 2939 3780 Nescio
2979 3726 3118 3797 quod
3166 3727 3315 3783 nobis
3352 3745 3465 3782 ma-

1874 3835 2032 3890 gnum
2058 3816 2417 3888 spectacultmt
2450 3818 2802 3887 promittitur;
2832 3827 2889 3873 et
2925 3818 3027 3872 hoc
3054 3819 3167 3888 ipse
3207 3819 3342 3875 Deus
3382 3830 3464 3875 est

1874 3909 1964 3981 qui
2008 3909 2246 3965 condidit
2296 3910 2591 3963 civitatem.
2645 3908 2878 3963 Pulchra
2914 3918 2969 3965 et
3017 3909 3209 3964 decora
3255 3910 3464 3979 civitas,

1875 4018 2031 4072 quam
2083 4002 2438 4071 pulchriorem
2496 4001 2656 4055 habet
2687 4000 3054 4056 cenditorem!
3087 4000 3160 4057 Te
3205 4004 3341 4059 decet
3369 4005 3468 4076 lig-

1873 4110 2043 4158 nmus,
2079 4091 2213 4146 Deus
2236 4135 2251 4160 ,
2276 4093 2461 4164 inquit.
2491 4091 2595 4147 Sed
2629 4092 2758 4147 ubi?
2788 4089 2853 4145 In
2893 4092 3021 4148 Sion
3049 4109 3067 4147 .·
3098 4094 3148 4147 in
3195 4094 3467 4167 Babylone

1876 4203 1980 4241 non
2030 4186 2204 4240 decet.
2261 4186 2467 4240 Etenim
2511 4186 2735 4258 quisque
2774 4201 2894 4242 cum
2945 4188 3166 4256 cmperit
3202 4188 3462 4255 innovari,

1868 4279 1978 4350 jam
1998 4279 2160 4333 corde
2180 4280 2229 4333 in
2247 4278 2539 4335 Jerusalem
2558 4288 2756 4346 cantat,
2781 4279 2993 4335 dicente
3017 4281 3271 4351 Apostolo
3298 4300 3308 4333 :
3332 4280 3467 4337 Con-

1875 4372 2086 4426 versntio
2110 4382 2281 4425 nostra
2320 4372 2372 4424 in
2399 4372 2537 4425 caelis
2566 4381 2637 4425 est
2660 4370 2918 4442 (Philipp.
2949 4387 3025 4435 ιιι,
3052 4372 3166 4443 ‘20).
3217 4371 3281 4426 In
3312 4390 3463 4428 carne

1877 4466 2005 4520 enim
2030 4465 2362 4527 ambulantes,
2396 4464 2584 4533 inquit,
2609 4481 2707 4519 non
2735 4464 3011 4519 secundum
3052 4480 3254 4519 carnem
3275 4467 3460 4519 milita-

1875 4578 1987 4613 mus
2018 4560 2082 4633 (ΙΙ
2110 4560 2226 4614 Cor.
2253 4576 2305 4625 κ,
2335 4557 2412 4631 ⁸5).
2441 4558 2557 4614 Jam
2584 4558 2849 4615 desiderio
2876 4558 2944 4613 ibi
2969 4575 3171 4627 sumus,
3185 4558 3293 4630 jam
3312 4576 3463 4628 sunt

1878 4655 1927 4710 iu
1956 4655 2095 4711 illam
2123 4664 2342 4721 terram,
2367 4654 2516 4723 quasi
2556 4652 2850 4707 anchoram
2899 4654 3249 4722 przrmisimus
3272 4696 3287 4720 ,
3318 4670 3384 4709 ne
3417 4656 3466 4710 in

1876 4746 1978 4803 isto
2022 4745 2788 4815 mariturbatinaufragemus.
2835 4744 3294 4811 Quemadmodum
3341 4764 3468 4816 ergo

1876 4838 1942 4894 de
1987 4839 2104 4892 navi
2136 4855 2253 4909 qua:
2301 4838 2351 4891 in
2380 4838 2628 4893 anchoris
2682 4846 2798 4901 est,
2858 4850 3004 4894 recte
3049 4839 3275 4894 dicimus
3324 4840 3463 4909 quod

1868 4929 1979 5001 jam
2011 4930 2059 4983 in
2088 4938 2225 4983 terra
2260 4930 2363 4994 sit;
2412 4928 2587 4987 adhuc
2625 4929 2765 4982 enim
2812 4928 3054 4995 fluctuat,
3087 4930 3181 4987 sed
3221 4931 3271 4985 in
3326 4941 3464 4985 terra

1875 5024 2265 5099 quodammodo
2312 5022 2500 5081 educta
2552 5031 2634 5081 est
2681 5032 2866 5079 contra
2921 5034 3144 5089 ventos,
3176 5032 3231 5079 et
3276 5034 3460 5077 contra

1878 5106 2221 5186 tempestates
2258 5133 2270 5168 :
2305 5117 2380 5172 sic
2410 5124 2593 5173 centra
2622 5115 2943 5173 tentatiooes
2972 5115 3126 5185 hujus
3154 5115 3466 5188 pet'egrina-
3500 5148 3517 5176 ,η

1877 5212 2035 5267 tionis
2062 5221 2276 5273 nosinc,
2304 5225 2428 5285 spes
2448 5219 2632 5269 nostra
2658 5207 2871 5267 renudata
2894 5210 2945 5265 in
2967 5209 3053 5264 illa
3073 5210 3286 5264 civitate
3302 5208 3429 5263 Jrrn
3445 5239 3461 5250 -

1876 5305 2039 5363 salem
2067 5302 2187 5356 facit
2210 5316 2307 5357 nos
2332 5317 2434 5355 non
2454 5302 2624 5373 abripi
2648 5302 2701 5357 in
2722 5317 2869 5357 saxa.
2896 5300 2996 5369 Qui
3019 5314 3147 5370 ergo
3168 5300 3457 5354 secundum

1878 5396 2014 5453 hanc
2056 5410 2204 5463 Spem
2251 5404 2449 5461 canuit,
2484 5395 2556 5449 ibi
2604 5403 2783 5449 cantat
2814 5408 2978 5463 :ergo
3024 5392 3195 5456 dicat,
3228 5390 3296 5445 Te
3322 5392 3463 5445 dicet

1876 5487 2111 5559 hymnus,
2141 5486 2290 5551 Dens,
2328 5488 2375 5540 in
2409 5487 2555 5543 Sion.
2607 5483 2672 5539 In
2722 5485 2869 5550 Sion,
2912 5499 3017 5538 non
3058 5482 3107 5536 in
3166 5482 3457 5557 Bthylone.

1874 5579 1975 5632 Sed
2011 5579 2167 5631 modo
2197 5578 2262 5632 ibi
2288 5595 2345 5632 cs
2368 5579 2539 5631 adhuc
2567 5578 2617 5629 in
2653 5576 2954 5645 Babylone?
2988 5575 3081 5640 lbi,
3111 5575 3294 5644 inquit.
3317 5590 3455 5639 sum;

1874 5682 2080 5731 amator
2103 5673 2221 5738 istc,
2256 5682 2307 5725 ct
2345 5672 2476 5725 civis
2516 5672 2613 5725 istc
2644 5686 2657 5723 :
2683 5668 2749 5723 ibi
2796 5683 2949 5732 sum;
3003 5668 3095 5723 scd
3122 5682 3321 5734 carne,
3354 5683 3457 5721 non

1876 5763 2056 5822 corde.
2100 5764 2229 5820 Cum
2259 5774 2436 5819 autem
2488 5762 2596 5817 duo
2638 5759 2882 5831 quzedam
2928 5760 3176 5825 dixerim,
3205 5761 3328 5831 quia

1876 5874 1992 5915 Sum
2016 5873 2195 5923 carne,
2217 5871 2320 5909 non
2344 5852 2533 5919 corde;
2569 5851 2710 5907 unde
2731 5860 2908 5919 canto,
2936 5869 3040 5910 non
3075 5853 3171 5908 ibi:
3192 5870 3296 5908 non
3318 5853 3460 5909 enim
