3912 6474
416 378 524 436 ⁸175

417 504 580 549 carne
605 493 799 550 canto,
829 481 924 541 sed
948 478 1132 538 corde.
1175 476 1406 535 Carnem
1460 471 1676 546 quidem
1726 477 2007 528 sonantem

421 583 643 639 audiunt
667 591 720 636 et
744 579 893 635 cives
921 571 1264 645 Babylonica;
1289 568 1468 626 cordis
1493 577 1671 623 autem
1697 580 1888 622 sonum
1916 579 2011 620 au-

418 675 498 730 dit
516 672 760 729 conditor
787 666 1107 724 Jerusalem.
1137 662 1292 720 Unde
1319 660 1448 716 dicit
1478 657 1787 730 Apostolus,
1816 655 2013 712 exhor-

421 776 540 822 tans
565 766 708 836 ipsos
726 762 872 819 cives
890 759 955 814 ad
982 755 1240 814 amatoria
1266 753 1511 824 quaedam
1541 749 1770 812 cantica.
1790 756 1846 803 et
1870 746 2012 804 desi-

419 856 569 914 deria
598 851 853 910 redeundi
880 850 946 906 ad
977 850 1116 905 illam
1161 843 1574 917 pulcherrimam
1603 841 1892 905 civitatem,
1926 837 2010 893 vi-

420 948 624 1003 sionem
673 945 818 1016 pacis
872 961 886 997 :
931 941 1237 1006 Cantantes,
1275 937 1488 1008 inquit,
1534 944 1582 989 et
1641 933 1912 1005 psallentes
1956 931 2012 986 in

421 1041 656 1096 cordibus
680 1037 855 1091 vestris
885 1034 1103 1088 Domino
1126 1031 1344 1105 (Eplies.
1373 1046 1428 1098 v,
1453 1027 1566 1099 l9).
1593 1026 1729 1098 Quid
1755 1034 1858 1093 est,
1883 1042 2012 1080 can-

426 1141 588 1187 tantes
617 1131 671 1184 in
698 1127 934 1184 cordibus
963 1125 1173 1181 uestris?
1197 1123 1273 1179 Ne
1297 1119 1420 1177 inde
1445 1118 1693 1186 cantetis,
1724 1117 1867 1174 unde
1884 1115 2014 1172 estis

420 1226 473 1279 in
496 1220 823 1293 Babylonia;
853 1217 949 1274 sed
974 1216 1098 1271 inde
1125 1222 1361 1279 cantate,
1385 1211 1526 1268 unde
1566 1225 1779 1264 sursum
1807 1207 2015 1263 habita-

419 1317 509 1372 tis.
540 1314 702 1384 Ergo,
730 1310 802 1366 Tc
823 1311 960 1364 decet
991 1308 1230 1379 hymnus,
1267 1304 1425 1370 Deus,
1448 1303 1502 1358 in
1525 1302 1675 1358 Sion.
1709 1300 1766 1356 In
1809 1299 1937 1357 Sion
1962 1307 2014 1354 te

418 1408 575 1464 decet
595 1407 847 1478 hymnus,
879 1418 984 1456 non
1013 1402 1064 1456 in
1094 1398 1406 1472 Babylonia.
1430 1395 1530 1464 Qui
1560 1403 1778 1451 cantant
1828 1394 1881 1448 in
1905 1393 2012 1448 Ba-

419 1496 659 1570 bylonia,
694 1494 840 1550 cives
888 1490 1228 1562 Babylonica,
1257 1489 1416 1543 etiam
1458 1486 1716 1558 hymnum
1767 1483 1862 1539 Dei
1905 1498 2014 1538 non

419 1588 674 1644 decenter
701 1591 937 1640 cantant.
967 1579 1113 1651 fAudi
1167 1593 1351 1634 vocem
1399 1576 1730 1646 Scripturze:
1768 1572 1890 1628 Non
1941 1581 2015 1630 est

418 1681 646 1753 speciosa
673 1678 786 1732 laus
806 1676 858 1730 in
881 1690 968 1729 ore
997 1672 1277 1743 peccatoris
1317 1667 1507 1741 (Eccli.
1540 1684 1629 1732 xv,
1653 1666 1730 1739 9).
1755 1664 1831 1721 Te
1869 1666 2016 1720 decet

423 1774 662 1843 hymnus,
687 1767 848 1833 Deus,
870 1767 923 1820 iu
946 1765 1094 1820 Sion.

491 1863 545 1918 4.
581 1861 647 1916 Et
675 1861 764 1914 tibi
786 1860 804 1892 ⁸
825 1857 1064 1912 reddetur
1103 1865 1272 1908 votum
1309 1853 1363 1907 in
1389 1849 1698 1906 Jerusalem.
1729 1848 1829 1906 Hic
1857 1863 2016 1904 vove-

421 1970 560 2018 mus,
593 1962 648 2008 et
673 1953 871 2008 bonum
904 1957 986 2006 est
1015 1956 1074 2003 ut
1103 1948 1173 2002 ibi
1202 1945 1511 2002 reddamus.
1553 1942 1654 2012 Qui
1700 1950 1880 1997 autem
1932 1940 2020 1996 hic

421 2055 638 2110 vovent,
671 2053 726 2100 et
760 2059 866 2098 non
899 2038 1170 2097 reddunt?
1199 2038 1297 2106 Qui
1328 2051 1431 2090 non
1461 2040 1810 2104 perseverant
1850 2045 2020 2103 usque

423 2139 478 2194 in
510 2137 671 2192 linem
699 2136 750 2190 in
779 2150 846 2191 eo
873 2132 1013 2204 quod
1035 2137 1319 2186 voverunt.
1353 2127 1502 2184 Unde
1545 2125 1672 2180 dicit
1715 2125 1852 2180 alius
1876 2123 2021 2196 psal-

423 2247 565 2298 mus,
606 2228 806 2294 Vovete,
831 2238 876 2282 et
893 2225 1087 2280 reddite
1112 2222 1326 2278 Domino
1344 2221 1453 2275 Deo
1473 2230 1636 2275 uestro
1658 2218 1830 2292 (Psal.
1855 2234 2020 2286 Lxxv,

426 2322 537 2392 12).
574 2321 637 2376 Et
657 2321 744 2375 tibi
793 2318 1033 2373 reddetur
1073 2324 1244 2370 uotum
1287 2314 1342 2367 in
1395 2310 1702 2366 Jerusalem.
1753 2311 1830 2366 lbi
1875 2310 2021 2366 enim

427 2416 628 2472 erimus
663 2411 782 2478 toti,
815 2409 868 2465 id
899 2418 982 2464 est
1003 2407 1194 2477 integri
1244 2407 1294 2460 in
1323 2404 1716 2460 resurrectione
1731 2402 2022 2474 iustorum:

426 2506 499 2563 ibi
530 2504 782 2561 reddetur
807 2512 988 2555 votum
1022 2508 1190 2554 totum
1231 2506 1508 2562 nostrum;
1542 2512 1646 2552 non
1677 2497 1790 2551 sola
1817 2497 2021 2563 anima,

427 2598 656 2668 scdipsa
686 2595 844 2650 etiam
870 2607 997 2649 caro
1018 2593 1129 2663 jam
1183 2606 1288 2646 non
1338 2589 1718 2660 corruptibilis,
1749 2590 1872 2661 quia
1913 2589 2022 2659 jam

431 2705 539 2745 non
567 2689 618 2744 in
664 2686 975 2758 Babylonia,
1007 2684 1102 2740 sed
1135 2683 1245 2754 jam
1273 2698 1467 2755 corpus
1506 2683 1726 2738 caeleste
1778 2682 2026 2736 immuta-

429 2791 564 2837 tum.
594 2779 776 2847 Qualis
815 2777 1040 2832 mutatio
1068 2776 1436 2847 promittitur?
1466 2773 1653 2830 Omnes
1673 2774 1807 2829 enim
1851 2789 2026 2830 resur-

428 2889 622 2946 gemus,
653 2873 728 2927 ait
753 2869 1068 2941 Apostolus,
1118 2868 1207 2924 sed
1249 2884 1352 2923 non
1397 2883 1573 2922 omnes
1619 2866 2021 2925 inunutabimur.

430 2965 532 3033 Qui
554 2967 575 2997 ³
621 2973 799 3020 autem
842 2962 1266 3018 immutabuntur
1291 2961 1404 3031 ipse
1434 2959 1569 3015 dixit
1597 2977 1610 3013 :
1639 2958 1707 3014 In
1737 2959 1838 3014 ictu
1867 2960 2024 3028 oculi,

429 3057 486 3112 in
511 3056 780 3111 novissima
825 3053 945 3108 tuba
972 3069 992 3108 .'
1021 3063 1166 3107 canet
1209 3052 1342 3108 enim
1373 3052 1520 3118 tuba,
1562 3060 1608 3106 et
1651 3052 1835 3106 mortui
1859 3068 2030 3107 resur-

431 3160 548 3225 gent
573 3148 895 3220 incorrupti,
931 3147 983 3201 id
1022 3155 1106 3202 est
1147 3145 1361 3216 integri,
1393 3154 1439 3198 et
1489 3162 1582 3199 nos
1627 3145 2027 3200 immutabimur.

433 3245 617 3315 Qualis
642 3254 820 3300 autem
851 3241 954 3296 erit
981 3241 1067 3295 illa
1113 3239 1412 3294 immutatio
1432 3281 1447 3304 ,
1475 3238 1714 3308 sequitur
1761 3247 1818 3293 et
1860 3238 2027 3294 dicit:

445 3355 464 3390 ι
497 3335 721 3406 Oportet
749 3333 891 3388 enim
920 3330 1266 3398 corruptibile
1292 3328 1395 3384 hoc
1422 3328 1643 3390 induere
1665 3329 2029 3398 incorruptio-

445 3446 465 3480 s
506 3441 626 3482 nem
682 3433 737 3480 et
798 3422 1023 3478 mortale
1077 3422 1177 3475 hoc
1245 3419 1466 3475 induere
1530 3419 2028 3475 immortalitatem:

444 3539 467 3574 s
501 3535 622 3574 cum
653 3524 832 3572 autem
854 3513 1199 3585 corruptibile
1243 3511 1345 3566 hoc
1387 3511 1621 3566 induerit
1672 3511 2034 3581 incorruptio-

446 3632 466 3667 ι
504 3627 648 3674 nem,
676 3619 729 3665 et
755 3606 978 3663 mortale
1001 3605 1104 3660 hoc
1139 3604 1371 3660 induerit
1408 3601 1882 3667 immortalitatem,
1907 3611 2035 3659 tunc

448 3723 466 3757 ι
503 3703 592 3759 fiet
625 3715 804 3758 sermo
850 3698 940 3770 qui
962 3697 1193 3767 scriptus
1217 3704 1300 3751 est
1328 3711 1342 3748 :
1374 3694 1641 3764 Absorpta
1679 3701 1763 3748 est
1791 3707 1935 3748 mors
1979 3693 2034 3748 in

447 3816 470 3850 ι
505 3796 804 3851 victoriam.
835 3791 935 3848 Ubi
968 3798 1069 3856 est,
1096 3802 1261 3853 mors,
1287 3787 1505 3842 aculeus
1529 3794 1648 3840 tuus
1679 3804 1698 3837 ι
1734 3784 1773 3857 (l
1800 3784 1918 3840 Cor.
1943 3801 2034 3852 xv,

447 3889 677 3960 51-55)?
728 3884 884 3942 Modo
933 3884 1076 3941 enim
1143 3880 1405 3937 inchoatis
1479 3878 1531 3933 in
1587 3877 1738 3934 nobis
1791 3877 2038 3948 primitiis

445 3981 658 4044 mentis.
682 3978 823 4034 unde
843 3976 1214 4032 desideramus
1242 3971 1535 4027 Jerusalem
1557 4010 1572 4036 ,
1601 3968 1766 4024 multa
1793 3984 1858 4023 ex
1879 3983 2039 4024 carne

444 4069 776 4144 corruptibili
807 4066 1138 4124 contendunt
1165 4063 1450 4120 adversum
1475 4076 1592 4126 nos,
1623 4075 1743 4130 qua:
1774 4074 1880 4115 non
1904 4073 2038 4114 con-

446 4164 686 4228 tendent,
719 4175 840 4218 cum
868 4158 1027 4215 fuerit
1045 4170 1193 4212 mors
1220 4154 1470 4225 absorpta
1499 4152 1549 4206 in
1579 4149 1878 4206 victoriam.
1906 4149 2040 4205 Vin-

445 4267 530 4314 cet
561 4272 681 4328 pax,
709 4262 764 4310 et
789 4250 1006 4307 ﬁnietur
1029 4248 1250 4305 bellum.
1274 4244 1498 4314 Quando
1512 4253 1689 4298 autem
1718 4242 1892 4297 vincet
1914 4255 2038 4311 pax,

448 4349 624 4403 vincet
644 4346 731 4402 illa
756 4343 944 4400 civitas
989 4356 1109 4413 quae
1135 4339 1328 4394 dicitur
1354 4335 1503 4391 Visio
1527 4334 1695 4407 pacis.
1731 4332 1883 4388 Nulla
1912 4344 2044 4402 ergo

449 4443 551 4500 erit
575 4457 602 4495 a
633 4448 805 4495 morte
830 4435 1122 4492 contentio.
1153 4430 1310 4487 Modo
1336 4445 1458 4485 cum
1498 4437 1671 4484 morte
1693 4434 1890 4498 quanta
1909 4439 2042 4480 con-

451 4532 752 4589 tendimus!
781 4527 909 4584 lude
932 4534 1059 4582 sunt
1085 4522 1416 4579 delectiones
1454 4519 1720 4584 carnales,
1748 4533 1867 4588 qua:
1887 4516 2044 4572 nobis

450 4627 610 4683 etiam
640 4622 820 4678 illicito
869 4619 1032 4674 multa
1082 4622 1371 4686 suggerunt
1401 4631 1414 4668 :
1441 4613 1636 4684 quibus
1678 4624 1784 4666 non
1811 4623 2042 4665 consen-

452 4719 652 4777 timus.
681 4713 776 4769 sed
831 4721 1006 4766 tamen
1062 4723 1167 4762 non
1220 4703 1605 4761 consentiendo
1649 4699 2042 4758 contendimus.

458 4809 637 4866 Primo
678 4819 808 4875 ergo
849 4797 1278 4870 concupiscentia
1326 4795 1504 4852 carnis
1557 4801 1846 4865 sequentes
1895 4793 2047 4850 duxit

455 4915 573 4963 nos,
607 4904 789 4968 postea
811 4893 1101 4948 renitentes
1130 4889 1286 4945 traxit
1309 4904 1436 4955 nos;
1467 4886 1662 4944 deinde
1687 4895 1904 4958 accepta
1924 4901 2048 4957 gra-

455 4992 525 5048 tia
557 4988 718 5059 coepit
767 4999 868 5040 nos
910 4997 1011 5038 nec
1059 4982 1274 5046 ducere,
1320 4995 1421 5036 nec
1471 4979 1703 5044 trahere,
1735 4977 1829 5034 sed
1871 4977 2048 5034 adhuc

456 5069 782 5139 contendere
823 5076 1100 5132 nobiscum
1134 5091 1148 5129 :
1182 5081 1301 5143 post
1341 5072 1742 5128 contentionem
1768 5070 1870 5126 erit
1893 5078 1949 5126 et
1967 5069 2048 5126 vi-

457 5172 648 5229 ctoria.
674 5169 831 5227 Modo
863 5177 914 5223 te
940 5167 1040 5223 etsi
1066 5173 1353 5238 oppugnat,
1381 5179 1486 5220 non
1527 5172 1798 5236 expugnet
1821 5180 1835 5218 :
1863 5171 2049 5234 postea

459 5280 582 5322 cum
630 5265 880 5333 absorpta
911 5259 1069 5316 fuerit
1091 5272 1238 5313 mors
1267 5257 1321 5314 in
1368 5257 1643 5313 victoriam
1665 5298 1681 5326 ,
1707 5264 1764 5312 et
1816 5270 2052 5328 pugnare

461 5358 720 5417 cessabit.
733 5355 867 5424 Quid
885 5355 1083 5410 dictum
1099 5350 1216 5409 est?
1232 5350 1522 5407 Novissima
1545 5350 1751 5406 inimica
1771 5350 2055 5405 destruetur

463 5450 711 5525 mors(1d.
724 5450 815 5523 26)
826 5489 840 5505 .
855 5447 1094 5504 Reddam
1110 5453 1290 5502 votum
1307 5459 1507 5501 meum.
1523 5443 1677 5513 Quod
1691 5442 1897 5498 votum?
1913 5441 2056 5512 Qua-

463 5547 506 5605 si
520 5546 909 5604 holocaustum.
923 5541 1303 5598 Holocaustum
1316 5539 1459 5595 enim
1475 5547 1601 5595 tunc
1612 5536 1825 5605 dicitur,
1842 5534 2057 5608 quando

532 5732 553 5794 ιν
577 5729 916 5794 Aliqupt_ttss.,
949 5730 996 5794 et
1139 5729 1196 5775 Et
1215 5734 1335 5774 vero
1358 5719 1678 5794 copsiderata
1701 5717 2059 5793 interpretandi

467 5783 681 5852 ratione;
699 5787 841 5840 facile
863 5783 1213 5852 crediderimus
1237 5785 1553 5852 augustinum
1577 5787 1641 5836 ita
1665 5783 1867 5848 legisse.

543 5861 565 5893 ³
583 5845 785 5906 Sic'us‘s.
810 5857 868 5902 Αι
885 5849 1019 5909 ω,
1041 5845 1293 5910 quomodo.

1658 357 1720 416 8.
1756 349 2124 415 AUGUSTINI
2162 351 2466 414 EPISCOPI

3594 359 3681 418 πθ

2121 476 2290 524 totum
2312 467 2449 539 ignis
2472 468 2703 526 absumit
2730 485 2745 524 :
2767 467 3135 527 holocaustum
3161 469 3482 528 sacriﬁcium
3499 478 3577 526 est
3608 475 3683 531 ubi

2120 569 2287 616 totum
2309 562 2674 629 consumitur;
2697 568 2803 617 ελον
2826 561 2970 619 enim
2992 572 3158 619 totum
3176 563 3393 630 dicitur,
3424 577 3598 628 καῦσις,
3618 568 3686 620 in-

2117 654 2320 708 censio.
2346 653 2728 710 ﬂolocaustum
2759 663 2935 712 totum
2963 655 3264 711 incensum.
3305 654 3543 724 Arripiat
3583 673 3686 726 ergo

2117 759 2218 799 nos
2249 743 2408 815 ignis,
2459 745 2594 816 ignis
2644 745 2861 802 divinus
2917 745 2971 802 in
3020 745 3319 804 Jerusalem
3357 764 3373 802 :
3406 747 3690 816 incipiamus

2117 834 2312 892 ardere
2327 835 2608 904 charitate,
2631 837 2806 894 donec
2831 846 3002 894 totum
3019 839 3247 895 mortale
3263 849 3626 902 consumatur,
3649 852 3690 895 et

2119 926 2258 997 quod
2281 937 2467 984 contra
2512 944 2610 985 nos
2650 928 2941 995 iuerit,eat
2987 929 3042 986 in
3088 929 3421 986 sacriﬁcium
3476 930 3690 986 Domino.

2121 1017 2275 1074 Unde
2302 1018 2425 1076 alibi
2452 1018 2691 1078 dicitur:
2730 1039 2750 1073 ‹
2784 1021 3020 1094 Benigne
3070 1020 3178 1087 fac,
3213 1021 3466 1087 Domine,
3491 1023 3542 1077 in
3580 1023 3690 1078 bona

2127 1128 2147 1163 ι
2184 1111 2455 1168 voluntate
2481 1121 2567 1167 tua
2593 1112 2746 1178 Sion,
2770 1122 2829 1168 ut
2854 1113 3186 1170 aediﬁcentur
3217 1115 3355 1171 muri
3380 1114 3692 1172 Jerusalem:

2127 1220 2147 1254 ι
2187 1213 2311 1260 tunc
2331 1207 2635 1276 acceptabis
2672 1205 2992 1263 sacriﬁcium
3021 1206 3278 1280 justitiaz,
3317 1208 3617 1266 oblationes
3652 1221 3694 1267 et

2127 1314 2148 1348 ι
2185 1296 2492 1354 holocausta
2543 1297 2716 1371 (Psal.
2764 1315 2816 1364 ι,
2867 1299 2958 1365 20,
2991 1299 3109 1372 21).
3145 1299 3223 1356 Te
3279 1298 3443 1356 decet
3471 1301 3697 1372 hymnus,

2129 1405 2149 1441 ε
2186 1387 2328 1444 Deus
2355 1390 2405 1444 in
2436 1389 2562 1446 Sion
2595 1407 2610 1457 ;
2641 1399 2697 1447 et
2741 1390 2836 1446 tibi
2877 1391 3131 1448 reddetur
3171 1401 3352 1448 votum
3406 1391 3463 1447 in
3511 1392 3699 1449 Jerusa-

2129 1495 2149 1531 α
2185 1479 2344 1535 lem.»
2375 1478 2674 1547 Quaerimus
2700 1480 2808 1550 hic,
2839 1498 2908 1538 ne
2933 1483 3068 1538 forte
3103 1482 3219 1538 Rex
3256 1483 3416 1539 nobis
3460 1484 3618 1554 ipsius
3633 1486 3698 1542 ci-

2123 1571 2300 1628 vitatis
2319 1571 2746 1640 commendetur,
2780 1575 3039 1631 Dominus
3067 1584 3123 1632 et
3148 1575 3400 1632 Salvator
3430 1586 3610 1633 noster
3628 1579 3700 1634 Je-

2121 1677 2215 1718 sus
2251 1663 2496 1720 Christus
2533 1679 2547 1718 :
2579 1674 2858 1722 cantemus
2902 1681 3030 1738 ergo
3071 1666 3242 1723 donec
3287 1667 3356 1724 ad
3392 1667 3701 1726 evidentiora

2125 1759 2514 1828 perveniamus.
2545 1759 2767 1816 Possem
2808 1759 2950 1816 enim
2991 1761 3103 1832 jam
3144 1761 3326 1819 dicere
3382 1763 3561 1833 ipsum
3601 1778 3702 1821 esse

2123 1851 2208 1907 cui
2255 1851 2486 1906 dicitur:
2521 1850 2590 1906 Te
2613 1853 2752 1908 decet
2792 1854 3011 1924 hymnus
3033 1895 3049 1921 ,
3095 1853 3253 1922 Deus,
3279 1855 3334 1910 in
3372 1854 3702 1923 Sion;ettiln

2123 1943 2361 1998 reddetur
2395 1953 2566 1998 votum
2608 1945 2662 1999 in
2704 1943 3010 2002 Jerusalem.
3041 1946 3148 2004 Sed
3203 1947 3248 2002 si
3299 1947 3565 2014 dicerem,
3591 1947 3700 2004 mihi

2124 2035 2301 2107 potius
2324 2051 2483 2107 quam
2517 2037 2810 2108 Scriptura:
2837 2039 3179 2106 crederetur;
3208 2049 3262 2096 et
3288 2040 3414 2098 ideo
3437 2041 3577 2098 forte
3616 2057 3702 2098 non

2125 2127 2254 2182 mihi
2277 2127 2604 2185 crederetur.
2636 2130 2927 2185 Audiamus
2958 2131 3253 2202 sequentia.

2197 2220 2252 2276 5.
2284 2219 2434 2294 [verm
2463 2220 2543 2296 5.]
2572 2220 2801 2288 Exaudi,
2830 2224 3025 2296 inquit,
3055 2225 3335 2279 orationem
3359 2242 3530 2280 meam
3552 2242 3572 2281 :
3594 2227 3706 2282 adts

2127 2312 2290 2368 omnis
2332 2331 2454 2370 caro
2491 2317 2669 2370 veniet.
2721 2316 2790 2371 Et
2831 2316 3088 2374 habemus
3119 2317 3406 2374 Dominum
3431 2318 3702 2386 dicentem,

2127 2403 2306 2460 datam
2334 2405 2434 2462 sibi
2475 2415 2793 2477 petestatem
2838 2412 3014 2463 onmis
3053 2410 3235 2465 carnis
3264 2407 3444 2483 (Joau.
3481 2424 3617 2476 xvn,
3639 2408 3703 2480 2).

2128 2495 2303 2566 Cmpit
2345 2511 2473 2566 ergo
2517 2513 2778 2567 apparere
2818 2498 2928 2569 jam
2959 2498 3075 2554 Rex
3101 2499 3226 2568 ille,
3266 2515 3389 2556 cum
3430 2500 3699 2567 dicerem,

2129 2587 2198 2640 ad
2221 2595 2269 2640 te
2295 2586 2460 2642 omnis
2486 2605 2604 2642 caro
2632 2589 2810 2643 ueniet.
2841 2589 2921 2643 Ad
2951 2599 3029 2656 te,
3065 2590 3272 2662 inquit,
3303 2591 3467 2646 omnis
3496 2607 3613 2646 cura
3636 2609 3704 2647 re-

2130 2679 2252 2733 niet.
2282 2679 2458 2748 Quare
2489 2680 2727 2735 ad‘illum
2753 2681 2928 2736 omnis
2955 2696 3083 2738 caro
3115 2682 3330 2738 veniet?
3353 2681 3491 2751 Quia
3512 2697 3702 2738 cantent

2129 2773 2440 2844 assumpsit.
2470 2773 2588 2844 Quo
2617 2774 2796 2830 veniet
2822 2775 2999 2831 omnis
3016 2775 3184 2832 caro?
3222 2775 3366 2832 Tulit
3391 2775 3518 2832 inde
3540 2775 3697 2847 primio

2132 2865 2236 2921 tias
2281 2881 2349 2921 ex
2394 2876 2546 2921 utero
2585 2866 2830 2936 virginali
2864 2890 2878 2921 :
2907 2867 3198 2938 assumptis
3239 2867 3488 2937 primitiis
3535 2877 3701 2923 cetera

2133 2969 2548 3031 consequentur,
2579 2969 2633 3014 ut
2657 2959 3387 3038 holocaustumpcompleatur.
3406 2959 3560 3017 Unde
3573 2975 3699 3032 ergo,

2133 3049 2298 3105 omnis
2333 3051 2495 3104 caro?
2540 3049 2728 3105 Omnis
2771 3050 2953 3106 homo.
3004 3037 3074 3106 Et
3101 3050 3282 3117 unde,
3321 3051 3501 3107 omnis
3524 3049 3700 3106 homo?

2133 3141 2400 3212 Numquid
2441 3158 2630 3198 omnes
2656 3143 2911 3199 credituri
2953 3145 3293 3218 praenuntiati
3327 3154 3454 3200 sunt
3481 3146 3534 3200 in
3565 3143 3701 3201 Chri-

2135 3235 2322 3290 stum?
2365 3234 2559 3291 Nonne
2601 3235 2752 3290 multi
2798 3235 2946 3308 impii
2981 3236 3259 3307 quietiam
3299 3235 3702 3294 damnabuntur?

2134 3324 2322 3382 Nonne
2347 3325 2586 3397 quotidie
2631 3327 2784 3381 multi
2811 3342 2914 3382 non
2944 3325 3229 3384 credentes
3253 3370 3268 3394 ,
3301 3328 3354 3383 in
3375 3343 3471 3384 sua
3499 3326 3702 3383 infideli-

2137 3427 2244 3474 tate
2288 3420 2632 3475 moriuntur?
2683 3419 2989 3476 Secundum
3029 3421 3156 3492 quid
3193 3435 3322 3493 ergo
3362 3422 3701 3492 intelligimus,

2137 3510 2206 3563 ad
2238 3521 2285 3564 te
2317 3511 2480 3566 omnis
2508 3528 2630 3566 caro
2665 3513 2871 3568 veniet?
2903 3511 3081 3568 Omnis
3107 3530 3225 3568 caro
3245 3514 3410 3578 dixit,
3442 3517 3609 3571 omnis
3623 3531 3703 3586 ge-

2140 3603 2284 3659 neris
2319 3619 2446 3660 caro
2480 3621 2586 3660 :ex
2622 3606 2768 3660 omni
2807 3620 3004 3676 genere
3042 3606 3219 3661 c.1rnis
3265 3609 3512 3663 venietur
3549 3607 3609 3662 ad
3643 3617 3700 3662 te.

2140 3696 2278 3767 Quid
2300 3706 2383 3754 est
2402 3739 2418 3764 ,
2447 3713 2516 3755 ex
2542 3699 2688 3754 omni
2719 3713 2918 3770 genere
2943 3699 3158 3754 carnis?
3180 3698 3451 3770 Numquid
3471 3707 3704 3756 venerunt

2141 3803 2440 3860 pauperes,
2484 3799 2539 3845 et
2565 3806 2670 3844 non
2714 3798 2977 3846 venerunt
3003 3789 3233 3846 divites?
3281 3791 3534 3862 numquid
3565 3805 3702 3846 vene-

2143 3890 2268 3937 runt
2297 3882 2554 3947 humiles,
2597 3892 2652 3937 ct
2693 3898 2797 3936 non
2841 3892 3106 3937 venerunt
3147 3883 3438 3939 sublimes?
3479 3881 3701 3952 numquid

2143 3984 2406 4044 venerunt
2440 3975 2674 4043 indocti,
2727 3985 2781 4030 et
2812 3990 2917 4031 non
2957 3985 3217 4032 venerunt
3248 3975 3429 4032 docti?
3479 3972 3701 4046 numquid

2144 4075 2405 4123 venerunt
2436 4067 2556 4134 viri,
2585 4075 2639 4122 et
2659 4082 2765 4122 non
2795 4077 3056 4124 venerunt
3083 4068 3334 4124 feminm?
3359 4069 3605 4140 numquid
3626 4081 3702 4122 ve-

2146 4169 2341 4216 nerunt
2367 4160 2605 4225 domini,
2634 4168 2690 4217 et
2717 4174 2822 4216 non
2855 4169 3116 4216 venerunt
3145 4161 3328 4218 servi?
3357 4160 3602 4232 numquid
3623 4174 3702 4216 ve-

2151 4260 2344 4306 nerunt
2373 4265 2550 4319 senes,
2578 4261 2634 4306 ct
2658 4267 2763 4306 non
2789 4262 3053 4307 venerunt
3073 4251 3333 4324 juvenes?
3359 4265 3450 4308 aut
3474 4259 3702 4309 venerunt

2141 4346 2386 4419 juvenes,
2419 4354 2473 4402 et
2503 4361 2610 4401 non
2638 4355 2898 4403 venerunt
2926 4346 3334 4403 adolescentes?
3360 4357 3455 4404 aut
3476 4352 3703 4404 venentnt

2146 4439 2544 4501 adolescentes.
2592 4446 2651 4494 et
2678 4454 2783 4494 non
2814 4448 3071 4494 venerunt
3111 4439 3304 4510 pueri?
3350 4449 3446 4496 aut
3470 4447 3704 4498 venerunt

2151 4530 2318 4601 pueri,
2349 4539 2403 4585 et
2430 4544 2532 4584 non
2559 4529 2704 4584 allati
2734 4538 2858 4585 sunt
2886 4529 3152 4587 infantes?
3172 4531 3458 4588 Postremo
3482 4527 3702 4603 numquid

2148 4629 2415 4676 venerunt
2431 4620 2599 4676 Judaei
2633 4620 2779 4695 (nam
2810 4622 2935 4680 inde
2960 4632 3114 4679 erant
3137 4624 3402 4695 Apostoli,
3426 4625 3546 4682 inde
3569 4624 3702 4680 multa

2148 4713 2312 4770 millia
2336 4715 2506 4786 primo
2538 4715 2880 4784 tradentium,
2910 4726 3095 4787 postea
3123 4717 3512 4792 credentium);
3540 4727 3589 4774 et
3612 4731 3694 4772 non

2149 4815 2412 4862 venerunt
2440 4805 2653 4863 Graeci?
2704 4817 2795 4862 ant
2819 4817 3078 4865 venerunt
3104 4807 3278 4866 Grteci
3301 4851 3317 4877 ,
3355 4821 3410 4867 et
3440 4828 3542 4866 non
3567 4827 3705 4866 vene-

2149 4908 2276 4955 runt
2301 4899 2569 4958 Romani?
2598 4911 2688 4956 aut
2715 4911 2977 4958 venerunt
3001 4901 3250 4969 Romani,
3274 4912 3329 4958 et
3353 4919 3462 4960 non
3485 4913 3707 4959 venerint.

2153 4989 2412 5045 Barbari?
2437 4991 2505 5046 Et
2531 4991 2650 5062 quis
2675 5001 2921 5048 numeret
2945 5007 3137 5049 omnes
3160 5003 3350 5065 gentes
3379 4993 3640 5050 venientes
3662 5010 3682 5042 ες

2152 5098 2276 5139 eum
2295 5082 2382 5138 cui
2407 5082 2603 5138 dictum
2631 5092 2714 5139 est
2741 5103 2754 5139 :
2789 5083 2867 5138 Ad
2897 5092 2945 5139 te
2968 5085 3133 5140 omnis
3160 5101 3281 5140 caro
3306 5087 3506 5143 ueniet?
3534 5084 3706 5140 lixam»

2154 5177 2430 5231 orationem
2456 5193 2615 5230 meant
2645 5191 2663 5230 :
2686 5176 2754 5230 ad
2779 5185 2827 5230 te
2845 5177 3007 5231 omnis
3036 5193 3155 5232 caro
3181 5179 3361 5232 veniet.

2227 5271 2280 5326 6.
2310 5268 2458 5344 [vers
2487 5267 2565 5342 4.]
2595 5269 2863 5326 Sermones
2892 5269 3177 5340 iniquorum
3201 5271 3567 5342 prmlmnt
3592 5287 3684 5337 sup.

2159 5381 2285 5431 nos;
2313 5373 2358 5418 et
2384 5363 2664 5435 inipietates
2691 5372 2888 5418 nostras
2922 5373 2976 5416 tu
3013 5363 3365 5435 propitiaberis
3395 5365 3438 5419 ¹.
3481 5361 3604 5432 Quid
3633 5369 3689 5411 vr!

2160 5457 2429 5515 Sermones
2452 5457 2737 5528 iniquorum
2771 5457 3312 5529 prteualueruntsuper
3331 5474 3456 5523 nos;
3495 5467 3538 5512 ct
3561 5453 3703 5521 impi-

2161 5559 2285 5606 tates
2305 5559 2504 5605 nostras
2532 5558 2587 5604 tu
2606 5548 2957 5619 propitiaberis
2979 5549 3005 5603 ?
3031 5548 3184 5618 Quod
3213 5551 3322 5605 nati
3351 5564 3532 5606 sumus
3561 5548 3605 5602 in
3633 5543 3700 5596 In:

2163 5650 2334 5710 terra,
2377 5641 2588 5712 iniquos
2620 5641 2921 5697 invenimus
2953 5657 3091 5714 quos
3119 5643 3404 5714 loquentes
3427 5638 3697 5698 audivimus.

2230 5779 2250 5810 ί
2273 5774 2584 5848 otnnesjibri
2605 5775 2704 5838 hic,
2724 5774 3100 5842 propitiaberis;
3133 5776 3224 5830 sed
3261 5775 3388 5831 infra
3417 5775 3617 5842 plerique
3636 5766 3686 5818 1³³

2168 5842 2308 5901 bent,
2331 5839 2625 5902 propitiabis.
