3912 6422
131 401 230 459 ⁸177

131 606 400 666 Cltaritatis
435 605 656 661 Vestras.
695 606 883 662 Omnis
912 607 1073 662 homo
1096 608 1414 679 ubicumque
1438 609 1697 677 nascitur,

131 700 283 770 ipsius
310 708 486 758 terrm.
508 699 590 752 vel
610 699 864 769 regionis,
891 698 975 755 vel
993 699 1223 755 civitatis
1247 699 1481 771 linguam
1503 699 1695 768 discit;

129 793 257 849 illius
280 788 534 844 imbuitur
560 790 801 846 moribus
829 798 884 846 et
903 790 1029 846 vita.
1055 790 1193 860 Quid
1216 791 1413 848 faceret
1443 807 1574 863 puer
1599 807 1697 848 na-

128 893 205 938 tus
232 882 366 938 inter
389 880 665 952 Paganos,
711 890 768 936 ut
794 897 901 937 non
929 882 1134 939 coleret
1160 882 1389 953 lapidem
1414 925 1430 951 ,
1480 883 1696 955 quando

126 976 259 1031 illum
301 973 499 1028 cultum
553 973 957 1030 insinuaverunt
1011 962 1300 1044 parentes?
1346 974 1475 1031 Inde
1524 976 1696 1046 prima

124 1066 271 1122 verba
297 1064 532 1129 audivit;
565 1065 714 1120 illum
739 1081 977 1121 errorem
999 1080 1120 1122 cum
1138 1067 1274 1122 lacte
1292 1067 1435 1122 suxit
1459 1084 1471 1121 :
1501 1075 1551 1123 et
1569 1068 1693 1137 quia

123 1156 189 1212 illi
213 1155 297 1226 qui
327 1154 687 1227 loquebantur
710 1156 944 1227 majores
970 1165 1123 1212 erant
1143 1198 1159 1224 ,
1189 1167 1245 1212 et
1268 1171 1403 1229 puer
1427 1156 1513 1227 qui
1544 1156 1691 1228 loqui

121 1249 342 1304 discebat
375 1247 553 1303 infans
575 1256 720 1313 erat,
751 1247 892 1304 unde
924 1257 1137 1319 poterat
1162 1248 1414 1319 parvulus
1442 1249 1544 1303 nisi
1574 1262 1689 1303 ma-

120 1341 277 1412 jorum
306 1341 678 1396 auctoritatem
703 1340 889 1409 sequi,
935 1348 991 1395 et
1032 1339 1085 1394 id
1113 1339 1215 1394 sibi
1252 1340 1453 1395 bonum
1493 1338 1689 1396 ducere

120 1435 246 1507 quod
274 1435 346 1491 illi
383 1434 702 1492 laudarent?
739 1434 881 1506 Ergo
920 1443 1108 1505 gentes
1144 1448 1418 1489 conversa:
1446 1434 1511 1488 ad
1536 1431 1691 1488 Chri-

118 1537 242 1585 stum
286 1538 509 1599 postea,
557 1535 614 1583 et
661 1527 1008 1584 recordantes
1056 1526 1359 1595 impietates
1407 1535 1686 1595 parentum

116 1636 356 1687 suontm,
403 1627 460 1676 et
499 1619 739 1675 dicentes
775 1618 885 1689 jam
923 1617 1067 1690 quod
1096 1617 1231 1673 dixit
1270 1617 1527 1688 propheta
1573 1619 1686 1688 ipse

114 1713 357 1770 Jercmias
378 1754 396 1781 ,
449 1711 578 1768 Vere
613 1711 930 1768 mendacium
971 1712 1235 1766 coluerunt
1279 1723 1448 1782 patres
1495 1711 1684 1778 nostri;

113 1805 363 1859 vanitatem
385 1818 503 1875 qua
534 1805 607 1859 eis
641 1819 742 1858 non
772 1802 964 1875 profuit
993 1800 1207 1871 (leran.
1240 1817 1325 1857 xvt
1345 1843 1362 1868 ,
1397 1800 1491 1875 19)
1520 1820 1534 1857 :
1561 1816 1682 1859 cum

111 1910 226 1964 ergo
260 1896 366 1965 jam
411 1894 516 1951 hoc
555 1895 771 1958 dicunt,
811 1893 1117 1949 renuntiant
1146 1893 1487 1964 opinionibus
1514 1903 1568 1950 et
1592 1910 1684 1950 sa-

112 1987 325 2057 crilegiis
363 1995 644 2058 parentum
688 1999 904 2041 suorum
953 1984 1276 2056 iniquorum.
1325 1984 1434 2041 Sed
1463 1986 1585 2056 quia
1622 1995 1683 2041 ut

111 2078 463 2135 insererentur
503 2077 697 2133 talibus
735 2076 1078 2148 opinionibus
1103 2086 1159 2133 et
1194 2076 1524 2148 sacrilegiis,
1555 2093 1682 2149 per-

109 2170 370 2225 suasiones
394 2168 641 2226 fecerunt
669 2182 859 2224 eorum
879 2168 970 2239 qui
994 2177 1196 2238 quanto
1218 2177 1377 2224 aetate
1406 2168 1682 2238 praecede-

108 2261 243 2329 bant,
271 2271 419 2318 tanto
444 2260 763 2318 auctoritate
781 2259 1087 2330 praecedere
1103 2259 1301 2316 debere
1320 2260 1677 2331 putabantur;

107 2354 379 2410 conﬁtetur
416 2353 528 2425 jam
555 2352 734 2410 redire
761 2352 946 2407 volens
970 2351 1039 2407 ad
1076 2351 1373 2408 Jerusalem
1399 2351 1468 2407 de
1503 2351 1679 2424 Baby-

107 2445 258 2512 lonia,
284 2454 340 2502 et
364 2445 494 2502 dicit
518 2460 532 2498 :
567 2444 839 2501 Sermones
868 2443 1157 2515 iniquorum
1188 2444 1558 2515 prevaluerunt
1588 2443 1682 2497 ad-

105 2554 262 2595 versus
291 2556 401 2595 nos.
430 2539 713 2595 Duxerunt
732 2553 831 2593 nos
859 2537 997 2592 mala
1018 2536 1307 2602 docentes;
1338 2538 1483 2593 cives
1503 2536 1680 2610 Baby-

104 2630 251 2687 loniae
291 2646 392 2687 nos
431 2629 673 2686 fecerunt
712 2628 1061 2685 :dimisimus
1098 2626 1440 2695 Creatorem,
1484 2628 1678 2684 adora-

101 2724 262 2780 vimus
287 2731 621 2788 creaturam;
648 2720 947 2776 dimisimus
966 2736 1090 2776 eum
1119 2736 1149 2773 a
1179 2735 1286 2790 quo
1325 2720 1447 2775 facti
1470 2735 1676 2790 sumus,

96 2816 428 2874 adoravimns
445 2815 590 2888 quod
616 2814 718 2886 ipsi
737 2813 979 2870 fecimus.
1011 2811 1282 2869 Sermones
1310 2814 1452 2869 enim
1482 2814 1681 2885 iniquo-

94 2924 198 2962 rum
233 2906 607 2979 praeualuerunt
640 2921 792 2975 super
818 2921 911 2960 nos
939 2920 959 2960 :
985 2903 1081 2960 sed
1117 2913 1292 2961 tamen
1320 2920 1426 2961 non
1451 2920 1678 2976 oppres-

88 3009 273 3056 serunt
297 3015 416 3055 nos.
452 2998 665 3068 Quare?
685 2996 980 3070 Impietates
1000 3007 1198 3054 nostras
1226 3006 1280 3052 tu
1304 2998 1674 3070 propitiaberis.

93 3090 333 3148 lntendat
358 3090 607 3147 Charitas
633 3089 844 3147 Vestra.
887 3087 1253 3162 Propitiaberis
1278 3090 1554 3160 impietates
1582 3106 1677 3145 no-

92 3192 217 3240 stras
242 3199 257 3237 :
286 3196 394 3238 non
417 3181 618 3238 dicitur
653 3180 754 3238 nisi
783 3180 993 3236 cuidam
1018 3179 1283 3236 sacerdoti
1304 3179 1550 3236 offerenti
1574 3180 1676 3237 ali-

95 3276 213 3350 quid
234 3318 251 3345 ,
279 3273 424 3332 unde
465 3274 711 3346 impietas
736 3273 986 3346 expietur
1011 3281 1067 3329 et
1103 3273 1440 3344 propitietur.
1487 3273 1678 3344 Impie-

98 3376 173 3424 tas
207 3369 348 3426 enim
392 3374 522 3424 tunc
562 3365 762 3423 dicitur
803 3365 1119 3438 propitiari,
1164 3380 1286 3422 cum
1331 3365 1592 3439 propitius
1619 3367 1678 3423 ﬁt

99 3461 234 3520 Deus
265 3462 545 3533 impietati.
572 3459 712 3530 Quid
737 3469 853 3527 est,
878 3459 995 3517 ﬁeri
1018 3460 1185 3515 Deum
1214 3460 1471 3530 impietati
1500 3461 1679 3531 propi-

100 3553 262 3610 tium?
288 3553 340 3610 id
368 3561 472 3621 est,
500 3553 864 3625 ignosceutem
889 3560 945 3608 et
969 3551 1179 3608 veniam
1212 3552 1451 3606 dantem.
1481 3552 1586 3609 Sed
1616 3562 1677 3609 ut

100 3646 187 3703 Dei
213 3647 365 3703 venia
412 3646 758 3718 impetretur,
790 3644 1097 3717 propitiatio
1128 3644 1185 3701 ﬁt
1213 3660 1309 3716 per
1341 3646 1556 3717 aliquod
1590 3661 1678 3703 sa-

100 3738 367 3797 cricinm.
399 3739 617 3796 Exstitit
640 3753 770 3811 ergo
796 3754 827 3793 a
856 3739 965 3794 Deo
987 3738 1215 3794 Domino
1235 3739 1432 3794 missus
1460 3739 1673 3807 quidam

100 3831 341 3888 sacerdos
366 3839 554 3887 noster
574 3848 590 3896 ;
612 3831 903 3901 assumpsit
919 3846 949 3884 a
976 3830 1134 3885 nobis
1159 3830 1299 3901 quod
1330 3830 1546 3887 offerret
1573 3832 1676 3887 Do-

100 3924 253 3994 mino,
282 3925 424 3998 ipsas
448 3924 684 3981 diximus
703 3932 918 3981 sanctas
944 3923 1208 3995 primitias
1231 3923 1410 3998 carnis
1432 3938 1501 3979 ex
1523 3933 1676 3979 utero

105 3994 331 4087 virginis.
362 4016 478 4072 lloc
501 4015 869 4071 holocaustum
905 3994 1098 4070 obtulit
1127 4014 1235 4071 Deo
1259 4031 1273 4068 :
1303 3994 1541 4070 extendit
1564 4028 1678 4068 ma-

100 4119 191 4160 nus
213 4105 264 4163 in
285 4121 465 4175 cruce,
499 4113 557 4161 ut
579 4104 803 4172 diceret,
835 4103 1100 4177 Dirigatur
1124 4106 1286 4160 oratio
1308 4121 1418 4160 mea
1445 4105 1572 4159 sicut
1596 4105 1677 4159 in-

100 4212 289 4254 censum
327 4200 384 4256 in
425 4207 696 4271 conspectu
746 4207 874 4264 tuo;
920 4198 1133 4253 elevatia
1175 4212 1416 4252 manuunt
1450 4212 1675 4251 mearum

99 4292 388 4363 sacriﬁcium
424 4290 761 4362 vespertinum
800 4287 973 4364 (Psal.
1003 4305 1140 4358 (ιιι,
1168 4287 1248 4362 2).
1303 4290 1452 4346 Sicut
1478 4288 1669 4357 nostis,

100 4384 210 4453 quia
228 4384 483 4441 Dominus
497 4384 641 4440 circa
653 4397 931 4455 vesperam
949 4382 1200 4455 pependit
1214 4381 1264 4438 in
1279 4396 1436 4439 cruce
1457 4381 1670 4454 (Matth.

100 4487 234 4530 xxvn
260 4515 277 4543 ,
319 4475 411 4548 46)
442 4493 457 4530 :
487 4483 543 4531 ct
590 4473 891 4546 impietates
935 4482 1135 4530 nostra:
1182 4473 1484 4546 propitiata:
1511 4482 1669 4542 sunt;

101 4563 283 4638 alioqui
311 4565 706 4623 absorbuerant
725 4580 825 4622 nos
854 4581 869 4619 :
893 4576 1172 4622 sermones
1198 4565 1501 4637 iniquorum
1529 4581 1671 4637 prte-

101 4656 363 4713 valuerant
388 4671 557 4728 super
584 4668 684 4711 nos
709 4671 727 4722 ;
765 4654 1032 4711 duxerant
1058 4670 1156 4710 nos
1178 4655 1558 4726 prredicatorcs
1580 4655 1674 4713 Jo-

101 4746 194 4813 vis,
220 4758 275 4805 et
289 4748 526 4815 Saturni,
548 4756 603 4804 et
627 4746 875 4804 Mercurii
907 4765 921 4802 :
944 4746 1215 4803 Sermones
1238 4747 1524 4818 iniquorum
1541 4763 1675 4817 prte-

102 4840 349 4897 vatuerunt
371 4858 526 4915 super
548 4856 661 4897 nos.
703 4838 810 4897 Sed
839 4838 967 4910 quid
1001 4838 1207 4895 facies?
1254 4836 1547 4910 Impietates
1572 4855 1673 4894 no-

104 4940 253 5003 stras,
279 4944 336 4991 tu
364 4932 738 5009 propitiaberis.
786 4931 868 4990 Tu
893 4930 1146 4988 sacerdos
1168 4974 1184 5000 ,
1231 4940 1288 4988 tu
1315 4930 1565 4997 victima;
1612 4940 1672 4988 tu

104 5022 316 5093 oblator,
348 5034 403 5082 tu
437 5025 658 5083 oblatio.
708 5023 830 5096 Ipse
865 5021 1119 5078 sacerdos
1155 5031 1237 5078 est
1258 5064 1275 5090 ,
1306 5022 1396 5094 qui
1421 5036 1564 5078 nunc
1591 5021 1674 5079 in-

104 5127 307 5184 gressus
347 5119 601 5176 interiora
627 5117 734 5176 veli
758 5157 774 5183 ,
819 5116 968 5173 solus
1009 5116 1080 5172 ibi
1110 5132 1177 5172 ex
1205 5115 1288 5172 his
1319 5116 1411 5188 qui
1453 5130 1672 5173 carnem

105 5195 452 5279 gestaverunt,
482 5209 794 5283 interpellat
816 5223 915 5280 pro
929 5209 1083 5265 nobis
1105 5206 1288 5281 (Ilebr.
1310 5223 1384 5274 vr,
1409 5206 1476 5265 l9
1491 5216 1539 5263 et
1555 5206 1670 5280 20).

108 5294 159 5352 ln
187 5301 330 5373 cuius
354 5304 431 5360 rei
459 5301 624 5375 ﬁgura
643 5342 661 5369 ,
715 5302 767 5357 in
798 5301 891 5356 illo
920 5299 1094 5371 primo
1122 5300 1316 5371 populo
1337 5341 1353 5367 ,
1403 5308 1458 5356 et
1498 5299 1552 5355 in
1582 5300 1674 5356 illo

110 5392 269 5458 primo
295 5396 491 5468 templo
509 5436 525 5463 ,
552 5409 693 5451 unus
712 5391 965 5450 sacerdos
985 5391 1223 5448 intrabat
1247 5392 1299 5446 in
1320 5391 1516 5448 Sancta
1548 5406 1676 5449 san-

107 5489 301 5542 ctorum
324 5504 341 5554 ;
363 5489 588 5561 populus
609 5485 786 5544 omnis
809 5485 942 5542 foris
965 5485 1143 5542 stabat
1174 5503 1191 5540 :
1219 5492 1275 5540 et
1292 5485 1386 5555 (ille
1411 5484 1501 5555 qui
1525 5484 1674 5542 solus

110 5571 488 5647 ingrediebatur
530 5582 587 5639 in
627 5581 879 5637 interiora
901 5579 1032 5644 veli,
1063 5577 1322 5636 offerebat
1352 5577 1674 5637 sacriﬁcium

108 5676 200 5735 pro
214 5674 403 5743 popqu
418 5673 546 5730 foris
561 5682 738 5729 stante
763 5670 874 5746 (Μ.
899 5687 975 5736 tx,
997 5671 1075 5741 7).
1090 5670 1146 5727 Si
1171 5670 1495 5740 intelligatur
1513 5670 1672 5738 bene,

109 5758 316 5827 spiritus
337 5765 567 5823 viviﬁcat
594 5782 609 5820 :
641 5765 686 5821 si
720 5778 826 5821 non
857 5762 1180 5835 intelligatur
1201 5804 1217 5829 ,
1256 5760 1430 5817 littera
1457 5761 1672 5820 occidit.

111 5843 258 5912 ludo
273 5869 393 5913 cum
419 5855 688 5931 legeretur
711 5856 998 5928 Apostolus
1013 5893 1032 5923 ,
1070 5852 1295 5912 audistis
1318 5869 1334 5910 :
1362 5850 1555 5912 Littera
1578 5869 1669 5911 occ

333 5948 555 6016 Sacr.
591 5952 868 6016 Ausus'r.
899 5948 1003 6013 IV.

1200 401 1597 461 ENARRATIO
1623 403 1689 462 IN
1728 405 2050 468 PSALMUM
2088 411 2273 472 LXIV.

135 515 186 574 Si
214 513 697 588 possim'explicare
724 514 867 586 quod
895 514 1091 584 sentio,
1117 515 1331 587 adjuvet
1357 533 1442 574 me
1473 518 1701 576 intentio

1806 521 1971 613 cidit;
2013 526 2224 594 spiritus
2249 535 2417 583 autem
2442 531 2680 604 uiviﬁcal.
2728 536 2866 606 Quid
2895 540 3037 598 enim
3063 553 3310 613 ageretur
3339 548 3397 604 in

1805 611 1900 668 illo
1928 618 2145 686 populo,
2174 618 2345 676 Judaei
2372 624 2681 680 nescierunt
2705 646 2719 691 ;
2759 632 2852 686 sed
2883 649 2982 690 nec
3007 611 3165 691 modo
3192 640 3418 696 εεὶιιιιι..Δ

1807 704 1882 804 De
1911 706 2013 763 illis
2045 712 2241 782 quippe
2264 713 2464 770 dictum
2503 726 2586 773 est
2615 737 2628 773 :
2670 719 2927 789 Quamdiu
2952 729 3129 796 tegitur
3166 726 3418 804 Moyses,~

1802 796 2028 854 velamen
2070 818 2227 875 super
2262 822 2352 861 cor
2392 824 2569 863 eorum
2612 813 2831 883 positum
2882 826 2973 871 est.
3030 818 3106 873 lbi
3150 796 3393 883 velamen

1802 887 1968 978 ﬁgura
2010 901 2093 947 est
2125 911 2139 949 :
2169 895 2262 950 sed
2308 898 2526 955 tolletur
2553 902 2718 972 ﬁgura
2739 945 2753 968 ,
2797 914 2851 962 et
2890 909 3167 978 apparebit
3195 914 3394 971 veritas

1801 977 1855 1033 in
1877 979 1956 1074 eis
1978 980 2126 1074 ipsis.
2159 983 2271 1052 Sed,
2291 988 2504 1056 quando
2536 992 2752 1049 tolletur
2777 995 3056 1053 velamen?
3088 1002 3222 1057 Audi
3247 1003 3393 1074 Apo-

1798 1070 1992 1126 stolnm
2024 1090 2038 1125 :
2069 1073 2195 1128 Cum
2217 1086 2384 1132 autem
2415 1083 2674 1137 transieris
2702 1084 2718 1115 ί
2746 1086 2813 1139 ad
2838 1086 3145 1158 Dominum,
3182 1070 3387 1165 auferes

1798 1169 1882 1214 tur
1908 1162 2151 1219 velamen.
2205 1166 2339 1222 Dum
2366 1184 2496 1241 ergo
2535 1188 2640 1227 non
2671 1182 2950 1233 transeunt
2976 1179 3042 1234 ad
3082 1162 3383 1255 Dominum,

1795 1256 2046 1326 quamdiu
2072 1258 2253 1329 legunt
2288 1260 2505 1334 Moysen
2528 1305 2544 1328 ,
2589 1267 2834 1323 velamen
2863 1271 3058 1327 habent
3084 1288 3243 1344 super
3269 1293 3383 1332 cor.

1794 1345 1876 1401 Ad
1901 1346 2001 1402 hoc
2030 1363 2426 1408 sacramentum
2456 1355 2691 1427 fulgebat
2714 1367 2837 1415 tunc
2866 1360 3029 1417 facies
3065 1364 3229 1437 Moysi
3255 1410 3270 1433 ,
3315 1370 3387 1422 ita

1793 1448 1847 1529 ut
1869 1455 1971 1494 non
2004 1453 2205 1509 possent
2231 1444 2489 1501 intendere
2512 1448 2608 1516 ﬁlii
2630 1447 2799 1505 Israel
2830 1452 2881 1506 in
2905 1454 3087 1525 faciem
3120 1459 3228 1528 ejus
3268 1459 3389 1529 (au-

1791 1527 1945 1585 distis
1971 1533 2130 1588 modo
2155 1548 2275 1589 cum
2304 1536 2592 1610 legeretur)
2616 1556 2632 1604 ;
2661 1549 2715 1595 et
2737 1543 2977 1599 velamen
2999 1556 3113 1601 erat
3139 1527 3383 1603 inter-fa-

1790 1623 1927 1678 ciem
1952 1625 2119 1697 Moysi
2150 1628 2417 1698 loquentis
2439 1670 2453 1694 ,
2486 1642 2539 1685 et
2577 1634 2829 1702 p0pulum
2857 1636 3165 1694 audientem
3194 1642 3380 1699 verba.

1791 1712 1895 1769 Per
1934 1716 2110 1773 velum
2150 1720 2312 1774 verba
2352 1721 2674 1789 audiebant;
2729 1725 2915 1782 faciem
2965 1745 3073 1785 non
3103 1732 3377 1790 videbant.

1790 1802 1858 1858 Et
1890 1807 2016 1877 quid
2047 1807 2123 1862 ait
2167 1811 2494 1879 Apostolus?
2536 1812 2623 1867 Ita
2657 1825 2712 1868 ut
2749 1833 2850 1871 non
2888 1832 3088 1890 possent
3125 1824 3383 1883 intendere

1789 1897 1886 1966 filii
1928 1896 2096 1954 Israel
2132 1901 2186 1955 in
2217 1902 2397 1973 facient
2426 1903 2614 1977 Moysi.
2659 1906 2778 1962 Non
2806 1910 3156 1982 intendebant,
3186 1917 3379 1988 inquit,

1787 2004 1945 2061 usque
1985 1991 2039 2043 in
2077 1992 2231 2061 finem
2273 1993 2339 2065 (ll
2365 1993 2484 2049 Cor.
2518 2012 2596 2063 ιιι,
2625 1996 2801 2070 6-16).
2851 2000 2986 2068 Quid
3015 2015 3118 2075 est,
3149 2023 3304 2078 usque
3324 2010 3381 2065 in

1787 2079 1943 2171 finem
1964 2080 1991 2133 ?
2018 2081 2196 2153 Usque
2213 2100 2319 2154 quo
2341 2086 2699 2159 intelligerent
2718 2090 3008 2149 Christum.
3036 2095 3169 2152 Dicit
3185 2099 3380 2171 quippe

1787 2170 2074 2240 Apostolus
2107 2192 2121 2227 :
2149 2173 2297 2229 Finis
2343 2177 2475 2231 enint
2520 2178 2670 2250 Legit
2715 2180 2971 2253 Christus,
3018 2187 3087 2239 ad
3123 2170 3380 2259 justitiam

1785 2264 1925 2317 omni
1944 2265 2166 2320 credenti
2186 2267 2361 2338 (Rom.
2389 2287 2443 2337 x,
2466 2270 2547 2342 4).
2576 2272 2673 2327 Est
2693 2276 2906 2345 quidem
2933 2278 3183 2348 splendor
3208 2283 3262 2339 in
3294 2284 3379 2339 fa-

1785 2353 1868 2409 cie
1885 2354 2086 2427 Moysi,
2111 2368 2362 2428 tanquam
2394 2362 2446 2415 in
2470 2361 2607 2418 facie
2626 2366 2828 2420 carnali
2854 2376 2909 2421 et
2936 2371 3147 2425 mortali
3172 2390 3188 2426 :
3214 2390 3376 2433 num-

1784 2444 1910 2515 quid
1933 2445 2213 2503 diuturnus
2242 2461 2333 2503 aut
2365 2461 2598 2509 internus
2623 2468 2744 2509 esse
2768 2456 2994 2527 posset?
3031 2457 3201 2517 Morte
3225 2464 3376 2521 enim

1783 2537 2144 2607 succedente,
2194 2543 2434 2610 profecto
2489 2544 2809 2601 auferretur.
2873 2547 3141 2619 Splendor
3196 2562 3379 2613 autem

1784 2627 2132 2723 gloria:beati
2161 2632 2371 2687 Domini
2412 2637 2580 2691 nostri
2604 2636 2732 2692 Jesu
2756 2636 2977 2707 Christi,
3020 2644 3381 2714 sempiternus

1783 2727 1887 2776 est.
1919 2718 2025 2775 Sed
2054 2720 2182 2777 illud
2214 2722 2377 2793 ﬁgura
2400 2735 2517 2780 erat
2542 2729 2875 2797 temporalis,
2902 2729 3007 2786 hoc
3033 2741 3212 2790 autem
3232 2736 3380 2807 quod

1783 2809 1873 2866 illa
1902 2814 2066 2882 figura
2107 2815 2506 2884 signiﬁcabatur
2529 2858 2546 2885 ,
2577 2820 2797 2875 veritas.
2836 2820 3047 2893 Legum
3076 2825 3254 2897 itaque
3274 2869 3290 2897 ,
3321 2840 3379 2887 et

1783 2917 1889 2957 non
1935 2904 2236 2976 intelligunt
2280 2907 2550 2963 Christum
2579 2926 2592 2963 :
2626 2926 2732 2965 non
2779 2911 3081 2982 perducunt
3125 2917 3380 2976 intentio-

1781 3009 1904 3049 nem
1950 3010 2120 3066 usque
2164 2999 2218 3052 in
2263 2998 2445 3065 ﬁnem,
2493 3001 2616 3071 quia
2642 3001 2817 3058 velum
2866 3006 3172 3076 oppositum
3215 3021 3377 3082 negat

1780 3083 1861 3139 eis
1890 3095 2161 3154 aspectum
2205 3088 2504 3158 splendoris
2547 3091 2836 3147 interioris.
2879 3094 2948 3148 Et
2993 3095 3113 3152 vide
3158 3097 3233 3154 ibi
3272 3101 3376 3156 sub

1780 3179 1900 3234 velo
1922 3177 2212 3235 Christum.
2244 3181 2333 3237 Ait
2373 3183 2489 3251 ipse
2527 3185 2783 3241 Dominus
2826 3196 3011 3245 noster
3033 3188 3188 3248 Jesus
3209 3191 3375 3249 Chri-

1782 3279 1895 3326 stus
1925 3287 1940 3324 :
1980 3270 2044 3327 Si
2069 3272 2337 3327 crederetis
2376 3273 2577 3347 Moysi,
2616 3277 2884 3333 crederetis
2919 3289 2967 3335 et
3004 3283 3168 3349 mihi;
3205 3283 3269 3339 de
3296 3302 3377 3343 me

1778 3365 1913 3419 enim
1940 3364 2028 3419 ille
2052 3366 2254 3436 scripsit
2283 3365 2461 3439 (Joan.
2488 3384 2544 3435 v,
2568 3369 2684 3442 46).
2716 3370 3021 3443 Propitiatis
3046 3384 3223 3432 autem
3248 3393 3376 3450 peo-

1777 3456 1913 3513 catis
1955 3459 2154 3515 nostris
2200 3468 2256 3515 et
2307 3460 2668 3531 itnpietatibus
2720 3480 2817 3535 per
2870 3467 3000 3522 illud
3049 3472 3374 3530 sacriﬁcium

1777 3551 2176 3620 vespertinum,
2220 3554 2509 3609 transimus
2552 3555 2621 3611 ad
2664 3556 2981 3627 Dominum,
3029 3573 3083 3616 et
3132 3562 3374 3622 aufertur

1779 3640 2019 3696 velamen
2044 3660 2059 3695 :
2085 3651 2366 3712 propterea
2394 3654 2447 3697 et
2471 3646 2697 3700 Domino
2724 3649 2999 3716 erneiﬁxo,
3028 3652 3204 3707 velum
3239 3664 3370 3711 temo

1777 3731 1850 3801 pli
1878 3732 2104 3786 scissum
2131 3742 2213 3787 est
2237 3732 2464 3804 (Matth.
2486 3751 2665 3803 xxvtt,
2702 3738 2765 3794 51
2783 3737 2825 3809 ).
2858 3738 3065 3795 Exaudi
3091 3745 3373 3801 orationent

1780 3840 1942 3879 meam
1963 3841 1982 3879 :
2005 3823 2074 3878 ad
2108 3834 2156 3879 te
2192 3826 2356 3879 omnis
2382 3842 2501 3880 caro
2542 3829 2723 3883 veniet.
2771 3829 3042 3887 Sermones
3081 3836 3372 3905 iniquorum

1779 3918 2148 3988 prtevaluerunt
2185 3934 2337 3986 super
2384 3936 2475 3974 nos
2495 3936 2515 3985 ;
2537 3930 2584 3974 et
2610 3921 2895 3992 impietates
2926 3934 3124 3981 nostras
3150 3936 3205 3982 tu
3242 3946 3366 3998 pro-

1780 4011 2056 4082 pitiaberis.

1849 4105 1902 4160 7.
1935 4103 2085 4178 [vers.
2113 4105 2167 4172 5,
2191 4104 2271 4179 6.]
2300 4104 2490 4162 Beatus
2513 4124 2660 4178 quem
2686 4109 2879 4181 elegisti
2896 4153 2913 4180 ,
2955 4123 3001 4166 et
3026 4115 3364 4186 assumpsisti.

1777 4196 1908 4267 Quis
1936 4206 2019 4253 cst
2049 4198 2253 4255 electus
2282 4199 2349 4254 ab
2377 4214 2442 4254 eo
2467 4241 2480 4264 ,
2524 4210 2579 4257 et
2621 4204 2968 4274 assumptus?
3014 4206 3219 4278 Aliquis
3259 4212 3367 4266 ele-

1777 4300 1895 4353 ctus
1925 4305 1954 4345 a
1980 4291 2256 4347 Salvatore
2282 4302 2467 4347 nostro
2494 4292 2620 4349 Jesu
2649 4293 2903 4350 Christo?
2932 4297 3012 4352 An
3039 4299 3153 4367 ipse
3176 4314 3368 4356 secun-

1776 4381 1900 4437 dum
1930 4398 2144 4438 carnem
2166 4424 2182 4447 ,
2225 4384 2365 4454 quod
2392 4384 2554 4440 homo
2581 4396 2695 4454 est,
2738 4387 2941 4443 electus
2979 4399 3033 4445 et
3056 4404 3369 4465 assumptus

1776 4476 1901 4531 est?
1952 4485 2010 4530 ut
2057 4484 2307 4546 tanquam
2358 4476 2531 4532 Verbo
2576 4478 2668 4533 Dei
2718 4479 2923 4535 dicatur
2963 4483 3105 4551 quod
3148 4495 3264 4541 erat
3311 4488 3367 4543 in

1777 4571 2039 4643 principio
2065 4614 2079 4637 ,
2112 4573 2251 4625 sicut
2292 4571 2420 4626 dicit
2463 4573 2817 4643 evangelista,
2853 4573 2921 4628 In
2967 4578 3215 4648 principio
3259 4589 3368 4634 erat

1790 4662 2020 4727 Verbum,
2052 4672 2097 4718 et
2130 4661 2344 4716 Verbum
2368 4673 2475 4717 erat
2499 4664 2640 4731 apud
2664 4663 2844 4731 Deum,
2875 4676 2920 4719 et
2950 4665 3084 4723 Deus
3113 4680 3217 4724 erat
3246 4670 3367 4725 Ver-

1777 4756 1934 4823 bum;
1974 4756 2095 4827 quia
2125 4765 2179 4811 et
2222 4756 2337 4825 ipse
2384 4765 2467 4811 est
2512 4754 2677 4809 Filius
2714 4757 2846 4822 Dei,
2871 4757 3105 4815 Verbum
3134 4761 3228 4817 Dei
3254 4804 3267 4826 ,
3297 4763 3368 4820 de

1776 4863 1883 4921 quo
1909 4848 2069 4905 etiam
2101 4848 2262 4912 dicit,
2295 4848 2482 4902 Omnia
2522 4864 2610 4917 per
2636 4849 2802 4915 ipsum
2846 4851 2981 4921 facta
3008 4862 3153 4918 sunt,
3187 4863 3233 4907 et
3256 4856 3367 4910 sine

1774 4940 1888 5010 ipso
1930 4940 2117 5009 factum
2164 4949 2237 4993 est
2281 4938 2410 4992 nihil
2452 4937 2632 5007 (Joan.
2659 4954 2707 5006 ι,
2739 4940 2864 5010 1-5)
2896 4958 2908 4995 :
2940 4952 2995 4997 ut
3036 4943 3111 4998 illi
3155 4945 3366 5001 dicatur

1781 5029 1919 5086 Filio
1946 5029 2060 5095 Dei,
2084 5028 2203 5098 quia
2231 5029 2346 5098 ipse
2370 5037 2456 5084 est
2481 5029 2732 5084 sacerdos
2761 5042 2963 5097 noster,
2991 5043 3173 5102 postea
3201 5050 3367 5090 carne

1776 5130 2068 5191 assumpta,
2093 5119 2283 5174 Beatus
2306 5137 2454 5190 quem
2482 5121 2697 5193 elegisti,
2728 5133 2774 5176 et
2797 5127 3114 5197 assumpsisti
3138 5143 3155 5180 :
3181 5127 3231 5181 id
3258 5140 3362 5197 est,

1778 5214 1869 5270 ille
1892 5213 2053 5270 homo
2082 5227 2187 5281 quo
2219 5211 2431 5267 indutus
2458 5228 2547 5279 es,
2577 5215 2673 5284 qui
2696 5217 2859 5285 erepit
2884 5233 2947 5273 ex
2980 5226 3239 5289 tempore,
3269 5237 3363 5274 tn.-

1779 5300 1864 5361 tus
1892 5321 1957 5360 ex
1990 5304 2188 5360 femina
2217 5304 2471 5372 templum
2503 5305 2897 5375 quodammodo
2924 5308 3064 5363 illius
3090 5310 3178 5379 qui
3214 5325 3360 5365 sem-

1778 5417 1875 5473 per
1913 5402 1964 5455 in
2007 5408 2266 5454 aeternum
2295 5407 2393 5465 est,
2438 5399 2575 5455 etin
2605 5410 2862 5456 retentum
2911 5400 3025 5454 fuit.
3074 5404 3155 5457 An
3186 5405 3363 5473 potius

1779 5495 1895 5565 ipse
1936 5490 2183 5549 Christus
2227 5492 2513 5560 assumpsit
2550 5491 2835 5562 quemdam
2882 5492 3114 5561 beatum,
3161 5505 3215 5550 et
3256 5510 3362 5552 nou

1844 5676 1862 5709 ι
1887 5673 2023 5732 ωτι,
2055 5683 2166 5722 cum
2191 5670 2485 5734 transierint.
2530 5678 2587 5734 Αι
2604 5677 2735 5729 Mss,
2752 5683 2863 5721 cum
2883 5670 3131 5721 transieris
3160 5684 3178 5720 :
3203 5678 3255 5723 et
3274 5676 3361 5734 sic,

1779 5739 1849 5788 uti
1868 5737 1968 5807 jam
1990 5734 2106 5807 alibi
2149 5733 2527 5807 observavimus,
2548 5793 2560 5807 Ι
2574 5733 2745 5807 legere
2770 5734 2921 5807 solet
2939 5735 3264 5807 'sugustin‘tts,
3310 5733 3363 5788 ut

1778 5793 1911 5864 quo'd
1929 5800 1981 5849 in
2000 5804 2163 5849 Greco
2185 5803 2281 5857 est,
2303 5793 2579 5859 epistrepsé,
2598 5793 2664 5846 sit
2681 5795 2816 5846 verbi
2840 5794 2989 5845 medii
3013 5793 3225 5847 secunda
3248 5793 3363 5862 per.

1780 5874 1915 5914 50113.
2195 5916 2199 5920 .
3361 5906 3373 5934 ι

2638 5939 3126 6025 (Vinqt-cinq.)
