3912 6434
590 505 747 564 bebis
772 503 972 561 exitum
997 509 1175 557 mane.
1197 490 1255 553 Si
1277 493 1422 552 enim
1444 491 1614 550 babes
1632 491 1859 557 exitum,
1881 505 1989 547 non
2010 491 2192 564 capie.

592 602 690 658 ris.
723 599 810 656 Sic
835 607 916 652 est
937 594 1080 651 enim
1109 589 1394 664 promissio
1416 588 1570 655 lucri,
1596 588 1748 658 quasi
1774 601 1896 644 esca
1921 587 1972 642 in
1995 586 2193 642 musci-

595 694 718 766 pula
750 710 762 745 :
793 687 1115 748 coareturis,
1154 692 1210 740 et
1247 697 1355 738 non
1398 689 1482 738 est
1516 697 1619 752 qua
1657 693 1859 745 exeas;
1897 680 2105 751 caperis
2136 678 2191 736 in

597 781 910 852 muscipula.
958 777 1113 834 Dedit
1155 784 1334 831 autem
1376 775 1469 831 tibi
1512 774 1713 830 exitum
1759 774 2016 830 Dominus
2052 774 2190 830 Deus

595 887 736 938 tuus,
768 889 836 928 ne
862 874 1014 927 lucro
1039 868 1304 940 capiaris,
1336 881 1458 922 cum
1491 865 1582 922 tibi
1609 865 1740 921 dicit
1769 867 1821 920 in
1847 864 2008 920 corde
2037 880 2051 917 :
2079 863 2191 935 Ego

594 983 714 1024 sum
741 963 938 1020 divitia:
966 972 1090 1018 tuae.
1112 959 1230 1017 Noli
1256 958 1534 1015 attendere
1554 955 1695 1027 quod
1719 955 1948 1011 mundus
1971 956 2193 1026 promit-

595 1061 675 1125 tit,
709 1059 802 1114 sed
830 1055 970 1128 quod
997 1052 1257 1126 promittit
1283 1050 1542 1108 Conditor
1568 1048 1748 1105 mundi
1773 1065 1788 1104 :
1811 1047 2026 1104 attende
2049 1046 2192 1118 quod

596 1153 689 1208 tibi
716 1150 958 1222 promisit
977 1149 1116 1204 Deus
1136 1146 1349 1203 facienti
1365 1144 1646 1217 justitiam,
1669 1153 1724 1198 et
1741 1152 2026 1199 contemne
2048 1141 2191 1214 quod

596 1245 690 1303 tibi
723 1243 983 1316 promittit
1013 1241 1207 1307 homo,
1234 1247 1293 1294 ut
1317 1237 1547 1294 abducat
1571 1252 1600 1290 a
1623 1235 1854 1307 justitia,
1885 1248 1938 1292 et
1963 1235 2193 1293 adducat

595 1336 664 1392 ad
692 1334 1024 1405 injustitiam.
1050 1329 1171 1388 Noli
1197 1344 1326 1401 ergo
1349 1327 1626 1385 attendere
1650 1326 1790 1399 quod
1818 1326 2046 1382 mundus
2067 1340 2193 1398 pro-

597 1428 754 1483 mittit
778 1468 794 1494 ,
824 1426 916 1482 sed
943 1423 1086 1496 quod
1114 1421 1374 1478 Conditor
1402 1420 1583 1476 mundi
1609 1437 1624 1486 ;
1653 1427 1708 1476 et
1741 1419 1961 1476 habebis
1990 1419 2192 1476 exitum

600 1537 757 1578 mane
785 1535 882 1592 per
913 1517 1119 1573 Domini
1146 1515 1366 1571 verbum
1397 1505 1625 1569 dicentis
1653 1529 1667 1566 :
1697 1512 1836 1581 Quid
1863 1512 2069 1584 prodest
2095 1510 2192 1566 Ito-

598 1615 746 1678 mini,
772 1615 816 1667 si
840 1622 998 1667 totum
1024 1607 1266 1664 mundum
1295 1606 1519 1662 lucretur
1537 1646 1554 1673 ,
1579 1607 1765 1660 animi:
1785 1614 1952 1659 autem
1973 1619 2082 1659 suta
2104 1603 2194 1658 de-

601 1706 890 1762 trimentum
930 1702 1152 1772 patiatur
1177 1699 1197 1769 (
1219 1697 1408 1754 Matth.
1436 1713 1525 1753 1m
1549 1737 1565 1762 ,
1595 1694 1746 1768 Ωδμ
1770 1695 1876 1752 Sed
1907 1695 1994 1751 ille
2019 1694 2110 1766 qui
2141 1703 2193 1751 te

601 1797 867 1870 promisso
912 1794 1065 1849 lucro
1111 1805 1496 1861 corrumpere,
1537 1797 1595 1846 et
1638 1787 1705 1844 ad
1733 1788 2063 1860 iniquitatem
2091 1787 2190 1844 ad-

599 1887 800 1942 ducere
830 1900 934 1939 non
963 1882 1132 1954 potuit
1150 1923 1166 1950 ,
1195 1879 1486 1936 minabitur
1511 1894 1697 1950 poenas
1715 1919 1730 1946 ,
1757 1890 1812 1934 et
1835 1887 2113 1934 convertet
2133 1892 2193 1936 se

597 1976 665 2032 ad
696 1974 1034 2039 inimicitias,
1065 1981 1122 2029 et
1149 1971 1366 2044 incipiet
1395 1971 1489 2026 tibi
1516 1970 1696 2026 dicere
1722 1986 1737 2024 :
1763 1970 1818 2026 Si
1846 1968 1950 2026 hoc
1975 1985 2081 2026 non
2110 1968 2191 2026 fe-

598 2069 758 2137 ceris,
786 2083 887 2140 ego
911 2068 1190 2124 ostendam
1213 2105 1231 2133 ,
1259 2080 1360 2136 ego
1387 2063 1615 2131 faciam;
1646 2063 1869 2121 habebis
1893 2081 1979 2121 me
2009 2063 2191 2120 inimi-

595 2177 740 2218 cum.
771 2161 950 2216 Primo
979 2174 1099 2214 cum
1127 2158 1332 2213 lucrum
1359 2158 1722 2228 promittebat,
1744 2173 1901 2213 mane
1923 2158 2014 2214 tibi
2035 2166 2186 2215 erat:

596 2251 759 2308 modo
781 2251 890 2321 jam
918 2248 1279 2320 vesperascit;
1306 2248 1474 2304 tristis
1497 2246 1668 2304 factus
1691 2262 1773 2304 es.
1796 2248 1902 2305 Sed
1927 2249 2017 2319 qui
2042 2249 2191 2307 dedit

597 2345 696 2402 tibi
737 2345 938 2400 exitum
969 2355 1126 2397 mane
1149 2383 1167 2409 ,
1206 2339 1354 2396 dabit
1381 2349 1437 2396 et
1475 2352 1720 2410 vespere.
1753 2339 2034 2408 Quomodo
2061 2357 2191 2399 con-

599 2435 863 2506 tempsisti
891 2448 1048 2488 mane
1073 2431 1254 2488 saeculi
1283 2447 1351 2488 ex
1377 2432 1495 2488 luce
1520 2430 1769 2499 Domini,
1800 2431 1880 2488 sic
1906 2441 2190 2491 contemne

599 2537 658 2585 et
685 2541 965 2596 vesperam
995 2539 1062 2581 ex
1093 2523 1429 2595 passionibus
1457 2523 1669 2579 Domini
1694 2563 1711 2589 ,
1745 2532 1804 2579 ut
1827 2524 1974 2581 dicas
1996 2526 2189 2583 anima:

599 2626 705 2672 tua:
729 2632 747 2672 :
767 2614 903 2684 Quid
931 2615 1059 2670 mihi
1089 2613 1318 2683 amplius
1338 2612 1573 2670 facturus
1591 2622 1677 2670 est
1698 2614 1798 2670 iste
1817 2629 1974 2687 quam
1997 2630 2188 2688 passus

596 2715 679 2764 est
706 2722 804 2778 pro
831 2721 918 2762 me
958 2705 1215 2760 Dominus
1240 2704 1430 2761 meus?
1459 2705 1692 2762 Teueam
1719 2707 1736 2740 ι
1752 2705 2013 2777 justitiam
2033 2749 2049 2774 ,
2077 2722 2185 2764 non

594 2800 924 2858 consentiam
954 2799 1022 2854 ad
1059 2798 1414 2869 iniquitatem.
1440 2798 1637 2854 Saeviat
1663 2799 1715 2854 in
1744 2815 1906 2856 carne
1935 2819 1948 2855 :
1978 2801 2188 2873 frange-

595 2902 685 2950 tur
713 2891 1006 2962 muscipula
1021 2932 1037 2959 ,
1062 2899 1117 2947 et
1143 2890 1333 2948 volabo
1351 2890 1417 2946 ad
1440 2890 1720 2946 Dominum
1742 2907 1918 2948 meum
1940 2894 2028 2965 qui
2055 2893 2185 2950 mihi

593 2985 671 3042 ait
700 3003 714 3039 :
745 2983 920 3038 Nolite
941 2984 1114 3038 timere
1137 2999 1221 3038 eos
1243 2983 1328 3054 qui
1352 2999 1536 3054 corpus
1561 2984 1813 3050 occidunt,
1844 2987 2069 3041 animant
2090 3003 2186 3042 au-

592 3087 693 3132 tem
719 3091 821 3131 non
849 3082 1058 3147 possunt
1085 3073 1311 3130 occidere
1335 3072 1459 3147 (Id.
1491 3089 1550 3142 χ,
1579 3074 1652 3132 28
1671 3075 1711 3146 ).
1743 3077 1809 3132 Ει
1835 3076 1902 3133 de
1931 3077 2046 3150 ipso
2065 3091 2187 3134 cor-

590 3182 724 3240 pore
762 3167 1104 3222 securitatem
1129 3164 1277 3221 dedit
1303 3165 1485 3222 dicens
1513 3181 1529 3220 :
1567 3165 1798 3239 Capillus
1825 3169 2007 3239 capitis
2035 3169 2185 3226 uestri

590 3276 694 3315 non
721 3259 898 3330 peribit
926 3257 1080 3327 (Luc.
1104 3273 1221 3326 ut,
1243 3257 1358 3330 t8).
1382 3257 1657 3328 Magniﬁce
1687 3259 1773 3317 hic
1800 3263 1996 3332 posuit,
2023 3259 2183 3318 Dele:

593 3349 749 3405 ctsbis
784 3350 946 3405 exitus
983 3365 1130 3403 mane
1154 3358 1202 3404 et
1238 3363 1459 3421 vespere.
1488 3348 1545 3406 Si
1570 3351 1712 3406 enim
1741 3367 1847 3406 non
1877 3360 1929 3407 te
1955 3351 2185 3410 delectet

590 3440 709 3512 ipse
737 3441 936 3507 exitus,
969 3455 1076 3495 non
1102 3439 1370 3496 laborabis
1394 3441 1543 3497 exire
1570 3440 1716 3498 inde.
1748 3441 1912 3497 Mittis
1939 3454 2098 3515 caput
2127 3444 2182 3501 in

591 3532 802 3589 lucrum
835 3531 1151 3601 promissum
1171 3571 1188 3598 ,
1214 3531 1259 3588 si
1290 3546 1398 3588 non
1426 3542 1478 3588 te
1503 3531 1732 3589 delectet
1762 3534 2043 3605 promissio
2067 3534 2183 3592 Sal-

592 3625 815 3682 vatoris.
842 3623 911 3680 Et
941 3639 1151 3691 rursus,
1181 3623 1329 3681 cedis
1359 3626 1585 3682 tentanti
1605 3667 1620 3693 ,
1649 3633 1703 3683 et
1728 3628 1976 3691 terrenti,
2002 3629 2049 3684 si
2073 3644 2181 3687 non

590 3729 648 3777 te
672 3719 905 3776 delectet
932 3719 1022 3775 ille
1045 3719 1136 3790 qui
1162 3719 1307 3791 prior
1333 3733 1520 3790 passus
1550 3728 1653 3788 est,
1681 3728 1740 3774 ut
1763 3719 1858 3777 tibi
1879 3723 2078 3779 exitum
2098 3720 2182 3779 fa-

590 3821 760 3869 ceret.
788 3809 974 3867 Exitus
1001 3827 1149 3866 mane
1173 3821 1220 3866 et
1248 3826 1448 3882 uespere
1471 3811 1758 3867 delectabis.

667 3903 754 3960 M.
781 3901 932 3978 [ειη.
950 3899 1064 3975 ‘10.]
1093 3900 1314 3956 Visitasti
1328 3911 1533 3969 terram,
1552 3911 1598 3956 et
1611 3900 1870 3958 inebriasti
1884 3919 2014 3959 eam.
2031 3904 2183 3963 Unde

592 3996 878 4053 inebriavit
909 3994 1152 4052 terram?
1179 3991 1328 4050 ϐαιὴ
1360 4004 1475 4049 tuus
1503 3994 1755 4050 inebrians
1786 4012 1936 4066 quam
1962 3998 2180 4068 pra'cla-

588 4106 679 4146 rus
705 4100 775 4145 est
803 4087 988 4161 (Psal.
1018 4103 1130 4143 χιιι
1155 4128 1170 4154 ,
1201 4089 1235 4143 5
1255 4087 1273 4159 )
1297 4089 1311 4142 ε
1353 4085 1576 4142 Visitasti
1606 4097 1824 4158 terram,
1852 4101 1897 4146 et
1926 4091 2183 4149 inebriasti

593 4199 706 4239 eam
743 4196 762 4236 :
797 4180 987 4236 misisti
1034 4182 1202 4236 nubes
1249 4189 1406 4247 tuas,
1457 4179 1703 4251 pluerunt
1751 4181 2180 4252 prmdicationem

593 4277 854 4339 veritatis,
889 4275 1146 4330 inebriata
1174 4283 1257 4330 est
1281 4281 1445 4330 terra.
1477 4273 1831 4347 Multiplicasti
1853 4276 2018 4332 ditare
2045 4295 2179 4336 eam.

592 4368 750 4427 Unde
778 4369 1124 4440 multiplicasti
1150 4384 1260 4423 eam
1288 4369 1452 4423 ditare
1469 4370 1496 4424 ξ’
1521 4367 1734 4426 Flavius
1752 4368 1851 4424 Dei
1870 4373 2090 4441 repletus
2109 4381 2182 4427 est

591 4478 744 4533 aqua.
785 4461 915 4527 Quis
942 4470 1024 4515 est
1049 4461 1234 4531 ﬂuvius
1265 4457 1406 4515 Dei?
1443 4459 1674 4530 Populus
1704 4460 1817 4518 Dei.
1847 4461 2058 4519 Primus
2088 4479 2184 4536 po-

589 4555 747 4625 pulus
775 4554 1007 4624 repletus
1033 4562 1142 4619 est,
1176 4552 1318 4608 unde
1345 4562 1538 4609 caetera
1570 4563 1708 4609 terra
1736 4555 2017 4626 rigaretur.
2044 4559 2181 4616 Audi

589 4649 742 4706 illum
773 4650 1170 4718 promittentem
1197 4663 1390 4720 aquam
1425 4667 1439 4705 :
1468 4648 1529 4706 Si
1553 4651 1664 4721 quis
1688 4650 1814 4718 sitit,
1841 4653 2004 4707 ueniat
2025 4664 2074 4709 et
2100 4653 2180 4709 bi-

592 4743 696 4796 bat.
727 4741 828 4810 Qui
853 4740 1007 4794 credit
1033 4741 1086 4794 in
1112 4757 1209 4806 me,
1241 4741 1456 4810 [lumina
1481 4757 1627 4813 aqua:
1650 4744 1773 4798 ciete
1794 4744 1857 4798 de
1882 4755 2047 4800 ventre
2070 4747 2180 4819 ejus

589 4833 751 4903 ﬂuent
780 4829 1066 4903 (Joau.vn,
1091 4833 1158 4889 57
1175 4844 1221 4888 et
1237 4834 1351 4904 38).
1374 4833 1430 4890 Si
1455 4834 1694 4902 ﬁumina,
1717 4844 1773 4892 et
1794 4853 1930 4892 unus
1953 4836 2178 4908 ﬁnvins;

586 4923 714 4992 quia
761 4933 975 4995 propter
1014 4925 1271 4981 unitatem
1302 4925 1449 4981 multi
1493 4942 1655 4982 unum
1683 4937 1832 4986 sunt.
1864 4929 2040 4986 Multa:
2070 4931 2178 4989 Ec-

585 5014 790 5083 clesiae,
821 5025 878 5070 et
902 5030 1004 5070 una
1036 5016 1311 5084 Ecclesia;
1340 5017 1488 5074 multi
1519 5017 1704 5075 ﬁdeles
1723 5061 1740 5087 ,
1769 5031 1824 5076 et
1851 5037 1951 5078 una
1981 5037 2178 5094 Sponsa

587 5106 789 5162 Christi
823 5124 836 5161 τ
871 5107 949 5162 sic
976 5107 1136 5163 multa
1168 5107 1405 5175 ﬂumina,
1433 5119 1492 5166 et
1518 5125 1657 5167 unus
1684 5111 1896 5169 ﬂuvius.
1927 5113 2180 5173 Credide-

585 5209 715 5257 runt
743 5199 893 5254 multi
925 5199 1176 5258 Israelita:
1200 5243 1215 5268 ,
1248 5212 1302 5258 et
1333 5202 1535 5274 impleti
1566 5215 1689 5261 sunt
1714 5206 1913 5277 Spiritu
1942 5217 2128 5264 sancto
2161 5228 2176 5268 :

585 5292 714 5351 inde
753 5292 930 5348 diﬁ'usi
973 5303 1098 5349 sunt
1140 5310 1235 5365 per
1277 5293 1516 5362 Gentes;
1562 5309 1842 5370 coeperunt
1885 5301 2178 5372 pra-dicare

585 5385 866 5440 veritatem
890 5427 905 5452 ,
933 5397 988 5442 et
1011 5385 1079 5442 de
1106 5386 1268 5442 ﬁuvio
1297 5387 1386 5444 Dei
1413 5391 1499 5460 qui
1527 5391 1778 5461 impletus
1801 5403 1882 5450 est
1906 5409 2040 5467 aqua
2061 5439 2076 5462 ,
2107 5397 2180 5453 ir-

586 5479 755 5549 rigata
797 5489 879 5535 est
921 5489 1028 5534 t0ta
1075 5489 1239 5536 terra.
1279 5479 1480 5538 Parasti
1505 5485 1671 5540 cibum
1700 5487 1940 5554 illorum;
1967 5493 2084 5561 quia
2108 5492 2178 5548 ita

587 5578 661 5626 est
685 5572 991 5640 pmparatio
1018 5581 1125 5626 tua.
1153 5572 1266 5628 Non
1294 5575 1414 5645 quia
1447 5586 1497 5631 te
1527 5590 1958 5649 promi-ruerunt,
1985 5582 2178 5653 quibus

586 5671 807 5734 peccata
845 5663 1057 5720 donasti
1087 5683 1102 5721 :
1131 5666 1319 5722 merita
1362 5666 1575 5724 illorum
1604 5670 1747 5726 mala
1773 5684 1964 5741 erant;
1993 5676 2089 5733 sed
2120 5685 2178 5734 tu

650 5860 672 5893 ³
697 5861 833 5926 Μὰ,
857 5870 910 5915 ut
931 5869 1134 5917 lateam.
1153 5867 1407 5932 Particula,
1429 5874 1503 5933 ut,
1523 5871 1666 5928 abest
1686 5885 1716 5951 tt
1736 5879 1841 5930 llas.

1827 379 1888 436 s.
1927 374 2294 437 mensum
2334 368 2639 433 EPISCOPI
3716 391 3784 456 τη

2290 497 2508 562 propter
2543 487 2966 546 miscricordiam
3007 495 3150 547 tuam
3177 533 3194 562 ,
3223 494 3346 565 quia
3369 495 3441 551 ita
3478 506 3544 555 est
3565 512 3786 576 νομαί,

2293 591 2403 643 tua,
2433 582 2503 636 ita
2533 581 2727 652 parasti
2753 581 2918 636 cibum
2941 583 3166 640 illorum.

2369 672 2457 729 l5.
2489 671 2642 747 [vers.
2673 671 2788 747 ll.]
2816 673 3001 730 Sulc'os
3021 677 3130 745 ejus
3157 675 3374 734 inebria.
3394 679 3538 737 Fiant
3557 698 3661 756 ergo
3673 692 3786 758 primo

2298 765 2432 822 sulci
2462 768 2552 838 qui
2579 766 2908 824 inebrientnr
2931 787 2946 822 :
2968 769 3157 825 duritia
3185 772 3419 851 pectoris
3437 779 3584 833 nostri
3603 786 3785 851 aperiatur

2298 874 2517 915 vomere
2544 859 2810 915 sermonis
2841 860 2956 924 Dei,
2986 861 3168 917 Sulcos
3203 864 3322 934 ejus
3357 865 3570 934 inebria;
3594 874 3786 944 multiplici

2296 951 2642 1022 generationes
2679 952 2812 1023 ejus.
2851 951 3109 1009 Videmus
3137 954 3427 1022 :eredunt,
3452 967 3504 1014 et
3526 975 3584 1016 ex
3601 965 3785 1026 «almu-

2297 1042 2396 1098 bus
2422 1042 2512 1099 alii
2537 1043 2785 1107 credunt,
2815 1053 2870 1099 et
2896 1059 2964 1101 es
2991 1045 3096 1102 illis
3117 1046 3204 1102 alii
3236 1047 3498 1114 credunt;
3525 1063 3572 1108 et
3594 1070 3675 1110 non
3693 1061 3790 1114 salii-

2295 1134 2368 1189 cit
2406 1135 2496 1190 uni
2535 1134 2738 1192 homini
2766 1144 2825 1192 ut
2851 1135 3022 1193 factus
3052 1138 3165 1208 ipse
3194 1138 3374 1196 ﬁdelis
3401 1155 3551 1198 unum
3575 1143 3791 1208 lucretur‘.

2298 1224 2388 1281 Sic
2431 1227 2816 1298 multiplicatur
2857 1238 2912 1285 et
2939 1244 3128 1286 semen
3161 1249 3176 1285 :
3203 1247 3373 1302 pauca
3403 1250 3554 1304 grana
3577 1239 3787 1312 mittentia,

2296 1327 2352 1374 et
2378 1327 2588 1389 segetes
2630 1333 2953 1392 exsurgunt.
2996 1323 3181 1379 Sulcos
3208 1326 3325 1396 ejus
3357 1326 3570 1396 inebriu;
3599 1334 3811 1408 multiplica:

2295 1412 2638 1481 generationes
2661 1413 2771 1483 ejus
2793 1428 2814 1468 :
2836 1413 2890 1468 in
2915 1415 3191 1470 stillicidiis
3209 1416 3324 1471 suis
3345 1418 3596 1486 laetabitur,
3617 1439 3700 1478 αιπ
3716 1427 3814 1489 τεο-ξ

2295 1505 2472 1559 rietur.
2511 1503 2567 1560 ld
2607 1515 2690 1561 est
2711 1545 2728 1573 ,
2767 1517 3054 1579 antequam
3098 1509 3168 1564 sit
3207 1509 3351 1566 forte
3387 1511 3565 1569 idonea
3597 1518 3807 1587 «speciali

2297 1592 2532 1651 ﬂuminis
2549 1635 2566 1662 ,
2591 1611 2706 1651 cum
2732 1599 3004 1663 exorietur,
3041 1599 3094 1654 in
3130 1599 3412 1658 stillicidiis
3436 1605 3562 1669 suis,
3589 1605 3632 1661 id
3649 1618 3711 1663 est
3727 1591 3807 1666 sibi

2295 1689 2581 1761 congruis,
2625 1689 2896 1747 (relabitur.
2931 1692 3171 1750 Parvulis
3208 1695 3358 1750 enim
3385 1694 3551 1752 adhuc
3571 1706 3617 1753 et
3641 1681 3807 1759 inﬁrmis

2296 1781 2565 1837 stillantur
2588 1782 2830 1852 quaedam
2863 1784 2931 1840 de
2959 1787 3318 1844 sacramentis
3341 1827 3359 1853 ,
3389 1789 3508 1858 quia
3532 1806 3620 1844 non
3645 1805 3790 1861 possum

2296 1888 2488 1945 capere
2521 1875 2902 1945 plenitudinem
2941 1878 3203 1936 veritatis.
3245 1881 3387 1937 Audi
3425 1884 3659 1953 quomodo
3683 1888 3788 1944 stillet

2298 1967 2536 2039 parvulis
2560 1967 2686 2024 dum
2711 1970 3045 2037 exoriuntur,
3074 1971 3127 2028 id
3150 1981 3238 2029 est
3265 1975 3319 2029 in
3347 1976 3542 2030 recenti
3565 1987 3662 2032 ortu
3677 1980 3788 2036 minus

2295 2062 2599 2132 capacibus.
2625 2065 2913 2136 Apostolus
2933 2067 3062 2123 dicit
3085 2084 3100 2122 :
3127 2067 3251 2124 Non
3275 2071 3420 2140 potui
3439 2072 3564 2126 vobis
3582 2071 3788 2143 Iamiam

2294 2157 2641 2227 spiritualibus
2665 2199 2680 2225 ,
2719 2161 2808 2214 sed
2843 2161 2990 2230 quasi
3023 2165 3317 2220 carnalibus
3341 2207 3357 2230 ,
3396 2167 3536 2237 quasi
3569 2169 3736 2236 paruulis
3757 2169 3786 2220 is

2295 2245 2496 2304 Clu-isto
2521 2249 2567 2318 (l
2593 2249 2710 2305 Cor.
2742 2266 2829 2315 nt,
2860 2253 2937 2322 l).
2963 2250 3098 2308 Cum
3125 2253 3289 2320 dicit,
3325 2255 3542 2324 paruulis
3565 2257 3610 2311 in
3630 2255 3783 2323 Clarius,

2287 2341 2398 2412 jam
2427 2341 2557 2398 dicit
2577 2353 2814 2412 exortos,
2847 2345 2940 2401 sed
2966 2347 3202 2403 nondum
3230 2348 3457 2404 idoneos
3481 2349 3542 2406 ad
3566 2351 3784 2422 capiendam

2293 2432 2439 2489 illam
2467 2435 2685 2492 uberem
2723 2437 3042 2506 sapientiam
3068 2479 3085 2504 ,
3123 2440 3195 2497 de
3234 2458 3341 2512 qua
3370 2441 3497 2499 dicit
3526 2460 3540 2496 :
3569 2443 3785 2514 Sapientiam

2293 2524 2544 2597 loquimur
2565 2528 2695 2583 inter
2720 2529 2967 2599 perfectos
3003 2531 3023 2601 (
3044 2530 3134 2587 Id.
3164 2549 3200 2588 II
3221 2575 3235 2598 ,
3265 2533 3300 2591 6
3325 2532 3368 2606 ).
3397 2534 3612 2591 Laetetur
3631 2536 3672 2590 in
3689 2535 3784 2590 stilli-

2291 2617 2445 2673 cidiis
2473 2620 2584 2674 suis
2606 2660 2622 2686 ,
2649 2634 2771 2676 cum
2800 2622 3040 2679 exoritur
3065 2633 3120 2680 et
3147 2635 3416 2695 augetur;
3446 2627 3682 2682 roboratus
3701 2628 3784 2681 ἀ-
3856 2655 3857 2692 ξ

2292 2709 2400 2780 piet
2427 2719 2481 2765 et
2505 2711 2819 2784 sapientiam
2849 2729 2865 2768 :
2892 2715 3167 2785 quomodo
3194 2716 3372 2774 infans
3398 2719 3611 2774 nutritur
3629 2720 3782 2781 lactea

2292 2800 2354 2856 fit
2382 2801 2606 2859 idoneus
2631 2804 2791 2870 cibo;
2820 2811 2998 2862 tamen
3025 2807 3196 2882 primo
3218 2809 3291 2864 de
3319 2813 3434 2880 ipso
3462 2811 3572 2865 cibo
3591 2810 3656 2865 eui
3675 2810 3782 2864 minus
3856 2861 3857 2874 ,

2291 2891 2516 2950 idoneus
2559 2906 2706 2964 erat,
2751 2897 2823 2953 illi
2865 2898 2946 2954 Iac
2991 2897 3188 2956 factum
3229 2911 3336 2957 est.
3368 2901 3434 2956 In
3467 2903 3693 2958 stillicidiis
3720 2901 3778 2954 ιώ
3856 2895 3857 2964 ζ

2289 2983 2556 3052 lambitur,
2583 3002 2697 3041 cum
2720 2991 2990 3044 exorietur.

2361 3076 2447 3132 16.
2489 3074 2640 3151 [rers.
2667 3075 2780 3152 12.]
2822 3078 3088 3137 Bcnedices
3123 3098 3366 3138 coronam
3401 3084 3519 3139 anni
3550 3081 3779 3153 benignitatis

2288 3175 2410 3223 tuae.
2439 3167 2742 3224 Seminatur
2767 3169 2947 3237 modo,
2974 3173 3166 3228 crescit
3191 3175 3336 3245 quod
3363 3175 3645 3238 seminatur,
3667 3171 3782 3228 eritet

2288 3259 2499 3315 messis.
2531 3259 2601 3316 Et
2630 3261 2791 3318 modo
2817 3278 2982 3334 super
3009 3280 3195 3322 semen
3226 3266 3645 3339 superseminavit
3665 3262 3779 3319 inimi-

2286 3367 2380 3409 cus
2407 3353 2639 3421 zizania;
2667 3366 2721 3412 et
2749 3358 2918 3413 exorti
2946 3367 3070 3414 sunt
3097 3359 3223 3416 mali
3266 3363 3405 3417 inter
3431 3362 3601 3426 honos,
3625 3356 3777 3430 pseitdo-

2286 3445 2558 3503 cbristiani
2577 3486 2594 3513 ,
2627 3447 2856 3505 similem
2885 3448 3145 3508 habentes
3172 3451 3415 3516 herbam,
3444 3452 3531 3508 sed
3557 3467 3642 3506 non
3663 3461 3772 3520 pareo
3856 3445 3857 3520 ξ

2286 3537 2537 3596 fructum.
2583 3539 2795 3597 Etenim
2845 3543 3046 3598 zizania
3085 3559 3149 3600 ea
3195 3547 3414 3620 proprie
3452 3546 3680 3607 dicuntur,
3707 3553 3776 3608 tl"2

2287 3641 2581 3690 nascuntur
2630 3634 2684 3690 in
2735 3634 3081 3693 similitudine
3130 3637 3550 3702 frutnentorum;
3584 3633 3701 3690 sicuti
3729 3637 3776 3685 est
3856 3633 3857 3644 ³

2287 3724 2494 3793 lolium,
2534 3727 2691 3782 sicuti
2731 3736 2815 3782 est
2844 3743 3032 3794 avena,
3054 3737 3109 3785 et
3140 3743 3336 3787 caetera
3366 3732 3483 3786 talia
3505 3743 3610 3799 quae
3629 3725 3775 3797 prinum

2287 3816 2505 3874 herbam
2536 3835 2754 3891 prorsus
2785 3822 3018 3878 similem
3061 3823 3281 3880 habent.
3315 3825 3582 3895 PrOpIerea
3601 3819 3656 3875 de
3671 3812 3774 3871 setni-

2286 3912 2500 3968 natione
2519 3911 2842 3968 zizaniorum
2867 3915 2968 3970 hoc
2986 3914 3116 3970 dicit
3139 3916 3394 3972 Dominus
3417 3934 3428 3971 :
3457 3913 3584 3968 Venit
3600 3907 3777 3965 inimicat.

2285 4014 2334 4058 et
2360 4007 2770 4075 superseminaeit
2798 4007 3031 4072 sizania;
3058 4023 3171 4061 cum
3211 4020 3382 4063 autem
3420 4005 3622 4062 creuisse!
3644 3996 3777 4059 Ικτδιν

2287 4107 2335 4151 et
2353 4097 2576 4168 fructum
2597 4100 2791 4171 fecisset
2810 4140 2825 4167 ,
2848 4109 2966 4155 tunc
2983 4114 3334 4172 apparuerunt
3352 4101 3554 4157 zizania.
3575 4097 3683 4164 Ergo
3696 4091 3780 4146 te!“

2284 4187 2518 4245 inimicus
2535 4232 2550 4258 ,
2582 4198 2628 4245 et
2656 4192 3066 4262 superseminaoit
3087 4194 3291 4249 sizania
3319 4193 3447 4250 :sed
3471 4190 3579 4262 quid
3603 4185 3699 4242 fecit
3717 4179 3777 4234 tri-

2289 4281 2433 4337 tico?
2459 4281 2572 4337 Non
2595 4283 2914 4354 Opprimitur
2933 4284 3150 4341 zizaniis
3169 4285 3516 4349 frumentum;
3539 4283 3628 4336 imo
3645 4281 3777 4348 perlo-

2287 4373 2562 4431 lcranliam
2606 4374 2930 4431 zizaniorum
2975 4379 3170 4433 crescit
3208 4377 3412 4435 fructus
3458 4375 3770 4431 frumentorum.
3856 4373 3857 4416 ξ

2287 4464 2408 4536 Ipse
2438 4465 2582 4519 enim
2617 4465 2874 4524 Dominus
2900 4466 3034 4524 dixit
3057 4469 3374 4538 quibusdam
3401 4463 3626 4540 Operariis
3648 4456 3771 4511 volen-

2286 4557 2427 4612 tibus
2451 4555 2727 4614 eradieare
2752 4560 2952 4616 zizania
2985 4578 2999 4616 :
3028 4560 3193 4617 Sinite
3230 4574 3437 4634 utraque
3465 4569 3650 4616 παίετε
3669 4555 3772 4612 uti“
3856 4609 3857 4612 η

2283 4653 2354 4706 ad
2380 4669 2606 4718 messem,
2635 4669 2696 4707 ne
2721 4654 2851 4724 forte
2876 4670 2993 4709 cum
3016 4657 3167 4712 vultis
3189 4659 3444 4713 eradicare
3459 4649 3642 4710 zizania.
3660 4635 3770 4696 δαίθ’
3856 4665 3857 4684 ‘

2284 4746 2406 4801 cetis
2433 4745 2586 4800 simul
2623 4755 2668 4801 et
2699 4749 3046 4818 frumentum;
3073 4757 3160 4806 sed
3185 4751 3238 4806 in
3269 4761 3482 4823 tempore
3501 4739 3642 4799 messis
3658 4732 3768 4830 diras

2282 4841 2625 4896 messoribus:
2647 4840 2878 4914 Colligite
2904 4847 3125 4913 primum
3153 4848 3350 4903 zizmu'a
3368 4817 3388 4911 ψ,
3412 4855 3457 4900 et
3477 4840 3647 4908 alligati:
3664 4821 3768 4923 [ηεξ⁴
3856 4817 3857 4862 ¹

2283 4931 2425 4988 culos
2455 4933 2525 4987 ad
2552 4934 2986 5000 comburendum;
3017 4938 3318 5006 frumentum
3344 4947 3498 4992 autem
3523 4921 3765 5010 recanduit
3856 4929 3857 4950 ξ

2283 5024 2517 5080 horreum
2537 5023 2748 5094 (Matth.
2773 5042 2885 5088 xm,
2906 5028 3119 5098 25-30).
3147 5028 3239 5085 Ille
3262 5039 3345 5087 est
3370 5028 3480 5083 linis
3497 5017 3618 5077 anni,
3636 5015 3764 5067 nti-ws

2283 5117 2489 5173 smculi.
2518 5116 2789 5175 Benedices
2813 5137 3053 5177 coronam
3077 5126 3199 5178 anni
3223 5118 3521 5195 benignitatis
3540 5124 3632 5166 tua.
3651 5102 3762 5198 cf.”

2284 5225 2406 5265 nam
2434 5210 2521 5265 ubi
2544 5212 2716 5277 audis,
2743 5215 2909 5284 gloria
2932 5216 3167 5271 victoria:
3187 5192 3512 5288 signiﬁcatur.
3539 5203 3665 5258 Vince
3679 5192 3758 5279 Dis.-

2286 5301 2464 5358 bolutn
2491 5343 2506 5366 .
2536 5313 2592 5359 et
2627 5305 2847 5360 habebis
2881 5321 3153 5362 cornuum.
3186 5307 3448 5363 Benedices
3467 5304 3659 5355 coronant
3677 5291 3756 5377 unt"

2283 5393 2601 5466 benignitatis
2621 5407 2740 5454 tute.
2767 5398 2967 5455 Rursus
2984 5404 3320 5458 commendat
3340 5391 3659 5467 benignitatem
3677 5376 3754 5429 υειν

2283 5505 2352 5545 ne
2383 5490 2660 5561 quisquam
2691 5493 2760 5548 de
2787 5493 2898 5547 suis
2927 5495 3133 5552 meritis
3155 5497 3424 5569 glorietur.
3711 5567 3716 5569 _
3786 5497 3798 5542 ἑ

2356 5585 2444 5640 17.
2487 5583 2638 5657 [uers.
2682 5585 2794 5659 15.]
2837 5586 2902 5641 Et
2947 5591 3114 5660 campi
3151 5567 3221 5645 tui
3262 5588 3552 5661 replebttntnr
3583 5567 3749 5625 ubatatt.
3766 5601 3786 5664 Ι

2351 5698 2466 5769 'fic
2486 5709 2661 5769 omnes?
2679 5705 2785 5749 Mss.
2812 5709 2868 5751 Αῑ
2888 5701 3000 5751 Edd.
3028 5711 3079 5754 ut
3098 5705 3252 5768 [actus
3273 5705 3370 5769 ipse
3386 5700 3440 5753 sit
3469 5685 3614 5760 βαιών
3637 5674 3671 5729 τί
3687 5675 3748 5719 Μ

2281 5764 2329 5811 et
2345 5758 2495 5810 alium
2510 5760 2742 5811 lucretur.

2288 5799 2789 5935 gilgiiﬁaaﬁiés.
2814 5833 2871 5880 Αι
2891 5825 3026 5890 εάᾶ..
3049 5840 3156 5882 cunt
3183 5828 3436 5886 exorietur.
3455 5814 3642 5882 ακοωασ
3651 5801 3686 5850 ⁸⁸
3699 5799 3748 5846 η’
