3912 6436
34 399 164 460 ηεξ»

38 513 409 591 Pinguescant
446 514 573 585 ﬁnes
610 512 814 573 deserti,
855 517 904 564 et
929 508 1083 564 colles
1117 505 1456 563 multatione
1486 500 1663 556 accin-

38 623 272 681 gentur.
303 607 486 676 Campi
512 647 527 671 ,
557 602 724 659 colles
745 643 762 671 ,
792 600 927 656 fines
953 600 1151 656 deserti
1179 639 1198 665 ,
1228 596 1385 653 iidem
1416 594 1527 683 ipsi
1540 600 1666 646 sunt

44 704 342 759 homines.
388 698 571 768 Campi
611 705 828 767 propter
854 693 1211 764 aequalitatem
1244 708 1258 746 :
1288 705 1417 760 ergo
1447 696 1665 758 propter

54 795 450 867 aequalitatem,
483 789 607 847 inde
629 787 757 843 dicti
782 796 905 842 sunt
928 785 1125 854 campi,
1152 781 1337 854 populi
1361 779 1511 850 justi.
1540 777 1663 833 Col-

63 890 150 945 les
183 894 404 959 propter
426 882 753 938 erectionem
774 897 789 943 ;
809 880 934 949 quia
956 878 1113 949 erigit
1137 877 1190 931 in
1215 891 1275 930 se
1298 874 1437 929 Deus
1456 887 1551 928 eos
1570 870 1663 941 qui

64 996 127 1036 se
153 978 457 1035 bumiliant.
487 973 648 1030 Fines
671 972 895 1037 deserti,
924 983 1112 1025 omnes
1140 967 1361 1023 Gentes.
1389 964 1565 1031 Quare
1596 961 1661 1016 fi-

66 1088 169 1130 nes
205 1069 445 1128 deserti?
487 1066 693 1123 Deserti
722 1074 916 1131 erant;
960 1062 1137 1118 nullus
1174 1059 1243 1115 ad
1269 1073 1366 1115 eos
1392 1056 1662 1128 Propheta

66 1164 273 1220 missus
297 1170 412 1218 erat
440 1177 455 1214 :
479 1159 558 1215 sic
585 1165 740 1214 erant
766 1156 838 1211 illi
866 1154 1137 1226 quomodo
1163 1165 1397 1213 eremus,
1426 1164 1526 1219 qua
1556 1163 1661 1202 non

73 1254 268 1310 transit
290 1254 468 1308 homo.
496 1248 707 1305 Nullum
725 1247 947 1302 verbum
977 1245 1067 1300 Dei
1092 1243 1311 1298 missum
1331 1249 1414 1297 est
1434 1240 1499 1294 ad
1514 1238 1662 1294 Cen-

72 1346 280 1402 tes:soli
298 1342 491 1415 papula
506 1340 664 1397 lsrael
686 1340 1106 1411 pra-dicaverunt
1122 1332 1660 1405 Proplietanentntn

72 1447 160 1492 est
182 1436 246 1491 ad
272 1434 549 1490 Dominum
570 1448 586 1497 ;
607 1429 947 1486 crediderunt
969 1427 1232 1483 frmnenta
1256 1425 1306 1480 in
1332 1426 1446 1497 ipso
1467 1423 1663 1495 populo

79 1530 399 1587 Judzeorum.
445 1524 578 1581 Nam
623 1524 758 1578 dixit
802 1530 928 1577 tunc
970 1519 1289 1589 discipulis:
1320 1517 1501 1571 Dicitis
1545 1515 1663 1585 quia

89 1625 225 1696 longe
246 1630 316 1677 est
350 1619 566 1684 messis;
593 1618 823 1686 respicite
844 1655 861 1683 ,
886 1624 934 1669 et
961 1614 1124 1668 videte
1145 1612 1264 1683 quia
1288 1611 1417 1665 albae
1440 1620 1556 1663 sunt
1578 1625 1661 1663 re-

94 1716 249 1787 giones
271 1711 339 1765 ad
362 1726 587 1764 messem.
614 1709 734 1765 Fuit
752 1721 880 1779 ergo
905 1704 1097 1761 messis
1118 1703 1286 1774 prima
1308 1717 1323 1766 ;
1346 1700 1446 1755 erit
1466 1716 1663 1775 securi-5

96 1809 153 1865 ds
191 1809 240 1863 in
277 1808 462 1863 ultimo
499 1803 717 1860 smculo.
761 1800 947 1856 Messis
989 1799 1158 1869 prima
1184 1798 1253 1854 de
1275 1796 1511 1861 Judatis;
1539 1794 1662 1866 quia

102 1901 421 1958 mittebantur
444 1898 509 1953 ad
533 1897 651 1951 illos
677 1893 955 1962 Prophetas
979 1889 1356 1945 annnntiantes
1378 1896 1660 1943 venturum

102 1994 425 2051 Salvatorem.
454 1991 576 2045 Ideo
599 1987 732 2043 dixit
760 1984 1033 2055 discipulis
1058 1984 1171 2039 suis
1195 1982 1474 2046 Dominus,
1510 1978 1663 2034 Vide-

105 2096 143 2140 te
162 2086 267 2156 quia
293 2084 422 2138 albae
446 2093 562 2138 sunt
587 2082 813 2152 regiones
837 2078 905 2131 ad
933 2092 1137 2131 messem
1165 2091 1186 2129 :
1211 2077 1455 2146 regiones
1480 2073 1662 2143 utique

106 2176 296 2232 Judzete.
327 2175 450 2241 Alii,
483 2175 681 2243 inquit,
710 2172 1056 2226 laboraverunt
1074 2209 1091 2231 ,
1119 2178 1165 2221 et
1195 2184 1281 2221 vos
1311 2166 1364 2221 in
1388 2182 1560 2221 eorum
1586 2166 1664 2219 la-

106 2268 223 2323 bores
245 2267 466 2321 intrastis
495 2264 672 2335 (Joan.
702 2278 753 2317 tv
774 2304 790 2328 ,
823 2262 925 2325 35,
958 2260 1070 2329 38).
1103 2258 1504 2313 Laboraverunt
1531 2256 1663 2311 Pro-

106 2361 254 2429 pheta:
294 2368 351 2414 ut
389 2357 743 2419 scminarent,
786 2364 838 2409 et
871 2367 963 2407 vos
991 2367 1111 2406 cum
1144 2350 1280 2405 falce
1319 2349 1557 2403 intrastis
1593 2349 1661 2403 ad

108 2453 288 2508 illorum
314 2452 542 2506 labores.
569 2449 726 2505 Facta
748 2457 831 2503 est
850 2460 977 2517 ergo
1000 2445 1168 2514 prima
1191 2443 1417 2507 messis;
1441 2450 1495 2498 et
1518 2442 1660 2507 inde,

105 2542 159 2599 de
180 2544 285 2613 ipso
308 2542 572 2597 frumento
597 2540 735 2611 quod
769 2549 893 2594 tunc
918 2541 1198 2609 purgatum
1227 2543 1340 2601 est,
1368 2535 1663 2589 seminatus

104 2645 169 2691 est
202 2634 342 2689 orbis
370 2642 629 2687 terrarmn
650 2672 664 2695 ,
698 2640 750 2685 ut
781 2638 963 2699 surgat
984 2629 1083 2682 alia
1113 2626 1305 2682 messis
1330 2641 1450 2697 qua:
1474 2626 1526 2680 in
1558 2624 1663 2681 fine

104 2724 319 2781 metenda
358 2734 458 2780 est.
502 2723 555 2778 In
599 2722 833 2779 secunda
876 2735 1049 2775 messe
1076 2718 1500 2789 superseminata
1535 2726 1661 2771 sunt

103 2818 307 2883 tisania;
350 2816 509 2871 modo
540 2814 625 2869 hic
651 2814 941 2869 laboratur.
980 2809 1261 2880 Quomodo
1286 2809 1339 2864 in
1371 2809 1460 2864 illa
1489 2808 1659 2879 prima

102 2911 446 2967 laboraverunt
475 2909 753 2978 Propheta:
772 2948 788 2973 ,
819 2920 1096 2976 quousque
1125 2903 1329 2959 veniret
1360 2903 1660 2969 Dominus;

100 3003 167 3059 sic
200 3006 247 3059 in
288 3004 384 3057 ista
427 2999 656 3057 secunda
692 2998 1065 3054 laboraverunt
1092 2994 1363 3065 Apostoli,
1391 3003 1446 3051 et
1473 3007 1664 3051 omnes

89 3093 453 3164 przedicatores
497 3090 731 3146 veritatis
774 3089 1057 3150 laborant,
1101 3102 1377 3158 quousque
1406 3086 1459 3142 in
1498 3086 1658 3143 finem

84 3188 333 3243 Dominus
360 3186 534 3240 mittat
561 3184 611 3239 in
643 3196 869 3238 messem
899 3179 1135 3249 Angelos
1159 3194 1307 3235 suos.
1336 3180 1505 3234 Antea
1530 3194 1660 3250 ergo

79 3279 339 3334 desertum
369 3285 514 3341 erat;
543 3274 637 3331 sed
669 3274 988 3345 pinguescant
1018 3271 1146 3341 ﬁnes
1171 3271 1372 3326 deserti.
1403 3271 1541 3327 Ecce
1571 3271 1658 3327 ubi

79 3370 353 3439 Propheta:
393 3385 497 3424 non
540 3376 847 3430 sonuerant,
876 3364 1131 3418 Dominus
1159 3362 1539 3433 Pr0phetarum
1566 3379 1655 3419 ac-

79 3472 261 3532 ceptus
299 3470 404 3517 est.
451 3458 783 3530 Pinguescent
819 3457 946 3526 lines
982 3454 1202 3523 deserti,
1242 3464 1289 3510 et
1325 3454 1659 3511 exsultatione

80 3554 227 3611 colles
260 3555 604 3624 accingentur.

156 3647 234 3701 lt}.
252 3643 403 3719 (vers.
434 3642 545 3716 14.]
566 3641 588 3696 Ι
599 3642 741 3696 nduti
769 3648 885 3696 sunt
911 3639 1089 3693 arietes
1110 3639 1278 3694 ovium
1299 3655 1319 3693 :
1340 3638 1659 3694 subaudien-

80 3739 225 3807 dum,
245 3738 600 3793 exsultatione.
624 3737 736 3803 Qua
759 3734 900 3790 enim
923 3735 1281 3789 exsule-itione
1300 3733 1464 3788 colles
1484 3734 1661 3789 accin-

81 3840 284 3901 gentur,
316 3830 416 3885 bac
446 3830 736 3884 induuntur
763 3828 957 3881 arietes
979 3827 1176 3879 ovium.
1206 3826 1306 3895 Ipsi
1333 3827 1547 3892 arietes,
1570 3826 1659 3897 qui

82 3921 260 3976 colles.
284 3919 460 3976 Colles
483 3920 648 3985 enim,
675 3917 1026 3974 eminentiore
1050 3917 1216 3987 gratia
1240 3933 1254 3981 ;
1285 3920 1501 3978 arietes,
1531 3917 1653 3986 quia

82 4012 240 4069 duces
265 4028 508 4085 gregum.
550 4012 757 4065 Arietes
791 4025 917 4079 ergo
946 4008 1183 4075 Apostoli
1214 4008 1379 4062 induti
1408 4017 1533 4062 sunt
1557 4023 1660 4064 ex-

78 4106 374 4170 sultatione,
404 4102 633 4174 gaudent
660 4100 727 4156 de
754 4100 1012 4155 fructibus
1038 4101 1182 4159 suis;
1213 4116 1317 4153 non
1348 4101 1464 4154 sine
1488 4115 1648 4155 catttsa

82 4198 488 4265 laboraverunt,
523 4214 627 4253 non
658 4198 775 4252 sine
812 4213 971 4251 causa
1011 4197 1449 4267 pr.rdic;iverunt.
1484 4193 1664 4249 Induti

82 4302 199 4346 sunt
234 4294 411 4348 arietes
436 4294 636 4355 ovium;
664 4301 711 4346 et
738 4291 989 4345 convalles
1011 4290 1338 4345 abundabunt
1364 4292 1612 4361 frumento
1643 4305 1662 4344 :

82 4394 141 4440 et
174 4386 396 4442 humiles
435 4386 612 4457 papuli
656 4385 879 4440 multum
922 4384 1148 4440 fructum
1184 4383 1426 4438 affert-nt.
1456 4382 1662 4437 Clama-

84 4476 202 4532 bunt
232 4494 252 4533 .'
281 4478 402 4532 inde
440 4477 785 4531 abutnlalutnt
826 4474 1130 4542 frumento,
1172 4476 1293 4546 quia
1339 4476 1661 4530 clamalntnt.

84 4571 216 4638 Quid
255 4571 599 4628 clamabunt?
639 4569 838 4625 Etenim
877 4570 1120 4641 hymnum
1160 4570 1343 4624 dicent.
1386 4569 1543 4624 Aliud
1582 4579 1665 4625 est

86 4665 221 4717 enim
245 4663 475 4719 clamare
499 4663 757 4718 adversus
785 4663 972 4727 [tr-um,
999 4660 1141 4714 aliud
1168 4660 1421 4732 hymnum
1448 4661 1662 4728 dicere;

86 4754 220 4809 aliud
246 4759 478 4810 clamare
503 4754 800 4823 sacrilegia,
828 4751 974 4806 aliud
1001 4753 1233 4806 clamare
1260 4751 1439 4805 laudes
1469 4751 1580 4805 Dei.
1607 4752 1662 4807 Si

89 4846 282 4905 clamas
314 4850 365 4903 in
402 4846 751 4915 blaSpbernia,
785 4846 966 4916 spinas
996 4844 1292 4916 pratulisti;
1319 4844 1363 4897 si
1390 4845 1586 4898 clamas
1611 4844 1663 4899 in

94 4934 305 5007 hymno,
336 4938 573 4995 abundas
603 4939 889 4992 frumento.

91 5065 1656 5090 Μ

522 5149 602 5212 1N
647 5148 785 5209 PSA
796 5148 1024 5209 LMUM
1070 5145 1237 5209 LXV

686 5268 1109 5327 ENABBATIO.

592 5401 761 5441 ςενιηο
814 5403 881 5440 ΑΙ)
925 5397 1153 5441 Ριειίεκ.

155 5502 208 5560 Ι.
249 5501 417 5577 lvers.
449 5498 541 5573 1.]
580 5497 890 5555 inscribitur
915 5496 966 5551 in
996 5496 1145 5550 titulo
1172 5491 1406 5563 psalmus
1432 5493 1532 5549 iste
1554 5535 1570 5557 .
1596 5493 1665 5551 In

82 5597 269 5668 ﬁnem,
307 5595 559 5649 canticum
586 5590 781 5645 Psalmi
820 5586 1211 5643 resurrectionis.
1255 5583 1321 5640 In
1360 5585 1510 5655 ﬁnem
1543 5600 1665 5640 cum

76 5692 308 5753 auditis,
337 5687 548 5759 quando
592 5683 783 5740 Psalmi
815 5682 1257 5755 pronuntiantur,
1302 5680 1354 5734 in
1392 5677 1662 5735 Christum

82 5784 388 5854 intelligite;
413 5780 623 5835 dicente
662 5776 915 5845 Apostulo
942 5792 956 5829 :
986 5772 1130 5828 Finis
1166 5791 1300 5828 enim
1332 5772 1483 5847 Legis
1510 5772 1661 5829 Chri-

92 5884 207 5945 stus,
256 5875 326 5931 ad
356 5874 612 5947 justitiam
652 5870 787 5925 omni
825 5867 1045 5922 credenti
1082 5865 1257 5940 (Rom.
1283 5881 1355 5937 ι,
1381 5868 1463 5941 ι).
1510 5867 1656 5937 Quo-

1171 381 1569 450 ENABRATIO
1608 377 1673 435 Ν
1712 378 2035 439 Ρελικιυδι
2078 382 2234 441 LXV.

3250 391 3357 461 786

1775 496 1937 553 modo
1972 514 2101 572 ergo
2129 498 2216 557 hic
2242 510 2485 560 cantetur
2513 507 2862 573 resurrectio,
2897 516 2953 565 et
2988 507 3142 581 cujus
3176 524 3360 566 resuro

1772 592 1976 654 rcctio,
2021 603 2274 662 quantum
2322 596 2434 667 ipse
2478 596 2677 655 donare
2724 610 2777 657 et
2814 602 3022 671 aperire
3072 602 3357 674 dignatur,

1770 680 2019 738 audietis.
2051 682 2512 745 Resurrcctioncm
2538 693 2681 747 enim
2709 689 2991 749 Christiani
3025 696 3268 751 novimus
3306 696 3359 750 in

1771 769 1948 843 capite
1993 784 2175 830 nostro
2212 776 2320 847 jam
2363 778 2574 849 factam,
2617 792 2671 838 et
2715 783 2768 837 in
2821 783 3076 841 membris
3105 786 3359 844 futuram.

1771 864 1944 936 Caput
1973 866 2227 923 Ecclesiae
2250 870 2493 927 Christus
2515 884 2616 939 est,
2641 876 2879 933 membra
2900 878 3096 933 Christi
3122 879 3359 935 Ecclesia

1774 954 1991 1028 (Coloss.
2020 973 2059 1023 t,
2089 960 2198 1031 18).
2226 961 2377 1029 Quod
2407 966 2676 1032 praecessit
2704 966 2755 1021 in
2784 968 2959 1037 capite
2979 1010 2994 1035 ,
3022 978 3278 1038 sequetur
3304 970 3357 1023 in

1769 1059 2017 1117 corpore.
2050 1048 2175 1105 Haec
2209 1062 2292 1107 est
2326 1068 2449 1124 spes
2475 1066 2691 1111 nostra:
2722 1056 2789 1111 ad
2819 1056 2921 1113 hoc
2954 1058 3221 1115 credimus
3244 1100 3259 1124 ,
3292 1061 3361 1115 ad

1770 1135 1877 1193 hoc
1917 1137 2189 1208 duramus,
2230 1152 2283 1198 et
2312 1159 2711 1215 perseveramus
2751 1148 2805 1203 in
2858 1158 3000 1205 tanta
3036 1151 3363 1222 malignitate

1771 1228 1931 1300 hujus
1955 1233 2131 1287 smculi
2156 1276 2172 1298 ,
2199 1237 2509 1294 consolante
2534 1254 2631 1294 nos
2655 1254 2771 1310 spe,
2805 1250 3085 1313 antequam
3116 1258 3240 1314 spes
3268 1244 3360 1301 fiat

1773 1333 1883 1374 res.
1916 1319 2024 1375 Res
2056 1324 2198 1377 enim
2224 1326 2327 1380 erit
2352 1341 2470 1381 cum
2493 1337 2546 1382 et
2574 1342 2672 1383 nos
2708 1332 3193 1399 resurrexerimus,
3224 1342 3278 1389 et
3305 1334 3360 1390 in

1772 1410 2045 1467 cmlestern
2071 1414 2085 1446 ¹
2111 1415 2347 1470 habitum
2377 1420 2709 1487 commutati,
2732 1421 2962 1491 aequales
2988 1424 3207 1494 Angelis
3232 1422 3357 1480 facti

1771 1501 2047 1560 fuerimus.
2076 1506 2204 1576 Quis
2228 1508 2331 1564 hoc
2351 1523 2567 1579 sperare
2593 1510 2849 1579 auderet,
2880 1514 2982 1569 nisi
3011 1515 3206 1570 veritas
3232 1530 3360 1586 pro-

1771 1596 2042 1655 mitteret?
2086 1600 2232 1655 llane
2269 1611 2447 1658 autem
2493 1619 2645 1676 spem
2692 1607 3009 1677 promissam
3047 1607 3150 1663 sibi
3189 1607 3361 1665 Judaei

1773 1691 2051 1754 tenebant;
2080 1702 2134 1748 et
2159 1693 2227 1749 de
2249 1693 2403 1750 bonis
2423 1705 2476 1750 et
2499 1696 2649 1767 quasi
2670 1697 2830 1768 justis
2857 1699 3107 1768 operibus
3130 1700 3357 1757 multum

1769 1782 2152 1853 gloriabantur,
2175 1787 2312 1865 quod
2337 1800 2651 1859 acceperant
2672 1789 2864 1861 Legem
2885 1792 3179 1848 secundum
3198 1809 3357 1865 quam

1772 1875 1997 1930 vivendo
2024 1886 2080 1931 et
2108 1876 2193 1933 hic
2217 1864 2475 1936 haberent
2500 1881 2634 1936 bona
2659 1882 2923 1948 carnalia,
2953 1892 3006 1939 et
3031 1884 3083 1939 in
3114 1864 3355 1943 resurre-

1770 1967 1949 2023 ctione
1997 1982 2326 2026 mortuorum
2370 1972 2494 2027 talia
2538 1974 2822 2043 sperabant
2879 1974 2946 2030 de
2984 1977 3231 2046 qualibus
3272 1979 3357 2035 hic

1769 2058 2086 2131 gaudebant.
2130 2061 2413 2133 Propterea
2443 2063 2767 2132 Sadducaais,
2794 2066 2883 2137 qui
2914 2068 3178 2139 negabant
3215 2069 3356 2126 futu-

1770 2166 1886 2207 ram
1917 2155 2393 2223 resurrectionem,
2420 2156 2589 2212 Judazi
2616 2159 2942 2229 respondere
2971 2176 3075 2215 non
3110 2170 3358 2233 poterant

1773 2246 2190 2314 proponentihus
2215 2249 2584 2317 qumstionem,
2611 2265 2769 2321 quam
2808 2250 3032 2307 Domino
3058 2267 3353 2324 proposue-

1772 2344 1895 2390 runt
1916 2336 2072 2391 iidem
2095 2337 2390 2392 Sadducari.
2420 2338 2553 2393 Iline
2572 2340 2713 2394 enim
2737 2340 3082 2412 intelligimus
3102 2357 3195 2398 eos
3216 2343 3356 2402 hanc

1770 2428 2116 2495 qttatslioucm
2152 2429 2361 2485 solvere
2396 2444 2500 2483 non
2532 2430 2795 2500 potuisse,
2839 2430 2960 2501 quia
2991 2432 3215 2487 Domino
3243 2433 3355 2490 sol-

1771 2529 1925 2574 vente
1955 2520 2127 2574 mirati
2168 2529 2306 2575 snnt.
2338 2520 2713 2592 Pr0ponebant
2735 2538 2860 2593 ergo
2885 2522 3159 2579 Sadducmi
3203 2541 3353 2597 qure-

1770 2612 1996 2691 stionem
2019 2612 2086 2669 de
2104 2612 2327 2684 quadam
2351 2615 2594 2680 muliere,
2618 2630 2735 2684 qute
2756 2614 2941 2670 habuit
2959 2626 3162 2687 septem
3179 2617 3352 2684 viros;

1771 2718 1876 2759 non
1927 2706 2117 2772 simul,
2171 2706 2264 2761 sed
2306 2707 2653 2763 succedentes
2695 2707 2816 2762 sibi.
2870 2707 3001 2763 Erat
3056 2710 3198 2765 enim
3250 2710 3354 2768 hoc

1771 2794 1902 2869 legis
1922 2800 1987 2851 ad
2018 2800 2262 2869 populum
2290 2799 2703 2871 propagandum,
2731 2811 2788 2855 ut
2808 2801 2895 2871 qui
2922 2800 3059 2857 forte
3078 2802 3195 2858 sine
3220 2802 3354 2860 libe-

1769 2889 1845 2945 ris
1891 2890 2286 2962 defungeretur,
2333 2891 2495 2947 frater
2535 2892 2672 2961 ejus,
2712 2891 2758 2947 si
2800 2890 3038 2958 haberet,
3085 2894 3354 2965 acciperet

1771 2995 1987 3036 uxorem
2015 2982 2151 3051 ejus,
2182 2982 2247 3037 ad
2278 2982 2638 3037 suscitandum
2664 2998 2848 3039 semen
2873 2983 3020 3039 fratri
3049 3001 3147 3040 suo
3173 2984 3348 3058 (Deut.

1770 3087 1896 3141 xxv,
1928 3072 2007 3144 5).
2045 3072 2325 3144 Proposita
2352 3090 2479 3147 ergo
2514 3076 2600 3131 illa
2632 3076 2877 3143 muliere,
2906 3092 3025 3148 qua:
3050 3077 3233 3134 habuit
3260 3095 3348 3135 se-

1771 3177 1912 3237 ptem
1941 3168 2085 3221 viros
2104 3182 2289 3222 omnes
2315 3178 2553 3222 mortuos
2582 3168 2698 3224 sine
2718 3168 2921 3236 liberis,
2944 3183 2999 3225 et
3021 3168 3087 3224 ad
3116 3169 3217 3225 hoc
3235 3169 3355 3226 offi-

1767 3259 1907 3314 cium
1950 3258 2272 3329 implendum
2316 3258 2568 3315 ducentes
2613 3259 2790 3315 fratris
2816 3276 3056 3327 uxorem,
3100 3261 3354 3318 dixerunt

1766 3357 2111 3419 qurcrentes:
2143 3347 2208 3403 In
2246 3350 2606 3405 resurrectione
2647 3350 2795 3421 cujus
2836 3366 3009 3405 eorum
3052 3352 3145 3406 erit
3179 3352 3354 3407 umor?

1768 3440 1961 3498 Procul
1989 3444 2153 3498 dubio
2175 3444 2344 3501 Judaei
2371 3461 2477 3500 non
2510 3444 2859 3516 fatigarentur
2883 3486 2896 3509 ,
2928 3461 3034 3502 non
3062 3445 3356 3501 deficerent

1768 3533 1822 3588 in
1851 3534 1947 3590 ista
1992 3536 2305 3604 qua-stioue,
2351 3536 2397 3590 si
2425 3552 2529 3590 non
2574 3536 2700 3590 talia
2742 3536 2842 3592 sibi
2881 3536 2933 3591 in
2964 3537 3355 3592 resurrectione

1767 3636 2069 3697 sperarent,
2090 3625 2263 3695 qualia
2288 3627 2515 3696 agebant
2539 3626 2589 3680 in
2618 3626 2718 3681 hac
2737 3628 2865 3682 vita.
2894 3624 3152 3682 Dominus
3170 3637 3352 3683 autem

1769 3717 2125 3785 aequalitatem
2168 3718 2491 3787 Angelorum
2538 3720 2885 3787 promittens,
2928 3732 3033 3772 non
3064 3716 3352 3775 humanam

1769 3808 1945 3861 carnis
1993 3807 2424 3877 corruptionem,
2472 3805 2546 3861 ait
2589 3806 2734 3861 illis:
2795 3806 3025 3875 Erratis,
3080 3808 3351 3862 nescientes

1771 3896 2068 3970 Scripturas
2090 3940 2106 3965 ,
2135 3915 2294 3970 neque
2323 3900 2550 3953 uirtutem
2574 3897 2690 3953 Dei.
2725 3897 2791 3953 In
2816 3900 3179 3956 resurrectione
3217 3901 3352 3954 enim

1770 4008 1929 4061 neque
1945 3991 2146 4054 nubent,
2168 4008 2325 4062 neque
2338 4008 2520 4046 uxores
2542 3992 2725 4046 ducent
2743 4007 2763 4046 :
2782 4009 2942 4064 neque
2960 3993 3091 4046 enim
3116 3994 3355 4063 incipient

1771 4084 1918 4146 mori,
1939 4084 2027 4137 sed
2046 4095 2187 4137 erunt
2208 4084 2425 4154 (equules
2446 4083 2648 4166 éttgelis
2669 4082 2758 4137 Dei
2776 4081 2984 4157 (Matth.
3015 4099 3144 4151 xxtt,
3169 4083 3239 4137 25
3258 4084 3350 4149 50,

1772 4187 1818 4231 et
1841 4176 1961 4230 Luc.
1984 4193 2073 4241 xx,
2089 4175 2295 4248 27-56).
2315 4177 2702 4231 Demonstravit
2716 4176 2854 4247 quod
2876 4176 2944 4231 ibi
2963 4177 3032 4231 sit
3052 4177 3353 4234 necessaria

1772 4269 2058 4331 successio,
2092 4270 2175 4323 ubi
2214 4267 2676 4323 doleturdccessio
2705 4269 2761 4322 ἐ
2796 4267 2867 4322 ibi
2894 4268 3012 4338 quia
3043 4268 3354 4325 decessores

1774 4378 1879 4416 non
1905 4372 2059 4417 cruttl
2083 4403 2098 4427 ,
2130 4378 2227 4417 nec
2253 4375 2587 4416 successores
2613 4371 2936 4430 quaerentur.
2967 4361 3045 4415 Ad
3081 4360 3181 4417 hoc
3208 4362 3351 4418 enim

1773 4456 2031 4526 Snbjecit:
2081 4454 2197 4509 Non
2226 4456 2357 4509 enim
2382 4455 2619 4525 incipient
2645 4454 2790 4509 mari.
2822 4454 3196 4510 Verumtamen
3229 4457 3352 4527 quia

1773 4546 1940 4602 Juda-i
1971 4547 2257 4610 tenebant,
2289 4546 2389 4602 etsi
2418 4545 2733 4613 carnaliter,
2768 4560 2915 4616 spem
2946 4547 3353 4604 resurrectionis

1775 4642 1961 4695 intime
1979 4682 1997 4707 ,
2028 4639 2193 4710 gavisi
2220 4647 2345 4694 sunt
2373 4653 2684 4709 responsum
2712 4653 2832 4694 esse
2857 4637 3163 4693 Sadduczcis
3184 4681 3199 4703 ,
3229 4656 3352 4696 cum

1773 4735 1963 4805 quibus
1994 4734 2096 4787 illis
2123 4744 2237 4789 erat
2258 4734 2324 4787 de
2352 4732 2448 4787 hac
2481 4730 2693 4801 ancipiti
2724 4740 2778 4786 cl.
2801 4730 3025 4788 obscura
3055 4733 3353 4803 (ιιιςιεδιῑοηθ

1775 4836 2063 4882 certamen.
2094 4826 2367 4880 Tum-bant
2394 4840 2521 4894 ergo
2565 4824 2735 4879 Judaei
2761 4840 2908 4895 spem
2946 4828 3352 4883 resurrectionis

1778 4924 2139 4976 mortuorum:
2166 4925 2219 4970 et
2243 4916 2385 4969 solos
2405 4929 2463 4968 se
2487 4914 2551 4968 ad
2578 4915 2787 4969 beatam
2814 4916 2971 4970 vitam
3016 4927 3353 4975 resurrectu-

1776 5023 1866 5063 ros
1891 5009 2172 5075 sperabant
2196 5005 2217 5038 ³
2244 5018 2459 5078 propter
2478 5022 2613 5077 opus
2636 5006 2813 5078 Legis,
2838 5018 2888 5063 et
2921 5021 3134 5081 propter
3152 5011 3350 5079 justifi-
3408 5050 3447 5081 ,⁸.

1775 5102 2012 5156 cationes
2037 5100 2424 5168 Scripturartnn
2446 5141 2462 5161 ,
2491 5115 2622 5169 quas
2651 5101 2914 5156 habebant
2938 5103 3037 5157 Soli
3063 5102 3232 5156 Judaei
3253 5142 3271 5168 ,
3299 5111 3357 5157 et

1775 5192 1971 5249 Gentes
1996 5208 2098 5246 non
2131 5190 2411 5246 habebant.
2440 5190 2734 5247 Crucifixus
2758 5200 2840 5247 est
2861 5194 3133 5257 Christus;
3157 5195 3356 5250 cwcitns

1775 5301 1839 5340 ex
1866 5294 2006 5356 parte
2042 5282 2207 5338 Israel
2231 5285 2367 5355 facta
2394 5293 2486 5346 est,
2513 5292 2566 5337 ut
2586 5283 2846 5353 plenitudo
2887 5283 3119 5337 Gentium
3144 5287 3356 5339 intraret
3400 5294 3432 5353 ζ

1776 5376 1950 5447 (Rom.
1980 5393 2061 5443 χι,
2106 5373 2197 5448 ‘23)
2227 5394 2241 5431 :
2274 5374 2374 5430 hoc
2403 5375 2657 5447 Apostolo
2699 5373 2926 5431 dicente.
2976 5376 3151 5445 Coepit
3194 5380 3355 5433 etiam
3386 5374 3411 5414 -’

1775 5468 2032 5525 Gentibus
2054 5466 2283 5539 promitti
2304 5467 2624 5523 resurrectio
2644 5474 2993 5535 mortuorum,
3014 5467 3355 5525 credentibus

3359 5557 3395 5589 ν.

1840 5630 1857 5659 ι
1884 5625 2104 5691 Plerique
2127 5625 2575 5691 Mss.._cteleslium._r
2828 5683 2841 5691 _
3087 5686 3099 5691 _
3212 5686 3254 5691 η
3295 5687 3305 5691 _
3373 5602 3391 5638 ί

1838 5691 1859 5722 ⁸
1880 5692 1951 5760 sic
1970 5683 2153 5760 asset
2173 5688 2306 5750 Edd.,
2322 5687 2388 5738 ibi
2411 5700 2503 5737 non
2517 5684 2578 5737 sit
2598 5683 2870 5735 necessaria
2891 5686 3144 5750 successio,
3170 5686 3254 5740 ubi
3270 5687 3353 5741 de-

1772 5750 2257 5927 ᾜαῖῗέδῗιῗῗιοῖηεεη
2272 5810 2359 5864 soli
2381 5822 2431 5862 se
2446 5811 2511 5859 ad
2535 5807 2721 5861 beatam
2740 5807 2885 5863 vitam
2899 5818 3255 5866 resurrecturos
3268 5827 3355 5880 pu-
