3912 6438
153 426 269 485 789

155 545 314 601 dicas
335 537 675 602 conﬁrmans,
707 535 749 591 Α
785 530 1038 589 Negat-eth
1069 534 1230 602 potest
1254 523 1450 595 aliquid
1476 521 1590 577 boni
1616 535 1753 583 esse;

159 636 539 706 reSpondetnr,
576 621 727 690 Veni,
761 638 805 682 et
823 623 937 680 uide
959 635 1118 694 quam
1147 636 1270 675 vere
1299 617 1365 672 sit
1388 616 1584 669 bonum
1612 607 1754 680 quod

158 733 357 786 nuntio
399 742 426 780 a
473 723 766 786 Nazarctb;
812 729 862 774 et
890 727 1044 788 quam
1088 725 1239 768 recte
1280 706 1489 770 Credas,
1529 703 1670 765 veni,
1701 714 1754 757 et

158 841 222 879 ea
236 822 430 895 perire.
466 817 596 872 llinc
621 825 797 870 tamen
841 811 1170 867 existimatur
1199 805 1386 858 doctus
1406 797 1499 855 ille
1538 798 1590 851 in
1619 795 1757 863 Lege

162 885 357 979 fuisse,
390 911 509 983 quia
539 924 639 964 non
664 916 740 963 est
771 906 970 960 electus
995 904 1130 956 inter
1152 896 1438 966 discipulos
1460 891 1524 944 ab
1557 889 1646 943 illo
1669 885 1756 953 qui

158 1009 330 1064 Slttlttt
363 1000 544 1059 mundi
573 1001 718 1072 prius
746 998 941 1068 elegit;
974 1009 1093 1051 cum
1119 1001 1320 1045 tantum
1347 983 1393 1043 ei
1427 979 1759 1054 perhibuerit

161 1100 530 1156 testimonium
561 1093 811 1149 Dominus
838 1089 1020 1144 dicens
1045 1106 1056 1140 :
1089 1076 1221 1139 Ecce
1247 1097 1359 1136 vere
1387 1075 1624 1133 'lsraeli-ta
1644 1118 1656 1141 ,
1703 1072 1758 1126 in

160 1210 264 1263 qua
289 1191 437 1244 dolus
466 1203 563 1241 non
594 1193 684 1240 est.
719 1182 889 1252 Elegit
915 1195 1040 1250 ergo
1067 1167 1324 1232 Dominus
1355 1179 1533 1242 postea
1565 1176 1617 1221 et
1641 1177 1759 1218 ora-

166 1296 315 1340 tores
339 1299 355 1348 ;
384 1279 476 1337 sed
499 1277 571 1334 illi
602 1274 956 1345 superbirent,
981 1270 1025 1325 si
1049 1280 1150 1322 non
1177 1265 1320 1337 prius
1346 1262 1561 1332 eligeret
1590 1257 1759 1327 pisca-

167 1387 353 1433 tores:
385 1373 542 1444 elegit
569 1370 792 1434 divites;
822 1366 914 1420 sed
951 1363 1190 1418 dicerent
1227 1353 1416 1412 merito
1451 1351 1755 1407 divitiarum

164 1483 388 1527 suarum
414 1482 472 1523 se
495 1466 691 1522 electos
713 1471 853 1526 esse,
875 1458 970 1514 nisi
998 1455 1166 1526 primo
1189 1449 1435 1520 elegisset
1462 1455 1720 1517 pauperes
1743 1460 1757 1496 :

166 1561 332 1634 elegit
362 1557 709 1630 imperatores
741 1561 955 1624 postea;
985 1546 1077 1604 sed
1108 1547 1295 1602 melius
1330 1551 1412 1596 est
1449 1550 1505 1594 ut
1533 1539 1756 1592 Romam

166 1655 294 1711 cum
321 1651 525 1708 venerit
551 1621 859 1718 imperator,
890 1639 1131 1713 deposito
1154 1635 1466 1694 diademate,
1501 1629 1666 1701 ploret
1691 1621 1757 1682 ad

169 1745 485 1802 memoriam
528 1738 841 1812 pi'sratoris,
891 1747 1047 1804 quam
1100 1740 1149 1784 ut
1197 1727 1427 1798 piscator
1472 1721 1645 1793 ploret
1691 1711 1758 1774 ad

169 1839 484 1896 memoriam
523 1831 876 1906 imperatoris.
930 1825 1144 1897 Inﬁrma
1192 1821 1333 1874 enini
1384 1811 1558 1872 mundi
1614 1813 1759 1885 elegit

171 1933 336 1996 Deus,
380 1939 430 1984 ut
460 1927 733 2000 confundat
755 1923 1011 2003 fortia;et
1047 1915 1284 1990 ignobilia
1308 1911 1480 1966 mundi
1502 1908 1677 1980 elegit,
1714 1913 1758 1960 el

173 2045 235 2082 ea
276 2043 388 2094 qua:
427 2023 524 2079 non
551 2029 690 2085 sunt,
734 2033 967 2089 tanquam
994 2029 1106 2088 qua:
1145 2020 1278 2074 sunt,
1312 2019 1363 2062 ut
1409 2025 1465 2061 ea
1495 2020 1606 2077 qua:
1645 2009 1760 2056 sunt

175 2130 488 2178 evacuentur.
514 2115 582 2173 Ei
605 2113 728 2187 quid
751 2107 1026 2182 sequitur?
1053 2103 1323 2161 Couclusit
1348 2096 1628 2172 Apostolus
1653 2113 1664 2148 :
1694 2091 1759 2149 Ut

177 2232 281 2268 non
315 2209 554 2283 glorietur
589 2209 754 2261 eorum
785 2201 886 2258 Deo
925 2195 1087 2254 omnis
1117 2213 1253 2251 caro.
1289 2191 1474 2248 Videte
1502 2187 1758 2261 qnetnatl~

176 2280 396 2362 modum
442 2300 592 2356 nobis
637 2296 851 2353 abstulit
891 2293 1136 2366 gloriam,
1189 2297 1243 2344 ut
1297 2287 1447 2340 daret
1497 2280 1756 2355 gloriam:

178 2397 395 2453 abstulit
424 2404 654 2449 nostram
681 2434 694 2455 ,
727 2399 780 2444 ut
806 2387 951 2443 daret
980 2401 1127 2440 suam
1151 2401 1166 2448 ;
1195 2379 1410 2434 abstulit
1437 2371 1676 2438 inanem,
1709 2380 1765 2428 ut

179 2490 335 2546 daret
375 2487 615 2558 plenam;
646 2481 861 2537 abstulit
901 2488 1194 2542 nutantem,
1238 2483 1295 2528 ut
1327 2469 1474 2526 daret
1514 2467 1758 2524 solidam.

180 2573 391 2652 Quanto
420 2595 546 2650 ergo
573 2577 738 2650 gloria
780 2583 957 2629 nostra
990 2569 1173 2626 fortior
1203 2576 1255 2621 et
1285 2563 1502 2623 lirmior,
1548 2561 1668 2632 quia
1710 2559 1762 2614 in

183 2677 297 2736 Deo
320 2679 430 2733 est!
461 2675 573 2732 Non
601 2688 726 2745 ergo
754 2671 803 2726 in
836 2679 884 2724 te.
913 2666 1076 2723 debes
1103 2664 1346 2738 gloriari;
1379 2660 1648 2732 prohibuit
1677 2673 1766 2714 ve-

182 2768 348 2830 ritas:
379 2769 470 2827 sed
512 2767 650 2842 quod
677 2769 753 2822 ait
792 2763 1074 2834 Aposmlus
1099 2804 1114 2827 ,
1142 2761 1242 2814 hoc
1277 2758 1528 2828 pr.rcepit
1549 2755 1761 2818 veritas,

189 2855 290 2937 Qui
308 2857 572 2937 gloriatur,
589 2879 638 2916 tn
661 2849 878 2922 Domino
899 2855 1138 2927 glorietur
1155 2853 1196 2922 (l
1213 2850 1326 2905 Cor.
1342 2866 1379 2916 t,
1404 2849 1493 2915 :19,
1509 2846 1618 2920 5|).
1643 2845 1768 2900 Date

185 2976 313 3032 ergo
355 2959 569 3032 gloriam
609 2941 747 3009 laudi
792 2953 921 3032 ejus.
963 2948 1132 3004 Nolite
1168 2945 1358 2999 imitari
1400 2941 1632 3005 .ltula'os,
1677 2941 1769 3006 qui

185 3051 336 3124 quasi
390 3050 591 3105 meritis
641 3047 751 3102 suis
799 3027 1045 3100 volebant
1091 3039 1320 3093 tribuere
1364 3033 1770 3106 iustiﬁcationes

185 3163 332 3212 suas,
361 3155 414 3200 et
446 3141 750 3198 invidebant
773 3137 1027 3193 Gentibus
1052 3131 1425 3188 accedentibus
1454 3129 1517 3182 ad
1545 3129 1769 3198 gratiam

187 3237 567 3309 evangelicam,
595 3243 654 3288 ut
677 3238 889 3303 peccata
919 3225 1096 3282 omnia
1130 3224 1452 3279 donarentur
1479 3221 1590 3285 eis;
1622 3218 1772 3289 quasi

189 3334 263 3390 illi
285 3349 389 3388 non
411 3329 665 3384 haberent
684 3323 822 3396 quod
849 3321 948 3378 sibi
975 3319 1292 3382 donaretur;
1316 3315 1446 3382 jam,
1472 3314 1621 3384 quasi
1649 3311 1773 3366 boui

189 3425 442 3496 Operarii,
463 3417 758 3477 tnercedem
775 3422 1160 3486 exspectantes.
1184 3410 1242 3466 Et
1261 3424 1377 3463 eum
1400 3406 1574 3462 adhuc
1591 3403 1774 3476 :rgroti

189 3527 398 3584 essent,
438 3529 595 3570 sanos
629 3528 686 3568 se
716 3525 834 3568 esse
875 3507 1145 3577 putabunt,
1175 3512 1229 3559 et
1266 3500 1392 3556 inde
1429 3497 1778 3570 pericnlmias

191 3610 536 3681 aegrotahant.
570 3604 699 3660 Nam
723 3603 768 3657 si
795 3601 880 3658 vel
905 3600 1079 3654 mitius
1101 3601 1463 3667 a'grotassent,
1493 3608 1598 3646 non
1627 3590 1778 3662 quasi

193 3701 492 3775 phrenetici
531 3697 793 3756 medicum
832 3691 1171 3750 occidissent.
1211 3686 1341 3742 Date
1377 3685 1592 3757 gloriam
1638 3682 1780 3738 laudi

195 3815 327 3868 ejus.

273 3892 325 3946 5.
368 3890 390 3963 [
414 3904 542 3944 vers.
569 3882 661 3957 3.]
691 3882 855 3937 Dicite
880 3877 989 3934 Deo
1017 3893 1034 3932 :
1059 3877 1222 3942 Quam
1249 3872 1467 3928 timenda
1487 3880 1600 3926 sunt
1627 3885 1782 3939 opera

200 3971 331 4042 tua!
355 3984 530 4052 Quare
555 3977 806 4041 timenda,
833 3985 891 4030 et
921 3991 1022 4028 non
1051 3968 1313 4027 amanda?
1342 3966 1476 4022 Audi
1504 3965 1660 4019 aliaat
1686 3978 1780 4017 vo-

201 4093 320 4133 cem
353 4073 535 4146 psalmi
566 4090 580 4126 :
615 4071 814 4140 Servite
837 4066 1050 4136 Domino
1077 4064 1129 4117 in
1157 4064 1352 4126 timore,
1392 4068 1438 4112 et
1468 4057 1712 4126 exsultate
1739 4058 1782 4108 ei

203 4185 322 4223 cum
349 4178 561 4221 tremore
587 4165 604 4234 (
633 4162 776 4216 I’sal.
809 4176 864 4222 tt,
899 4160 957 4214 ll
987 4159 1026 4227 ).
1055 4154 1188 4224 Quid
1216 4152 1314 4207 sibi
1347 4153 1446 4208 hoc
1469 4149 1615 4203 vult?
1646 4146 1784 4201 Audi

201 4279 392 4342 vocem
413 4258 645 4331 Apostoli
673 4276 687 4312 :
711 4255 836 4312 Cum
855 4255 1051 4316 timore,
1070 4250 1256 4320 inquit,
1279 4256 1325 4300 et
1343 4256 1553 4300 tremore
1574 4251 1787 4296 vestram

205 4359 433 4429 ipsorum
460 4354 669 4408 salutem
695 4345 992 4420 cperamioi.
1023 4344 1234 4410 Quare.
1265 4355 1376 4392 tum
1407 4337 1582 4391 timore
1611 4344 1655 4388 ct
1684 4342 1787 4386 tre»

207 4447 387 4504 more?
430 4443 663 4513 S-thjeeit
693 4454 904 4495 causam
939 4455 954 4491 :
983 4435 1122 4490 Deus
1161 4441 1232 4502 est
1271 4432 1406 4485 enim
1440 4428 1524 4497 qui
1554 4435 1790 4494 Operatur

210 4544 264 4597 in
292 4539 445 4600 vobis.
469 4548 511 4590 et
535 4537 675 4596 relle,
695 4544 738 4588 et
753 4530 974 4598 Operuri,
993 4545 1080 4599 pro
1108 4528 1233 4582 bona
1251 4524 1504 4578 ttoltuttate
1526 4517 1786 4589 (Philipp.

212 4650 272 4696 tt,
306 4631 540 4698 12,13).
572 4626 628 4682 Si
658 4641 784 4694 ergo
809 4625 950 4678 Deus
999 4628 1246 4688 cperatnr
1275 4619 1327 4671 in
1374 4626 1453 4680 te,
1497 4612 1664 4683 gratia
1699 4608 1791 4664 ltci

212 4729 356 4784 bene
383 4722 618 4794 operaris
641 4759 656 4787 ,
688 4733 792 4773 non
825 4713 1022 4769 viribus
1062 4712 1183 4778 tuis.
1217 4709 1354 4778 Ergo
1403 4709 1447 4760 si
1474 4703 1672 4774 gaudes
1695 4737 1710 4766 ,
1741 4707 1794 4754 et

215 4821 386 4883 time;
418 4831 484 4872 ne
507 4814 643 4869 forte
669 4809 810 4882 quod
837 4807 1014 4861 datum
1044 4814 1122 4858 est
1152 4799 1335 4854 lnnuili
1358 4838 1372 4864 ,
1402 4796 1674 4849 auloratur
1699 4806 1792 4845 su-

217 4912 407 4983 pet-lui.
437 4908 588 4968 Nam,
620 4914 677 4958 ιιι
707 4900 965 4969 noveritis
990 4896 1090 4952 hoc
1114 4908 1232 4948 esse
1257 4891 1448 4945 factum
1476 4887 1541 4942 de
1565 4886 1674 4954 ipsa
1700 4897 1794 4937 sn~

216 4997 751 5075 perbia'ludmornm,
778 4991 927 5062 quasi
956 5005 1013 5044 se
1043 5002 1108 5041 ex
1136 4985 1388 5055 operibus
1427 4980 1582 5046 Legis
1603 4973 1795 5045 justiti-

215 5092 478 5156 cantium,
505 5099 559 5144 et
587 5086 708 5142 ideo
730 5082 1067 5146 cadentium,
1097 5076 1224 5132 dicit
1253 5074 1386 5127 alius
1417 5071 1649 5140 psalmus
1682 5086 1694 5120 :
1726 5064 1796 5119 lli

215 5187 273 5241 in
306 5182 535 5238 curribus
559 5221 576 5246 ,
620 5188 668 5233 et
696 5177 747 5231 hi
791 5176 844 5230 in
873 5173 1009 5246 equis
1038 5212 1052 5238 ,
1079 5169 1227 5241 quasi
1258 5168 1310 5221 in
1351 5165 1462 5219 suis
1485 5159 1798 5233 quibusdam

217 5276 470 5349 passibus
487 5283 546 5330 et
570 5267 934 5327 instrumentis
953 5264 1017 5318 ad
1046 5261 1370 5318 erectioncm
1392 5270 1538 5311 suam
1562 5271 1576 5320 ;
1600 5269 1688 5306 nos
1709 5267 1803 5305 au-

219 5343 349 5436 tem,
377 5367 581 5439 inquit,
611 5364 664 5418 in
691 5359 888 5416 nomine
917 5355 1118 5412 Domini
1151 5353 1241 5407 Dei
1277 5349 1434 5404 nostri
1460 5343 1806 5417 ntagni/icabi-

221 5478 342 5516 mnr
372 5477 390 5514 :
425 5456 494 5512 Ili
512 5459 567 5511 in
591 5453 840 5520 curribus,
871 5458 916 5502 et
940 5447 992 5501 hi
1017 5447 1068 5500 in
1106 5444 1280 5514 equfs;
1321 5456 1411 5494 nos
1437 5448 1604 5492 autem
1629 5435 1680 5490 in
1709 5453 1805 5488 no-

223 5555 370 5608 mine
414 5548 616 5605 Domini
664 5545 762 5600 Dei
791 5541 947 5596 nostri
974 5535 1424 5609 nmguiﬁcabimur.
1463 5528 1594 5583 Vide
1623 5541 1807 5597 quem-

229 5642 521 5701 admodum
572 5639 645 5692 illi
677 5633 1067 5692 extollebantur
1106 5629 1156 5682 in
1203 5642 1295 5692 se;
1325 5623 1442 5680 vide
1462 5619 1809 5692 quemadmo-

224 5738 358 5793 dum
385 5735 470 5787 isti
495 5729 854 5802 gloriabantur
877 5723 929 5778 in
954 5723 1084 5778 Deo.
1108 5721 1398 5788 Propterea
1423 5715 1548 5784 quid
1569 5721 1809 5768 secutum

225 5827 359 5885 est?
386 5823 502 5880 Illis
527 5817 731 5893 obligati
754 5824 868 5873 sunt
894 5807 1042 5887 pedes
1065 5856 1078 5880 ,
1113 5822 1160 5867 et
1186 5809 1502 5870 ceciderunt;
1525 5820 1615 5857 nos
1645 5812 1812 5874 autem

230 5917 548 5978 surreximus
571 5954 589 5983 ,
618 5885 666 5968 et
713 5910 862 5966 erecti
896 5885 1078 5962 suum
1107 5901 1128 5958 ί
1156 5900 1300 5958 Psal.
1329 5914 1443 5963 nx,
1465 5897 1518 5965 8,
1551 5895 1649 5966 9).
1673 5893 1716 5950 Α
1739 5885 1813 5949 tdi

1265 404 1663 467 ENARRATIO
1701 401 1767 459 IN
1806 401 2129 462 Pssuma!
2169 393 2328 461 Lttv.

3347 403 3450 468 710

1866 519 2041 588 ipsum
2069 515 2352 573 Dominum
2378 519 2616 572 nostrum
2641 504 2743 571 hoc
2771 513 2912 570 td'em
2935 511 3196 573 diecntsm
3248 537 3261 571 :
3293 517 3403 589 Ego

1867 608 2073 679 inquit,
2105 609 2244 680 veni,
2275 603 2431 679 utqui
2459 618 2556 662 non
2578 607 2761 673 vident,
2793 607 3030 674 videant;
3061 619 3106 661 ct
3128 609 3212 679 qui
3235 609 3398 663 rident
3430 653 3446 676 ,

1867 702 1986 756 carri
2009 703 2153 771 (iant.
2189 699 2319 754 Vide
2349 701 2399 755 in
2427 715 2526 754 una
2558 709 2708 772 pan-te
2729 693 3052 765 bonitatem;
3085 699 3133 753 in
3163 699 3264 754 alia
3296 701 3446 770 quasi

1867 794 2141 850 malitiam.
2171 790 2274 848 Sed
2305 792 2428 862 quid
2465 791 2556 846 illo
2586 791 2820 847 melius?
2849 791 2972 861 quid
3003 759 3447 846 misericordias?

1865 885 1994 956 "t'ptid
2039 883 2272 954 iustius?
2298 887 2474 950 Quare
2525 899 2651 954 ergo
2681 926 2696 952 ,
2727 879 2812 954 qui
2844 899 2944 937 non
2988 883 3172 947 rident,
3203 881 3448 937 rideant’

1867 973 2093 1046 I‘roptcr
2119 975 2428 1032 bonitatem.
2463 975 2635 1041 Quare
2657 1019 2670 1043 ,
2705 987 2749 1031 et
2778 978 2860 1045 qui
2887 976 3050 1029 rident
3078 1018 3093 1040 ,
3135 977 3252 1029 eieci
3284 969 3450 1044 [iautl

1868 1069 2093 1139 Propter
2121 1069 2425 1123 elationem.
2473 1065 2539 1123 Et
2570 1083 2693 1123 vero
2738 1067 3019 1134 videbant,
3063 1076 3118 1122 et
3157 1066 3279 1123 laeti
3327 1077 3452 1124 sunt

1867 1162 1994 1216 caeci
2018 1160 2040 1213 ?
2068 1155 2185 1214 Non
2216 1159 2485 1221 videbant,
2517 1159 2609 1214 sed
2635 1160 2813 1213 videre
2835 1159 2933 1212 sibi
2956 1159 3288 1213 videbantur.
3319 1160 3450 1214 Nam

1866 1267 1992 1308 ecce
2019 1249 2215 1315 videte,
2248 1248 2438 1306 fratres
2472 1269 2483 1303 :
2518 1266 2638 1305 cum
2671 1249 2908 1304 dicerent
2945 1250 3039 1320 ipsi
3070 1249 3238 1305 Juda'i
3262 1293 3274 1316 ,
3309 1245 3450 1305 Nam

1866 1359 2038 1400 sumus
2061 1345 2179 1398 (teri
2193 1343 2218 1397 ?
2249 1345 2318 1396 ait
2337 1343 2437 1396 illis
2463 1342 2706 1396 Dominus
2728 1386 2740 1407 ,
2761 1341 2818 1396 Si
2840 1342 2956 1395 (α’ςὶ
2977 1342 3165 1407 essetis,
3197 1354 3451 1411 peccatum

1867 1451 1966 1490 non
1993 1437 2239 1491 haberetis
2268 1451 2286 1491 :
2317 1437 2464 1490 tnodo
2495 1445 2659 1489 autent
2681 1437 2797 1506 quia
2829 1435 3013 1499 dicitis,
3046 1434 3305 1501 Vitleums,
3337 1453 3453 1503 pec-

1866 1539 2036 1584 catum
2066 1541 2278 1584 rostrum
2318 1530 2366 1582 in
2395 1523 2529 1583 vobis
2571 1539 2736 1581 manet
2764 1528 2783 1599 (
2806 1525 2962 1582 Joau.
2988 1543 3037 1581 ιιι
3064 1569 3077 1592 ,
3105 1527 3266 1583 59-41
3301 1527 3342 1599 ).
3370 1529 3453 1584 Ad

1867 1621 2132 1678 medicum
2157 1621 2344 1676 venisti
2368 1637 2382 1686 ;
2416 1619 2595 1674 videre
2626 1631 2676 1674 te
2698 1617 2827 1674 dicis
2846 1613 2868 1672 ?
2889 1615 3183 1673 Cessabnnt
3203 1618 3449 1690 collyria;

1865 1729 2080 1784 semper
2108 1723 2280 1769 carens
2306 1713 2605 1769 remanehis
2634 1729 2645 1764 :
2679 1707 2936 1766 conﬁtere
2959 1720 3008 1766 te
3025 1726 3244 1776 eteeum,
3262 1720 3318 1765 ut
3345 1713 3452 1766 illu-

1866 1809 2055 1866 minari
2113 1810 2386 1863 merearis.
2421 1807 2647 1861 Attende
2693 1803 2942 1870 Judzeos;
2984 1805 3199 1859 attende
3229 1805 3449 1862 Gentes.

1870 1902 1972 1969 Qui
1997 1919 2094 1956 non
2128 1899 2292 1955 rident
2317 1942 2330 1966 ,
2356 1899 2553 1955 rideant
2578 1942 2592 1966 ,
2619 1896 2789 1964 inquit
2814 1916 2825 1952 :
2859 1891 2978 1952 ideo
3008 1898 3117 1952 t'eui
3138 1939 3150 1957 ,
3179 1906 3233 1950 ut
3262 1899 3345 1967 qui
3376 1897 3453 1951 vi-

1867 1997 2027 2062 dent,
2081 1995 2198 2049 ca't'i
2257 1993 2402 2061 ﬁant.
2453 1991 2627 2061 Ipsum
2674 1989 2956 2045 Dominum
3004 1996 3242 2043 nostrum
3272 1987 3452 2043 Jesunt

1838 2089 2150 2170 'Ghristutu
2170 2087 2222 2142 in
2253 2101 2413 2141 carne
2439 2084 2691 2138 videbant
2711 2081 2878 2137 Judaei
2906 2099 2919 2146 ;
2952 2081 3149 2136 Gentes
3179 2096 3283 2134 non
3308 2081 3452 2134 vide-

1866 2182 1996 2236 bant
2027 2199 2039 2234 :
2069 2169 2193 2234 cccc
2225 2177 2310 2248 qui
2361 2175 2642 2240 viderunt,
2676 2169 3087 2235 crttcilixerunt;
3120 2173 3206 2241 qui
3241 2186 3343 2224 non
3370 2172 3452 2224 vi-

1867 2273 2062 2328 derunt
2094 2312 2108 2334 ,
2155 2268 2512 2323 crediderunt.
2546 2267 2682 2335 Ergo
2729 2265 2852 2334 quid
2887 2262 3055 2316 fecisti
3085 2305 3096 2326 ,
3141 2277 3173 2316 0
3203 2262 3410 2316 Christe
3435 2303 3448 2325 ,

1868 2363 2125 2419 adversus
2170 2359 2464 2429 superbos?
2493 2358 2619 2428 quid
2652 2355 2856 2410 fecisti?
2880 2353 3134 2407 Videmus
3161 2395 3173 2414 ,
3218 2353 3337 2422 quia
3369 2352 3454 2405 di-

1868 2464 2058 2526 gnatus
2086 2468 2174 2517 0S,
2205 2461 2257 2507 et
2285 2451 2519 2506 membra
2557 2457 2642 2502 tua
2673 2462 2886 2510 sumus;
2919 2444 3159 2499 videmus
3189 2465 3201 2498 :
3235 2446 3457 2499 abscon-

1869 2550 1992 2605 disti
2051 2538 2266 2608 Deum;
2319 2543 2558 2614 objecisli
2611 2539 2904 2596 hominem.
2961 2538 3137 2606 Quare
3193 2536 3332 2591 hoc?
3389 2537 3456 2590 Ut

1869 2643 2072 2699 ta'citas
2121 2658 2183 2694 ex
2236 2651 2376 2710 parte
2413 2635 2577 2692 Israel
2617 2636 2774 2704 fieret,
2822 2643 2867 2687 et
2924 2631 3180 2702 plenitudo
3224 2631 3458 2686 Gentium

1869 2738 2101 2793 intraret.
2151 2731 2228 2788 Ad
2279 2729 2381 2786 hoc
2438 2727 2761 2783 abscondisti
2812 2725 3017 2784 Deum,
3078 2733 3133 2778 et
3189 2723 3454 2777 hominem

1872 2827 2175 2897 asliectibns
2200 2819 2462 2894 objecisti.
2493 2816 2788 2878 Videbant.
2816 2824 2868 2870 et
2898 2831 3001 2870 non
3037 2814 3289 2868 videbant
3321 2832 3333 2866 :
3374 2812 3457 2867 vi-

1874 2919 2072 2975 debant
2111 2917 2250 2988 quod
2278 2928 2561 2983 acceperas
2587 2953 2600 2975 ,
2630 2919 2683 2964 et
2711 2925 2816 2962 non
2847 2907 3092 2962 videbant
3124 2906 3261 2974 quod
3292 2920 3410 2960 eras
3439 2923 3454 2957 :

1872 3012 2120 3068 videbant
2168 3011 2393 3063 formam
2437 3004 2616 3068 servi,
2651 3018 2755 3056 non
2811 2999 3056 3054 videbant
3111 2996 3336 3052 formam
3367 2995 3458 3052 llei

1875 3103 2134 3177 (Philipp.
2169 3118 2223 3167 tt,
2255 3100 2308 3166 6,
2339 3099 2431 3169 7);
2467 3097 2692 3152 fortnam
2725 3092 2888 3160 servi,
2927 3107 3029 3162 qua
3063 3091 3230 3159 major
3255 3100 3333 3145 est
3357 3089 3459 3144 Pa-

1876 3208 1956 3253 ter
1987 3197 2004 3267 (
2028 3195 2183 3250 Joan.
2215 3210 2323 3260 Juv,
2350 3191 2419 3245 ‘28
2443 3192 2460 3263 )
2487 3209 2500 3254 ;
2532 3206 2636 3242 non
2662 3186 2883 3240 formam
2910 3185 3023 3251 Dei,
3063 3190 3278 3252 propter
3301 3197 3457 3252 quam

1876 3291 2035 3346 modo
2070 3287 2291 3342 audistis
2311 3329 2324 3352 ,
2362 3285 2469 3356 Ego
2491 3293 2534 3338 ct
2566 3273 2721 3337 Pater
2750 3297 2903 3334 unum
2926 3295 3097 3333 sumus
3123 3275 3230 3347 (Id.
3265 3293 3318 3340 tt,
3340 3273 3457 3347 '50).

1880 3381 2189 3440 Tcnuerunt
2229 3379 2369 3450 quod
2398 3377 2644 3432 videbant
2675 3417 2689 3443 ,
2721 3365 3102 3429 eruxilixeruut
3133 3366 3271 3439 quod
3315 3367 3461 3422 vide-

1877 3479 2038 3542 bant;
2070 3474 2460 3529 insnltaverunt
2486 3472 2535 3526 ci
2565 3484 2722 3540 quem
2756 3463 3008 3520 videbant
3035 3505 3047 3525 ,
3081 3477 3186 3516 non
3230 3467 3464 3530 agnove-

1881 3579 2003 3624 runt
2031 3566 2119 3637 qui
2148 3564 2361 3619 latebat.
2395 3559 2529 3616 Audi
2566 3558 2876 3627 Apostolum
2908 3555 3171 3609 dicentem
3205 3569 3217 3604 :
3248 3551 3308 3605 Si
3337 3551 3467 3604 enim

1883 3659 2227 3731 (agnorisseut
2247 3697 2260 3719 ,
2294 3669 2548 3717 nunquam
2579 3648 2853 3703 Dominum
2882 3644 3060 3716 gloria!
3103 3641 3469 3709 eruci/irisseul

1885 3739 1904 3824 ζ
1932 3751 1946 3804 l
1979 3749 2094 3804 Cor.
2128 3764 2184 3811 tt,
2213 3747 2244 3803 8
2342 3743 2480 3813 Ergo
2501 3739 2708 3797 Gentes
2735 3754 2850 3809 qua:
2877 3745 3078 3789 vocatte
3109 3733 3236 3788 estis
3262 3775 3274 3794 ,
3298 3737 3471 3785 atten-

1883 3841 1992 3898 dilc
2024 3855 2198 3894 ratnOs
2237 3835 2487 3908 prarcises
2519 3841 2732 3903 propter
2762 3827 3133 3889 severitatem;
3167 3839 3259 3875 vos
3291 3831 3466 3876 autem

1886 3933 2112 3990 in~crtos
2141 3938 2354 4000 pmptcr
2381 3923 2670 3980 bonitatem
2700 3964 2713 3987 ,
2743 3929 2794 3973 et
2815 3917 3100 3988 participes
3149 3912 3312 3968 factos
3355 3913 3472 3980 pitt-

1886 4025 2128 4100 guedinis
2154 4024 2305 4089 olere,
2331 4037 2434 4073 non
2464 4018 2624 4070 altum
2659 4014 2944 4084 sapientes;
2978 4007 3028 4063 id
3053 4017 3132 4061 est
3158 4021 3262 4059 non
3290 4019 3473 4073 saper-

1888 4122 2112 4199 bieutcs.
2147 4113 2264 4178 Non
2298 4111 2429 4168 enim
2473 4123 2525 4164 tu
2555 4105 2770 4164 radicem
2803 4116 2972 4172 portas
3001 4144 3014 4166 ,
3057 4101 3157 4164 ait;
3202 4098 3292 4152 sed
3323 4097 3475 4153 radix

1891 4225 1960 4268 te.
2015 4209 2180 4282 Magis
2213 4203 2515 4263 terreamini
2543 4244 2555 4266 ,
2598 4200 2718 4271 quia
2753 4193 2945 4251 videtis
2975 4201 3271 4261 amputatos
3299 4191 3475 4242 ramos

1891 4305 2179 4363 naturales.
2208 4293 2376 4356 Juda-i
2414 4295 2553 4353 enim
2595 4305 2689 4370 per
2727 4285 3061 4346 Patriarchas
3090 4289 3378 4342 venerunt;
3409 4278 3476 4335 de

1891 4417 2048 4456 carne
2075 4397 2300 4453 Abrahat
2341 4392 2446 4447 nati
2477 4398 2618 4443 sunt.
2648 4369 2715 4440 Et
2745 4373 2868 4452 quid
2901 4380 2973 4433 ait
3017 4373 3339 4447 Apostolus?
3374 4369 3478 4426 Sed

1893 4495 2051 4568 diris:
2081 4488 2250 4544 Frarti
2279 4493 2392 4540 sunt
2415 4481 2563 4547 rami,
2586 4488 2639 4532 nt
2661 4476 2980 4547 rgojnserar.
3000 4467 3153 4530 Bene;
3177 4469 3378 4537 propter
3401 4463 3480 4516 in-

1896 4563 2185 4656 ﬁdelitatem
2208 4578 2355 4651 {rat-ti
2385 4583 2519 4628 sunt.
2543 4565 2618 4625 'I'n
2647 4580 2832 4627 autent,
2869 4563 3058 4632 inquit,
3091 4561 3191 4628 [ide
3214 4559 3315 4612 stas
3337 4571 3352 4618 ,°
3377 4554 3482 4608 nell

1896 4681 2052 4734 altum
2081 4687 2254 4742 saprre
2273 4713 2287 4738 ,
2315 4667 2402 4724 sed
2426 4668 2541 4720 time
2567 4680 2585 4716 :
2609 4661 2651 4716 si
2683 4660 2811 4714 enim
2843 4651 3153 4709 naturalibus
3173 4650 3322 4702 rantis
3348 4646 3482 4700 Deus

1897 4792 1996 4830 non
2029 4772 2286 4843 pepercit,
2328 4752 2482 4833 neque
2525 4760 2610 4814 tibi
2641 4766 2829 4828 parcet.
2881 4749 3106 4808 Attende
3136 4765 3261 4820 ergo
3305 4753 3484 4801 ramos

1900 4868 2186 4927 fractos,et
2214 4871 2262 4914 te
2293 4860 2545 4913 insertum
2582 4871 2595 4906 :
2630 4849 2733 4904 noli
2765 4841 2948 4902 extolli
2978 4858 3139 4912 super
3169 4854 3343 4894 munus
3375 4837 3485 4891 fra-

1901 4969 2018 5012 ctos
2038 4973 2052 5020 ;
2076 4953 2168 5008 sed
2188 4949 2354 5019 magis
2371 4947 2532 5002 dicito
2555 4943 2684 5006 Deo,
2715 4931 2877 5003 Quam
2907 4931 3171 4988 metuenda
3197 4939 3311 4985 sunt
3334 4935 3488 5000 opera

1905 5060 1988 5104 tua
2011 5050 2029 5102 .'
2056 5047 2270 5103 Fratres
2301 5083 2315 5110 ,
2367 5041 2408 5095 si
2439 5037 2692 5092 adversus
2717 5027 2931 5108 Jllti:C(tS
2968 5023 3091 5080 olim
3121 5023 3372 5092 praecisos
3421 5011 3488 5082 de

1905 5142 2083 5212 radice
2106 5133 2526 5192 Patriarcharntn
2549 5105 2804 5182 extollere
2827 5136 2922 5175 nos
2952 5133 3053 5172 non
3087 5115 3365 5174 debemus,
3393 5107 3488 5164 sed

1909 5235 2095 5292 timere
2123 5229 2323 5302 potius,
2351 5236 2403 5281 et
2421 5223 2599 5277 dicere
2622 5221 2751 5282 Deo,
2775 5217 2937 5284 Quam
2964 5209 3181 5266 timentia
3201 5218 3315 5262 sunt
3338 5207 3490 5275 operti

1911 5343 1993 5386 tua
2017 5329 2036 5382 .'
2065 5334 2262 5397 quanto
2288 5321 2461 5374 minus
2483 5331 2586 5370 non
2611 5328 2707 5368 nos
2736 5310 2991 5365 debemus
3017 5302 3272 5358 extollere
3299 5297 3489 5351 adver-

1910 5439 2001 5480 sus
2023 5419 2254 5477 recentia
2280 5415 2496 5470 vulnera
2537 5399 2945 5480 prtccisionum?
2979 5397 3190 5452 Per-eisi
3222 5397 3492 5448 sontante

1911 5514 2113 5577 Judtt-i;
2147 5511 2359 5566 inserta:
2387 5513 2510 5560 sunt
2539 5503 2735 5556 Gentes
2766 5514 2779 5551 :
2804 5495 2870 5548 de
2899 5492 3008 5558 ipsa
3031 5489 3325 5542 insertione
3356 5498 3494 5550 pra-.-

1913 5608 2009 5664 cisi
2039 5613 2162 5660 sunt
2191 5599 2459 5664 haeretici;
2491 5595 2584 5652 sed
2616 5607 2784 5661 neque.
2817 5593 3000 5641 contra
3030 5584 3152 5636 illos
3197 5595 3294 5634 nos
3323 5571 3496 5629 extol-

1913 5702 2028 5757 lere
2069 5701 2324 5756 debemus
2347 5737 2362 5760 ,
2395 5708 2463 5748 nc
2492 5691 2624 5744 forte
2646 5681 2858 5756 ιιι-ειιεὶἀί
2888 5687 3184 5743 mereatur,
3215 5687 3370 5743 quem
3399 5666 3496 5722 de-

1915 5799 2076 5855 lectat
2117 5793 2368 5849 insultare
2393 5782 2647 5856 prmcisis.
2673 5779 2890 5834 Fratres
2912 5771 3022 5827 mei
3048 5812 3064 5837 ,
3096 5766 3500 5840 qualiscumque

1923 5887 2156 5960 episcopi
2186 5899 2288 5937 vox
2325 5851 2504 5935 sonuit
2525 5871 2676 5929 vobis
2697 5910 2713 5938 ,
2742 5877 2996 5936 regamus
3019 5877 3115 5918 vos
3146 5865 3205 5916 ut
3226 5851 3456 5914 caveatis
3475 5865 3496 5903 τ
