3912 6458
540 364 636 420 7³1
1754 360 1813 418 S.
1853 358 2121 416 AUGUS'l

2266 360 2299 409 l'.
2311 360 2562 419 [’lSCOPI
3664 376 3740 439 Μ

540 480 861 551 quicumque
891 478 944 534 in
974 476 1217 534 Ecclesia
1246 476 1376 533 estis
1395 514 1414 543 ,
1459 473 1627 531 nolite
1644 473 1901 530 insultare
1929 471 2008 528 eis
2037 469 2127 541 qui

542 587 649 628 non
673 579 796 627 sunt
827 572 1001 636 intus;
1030 569 1125 624 sed
1151 578 1300 625 orate
1326 567 1503 638 potius
1538 575 1597 621 ut
1621 574 1677 622 et
1700 565 1800 636 ipsi
1830 565 1971 620 intus
1999 563 2126 619 sint.

546 662 737 720 Potens
762 675 833 719 est
859 664 990 717 enim
1016 661 1152 718 Deus
1179 663 1360 716 iterum
1383 662 1602 715 inserere
1624 660 1761 715 illos.
1782 658 1858 715 De
1886 658 2015 729 ipsis
2037 656 2129 713 Ju-

541 756 673 813 dceis
700 756 829 811 dixit
858 755 959 809 hoc
979 754 1268 825 Apostolus
1290 770 1303 819 ;
1323 762 1377 808 et
1404 752 1602 807 factum
1624 759 1708 807 est
1728 751 1779 804 in
1806 751 1905 806 eis.
1933 750 2130 805 Resur-

540 848 677 905 rexit
702 846 954 901 Dominus
981 886 997 909 ,
1048 855 1102 900 et
1127 844 1276 899 multi
1307 843 1689 899 crediderunt:
1722 855 1827 897 non
1854 840 2131 896 intellexe-

539 950 668 997 runt
696 955 815 995 cum
837 938 1241 1010 eruciligcrent;
1272 945 1447 992 tamen
1474 945 1659 1006 postea
1701 932 2040 990 crediderunt
2074 932 2127 988 in

539 1048 682 1099 eum,
715 1039 768 1087 et
792 1031 1045 1085 donatum
1070 1037 1151 1086 est
1178 1029 1256 1085 eis
1288 1037 1394 1082 tam
1437 1041 1686 1097 magnum
1714 1024 1990 1080 delictum.
2016 1023 2127 1079 Fu-

539 1138 632 1179 sus
677 1122 882 1178 Domini
940 1121 1153 1192 sanguis
1184 1120 1410 1176 donatus
1457 1126 1541 1175 est
1569 1117 1886 1181 homicidis,
1916 1124 1975 1171 ut
2021 1129 2125 1170 non

538 1214 713 1271 dicam
741 1212 989 1279 deicidis;
1021 1212 1141 1283 quia
1170 1212 1215 1265 si
1241 1211 1622 1282 cognovissent,
1653 1224 1909 1277 nunquam
1942 1205 2126 1261 Domi-

537 1325 659 1363 num
686 1308 863 1380 gloria:
890 1305 1279 1374 crnciﬁxissent.
1310 1302 1464 1358 Modo
1486 1300 1767 1356 homicidis
1792 1299 2021 1355 donatus
2046 1306 2130 1353 est

537 1399 687 1457 fusus
730 1399 945 1470 sanguis
976 1396 1309 1463 innocentis;
1336 1403 1391 1451 et
1427 1395 1599 1464 ipsum
1627 1392 1936 1463 sanguinem
1966 1406 2128 1463 quem

539 1510 636 1567 per
661 1493 918 1548 insaniam
960 1490 1241 1556 fuderunt,
1288 1503 1384 1560 per
1404 1488 1626 1559 gratiam
1654 1486 1924 1542 biberunt.
1963 1484 2129 1540 Dicite

541 1599 671 1656 ergo
688 1584 789 1638 Deo
814 1599 830 1638 :
855 1583 1018 1649 Quam
1039 1581 1259 1637 timenda
1276 1589 1391 1634 sunt
1402 1596 1554 1651 Opera
1572 1579 1682 1633 tua!
1697 1578 1847 1635 Unde
1868 1575 2129 1633 timenda?

544 1675 677 1743 Quia
702 1674 895 1728 caritas
917 1689 978 1728 ex
1006 1680 1149 1743 parte
1165 1669 1328 1725 Israel
1352 1674 1485 1740 facta
1507 1678 1598 1733 est,
1627 1680 1683 1722 ut
1713 1668 1971 1738 plenitudo
1994 1666 2130 1722 Gen-

542 1770 666 1821 tium
692 1767 901 1820 intraret
935 1764 952 1833 (
974 1765 1119 1820 Rom.
1144 1780 1220 1830 XI,
1247 1761 1470 1833 17-25).
1492 1759 1537 1817 Ο
1560 1761 1809 1818 Gentium
1832 1759 2125 1831 plenitudo,

544 1861 629 1916 dic
663 1860 770 1916 Deo
801 1902 814 1923 ,
849 1858 1010 1924 Quam
1041 1856 1263 1912 timenda
1286 1864 1404 1909 sunt
1433 1871 1587 1925 opera
1617 1854 1745 1910 tua!
1772 1863 1826 1910 et
1849 1854 1929 1910 sic
1956 1852 2128 1924 gaude

543 1960 598 2007 ut
623 1950 1040 2013 eontremiscas;
1072 1947 1179 2003 noli
1226 1945 1413 2002 extolli
1457 1960 1619 2015 super
1653 1960 1829 2000 ramos
1857 1945 2124 2016 praecisos.

545 2043 706 2098 Dicite
735 2042 843 2097 Deo
867 2059 885 2096 :
917 2042 1081 2109 Quam
1105 2041 1327 2095 timenda
1354 2049 1471 2095 sunt
1500 2055 1651 2110 opera
1678 2038 1809 2094 tua!

611 2137 663 2189 6.
708 2133 774 2188 In
802 2133 1121 2187 multitudine
1145 2132 1380 2203 potentia:
1421 2142 1522 2186 tuae
1562 2131 1865 2186 mentiemur
1905 2130 1995 2184 tibi
2029 2130 2130 2184 ini-

542 2227 659 2280 mici
689 2226 783 2279 tui.
816 2224 892 2279 Ad
919 2224 1020 2279 hoc
1053 2224 1166 2290 tibi,
1191 2223 1397 2293 inquit,
1430 2222 1754 2277 mentiemur
1790 2220 1985 2277 inimici
2016 2221 2128 2288 tui,

547 2324 608 2371 ut
635 2315 802 2370 multa
829 2314 898 2368 sit
923 2312 1157 2383 potentia
1187 2323 1293 2367 tua.
1317 2311 1454 2380 Quid
1484 2322 1566 2366 est
1588 2311 1727 2366 hoc?
1755 2312 2013 2367 lntentius
2032 2325 2129 2366 au-

546 2408 680 2464 dite.
715 2406 956 2461 Potentia
984 2403 1191 2458 Domini
1220 2404 1388 2457 nostri
1413 2402 1538 2458 Jesu
1564 2402 1761 2457 Christi
1784 2403 2012 2458 maxime
2031 2418 2131 2475 ap-

547 2499 722 2572 paruit
740 2499 789 2552 in
806 2496 1211 2558 resurrectione,
1235 2494 1375 2549 unde
1391 2495 1626 2565 psalmus
1640 2496 1737 2550 iste
1758 2496 1964 2550 titulum
1980 2510 2131 2551 acce—

543 2592 640 2663 pit.
664 2590 727 2644 Et
742 2601 1025 2658 resurgens
1045 2587 1289 2656 apparuit
1313 2584 1588 2655 discipulis
1607 2585 1733 2641 suis.
1754 2584 1871 2640 Non
1888 2586 2131 2655 apparuit

543 2679 773 2736 inimicis
808 2679 917 2732 suis
942 2716 958 2743 ,
983 2676 1077 2731 sed
1103 2676 1375 2747 discipulis
1402 2675 1510 2729 suis
1540 2674 1688 2746 (Act.
1709 2691 1761 2737 x,
1785 2676 1849 2730 41
1876 2671 1916 2745 ).
1947 2675 2131 2730 Cruci-

544 2773 683 2829 llxus
698 2770 943 2842 apparuit
967 2769 1248 2833 omnibus;
1277 2781 1558 2838 resurgens
1579 2765 1854 2821 ﬁdelibus:
1885 2776 1936 2821 ut
1969 2768 2129 2822 etiam

542 2872 728 2936 postea
772 2862 861 2933 qui
902 2862 1063 2916 vellet
1098 2859 1377 2926 crederet,
1420 2866 1477 2913 et
1530 2858 1766 2914 credenti
1812 2860 2131 2914 resurrectio

543 2956 962 3028 promitteretur.
994 2951 1139 3007 Multi
1167 2951 1334 3006 sancti
1377 2950 1538 3004 multa
1567 2949 1819 3004 miracula
1848 2948 2128 3019 fecerunt;

546 3049 723 3107 nullus
770 3048 1009 3120 ipsorum
1058 3053 1304 3099 mortuus
1344 3042 1639 3099 resurrexit
1670 3060 1681 3094 :
1712 3045 1835 3111 quia
1865 3052 1919 3098 et
1944 3045 2032 3114 qui
2062 3045 2131 3099 ab

545 3141 625 3200 eis
644 3138 944 3197 resuscitati
966 3145 1110 3200 sunt,
1136 3134 1377 3191 morituri
1394 3134 1692 3190 resuscitati
1718 3141 1861 3190 sunt.
1887 3134 2133 3191 lntendat

546 3233 791 3291 Charitas
820 3230 1034 3287 Vestra.
1087 3227 1481 3285 Commendans
1526 3228 1781 3282 Dominus
1830 3243 1993 3298 Opera
2035 3244 2129 3285 sua

545 3324 678 3380 dixit
698 3343 709 3378 :
734 3322 979 3394 Operibus
1000 3322 1203 3386 credite,
1222 3320 1267 3376 si
1287 3319 1414 3373 mihi
1433 3336 1533 3373 non
1561 3318 1713 3374 vultis
1731 3318 1931 3373 credere
1951 3319 2128 3389 (Joan.

548 3434 605 3485 x,
628 3417 697 3472 58
718 3416 758 3488 ).
781 3416 846 3471 Et
869 3412 1309 3471 commendantur
1327 3413 1488 3467 etiam
1517 3412 1784 3481 przeterita
1815 3427 1975 3481 opera
2003 3411 2132 3467 Pro-

545 3511 934 3582 phetarum;et
986 3506 1031 3561 si
1079 3520 1187 3561 non
1236 3504 1462 3570 eadem,
1503 3511 1681 3559 tamen
1709 3502 1874 3558 multa
1920 3502 2128 3570 eadem,

545 3601 713 3658 multa
744 3599 983 3670 ejusdem
1013 3598 1285 3668 potentiae.
1314 3596 1627 3651 Ambulavit
1672 3596 1927 3652 Dominus
1970 3612 2135 3667 super

545 3706 715 3758 mare,
743 3690 901 3759 jussit
930 3691 946 3721 ³
977 3698 1030 3744 et
1055 3688 1267 3744 Petrum
1294 3688 1312 3758 (
1343 3685 1529 3743 Matth.
1560 3702 1669 3754 xlv,
1697 3685 1789 3752 25,
1808 3686 1879 3743 29
1901 3686 1940 3756 ).
1968 3687 2136 3743 Num-

546 3772 689 3858 quid
715 3800 819 3839 non
878 3783 949 3837 ibi
997 3790 1111 3836 erat
1141 3781 1252 3851 ipse
1304 3780 1559 3835 Dominus
1579 3820 1595 3845 ,
1630 3780 1844 3849 quando
1867 3795 1928 3835 se
1955 3780 2136 3838 divisit

547 3890 714 3938 mare,
741 3883 799 3929 ut
826 3873 1033 3944 Moyses
1061 3888 1179 3926 cum
1211 3872 1405 3941 populo
1440 3871 1601 3926 Israel
1635 3874 1883 3928 transiret
1910 3873 1929 3944 (
1960 3871 2132 3930 Exod.

548 3983 659 4035 xw,
685 3969 744 4022 2|
780 3965 838 4037 )?
868 3965 1010 4020 Idem
1048 3963 1310 4020 Dominus
1335 3963 1424 4017 illa
1456 3961 1699 4019 faciebat.
1725 3964 1825 4031 Qui
1870 3964 1995 4021 fecit
2034 3966 2135 4022 ista

546 4075 647 4133 per
683 4074 897 4115 carnem
928 4073 1079 4112 suam
1100 4099 1115 4124 ,
1145 4057 1257 4127 ipse
1288 4055 1377 4109 illa
1404 4054 1634 4110 faciebat
1656 4071 1750 4126 per
1774 4072 1988 4112 carnem
2014 4072 2134 4113 ser-

544 4166 734 4208 vorum
765 4164 1004 4205 suorum.
1039 4146 1172 4201 Illud
1209 4157 1383 4200 tamen
1425 4159 1520 4216 per
1544 4161 1731 4201 servos
1766 4160 1895 4202 suos
1924 4162 2030 4201 non
2054 4146 2136 4203 leo

547 4248 621 4303 cit
645 4247 787 4317 (nam
817 4244 929 4313 ipse
945 4240 1121 4296 omnia
1148 4236 1420 4312 faciebat),
1438 4245 1497 4293 ut
1518 4238 1708 4309 aliquis
1728 4239 1963 4308 ipsorum
1987 4253 2137 4294 mor-

548 4346 672 4395 tuus
693 4343 855 4395 esset,
880 4341 934 4388 et
958 4337 1261 4401 resurgeret
1284 4330 1339 4385 in
1362 4328 1523 4383 vitam
1549 4337 1823 4383 mternam.
1846 4328 1979 4398 Quia
2004 4344 2134 4399 ergo

550 4435 771 4501 possent
794 4426 972 4480 dicere
995 4422 1184 4485 Ιιιιιειξί,
1205 4436 1325 4476 cum
1350 4421 1601 4476 miracula
1629 4420 1827 4476 faceret
1854 4420 2133 4488 Dominus,

548 4520 697 4577 Fecit
727 4519 841 4573 lucc
860 4524 915 4571 ct
939 4515 1167 4586 Moyses,
1200 4513 1324 4569 fecit
1348 4512 1526 4577 Elias,
1558 4511 1679 4568 fecit
1706 4512 1933 4567 Elisaaus
1964 4530 1977 4566 :
2008 4528 2135 4583 pos-

551 4621 675 4670 sent
702 4611 799 4664 sibi
826 4611 922 4663 ista
951 4607 1150 4670 dicere,
1176 4606 1294 4675 quia
1327 4611 1382 4657 et
1406 4603 1479 4657 illi
1510 4613 1751 4658 mortuos
1779 4604 2136 4661 resuscitave-

549 4713 701 4769 runt,
731 4713 785 4757 et
811 4700 975 4755 multa
1008 4698 1261 4751 miracula
1293 4697 1531 4751 leCPrunt
1565 4712 1579 4752 :
1612 4707 1891 4764 propterea
1919 4711 2038 4751 cum
2067 4698 2136 4754 ab

550 4796 646 4854 illo
699 4796 907 4863 signum
963 4797 1261 4862 peteretur;
1295 4788 1566 4858 proprium
1606 4786 1816 4856 signum
1864 4801 2138 4842 commen-

550 4887 686 4946 dans
714 4884 853 4957 quod
888 4885 937 4937 in
966 4898 1024 4938 se
1046 4880 1160 4935 solo
1185 4880 1419 4935 futurum
1445 4887 1579 4941 erat,
1603 4877 1678 4932 ait
1711 4896 1725 4932 :
1753 4875 2019 4933 Ceneratio
2038 4880 2136 4935 ista

549 4998 708 5056 prava
738 4988 786 5033 et
814 4978 1100 5030 amaricans
1121 4976 1141 5005 ²
1161 4975 1361 5044 sigmtm
1384 4971 1595 5042 quierit;
1619 4982 1665 5025 et
1691 4970 1888 5041 signum
1918 4988 2017 5026 non
2043 4973 2138 5026 da-

549 5074 681 5131 bitur
708 5072 754 5126 ei
779 5113 792 5135 ,
835 5069 933 5124 nisi
961 5068 1155 5139 signum
1179 5063 1329 5119 Iona:
1378 5062 1654 5134 prapltetw.
1698 5062 1842 5117 Sicut
1880 5063 2012 5117 enim
2040 5065 2137 5134 fuit

545 5164 709 5222 Jonas
740 5163 791 5215 in
814 5169 979 5214 ventre
999 5157 1094 5211 ceti
1121 5155 1276 5208 tribus
1303 5152 1491 5216 diebus,
1524 5162 1568 5207 et
1595 5150 1751 5206 tribus
1780 5154 2041 5218 noctibus;
2060 5154 2136 5208 sic

547 5258 643 5314 erit
671 5264 716 5309 et
742 5254 879 5321 [ilius
908 5249 1125 5304 hominis
1154 5248 1205 5301 in
1226 5246 1374 5301 corde
1399 5254 1547 5299 terrtz
1569 5245 1728 5298 tribus
1750 5244 1943 5313 diebus,
1975 5255 2022 5299 et
2039 5245 2134 5299 tri-

550 5350 642 5405 bus
668 5344 892 5400 noctibus
925 5340 1154 5414 (Matth.
1184 5353 1255 5391 xu
1275 5379 1291 5402 ,
1338 5335 1428 5402 39,
1459 5334 1526 5390 40
1546 5341 1587 5405 ).
1620 5334 1897 5403 Quomodo
1926 5334 2133 5390 l‘uitJo-

547 5456 645 5498 nas
683 5440 738 5493 in
761 5446 946 5490 ventre
970 5430 1111 5486 ceti?
1153 5428 1338 5483 Nonne
1369 5437 1423 5480 ut
1454 5436 1634 5496 postea
1669 5427 1818 5481 vivus
1859 5440 2135 5482 evomere-

549 5529 804 5589 tur?lloe
833 5527 927 5579 fuit
959 5522 1196 5578 infernus
1222 5516 1467 5584 Domino,
1486 5515 1626 5588 quod
1651 5515 1800 5571 lente
1826 5526 1994 5572 cetus.
2023 5517 2133 5573 lloc

550 5624 763 5696 signum
805 5617 1080 5691 proprium
1131 5610 1555 5676 commendavit;
1584 5608 1684 5665 hoc
1712 5618 1794 5666 est
1831 5608 2135 5679 potentissi-

612 5782 630 5813 ι
659 5778 845 5840 Aliquot
867 5784 993 5836 Mss,
1020 5774 1180 5826 duxit.

614 5843 638 5879 ι
660 5831 882 5901 Plerique
908 5831 1029 5887 uss;
1057 5833 1305 5897 (generatio
1328 5833 1455 5883 mala
1472 5840 1519 5883 et
1547 5831 1788 5907 adultera.

2235 486 2402 527 mum.
2432 472 2710 529 Potentius
2753 482 2836 531 est
2864 475 3121 536 revixisse
3149 488 3416 538 mortuum
3443 521 3461 551 ,
3505 500 3646 556 quam
3667 509 3740 553 non

2236 561 2403 619 fuisse
2432 574 2720 620 mortuum.
2751 565 3056 638 Magnitudo
3083 572 3335 642 potentia:
3378 573 3573 633 Domini
3606 596 3742 639 sem.

2236 654 2360 710 dttm
2384 656 2523 725 quod
2552 656 2712 712 homo
2737 657 2907 714 factus
2942 670 3048 728 est,
3089 661 3145 716 in
3185 645 3384 720 virtute
3412 673 3746 732 resurrectionis

2235 755 2473 818 apparet.
2496 748 2642 806 lianc
2667 751 3008 807 commendat
3030 754 3337 825 Apostolus,
3358 770 3478 812 cum
3494 759 3639 816 dicit:
3664 763 3746 821 Neu

2236 839 2423 894 habens
2449 856 2611 895 meam
2636 842 2892 910 justitiam
2916 860 3031 915 qua:
3054 861 3117 899 et:
3157 844 3290 917 Lege
3312 858 3390 902 est
3411 866 3431 913 ;
3458 851 3542 903 sed
3563 868 3657 906 ιαιιι
3675 872 3750 923 qu

2235 942 2306 988 est
2335 951 2425 1004 per
2469 935 2624 1004 ﬁdem
2666 934 2890 1004 Christi,
2916 953 3031 1008 quae
3056 948 3131 995 est
3156 955 3218 995 ea:
3240 939 3354 995 Deo
3380 943 3573 1013 justitia
3590 945 3635 1001 iu
3656 950 3751 1016 με,

2234 1025 2305 1078 ad
2344 1026 2742 1096 cognoscendum
2769 1044 2885 1082 eum
2911 1069 2927 1091 ,
2954 1038 3002 1084 et
3041 1031 3270 1085 virtutem
3298 1037 3653 1092 resurrectionis
3679 1042 3751 1111 ejus

2237 1113 2511 1187 (Philipp.
2544 1132 2622 1180 ut,
2663 1116 2719 1183 9,
2749 1118 2817 1174 10
2836 1117 2877 1191 ).
2906 1120 2996 1175 Sic
3016 1123 3424 1179 commandatur
3458 1134 3511 1180 et
3534 1127 3749 1190 alioloeo:

2235 1202 2363 1259 Etsi
2383 1207 2658 1275 cruciﬁxus
2683 1217 2758 1264 est
2781 1226 2844 1265 ex
2860 1210 3174 1281 inﬁmitate,
3197 1214 3284 1267 sed
3306 1215 3426 1268 uiuit
3453 1216 3505 1270 in
3526 1218 3675 1275 virtute
3692 1222 3754 1279 Da'

2236 1293 2257 1365 (
2289 1293 2330 1349 ll
2354 1294 2473 1351 Cor.
2500 1312 2614 1362 xm,
2645 1298 2681 1353 4
2702 1297 2746 1369 ).
2771 1298 2906 1356 Cum
2934 1316 3063 1372 ergo
3102 1302 3201 1358 ista
3243 1319 3435 1376 magna
3462 1311 3662 1378 potentia
3680 1313 3753 1370 Do.

2234 1384 2362 1439 mini
2399 1385 2451 1439 in
2482 1388 2874 1446 resurrectione
2911 1391 3254 1464 intelligatur,
3278 1396 3425 1451 unde
3449 1397 3636 1456 titulum
3656 1406 3756 1473 psal-

2234 1490 2353 1531 mus
2400 1475 2501 1532 iste
2545 1480 2780 1550 accepit;
2810 1480 2938 1552 quid
2964 1483 3064 1538 sibi
3091 1485 3240 1550 vult,
3269 1486 3340 1541 In
3371 1488 3660 1547 multitudine
3688 1513 3755 1565 ρο.

2234 1569 2406 1625 tentia:
2432 1579 2535 1626 tua:
2558 1574 2863 1628 mentientur
2887 1574 2979 1629 tibi
3002 1575 3194 1631 inimici
3223 1579 3322 1646 tui,
3353 1579 3463 1635 nisi
3488 1584 3632 1639 utsic
3652 1586 3759 1643 intel-

2233 1661 2369 1733 ligas
2398 1681 2413 1717 :
2444 1661 2572 1718 Ideo
2597 1663 2689 1719 tibi
2711 1665 3037 1721 mentiantur
3060 1667 3258 1724 inimici
3290 1669 3369 1725 tui
3395 1679 3458 1727 ut
3479 1672 3754 1746 crucibpris;

2234 1754 2355 1809 ideo
2384 1755 2712 1825 cruciﬁgeris
2733 1766 2790 1812 ut
2810 1759 3094 1830 resurgas?
3111 1760 3455 1818 Mendacium
3474 1778 3593 1836 ergo
3606 1767 3756 1825 illorum

2232 1843 2301 1899 ad
2335 1845 2813 1902 commendandam
2855 1850 3076 1905 multam
3117 1853 3412 1921 potentiam
3440 1862 3576 1911 tuam
3601 1857 3752 1914 valebit

2233 1934 2410 2005 Quare
2430 1939 2610 1995 solent
2637 1939 2835 1995 inimici
2862 1943 3116 1998 mentiri?
3140 1944 3207 2001 Ut
3234 1948 3530 2017 potentiam
3567 1950 3757 2022 cujusque

2235 2028 2480 2084 minuant
2504 2030 2572 2086 de
2599 2047 2708 2102 quo
2731 2033 3081 2090 mentiuntur.
3097 2034 3236 2105 Tibi,
3260 2036 3459 2109 inquit,
3476 2048 3640 2097 contra
3657 2044 3754 2099 acd-

2234 2119 2333 2175 dit.
2359 2121 2496 2178 Nam
2521 2124 2697 2181 minus
2721 2137 3007 2197 appareret
3032 2129 3270 2199 potentia
3297 2138 3414 2201 tua,
3441 2132 3487 2188 si
3505 2132 3592 2189 tibi
3613 2134 3671 2189 illi
3684 2152 3755 2192 non

2235 2214 2613 2269 mentirentur.

2315 2306 2365 2358 7.
2398 2305 2669 2362 Attendite
2690 2315 2746 2363 et
2771 2306 2948 2378 ipsum
2977 2308 3317 2367 mendacium
3338 2311 3584 2370 falsorum
3600 2316 3752 2371 testium

2236 2394 2290 2450 in
2336 2394 2661 2467 Evangelio,
2704 2406 2758 2454 et
2802 2398 2980 2457 videte
3015 2402 3138 2472 quia
3182 2401 3251 2459 de
3295 2406 3659 2463 resurrectione
3685 2418 3750 2463 est.

2235 2485 2369 2541 Cum
2398 2488 2542 2542 enim
2571 2488 2794 2545 Domino
2817 2489 3018 2547 dictum
3045 2503 3223 2562 esset,
3258 2494 3412 2563 Quod
3435 2497 3616 2569 signum
3638 2509 3753 2556 astes-

2237 2580 2315 2635 dis
2343 2581 2486 2636 nobis
2509 2621 2523 2645 ,
2554 2583 2672 2653 quia
2693 2584 2791 2638 ista
2810 2585 2938 2657 facis
2957 2585 2985 2640 ?
3009 2596 3234 2657 excepto
3262 2603 3333 2645 eo
3357 2590 3497 2661 quod
3523 2590 3692 2648 dixem
3708 2591 3751 2650 de

2236 2671 2369 2728 Jona
2387 2715 2402 2737 ,
2423 2689 2517 2743 per
2532 2675 2686 2730 aliam
2708 2676 3106 2735 similitudinem
3124 2677 3228 2736 boc
3248 2681 3424 2753 ipsum
3440 2683 3561 2740 item
3575 2684 3752 2751 dixit,ut

2236 2766 2492 2821 noveritis
2519 2766 2621 2824 hoc
2650 2771 2920 2841 proprium
2958 2771 3167 2842 signum
3205 2775 3443 2832 maxime
3479 2778 3749 2834 command:-

2239 2868 2348 2913 tum
2379 2874 2395 2913 :
2428 2859 2623 2915 Soirite
2644 2861 2885 2933 templum
2904 2905 2920 2930 ,
2950 2863 3162 2935 inquit,
3184 2865 3281 2921 hoc
3301 2866 3464 2930 ;etiu
3482 2868 3750 2924 tribum

2238 2949 2462 3004 excitabo
2485 2951 2637 3005 illud.
2672 2951 2738 3005 Et
2760 2952 2839 3006 illi
2868 2953 3106 3010 dixerunt
3126 2972 3148 3011 :
3174 2956 3526 3029 Quadraginta
3548 2968 3590 3014 et
3604 2976 3674 3013 se:
3688 2977 3749 3014 n-

2237 3042 2317 3096 nis
2337 3043 2645 3113 aediﬁcatum
2664 3055 2737 3100 cst
2760 3045 3007 3119 templum
3026 3048 3122 3103 hoc
3133 3067 3155 3116 ;
3174 3059 3222 3105 et
3248 3060 3307 3104 tu
3327 3052 3383 3106 in
3400 3053 3560 3107 triduo
3578 3053 3750 3109 excitatis

2236 3133 2411 3188 illud?
2454 3135 2523 3190 Et
2568 3136 2930 3207 evangelista,
2976 3139 3100 3210 quid
3145 3139 3277 3196 illud
3322 3153 3465 3199 esset
3506 3158 3749 3215 exponas:

2241 3223 2353 3283 Hoc
2379 3237 2578 3289 autem,
2603 3228 2813 3299 inquit,
2853 3222 3048 3286 dicebat
3086 3230 3240 3288 Iesus
3284 3234 3355 3290 de
3390 3237 3564 3306 templo
3589 3238 3749 3305 corporis

2237 3321 2317 3373 sui
2343 3319 2362 3392 (
2386 3319 2543 3375 Joan.
2580 3337 2658 3388 ιι,
2694 3322 2937 3396 18-21').
2981 3323 3119 3381 Ecce
3162 3325 3306 3383 hanc
3348 3331 3616 3399 potentiam
3647 3343 3747 3383 suam

2240 3410 2546 3467 hominibus
2572 3428 2633 3468 se
2657 3413 3148 3472 demonstraturum
3175 3418 3391 3475 dicebat
3411 3461 3427 3485 .
3458 3420 3585 3477 unde
3613 3421 3747 3476 simili-

2238 3501 2475 3557 tudinem
2512 3502 2580 3558 de
2624 3505 2825 3574 templo
2860 3505 3124 3574 dederat,
3171 3518 3397 3580 proer
3426 3526 3618 3566 carnem
3646 3525 3746 3566 stum

2238 3608 2357 3665 quas
2378 3604 2493 3648 erat
2522 3595 2777 3665 templum
2802 3595 3016 3653 latentis
3040 3598 3184 3656 intus
3210 3599 3520 3658 divinitatis.
3544 3600 3668 3659 Uade
3684 3600 3743 3655 1ο·

2238 3688 2341 3744 dzei
2370 3689 2623 3759 templum
2655 3688 2787 3746 foris
2812 3690 3105 3759 videbant;
3137 3710 3339 3752 numen
3372 3697 3508 3752 intus
3533 3695 3743 3751 babitans'

2238 3793 2346 3835 non
2371 3779 2642 3837 videbant.
2677 3782 2753 3837 Ex
2785 3782 2903 3839 istis
2931 3783 3112 3840 verbis
3143 3785 3355 3843 Domini
3379 3789 3743 3844 concinnaverunt

2239 3872 2360 3929 falsi
2391 3883 2554 3931 testes
2583 3875 2919 3931 mendacium
2942 3916 2960 3945 ,
2986 3877 3130 3947 quod
3158 3887 3350 3935 contra
3383 3896 3499 3937 eum
3533 3880 3741 3941 dicerent.

2239 3979 2305 4020 ex
2333 3965 2413 4020 his
2442 3965 2573 4036 ipsis
2621 3965 2713 4023 ubi
2755 3966 3149 4025 commendavit
3186 3972 3607 4028 resurrectionem
3638 3981 3741 4024 suam

2240 4052 2515 4120 futuram,
2560 4057 2785 4128 loquens
2825 4057 2895 4114 de
2936 4059 3157 4129 templo.
3204 4059 3472 4117 Dixerunt
3510 4061 3627 4118 enim
3662 4057 3741 4112 lslsi

2243 4156 2406 4204 testes
2429 4148 2685 4205 adversus
2714 4165 2837 4205 eum
2860 4190 2878 4214 ,
2908 4164 3029 4206 eum
3055 4160 3392 4222 quaereretur
3409 4154 3474 4208 ab
3496 4152 3566 4208 eis
3586 4147 3681 4222 quid
3701 4147 3740 4201 il.

2241 4238 2350 4295 lum
2388 4239 2666 4297 audissent
2709 4240 2994 4297 dixisse”:
3038 4241 3340 4299 Audiuimus
3384 4260 3491 4300 eum
3527 4243 3738 4298 dicentur.

2242 4332 2450 4389 Salvam
2481 4332 2721 4402 templum
2743 4334 2838 4389 hoc
2854 4374 2872 4403 ,
2902 4344 2950 4389 et
2977 4346 3088 4406 post
3114 4336 3342 4390 triduum
3367 4332 3633 4391 resuscitabo
3651 4329 3735 4384 illa!

2243 4425 2470 4499 (Matth.
2501 4442 2633 4482 xxvr
2657 4469 2671 4494 ,
2704 4427 2766 4484 6|
2799 4428 2841 4500 ).
2875 4426 3000 4486 Post
3035 4428 3258 4484 triduum
3294 4426 3609 4491 resuscitebo,
3631 4420 3737 4478 sudi-

2241 4525 2397 4572 erant
2425 4535 2437 4570 :
2472 4517 2681 4573 Salvam
2704 4560 2721 4584 ,
2749 4533 2856 4574 non
2881 4518 3200 4584 audierant;
3230 4521 3325 4576 sed
3355 4520 3631 4578 audierant,
3653 4512 3735 4567 Solo

2240 4611 2355 4666 vite.
2388 4609 2564 4667 Unum
2593 4610 2814 4667 verbum
2843 4620 3220 4678 mutaverunt,
3261 4623 3316 4668 et
3348 4627 3525 4683 paucas
3557 4609 3732 4665 liuent.

2241 4712 2300 4758 ut
2327 4702 2520 4759 falsum
2544 4704 2905 4760 testimonium
2926 4704 3260 4760 molirentur.
3281 4704 3388 4761 Sed
3405 4703 3482 4760 cui
3497 4709 3637 4757 mutas
3652 4707 3730 4749 ver-

2242 4794 2367 4850 bum
2390 4834 2407 4862 ,
2439 4811 2472 4850 ο
2502 4794 2733 4849 humana
2753 4796 2958 4850 vanitas
2981 4835 2996 4858 ,
3024 4808 3058 4850 ο
3078 4794 3306 4850 humana
3332 4788 3619 4850 inﬁrmitas!
3640 4783 3728 4837 Ver-

2241 4886 2312 4943 bo
2356 4886 2778 4942 ineommutabili
2823 4886 3049 4942 verbum
3100 4888 3312 4943 mutas!
3356 4886 3513 4942 Mutus
3548 4890 3592 4935 ta
3627 4885 3724 4930 tuum

2241 4977 2502 5043 verbum;
2551 4975 2806 5047 numquid
2850 4984 3026 5032 mutas
3069 4977 3159 5033 Dei
3208 4975 3473 5033 Verbum?
3499 4968 3622 5029 [inde
3656 4963 3724 5017 alio

2242 5067 2361 5123 loco
2384 5068 2577 5123 dicitur
2604 5086 2617 5121 :
2648 5067 2714 5121 Et
2738 5068 2942 5122 mentita
2965 5077 3038 5123 est
3064 5068 3304 5138 iniquitas
3320 5068 3447 5139 sibi(
3469 5063 3587 5133 Psal.
3608 5069 3718 5116 xm.

2243 5160 2314 5218 12
2338 5162 2378 5231 ).
2409 5160 2585 5231 Quare
2608 5176 2737 5232 ergo
2766 5161 2859 5216 tibi
2888 5162 3093 5217 mentiti
3119 5171 3246 5218 sunt
3268 5161 3463 5218 inimici
3490 5156 3581 5220 tui,
3603 5165 3629 5205 ο
3649 5149 3718 5202 Do-

2242 5253 2385 5307 mine
2411 5294 2425 5317 ,
2453 5252 2538 5308 cui
2564 5250 2758 5322 jubilat
2784 5253 2958 5307 omnis
2985 5260 3124 5308 terra
3143 5252 3170 5307 ?
3209 5251 3278 5309 In
3302 5248 3587 5309 multitudine
3600 5248 3715 5314 ροίεπ·

2243 5347 2327 5401 tite
2349 5356 2447 5401 tua:
2469 5349 2769 5400 mentientnr
2799 5345 2887 5401 tibi
2928 5346 3118 5401 inimici
3160 5348 3254 5401 tui.
3303 5347 3508 5409 Dicent,
3541 5336 3713 5395 Sall“;

2241 5455 2361 5494 cum
2390 5448 2446 5494 tu
2475 5439 2678 5496 dixeris
2699 5479 2715 5508 ,
2746 5438 2958 5495 Solvite.
2992 5439 3169 5507 Quare
3195 5448 3250 5496 te
3279 5438 3512 5497 dixerunt
3547 5427 3708 5508 dixisse.

2244 5531 2451 5588 Salvam
2473 5548 2493 5598 ;
2517 5541 2573 5588 et
2618 5507 2726 5587 non
2767 5530 3017 5587 dixerunt
3052 5529 3196 5603 quod
3235 5538 3295 5587 tu
3332 5525 3525 5591 dixisti,
3550 5507 3708 5577 80W?

2304 5711 2323 5742 ι
2352 5708 2537 5772 Aliquot
2556 5706 3002 5772 Mss..,inhabitans_.

2296 5744 3110 5882 git‘ttggftratizwtzuum
3132 5767 3372 5851 autem
3556 5744 3703 5817 Μανικ-

2302 5902 2307 5909 .
2354 5888 2357 5889 ⁷
2488 5896 2497 5909 δ
3024 5902 3027 5911 ι
3584 5888 3617 5907 ν,
3684 5888 3689 5899 ν

2246 5906 2291 5929 ιδ’
2342 5918 2373 5929 ιι
2538 5924 2545 5929 ι
2979 5906 3047 5931 ‘t‘
3138 5920 3147 5932 ι
3196 5904 3205 5931 δ
3250 5916 3253 5927 λ
