3912 6424
181 388 299 449 793

183 508 259 566 Ut
287 507 437 581 quasi
468 506 567 580 ipsi
593 520 652 564 se
680 520 711 562 a
739 505 965 565 crimine
995 496 1159 562 soluti
1197 502 1381 574 templi
1422 500 1772 558 defenderent

183 604 309 659 sine
329 616 511 658 causa.
535 600 776 656 Christus
796 602 939 657 enim
966 643 979 665 ,
1006 600 1130 671 quia
1158 598 1322 653 voluit
1347 640 1361 663 ,
1390 607 1631 652 mortuus
1648 604 1729 651 est
1754 610 1769 648 :

109 704 139 769 j-
184 703 244 751 et
273 704 451 749 tamen
491 708 589 748 vos
629 692 918 748 occidistis.
960 692 1096 747 Ecce
1135 687 1479 746 concedimus
1520 686 1669 741 vobis
1694 726 1710 751 ,
1740 700 1774 740 ο

112 774 129 825 τ
185 785 476 843 mendaces
505 800 519 847 ;
552 784 665 854 ipse
694 784 850 837 solvit
880 782 1157 852 templum.
1192 781 1394 835 Dictum
1426 787 1508 834 est
1536 777 1677 832 enim
1705 776 1773 832 ab

104 860 109 871 ’
186 874 489 947 Apostolo:
527 873 626 940 Qui
654 890 730 927 me
768 874 946 927 dilexit
982 883 1026 927 et
1070 872 1278 925 tradidit
1317 871 1635 940 semetipsum
1683 884 1772 934 pro

183 988 272 1026 me
298 971 317 1044 (
343 969 459 1025 Cal.
492 987 527 1025 ιι
552 1011 567 1036 ,
594 969 665 1025 ‘20
685 971 725 1041 ).
760 969 968 1023 Dictum
999 976 1081 1023 est
1108 966 1175 1021 de
1203 965 1360 1021 Patre
1390 982 1402 1018 :
1441 964 1538 1031 Qui
1564 962 1771 1034 praprio

190 1061 332 1117 Filio
356 1080 444 1117 suo
467 1079 566 1115 non
591 1061 845 1132 pepercit;
873 1059 961 1113 sed
995 1075 1086 1128 pro
1125 1058 1264 1112 nobis
1297 1057 1526 1110 onmibus
1565 1054 1774 1107 tradidit

182 1154 337 1208 illum
365 1154 381 1219 (
406 1151 555 1207 Rom.
586 1167 677 1206 vut
698 1194 711 1212 .
739 1151 808 1207 32
832 1150 871 1222 ).
899 1151 952 1205 Si
975 1165 1102 1220 ergo
1122 1148 1279 1202 Pater
1301 1145 1490 1201 Filium
1516 1142 1728 1198 tradidit
1754 1182 1770 1205 ,

184 1255 242 1302 et
276 1245 442 1301 Filius
470 1246 815 1312 smnetipsum
848 1240 1096 1306 tradidit;
1124 1238 1291 1295 ludas
1315 1236 1440 1308 quid
1481 1235 1647 1290 fecit?
1677 1234 1774 1288 Pa-

185 1347 275 1391 ter
302 1335 557 1392 tradendo
585 1335 774 1390 Filium
795 1333 860 1387 ad
886 1340 1109 1386 mortem
1131 1346 1227 1402 pro
1251 1328 1401 1383 nobis
1421 1368 1437 1393 ,
1462 1328 1595 1381 bene
1613 1324 1769 1380 fecit:

184 1429 433 1484 Christus
478 1427 735 1482 tradendo
778 1427 1011 1493 seipsum
1052 1438 1148 1493 pro
1193 1421 1384 1484 nobis,
1426 1418 1550 1473 fecit
1594 1417 1769 1471 bene:

186 1520 453 1575 tradendo
504 1519 669 1574 ludas
709 1518 1020 1587 magistrum
1065 1530 1163 1585 pro
1206 1511 1427 1568 avaritia
1470 1526 1562 1566 sua
1588 1552 1602 1575 ,
1650 1509 1773 1564 fecit

186 1615 348 1669 male.
382 1614 495 1669 Non
525 1615 666 1679 enim
698 1611 839 1681 quod
885 1611 1037 1666 nobis
1081 1610 1375 1680 praestitum
1413 1615 1495 1660 est
1535 1604 1601 1659 de
1645 1620 1769 1673 pas-

186 1709 343 1761 sione
366 1706 559 1761 Christi
584 1746 600 1770 ,
630 1705 843 1759 malitim
872 1702 1023 1758 indm
1047 1702 1384 1772 deputabitur
1408 1718 1419 1753 :
1445 1698 1657 1753 habebit
1683 1698 1771 1752 ille

186 1798 493 1855 mercedem
522 1799 735 1851 malitia:
760 1813 775 1861 ;
805 1796 1045 1852 Christus
1070 1794 1278 1849 laudem
1310 1793 1509 1861 gratim.
1545 1792 1773 1846 Prorsus

184 1894 304 1963 ipse
334 1893 549 1948 solverit
579 1891 870 1960 templum;
905 1890 1017 1959 ipse
1045 1887 1262 1943 solverit
1291 1886 1380 1957 qui
1408 1885 1539 1939 dixit
1570 1904 1583 1939 :
1619 1883 1770 1937 Pote-

185 1995 366 2038 statem
388 1984 544 2037 habeo
567 1982 786 2052 ponendi
812 1981 1032 2034 animam
1061 1995 1255 2043 meam;
1279 1988 1327 2031 et
1358 1985 1649 2046 potestatem
1672 1975 1769 2028 ha-

184 2079 278 2132 beo
302 2079 483 2132 iterant
503 2075 732 2130 sumendi
772 2088 921 2128 eam:
961 2087 1107 2126 nemo
1149 2071 1280 2125 tollit
1324 2086 1435 2123 eam
1473 2086 1505 2121 a
1542 2066 1772 2133 me;sed

188 2188 281 2242 ego
298 2170 406 2240 ipse
432 2185 561 2239 pono
592 2184 700 2222 eam
723 2184 754 2220 a
778 2182 857 2220 me
879 2207 893 2230 ,
924 2175 970 2220 et
994 2165 1177 2219 iterum
1201 2178 1345 2218 sumo
1370 2178 1479 2215 eam
1506 2159 1682 2232 (Joan.
1711 2175 1769 2225 χ,

192 2261 263 2317 t8
287 2263 327 2330 ).
358 2260 474 2329 lpse
504 2258 719 2349 solverit
750 2257 1001 2328 templum
1046 2255 1212 2326 gratia
1250 2269 1344 2309 sua
1371 2253 1415 2320 ³,
1448 2252 1646 2307 malitia
1679 2265 1771 2304 ve-

186 2362 319 2407 stra.
346 2349 409 2405 In
433 2341 751 2405 multitudine
770 2349 1008 2420 polentia:
1027 2357 1126 2402 tua:
1146 2346 1450 2400 mentienlur
1471 2344 1558 2396 tibi
1579 2341 1771 2395 inimici

185 2447 283 2499 tui.
314 2444 453 2500 Ecce
478 2445 804 2500 mentiuntur
826 2484 843 2508 ,
869 2457 995 2498 ecce
1019 2441 1253 2496 creditur
1278 2440 1359 2495 eis
1383 2478 1401 2505 ,
1428 2452 1554 2493 ecce
1582 2436 1768 2506 oppri-

185 2539 352 2591 meris
377 2577 391 2601 ,
424 2552 549 2592 ecce
576 2536 906 2607 cruciﬁgeris
928 2577 943 2603 ,
986 2550 1113 2591 ecce
1156 2534 1439 2588 insultatur
1482 2531 1574 2586 tibi
1600 2572 1615 2595 ,
1643 2544 1771 2586 ecce

184 2636 346 2697 caput
373 2628 636 2697 agitatur:
683 2625 745 2683 Si
766 2625 932 2681 Filius
956 2623 1054 2678 Dei
1075 2633 1147 2678 est
1169 2666 1185 2691 ,
1227 2622 1493 2678 descendat
1529 2621 1591 2676 de
1626 2636 1774 2675 cruce

186 2719 206 2789 (
236 2718 423 2774 Matth.
455 2735 599 2774 xxvn
624 2760 641 2788 ,
660 2720 730 2776 40
752 2722 792 2786 ).
820 2719 953 2774 Ecce
980 2716 1191 2788 quando
1211 2716 1291 2771 vis
1314 2715 1544 2770 animam
1578 2713 1730 2784 ponis
1750 2756 1766 2781 ,

185 2822 241 2867 et
270 2812 448 2867 lancea
480 2812 615 2868 latus
648 2812 938 2883 perculeris
965 2808 1155 2883 (Joau.
1189 2825 1279 2863 xu
1309 2850 1324 2872 ,
1347 2806 1416 2863 54
1440 2806 1484 2881 ),
1506 2817 1560 2862 et
1579 2808 1770 2862 Sacra-

185 2916 366 2960 menta
398 2906 462 2959 de
493 2905 657 2961 latere
694 2915 786 2960 tuo
832 2903 1112 2967 deﬂuunt;
1158 2900 1443 2972 deponeris
1476 2899 1546 2955 de
1582 2900 1726 2969 ligno
1749 2941 1764 2966 ,

184 2996 477 3051 involvcris
497 2996 894 3052 linteaminibus
912 3036 928 3064 ,
954 2996 1165 3065 poneris
1186 2995 1239 3049 in
1262 2993 1505 3063 sepulcro
1526 3035 1541 3057 ,
1562 2992 1770 3048 addun-

184 3096 273 3141 tur
302 3086 552 3141 custodes
595 3102 662 3142 ne
710 3087 896 3142 tollant
936 3094 989 3141 te
1034 3085 1278 3156 discipuli
1322 3086 1395 3141 tui
1421 3103 1437 3150 ;
1464 3086 1611 3140 venit
1636 3083 1767 3139 hora

184 3177 596 3233 resurrectionis
645 3186 785 3237 tum,
844 3185 984 3232 terra
1032 3177 1373 3240 concutitur,
1422 3185 1766 3230 monumenta

185 3266 501 3321 scinduntur
525 3309 540 3334 ,
584 3267 819 3337 resurgis
847 3266 1087 3322 occultus
1109 3307 1124 3330 ,
1168 3280 1394 3337 appares
1433 3264 1765 3321 manifestus.

186 3358 287 3416 Ubi
319 3369 441 3413 sunt
469 3375 596 3430 ergo
623 3358 699 3415 illi
726 3357 1056 3414 mendaces?
1081 3357 1167 3414 ubi
1194 3365 1277 3412 est
1306 3357 1492 3412 falsum
1523 3357 1767 3412 testimo-

186 3451 335 3506 nium
367 3451 754 3506 malevolentiae
776 3449 802 3503 ‘.'
827 3449 1013 3505 Nonne
1040 3449 1095 3503 in
1135 3449 1475 3505 multitudine
1516 3449 1766 3520 potentiae

184 3550 291 3596 tum
322 3543 526 3597 mentiti
556 3552 680 3596 sunt
710 3541 804 3596 tibi
836 3540 1035 3596 inimici
1061 3540 1178 3595 tui?

259 3634 314 3689 8.
357 3633 428 3687 Da
454 3644 507 3690 et
534 3634 653 3689 illos
679 3633 911 3702 sepulcri
939 3633 1229 3695 custodes;
1275 3629 1507 3687 referant
1532 3631 1657 3703 quid
1689 3631 1772 3687 vi-

181 3725 361 3781 derint
390 3744 404 3780 :
434 3726 695 3796 accipiant
723 3725 996 3794 pecuniam
1022 3766 1037 3791 ,
1080 3731 1133 3779 et
1159 3723 1258 3795 ipsi
1288 3723 1650 3787 mentiantur;
1680 3721 1766 3777 di-

182 3827 309 3871 cant
338 3819 498 3873 etiam
529 3819 625 3888 ipsi
655 3816 839 3873 moniti
873 3817 1105 3886 perversi
1138 3832 1166 3870 a
1196 3818 1463 3887 perversis
1486 3855 1503 3882 ,
1535 3815 1712 3871 dicant
1735 3831 1767 3873 a

181 3910 381 3964 Juda-is
410 3910 643 3979 corrupti
668 3952 684 3976 ,
713 3908 801 3980 qui
830 3910 881 3963 in
909 3908 1125 3964 Christo
1166 3908 1450 3965 noluerunt
1474 3922 1594 3963 esse
1624 3908 1766 3964 inte-

181 4002 266 4071 gri
288 4019 302 4062 ;
327 4000 537 4065 dicant,
562 4003 889 4057 mentiantur
909 4004 1068 4057 etiam
1092 4002 1211 4071 ipsi.
1227 4001 1363 4068 Quid
1385 4001 1579 4058 dicturi
1605 4001 1768 4057 sunt?

186 4093 393 4157 Dicite;
424 4092 737 4147 videamus:
766 4092 1093 4147 mentiemini
1123 4102 1176 4147 et
1202 4108 1297 4147 vos
1332 4093 1385 4147 in
1432 4093 1768 4152 multitudine

185 4186 440 4254 putentia:
469 4186 696 4239 Domini.
724 4184 860 4252 Quid
886 4184 1075 4241 dicturi
1102 4185 1271 4241 estis?
1291 4185 1417 4240 Cum
1437 4186 1769 4244 dormiremus

183 4292 276 4329 nos
301 4317 314 4337 ,
342 4286 580 4330 venerunt
602 4276 838 4345 discipuli
859 4278 969 4345 ejus
992 4318 1006 4340 ,
1031 4288 1076 4331 et
1097 4277 1406 4332 abstulerunt
1434 4294 1546 4333 eum
1566 4279 1629 4333 de
1656 4295 1769 4334 mo-

182 4378 423 4422 numento
455 4367 475 4440 (
505 4368 689 4422 Matth.
725 4385 887 4425 xxvnt
912 4412 927 4435 ,
961 4370 1028 4425 l5
1051 4369 1094 4442 ).
1123 4371 1168 4426 Ο
1208 4385 1336 4425 vere
1375 4371 1597 4426 stultitia
1640 4372 1767 4426 dor-

185 4461 396 4516 miens!
452 4467 557 4516 Aut
604 4462 898 4532 vigilabas;
944 4472 999 4519 et
1035 4463 1317 4532 prohibere
1357 4463 1626 4520 debuisti:
1677 4473 1769 4521 aut

182 4552 528 4618 dormiehas;
561 4563 610 4607 et
642 4553 765 4624 quid
804 4554 872 4607 sit
899 4563 1106 4624 gestum
1146 4556 1382 4612 nescisti.
1413 4557 1769 4612 Accesserunt

183 4656 237 4702 et
275 4644 373 4715 ipsi
419 4644 696 4698 utetidacio
739 4643 1111 4699 inimicorum:
1160 4656 1347 4701 auctus
1389 4656 1471 4703 est
1516 4662 1768 4704 numerus

182 4737 557 4792 mentientium
584 4777 601 4803 ,
634 4746 690 4790 ut
718 4745 1000 4806 augeretur
1025 4744 1230 4792 merces
1250 4738 1579 4793 credentium
1604 4757 1617 4807 ;
1643 4741 1767 4811 quia

180 4829 233 4882 in
257 4828 577 4882 multitudine
607 4827 842 4897 potentia
865 4837 967 4881 tute
991 4828 1287 4883 mentientur
1322 4830 1410 4883 tibi
1446 4830 1633 4885 inimici
1668 4833 1764 4889 tui.

186 4920 328 4988 Ergo
383 4919 590 4973 mentiti
647 4927 809 4984 sunt;
864 4918 916 4973 in
971 4919 1307 4976 multitudine
1362 4925 1609 4991 potentiae
1662 4934 1766 4980 tua)

187 5009 396 5063 nwntiti
429 5018 553 5063 sunt
580 5027 594 5063 :
627 5010 913 5081 apparuisti
944 5021 1125 5066 contra
1158 5012 1440 5068 mendaces
1467 5016 1741 5071 veracibus

181 5113 232 5158 et
266 5102 561 5170 apparuisti
590 5101 669 5155 eis
698 5102 973 5156 veracibus
999 5116 1133 5173 quos
1161 5112 1214 5157 tu
1241 5119 1457 5160 veraces
1487 5107 1675 5163 fecisti.

252 5195 307 5250 9.
343 5194 362 5267 [
390 5211 516 5249 vers.
545 5194 600 5249 4.
627 5192 649 5267 ]
676 5193 1001 5249 Remaneant
1028 5194 1194 5251 Judtei
1222 5197 1272 5251 in
1297 5198 1584 5255 mendaciis
1609 5202 1719 5258 suis
1745 5220 1759 5258 :

178 5286 275 5340 tibi
304 5328 317 5349 ,
353 5286 475 5355 quia
504 5286 555 5339 in
588 5284 923 5341 multitudine
953 5288 1200 5357 potentia:
1232 5299 1337 5343 tum
1368 5292 1571 5347 mentiti
1598 5303 1761 5361 sunt,

177 5377 270 5433 fiat
301 5380 441 5447 quod
469 5379 745 5447 sequitur:
782 5377 958 5434 Omnis
995 5388 1126 5434 terra
1166 5381 1342 5435 adoret
1375 5394 1420 5436 te
1443 5426 1459 5453 ,
1497 5396 1544 5439 et
1576 5386 1763 5456 psallat

166 5472 272 5525 tibi
289 5489 308 5536 ;
331 5472 517 5542 psallat
538 5471 728 5525 nomini
753 5480 838 5524 tuo
859 5514 874 5538 ,
903 5472 1173 5528 Altissime.
1206 5474 1369 5529 Paulo
1405 5487 1528 5531 ante
1572 5478 1762 5535 humil-

177 5564 344 5630 lime;
371 5564 529 5620 modo
559 5564 853 5620 Altissime:
888 5564 1179 5622 humillime
1206 5567 1344 5622 inter
1382 5585 1569 5625 manus
1611 5588 1765 5627 men-

177 5659 428 5716 tientium
456 5660 787 5715 inimicorum
812 5676 829 5728 ;
858 5661 1113 5716 Altissime
1150 5678 1311 5733 super
1348 5667 1597 5723 verticem
1645 5668 1762 5723 lau-

242 5861 263 5895 ί
284 5857 421 5924 alti,
443 5870 536 5911 non
558 5856 742 5913 malitia
762 5866 933 5910 vestra.
974 5861 1134 5922 Abest,
1157 5872 1265 5922 non,
1291 5874 1319 5913 a
1342 5869 1447 5915 Mss.

1286 382 1683 446 ENARRATIO
1718 379 1786 438 IN
1818 379 2143 445 PSALMUM
2181 388 2340 448 LXV.

2572 292 2587 301 ‘
2637 316 2659 323 λ·
2685 304 2907 341 ιιι-σω.-

3348 404 3458 467 794

1879 498 2118 558 dantium
2148 504 2491 576 Angelorum.
2523 507 2701 566 Omnis
2721 520 2854 568 terra
2874 514 3048 571 adoret
3070 526 3115 572 te
3138 557 3156 584 ,
3188 527 3235 573 et
3270 522 3457 591 psallat

1880 590 1970 645 tibi
1990 608 2010 657 ;
2032 596 2217 663 psallat
2242 600 2433 653 nomini
2453 610 2538 656 tuo
2562 644 2578 667 ,
2600 603 2875 661 Altissime.

1951 683 2037 738 lt).
2080 684 2249 758 [vers.
2288 688 2384 763 5.]
2433 690 2640 760 Venite,
2678 705 2722 750 et
2756 700 2913 753 videte
2959 716 3112 770 opera
3155 700 3380 759 Domini.
3412 705 3458 763 0

1879 773 2078 829 Gentes
2098 818 2112 840 ,
2141 794 2174 831 o
2200 780 2395 836 ultimae
2426 786 2666 841 nationes
2690 828 2703 851 ,
2732 789 3015 860 relinquite
3054 793 3265 850 Judmos
3302 814 3453 852 tuen-

1879 868 2107 960 ῑξεηῐτιε,
2161 873 2335 927 venite
2384 879 2715 935 conﬁtentes.
2764 880 2973 951 Venite,
3012 896 3059 940 et
3101 888 3260 941 videte
3302 906 3455 960 opera

1879 955 2125 1014 Damini:
2164 966 2396 1019 terribilis
2446 969 2496 1021 in
2541 972 2761 1027 consiliis
2807 992 2959 1045 super
3004 978 3136 1045 ﬁlios
3176 955 3451 1036 hominum.

1879 1047 2044 1104 Filius
2085 1052 2315 1108 hominis
2354 1058 2566 1127 quidem
2606 1072 2658 1117 et
2704 1068 2815 1133 ip~e
2853 1066 3021 1123 dictus
3066 1081 3187 1137 est,
3235 1086 3287 1128 et
3330 1091 3456 1131 vere

1880 1142 2019 1197 filius
2047 1142 2278 1200 hominis
2307 1147 2474 1205 laetus
2499 1162 2577 1208 est
2610 1174 2623 1210 :
2658 1173 2811 1212 verus
2853 1160 3016 1217 Filius
3058 1165 3146 1219 Dei
3192 1168 3243 1221 in
3288 1167 3453 1225 forma

1881 1232 2003 1326 Dei;
2038 1250 2195 1289 verus
2226 1238 2364 1293 lilins
2395 1240 2623 1299 hominis
2650 1247 2700 1301 in
2730 1249 2891 1305 forma
2918 1254 3055 1308 servi
3084 1258 3101 1323 (
3132 1254 3359 1326 Philipp.
3395 1276 3452 1326 tt,

1876 1324 1911 1378 6
1936 1325 1955 1395 )
1986 1342 2000 1378 :
2029 1327 2121 1381 sed
2151 1328 2314 1384 nolite
2346 1333 2566 1390 lormant
2607 1338 2759 1394 istam
2802 1346 2939 1397 Servi
2966 1362 3031 1400 ex
3060 1348 3280 1404 aliorum
3308 1324 3456 1406 simi;

1876 1414 2005 1471 lium
2060 1419 2367 1477 cumlitioue
2414 1441 2674 1494 pensare;
2727 1433 2960 1489 terribilis
3010 1447 3091 1491 cst
3133 1438 3183 1492 in
3234 1442 3457 1495 consiliis

1873 1525 2025 1578 super
2058 1512 2190 1577 ﬁlios
2225 1516 2505 1572 hominum.
2558 1521 2838 1579 Marltinati
2883 1539 3004 1582 sunt
3046 1529 3134 1584 lilii
3183 1530 3453 1590 hunnnunt

1875 1600 2156 1655 consilium
2184 1604 2247 1657 ad
2276 1609 2686 1676 crnciligeudnm
2718 1615 2983 1670 Christum
3013 1635 3027 1681 ;
3057 1622 3338 1677 crucifixus
3364 1639 3458 1678 ex-

1880 1694 2099 1747 caecavit
2123 1698 2513 1768 crucitipentes.
2544 1702 2677 1769 Quid
2708 1721 2835 1774 ergo
2875 1706 3073 1764 fecistis
3096 1751 3112 1775 ,
3156 1712 3245 1766 tilii
3289 1714 3458 1768 homi-

1876 1795 2001 1835 num
2028 1824 2043 1846 ,
2074 1789 2428 1841 machiuaudo
2456 1802 2605 1845 acuta
2638 1796 2857 1850 consilia
2887 1798 3142 1854 adversus
3174 1803 3454 1859 Dominum

1874 1884 2111 1928 vestrum
2142 1918 2157 1942 ,
2216 1877 2268 1931 in
2322 1896 2428 1948 quo
2476 1882 2671 1939 latebat
2726 1887 3014 1956 majestas,
3069 1900 3121 1946 et
3169 1897 3456 1963 apparebat

1876 1963 2199 2022 inﬁrmitas?
2243 1969 2347 2025 Vos
2394 1974 2680 2030 machinati
2723 1980 2852 2033 estis
2893 1981 3111 2037 consilia
3159 1986 3454 2055 perdendi,

1875 2053 1963 2109 ille
2011 2059 2313 2114 excaecandi
2361 2072 2416 2117 et
2464 2066 2739 2132 salvandi;
2792 2073 3092 2127 exetecandi
3148 2053 3448 2145 superbos,

1875 2145 2111 2202 salvaudi
2140 2150 2367 2206 humiles
2397 2170 2411 2207 :
2438 2154 2505 2208 ad
2547 2156 2648 2211 hoc
2687 2168 2864 2214 autem
2907 2163 3163 2231 superbos
3194 2167 3334 2234 ipsos
3362 2184 3455 2225 ex-

1874 2238 2109 2292 carcandi
2134 2240 2173 2304 ¹,
2202 2250 2260 2294 ut
2295 2244 2478 2298 careati
2516 2245 2958 2317 humiliarentur,
2994 2252 3251 2311 luuniliati
3284 2259 3454 2314 conli-

1878 2334 2115 2381 terentur
2136 2370 2152 2393 ,
2182 2329 2412 2387 confessi
2451 2334 2895 2395 illuminarentur.
2925 2340 3187 2399 Terribilis
3211 2346 3264 2400 in
3292 2349 3455 2403 consi-

1875 2414 1957 2472 liis
1982 2436 2133 2487 super
2153 2422 2288 2491 ﬁlios
2312 2424 2591 2483 hominum.
2618 2429 2755 2487 Vere
2781 2434 3027 2490 terribilis
3052 2439 3065 2490 ε
3090 2438 3225 2493 Ecce
3245 2443 3455 2498 caecitas

1875 2522 1939 2562 ex
1968 2518 2118 2580 parte
2146 2510 2309 2568 Israel
2336 2514 2468 2571 facta
2499 2527 2618 2574 est:
2647 2534 2772 2576 ecce
2797 2522 2967 2579 Judzei
2991 2542 3055 2581 ex
3081 2527 3272 2598 quibus
3299 2541 3455 2588 natus

1875 2611 1960 2657 est
2003 2604 2247 2662 Christus
2274 2650 2289 2675 ,
2333 2608 2464 2666 foris
2507 2624 2673 2669 sunt:
2719 2632 2844 2673 ecce
2885 2618 3081 2677 Gentes
3117 2640 3235 2693 quae
3272 2636 3456 2684 contra

1875 2695 2114 2790 intimam
2137 2709 2287 2755 erant
2312 2743 2327 2767 ,
2361 2702 2411 2756 in
2437 2703 2648 2761 Christo
2675 2709 2814 2764 intus
2834 2721 2957 2766 sunt
2983 2714 3002 2783 (
3028 2715 3175 2770 Rom.
3200 2733 3284 2785 st,
3315 2718 3386 2775 25
3410 2722 3453 2790 ).

1878 2787 2132 2845 Terribilis
2158 2794 2209 2847 in
2239 2796 2461 2851 consiliis
2487 2814 2639 2867 super
2665 2801 2799 2868 ﬁlios
2825 2805 3103 2861 hominum.

1947 2882 2031 2936 Η.
2077 2880 2097 2954 [
2122 2900 2244 2937 vers.
2275 2886 2327 2940 6.
2357 2885 2376 2959 ]
2417 2887 2703 2958 Propterea
2729 2893 2852 2963 quid
2882 2894 3003 2950 fecit
3022 2906 3224 2955 terrore
3244 2904 3454 2961 consilii

1873 2974 2001 3028 sui?
2028 2974 2297 3032 Convertit
2324 2994 2471 3034 mare
2499 2981 2551 3036 in
2582 2982 2803 3038 aridam.
2840 2986 2951 3043 llnc
2993 2990 3133 3045 enim
3172 2996 3451 3064 sequitur:

1877 3063 1977 3131 Qui
2015 3068 2254 3121 convertit
2298 3086 2437 3125 mare
2476 3072 2529 3125 in
2574 3074 2789 3129 aridam.
2845 3077 2989 3135 Mare
3028 3092 3144 3136 erat
3186 3063 3451 3155 mundus;

1872 3170 2085 3210 amarus
2108 3158 2345 3215 salsitate
2368 3202 2383 3224 .
2432 3163 2765 3221 turbulentus
2821 3178 3134 3241 tempestate
3158 3216 3175 3241 ,
3230 3180 3454 3236 saeviens

1871 3243 2121 3303 ﬂuctibus
2153 3254 2582 3319 persecutionum
2610 3296 2627 3321 ,
2656 3272 2804 3314 mare
2829 3270 2943 3315 erat
2966 3279 2980 3317 :
3003 3274 3149 3321 certe
3179 3267 3228 3321 in
3251 3271 3451 3329 ariduu

1870 3349 2186 3394 conversum
2212 3349 2294 3395 est
2319 3358 2504 3411 mare;
2529 3346 2688 3402 modo
2709 3350 2819 3405 sitit
2847 3366 3037 3423 aquam
3066 3356 3273 3414 dulcem
3299 3377 3453 3417 mnu-

1870 3428 2005 3498 dus,
2036 3433 2125 3502 qui
2155 3435 2294 3488 salsa
2324 3436 2514 3507 plenus
2538 3451 2673 3496 erat.
2699 3443 2829 3511 Quis
2856 3446 2958 3504 hoc
2984 3450 3148 3507 fecit?
3192 3453 3293 3522 Qui
3328 3473 3452 3511 con-

1870 3523 2015 3576 uertit
2043 3540 2183 3580 mare
2206 3527 2258 3581 in
2285 3529 2504 3586 aridam.
2545 3531 2664 3589 Jam
2711 3537 2887 3594 anima
2927 3540 3172 3598 Gentium
3214 3550 3450 3605 onmium

1870 3612 1995 3683 quid
2024 3612 2195 3709 dicit?
2217 3618 2400 3709 animo
2424 3637 2535 3676 mea
2559 3625 2693 3679 velut
2716 3635 2850 3682 terra
2872 3632 2980 3685 sine
3003 3649 3135 3703 aqua
3158 3637 3246 3690 tibi
3267 3639 3285 3709 (
3304 3637 3449 3696 Psal.

1870 3716 2010 3758 cxm
2034 3744 2048 3769 ,
2079 3704 2177 3776 6).
2210 3706 2310 3773 Qui
2333 3714 2570 3768 convertit
2605 3732 2743 3772 mare
2779 3719 2833 3773 in
2874 3724 3089 3777 aridam.
3138 3725 3203 3781 In
3246 3704 3453 3797 [lumine

1871 3798 2245 3865 pertransibunt
2272 3803 2415 3873 pede.
2444 3802 2521 3860 Illi
2554 3807 2650 3881 ipsi
2690 3811 2779 3884 qui
2823 3818 3068 3875 conversi
3110 3830 3234 3878 sunt
3260 3822 3310 3879 in
3340 3825 3447 3882 ari-

1871 3885 1993 3942 dam
2013 3904 2177 3988 ,_cum
2207 3902 2391 3988 essent
2414 3906 2570 3955 antea
2599 3918 2748 3959 mare
2768 3907 2809 3972 ³,
2836 3908 2889 3961 in
2920 3910 3129 3979 ﬂumine
3171 3916 3296 3984 pede
3331 3936 3449 3988 per-

1871 3981 2170 4036 transibunt.
2200 3983 2334 4056 Quid
2364 4000 2447 4045 est
2471 3991 2712 4050 ﬂumen?
2750 3997 2974 4056 Flumen
3004 4013 3087 4058 est
3110 3981 3283 4064 omnis
3308 3981 3452 4067 mor-

1872 4071 2055 4155 talitas
2077 4077 2279 4131 saeculi.
2308 4079 2497 4137 Videte
2534 4082 2729 4142 ﬂumen
2757 4105 2771 4145 :
2798 4089 2900 4146 alia
2922 4095 3141 4152 veniunt
3181 4111 3236 4153 et
3280 4109 3451 4157 trans-

1872 4176 1997 4222 eunt
2025 4208 2040 4231 ,
2088 4169 2192 4225 :lia
2251 4174 2535 4230 transitura
2589 4182 2897 4240 succedunt.
2943 4187 3129 4246 Nonne
3169 4192 3246 4248 sic
3294 4195 3353 4251 t
3396 4198 3447 4255 in

1871 4271 2003 4329 aqu;
2044 4260 2315 4332 ﬂuminis,
2366 4282 2485 4337 quae
2525 4269 2591 4326 de
2631 4280 2769 4329 terra
2814 4280 3085 4350 nascitur,
3133 4294 3187 4341 et
3230 4292 3453 4347 manat?

1872 4350 2057 4409 Omnis
2096 4356 2182 4426 qui
2230 4367 2386 4415 natus
2430 4372 2550 4430 est,
2600 4366 2753 4423 cedat
2787 4380 2998 4440 oportet
3035 4378 3301 4435 nascituro
3337 4401 3351 4439 :
3396 4393 3452 4442 et

1872 4445 2046 4542 omnis
2089 4447 2190 4504 iste
2234 4449 2368 4507 ordo
2409 4468 2585 4510 rerum
2627 4457 2955 4531 labentium,
3002 4464 3192 4524 ﬂuvius
3236 4474 3449 4542 quidam

1874 4545 1976 4593 est.
2004 4536 2060 4593 In
2093 4539 2250 4596 istum
2282 4542 2499 4600 ﬂuvium
2538 4565 2642 4605 non
2687 4566 2748 4608 se
2789 4556 2962 4611 mittat
2999 4560 3185 4629 cupida
3230 4536 3401 4620 anima
3428 4607 3447 4634 ,

1814 4640 1822 4648 '
1873 4644 1980 4687 non
2005 4646 2065 4687 se
2092 4635 2267 4691 mittat
2291 4653 2306 4701 ;
2337 4650 2463 4694 stet.
2494 4642 2557 4697 Et
2586 4647 2854 4713 quomodo
2883 4653 3121 4708 transibit
3145 4654 3453 4714 delectatio-

1872 4737 1969 4779 nes
1993 4740 2169 4781 rerum
2194 4731 2542 4796 periturarum
2558 4734 2584 4789 ?
2600 4735 2792 4793 Credat
2816 4740 2866 4795 in
2888 4741 3176 4807 Christum.
3197 4759 3247 4802 et
3276 4759 3446 4805 trans-

1870 4814 1971 4911 ibit
1993 4817 2126 4886 pede
2154 4836 2169 4875 :
2205 4822 2392 4877 transit
2444 4825 2532 4877 illo
2560 4826 2728 4893 duce,
2764 4831 2897 4897 pede
2926 4837 3132 4890 transit.
3161 4838 3297 4905 Quid
3324 4851 3445 4911 est,

1872 4906 2007 4977 pede
2038 4912 2309 4966 transire?
2336 4912 2514 4969 Facile
2542 4919 2786 4974 transire.
2814 4920 2928 4977 Non
2960 4931 3149 4995 quzerit
3173 4945 3362 5000 equum
3394 4906 3447 4989 ut

1874 5006 2144 5066 transeat;
2196 5018 2300 5058 non
2326 5006 2547 5076 erigitur
2569 5011 2814 5080 superbia
2844 5014 2909 5071 ad
2940 5023 3314 5076 transeundum
3344 5024 3433 5078 llu-

1870 5106 1992 5147 men
2029 5111 2043 5149 :
2074 5093 2287 5151 humilis
2315 5099 2544 5169 transit,
2582 5111 2638 5158 et
2679 5104 2843 5163 tutius
2886 5111 3093 5165 transit.
3135 5109 3203 5166 In
3238 5114 3450 5182 ﬂumine

1870 5185 2242 5253 pertransibunt
2267 5189 2409 5257 pede.

1940 5276 2028 5332 12.
2072 5275 2149 5331 Ilu
2176 5280 2570 5339 iucundabimur
2593 5285 2646 5340 in
2670 5286 2781 5358 ipso
2801 5287 2842 5343 ³.
2865 5288 2909 5346 0
2933 5290 3104 5350 Judaei
3121 5333 3138 5359 ,
3161 5304 3230 5351 oe
3257 5299 3447 5355 vestris

1867 5369 2119 5437 operibus
2145 5371 2478 5441 gloriamini:
2525 5378 2706 5446 ponite
2744 5383 3047 5452 superbiam
3095 5386 3351 5456 gloriandi
3378 5390 3444 5446 de

1867 5461 2055 5528 vobis;
2117 5465 2312 5521 sumite
2362 5471 2587 5539 gratiam
2634 5472 2957 5544 jucundaudi
3006 5478 3056 5533 in
3100 5480 3331 5535 Christo.
3371 5482 3445 5538 lbl
3519 5457 3528 5465 ’

1867 5555 2007 5609 enim
2036 5556 2484 5626 jucundabimur:
2516 5564 2610 5619 sed
2638 5582 2743 5621 non
2768 5567 2820 5622 in
2846 5569 3000 5625 nobis
3024 5588 3038 5625 :
3062 5572 3131 5626 ibi
3145 5574 3447 5644 jucundabi-

1932 5690 1954 5761 ξ
1976 5697 2076 5761 nuo
2094 5699 2183 5761 sise
2207 5728 2221 5751 ,
2248 5696 2471 5761 superbos
2488 5712 2551 5749 et:
2568 5699 2686 5761 ipsis
2698 5705 2997 5756 exerceandi.

1933 5752 1954 5823 ξ
1978 5755 2047 5823 γῆς
2066 5754 2247 5823 aliquot
2268 5752 2369 5823 uss.
2401 5758 2481 5808 alii
2505 5752 2615 5809 cum
2640 5764 2772 5823 Βόα..
2794 5752 3134 5822 ὶιιὶιεᾶξιίηανὶ.

1933 5814 2618 5899 15:93.5“?--i':93tte§“_9!"
2642 5836 2743 5899 εηαι
2759 5814 2786 5899 ἒ.
2804 5814 3448 5899 ινιῦδηῖἷῦὶιὲι·έθιαίιιση·

1862 5871 1993 5939 dare
2014 5888 2032 5939 ς
2053 5878 2180 5953 quod
2196 5891 2231 5940 la
2255 5871 2504 5952 plerisque
2523 5892 2630 5938 uss.
