3912 6430
510 453 614 510 795

511 584 625 622 mur
674 567 726 618 in
778 547 909 634 ip'so.
959 535 1182 627 Quando
1225 545 1676 624 jucundabimur?
1718 542 1850 599 Cum
1899 540 2096 596 ﬂumen

515 655 882 716 transierimus
911 649 1062 721 pede.
1102 645 1215 704 Vita
1261 653 1459 698 aeterna
1507 637 1872 709 promittitur,
1916 646 2098 686 resur-

513 751 679 808 rectio
711 745 1073 818 promittitur;
1109 739 1177 794 ibi
1205 723 1541 792 cai'o'nostra
1565 731 1673 799 jam
1715 746 1818 782 non
1859 726 1958 780 erit
1999 724 2098 808 ﬂu-

513 860 631 899 men
666 857 680 895 :
710 839 907 894 ﬂumen
935 835 1076 889 enini
1105 830 1262 886 modo
1288 837 1370 882 est
1396 869 1410 890 ,
1439 823 1651 895 quando
1679 820 1974 875 umrtalitas
1998 824 2097 874 εει.

516 934 701 990 Videte
739 931 784 986 si
825 936 930 984 stat
973 915 1147 994 aliqua
1195 930 1344 976 mtas.
1395 916 1551 972 Pueri
1595 927 1838 971 crcsrcre
1865 910 2096 995 .volunt;

511 1040 564 1085 et
594 1026 832 1080 lleCllIlli
877 1021 1108 1088 spatium
1167 1014 1288 1068 vitm
1333 1027 1442 1066 sum
1487 1009 1640 1062 annis
1693 1003 2101 1060 succedentibus

513 1119 696 1174 niinui.
729 1115 844 1171 Non
877 1111 1018 1167 enim
1062 1107 1327 1162 adduntur
1371 1101 1495 1158 anni
1522 1143 1537 1168 ,
1581 1097 1675 1153 sed
1721 1094 2102 1152 subtrahuntur

481 1206 920 1267 ‘creseeutibus:
964 1203 1101 1257 sient
1144 1185 1565 1268 aqua'ﬂuminis
1605 1203 1822 1260 prorsus
1861 1184 2097 1251 accedit.

513 1303 606 1360 sed
635 1319 665 1356 a
698 1300 843 1354 futue
872 1293 1097 1353 recedit.
1129 1290 1197 1346 Et
1228 1289 1409 1343 volunt
1438 1298 1680 1340 crescere
1706 1279 1888 1351 pueri,
1935 1287 1988 1334 nt
2014 1292 2102 1334 (κιο

514 1406 666 1454 l‘eaut
692 1378 964 1452 dominatu
995 1387 1258 1456 maiorum
1283 1396 1444 1445 ;_eece
1467 1386 1715 1434 eres~cunt
1739 1415 1755 1440 ,
1779 1373 1952 1445 agitur
1969 1372 2098 1438 cito,

516 1487 835 1559 perveniunt
871 1482 936 1535 ad
974 1480 1311 1551 iuventutem
1345 1489 1357 1526 :
1400 1471 1488 1552 qni
1536 1474 1881 1526 excesserunt
1921 1467 2100 1535 pueri-

518 1582 644 1636 tiam
675 1619 691 1642 ,
718 1579 762 1633 si
792 1583 1012 1646 possunt
1043 1579 1256 1626 teneant
1279 1566 1610 1637 juventutem
1636 1577 1652 1626 ;
1685 1561 1873 1618 transit
1893 1570 1946 1615 et
1967 1561 2100 1630 ipsa,

519 1675 777 1730 Scuecms
800 1667 1078 1728 succedit;
1120 1663 1202 1718 vel
1244 1668 1492 1716 senectus
1532 1666 1730 1710 azterua
1765 1653 1836 1710 sit
1879 1670 1893 1707 :
1929 1660 2104 1708 morte

521 1736 778 1824 aufertur.
814 1762 957 1832 Ergo
985 1756 1180 1813 ﬂuvius
1203 1762 1286 1809 est
1313 1751 1490 1808 carnis
1521 1747 1807 1804 nascentis.
1844 1745 1994 1800 llunc
2015 1743 2105 1796 ﬂu.

521 1861 666 1916 vium
695 1852 1037 1912 mortalitatis
1059 1890 1074 1916 ,
1110 1864 1177 1904 ne
1203 1845 1506 1904 mortalium
1530 1855 1709 1896 rertnn
1731 1837 2107 1908 concupiscen-

523 1955 594 2010 tia
625 1951 896 2007 subvertat
920 1919 976 2002 et
1003 1942 1173 2012 rapiat
1203 1940 1244 2004 ί,
1277 1937 1429 1992 facile
1461 1934 1650 1989 transit
1678 1932 1765 2000 qni
1801 1930 2104 1998 humiliter,

525 2046 579 2104 id
609 2053 691 2102 est
716 2087 730 2109 ,
775 2040 911 2111 pede
946 2035 1174 2098 transit,
1223 2030 1359 2086 duce
1399 2029 1493 2083 illo
1537 2024 1624 2096 qui
1672 2025 1818 2095 prior
1860 2020 2105 2089 transiit;

523 2140 612 2212 qui
641 2137 710 2193 de
739 2141 976 2190 torrente
1003 2131 1056 2184 iu
1087 2127 1168 2180 via
1205 2138 1372 2192 usque
1399 2120 1466 2175 ad
1511 2128 1738 2212 mortem
1751 2115 1912 2212 _bibit
1936 2155 1951 2176 ,
1980 2128 2106 2182 pro-

525 2208 704 2306 pterea
748 2223 998 2283 estaltavit
1021 2228 1202 2290 ,eaput
1249 2214 1437 2289 (Psal.
1468 2227 1589 2274 eis,
1619 2208 1714 2306 7A).
1751 2208 2111 2263 Transeuntes

522 2301 653 2396 ergo
695 2321 825 2393 pede
865 2317 1081 2374 ﬂuvium
1105 2313 1280 2366 ιιιδιιιιιι
1307 2345 1322 2371 .
1365 2305 1418 2362 id
1455 2313 1537 2360 est
1577 2301 1732 2356 facile
1770 2307 2110 2396 transeuntes

525 2390 903 2474 sttorta'litatetn
960 2410 1113 2464 istam
1158 2403 1453 2464 ﬂuentem,
1498 2397 1564 2451 ibi
1612 2392 2011 2464 jucundnbiniur
2051 2390 2111 2448 in

526 2511 657 2582 ipso.
686 2507 840 2561 Modo
865 2513 1042 2556 autem
1070 2498 1124 2553 in
1153 2510 1258 2567 quo
1277 2534 1294 2558 ,
1323 2491 1428 2556 nisi
1454 2488 1534 2544 vel
1563 2487 1614 2582 in
1643 2488 1758 2582 ipso
1782 2524 1798 2550 ,
1825 2483 1908 2538 vel
1929 2483 1987 2582 in
2015 2495 2111 2552 Spe

525 2574 736 2671 ipsius?
767 2595 878 2652 Etsi
908 2593 1049 2649 enim
1073 2585 1430 2660 jucundamur
1457 2579 1617 2637 modo
1637 2620 1655 2644 ,
1704 2577 1756 2632 iu
1797 2591 1891 2646 spe
1918 2574 2112 2671 jucun—

527 2664 754 2756 damur;
785 2700 908 2744 tunc
932 2697 1112 2742 antem
1139 2681 1192 2735 ia
1241 2679 1355 2749 ipso
1393 2669 1825 2746 jucundabimur.
1859 2668 1926 2722 Et
1951 2664 2112 2730 modo

526 2788 579 2842 in
613 2787 725 2854 ipso
749 2824 763 2847 ,
793 2780 886 2840 sed
932 2793 1027 2848 per
1062 2788 1254 2846 spem;
1299 2780 1424 2826 tunc
1460 2775 1638 2822 autem
1663 2763 1800 2820 facie
1824 2761 1891 2816 ad
1920 2759 2107 2816 laciem

526 2884 544 2952 (
575 2880 592 2935 Ι
619 2881 734 2934 (.‘or.
767 2892 856 2931 xm
880 2913 896 2940 ,
927 2873 995 2928 l9.

595 2973 682 3029 l5.
713 2969 862 3044 [vers.
892 2965 968 3038 7.]
1001 2963 1078 3018 lbi
1097 2958 1496 3033 jucundabimur
1519 2954 1572 3008 in
1596 2952 1726 3044 ipso.
1759 2950 1815 3006 In
1836 2947 1981 3020 quo?
2010 2945 2111 3012 Qui

521 3043 814 3126 dontinatur
849 3061 904 3114 in
928 3059 1106 3114 virtute
1147 3069 1240 3108 sua
1264 3053 1320 3106 in
1353 3062 1618 3105 (clericum.
1647 3043 1780 3100 Nam
1823 3055 1920 3095 nos
1947 3053 2108 3110 quam

522 3160 772 3216 virtutem
801 3148 1094 3212 habemus?
1119 3156 1174 3203 et
1202 3160 1326 3201 num
1351 3140 1478 3213 quid
1505 3135 1798 3194 :eternaui?
1826 3133 1882 3188 Si
1903 3143 2110 3188 interna

521 3260 666 3319 esset
692 3249 868 3303 virtus
892 3254 1095 3308 nostra,
1125 3253 1230 3295 non
1274 3234 1408 3306 lapsi
1447 3246 1710 3294 essemus,
1735 3243 1843 3284 non
1884 3225 2109 3319 cecidiso

520 3317 702 3400 scmus
727 3340 782 3394 in
810 3347 1106 3408 peccatum,
1137 3345 1244 3387 non
1297 3327 1682 3384 meruissemus
1727 3317 2108 3376 mortalitatem

521 3435 807 3508 pmnalelll.
839 3430 930 3486 Ille
967 3429 1236 3483 voluntate
1281 3419 1540 3490 suscepit,
1571 3431 1678 3486 quo
1716 3429 1815 3470 nos
1857 3413 2108 3508 meritum

522 3504 765 3585 nostrum
797 3521 1011 3592 deiecit,
1033 3518 1130 3586 Qui
1162 3515 1454 3571 dominatur
1479 3509 1532 3565 in
1556 3509 1740 3562 uirtute
1764 3521 1860 3558 sua
1887 3504 1939 3558 in
1962 3513 2109 3559 mero

524 3633 669 3677 num.
703 3618 830 3687 Ejus
864 3614 1168 3686 participes
1189 3606 1508 3668 efﬁciamur,
1537 3602 1590 3656 in
1615 3601 1765 3667 cuius
1793 3599 1991 3654 virtute
2009 3603 2109 3652 nos

519 3716 722 3771 erimus
765 3711 958 3772 fortes;
989 3706 1076 3761 ille
1099 3710 1276 3759 autem
1307 3701 1358 3754 in
1383 3713 1502 3754 sua.
1527 3695 1641 3751 Nos
1679 3692 1996 3759 illuminati';
2019 3692 2109 3748 ille

520 3805 701 3862 lumen
730 3800 1035 3857 illuminans
1053 3816 1066 3852 :
1087 3810 1184 3852 nos
1207 3792 1379 3848 aversi
1407 3790 1474 3845 ab
1499 3791 1608 3854 illo,
1628 3785 2105 3852 contenebramur;

520 3899 612 3954 ille
631 3897 797 3951 averti
829 3911 858 3949 a
888 3908 947 3949 se
987 3901 1090 3947 non
1121 3883 1520 3960 potest.Galore
1547 3885 1712 3954 ipsius
1731 3880 2106 3947 accendimur;

520 3992 664 4048 unde
711 3989 1026 4045 recedentes
1059 3975 1475 4054 'l‘rigueramus,
1521 3977 1841 4034 accedentes
1889 3980 2106 4031 rursum

521 4083 896 4141 accendimur.
944 4079 1084 4148 Ergo
1127 4075 1369 4130 dicimus
1413 4073 1460 4128 ei
1511 4082 1567 4126 ut
1604 4069 1868 4127 custodiat
1910 4081 2008 4123 nos
2052 4067 2106 4121 in

523 4179 722 4234 virtute
751 4190 866 4236 sna,
900 4170 1022 4242 quia
1053 4170 1104 4224 in
1135 4169 1252 4238 ipso
1274 4165 1690 4237 jucuudabimur
1707 4164 1794 4234 qui
1819 4161 2108 4215 dominatur

520 4273 572 4328 in
597 4271 776 4325 uirtute
793 4267 965 4322 suain
994 4275 1258 4319 tetanum.
1709 4273 1711 4275 ‘

539 4387 543 4392 ·
595 4363 682 4418 tl.
716 4361 820 4417 Sed
843 4375 948 4414 non
975 4359 1077 4414 hoe
1093 4357 1224 4411 solis
1264 4353 1470 4410 Judmis
1488 4359 1705 4422 praestat
1741 4342 2103 4417 credentibus,

522 4457 656 4527 Quia
704 4455 926 4510 multum
981 4465 1040 4507 se
1083 4449 1396 4504 extulerunt
1431 4443 1598 4500 .Indrei
1654 4442 1723 4498 de
1760 4443 1954 4497 virtute
2011 4453 2108 4496 sua

523 4557 934 4623 praesumentes,
992 4553 1178 4614 postea
1223 4547 1592 4609 cognoverunt
1629 4539 1680 4592 in
1721 4539 1874 4605 cujus
1915 4533 2108 4591 virtute

523 4643 735 4696 luerunt
763 4636 1048 4693 salubriter
1085 4633 1271 4696 fortes,
1303 4641 1356 4684 et
1383 4629 1594 4700 quidam
1637 4643 1822 4685 eorum
1863 4627 2107 4683 ercdid‘eé

525 4740 697 4789 runt:
729 4727 823 4784 sed
887 4741 992 4782 non
1029 4723 1226 4780 sufﬁeit
1274 4722 1518 4787 Clii‘istu;
1565 4721 1788 4776 multum
1831 4730 1915 4776 est
1967 4719 2110 4789 quod

525 4824 692 4890 dedit,
723 4836 969 4891 maguum
1015 4819 1243 4890 pretium
1267 4817 1432 4882 dedit,
1469 4833 1572 4871 non
1603 4830 1700 4887 pro
1744 4815 1874 4870 solis
1910 4807 2110 4870 Judtcis

527 4915 712 4973 debuit
738 4913 914 4968 valere
955 4909 1098 4981 quod
1125 4908 1292 4964 dedit.
1323 4909 1474 4964 Oculi
1498 4909 1607 4977 ejus
1633 4923 1786 4977 super
1813 4905 1995 4961 Gentes
2031 4919 2112 4959 re-

524 5008 763 5079 spiciunt.
785 5004 942 5075 Ergo,
984 5002 1134 5058 Oculi
1161 5002 1272 5072 ejus
1307 5016 1460 5069 super
1497 4997 1678 5053 Gentes
1717 4998 2014 5078 respiciunt.
2047 4997 2115 5052 Et

525 5100 648 5172 quid
683 5095 942 5154 facimus?
973 5093 1380 5150 Murmurabnut
1418 5091 1619 5155 .luda-i;
1650 5089 1843 5144 dicturi
1874 5100 1992 5143 eum
2021 5089 2117 5144 .lu-

525 5193 627 5249 daei
657 5212 670 5247 :
702 5190 854 5260 Quod
882 5190 1053 5250 nobis,
1076 5188 1177 5244 hoc
1195 5198 1247 5242 et
1279 5188 1412 5249 illis;
1439 5185 1592 5239 nobis
1619 5178 1983 5254 Evangelium,
2009 5183 2114 5240 illis

527 5284 908 5354 Evangelium;
959 5280 1112 5336 nobis
1165 5278 1388 5347 gratiam
1450 5276 1877 5342 resurrectionis,
1910 5286 1964 5332 et
2008 5276 2114 5331 illis

524 5378 748 5449 gratiam
778 5371 1186 5429 resurrectionis
1219 5369 1387 5424 :uiliil
1421 5367 1573 5420 nobis
1602 5367 1822 5437 prodest
1844 5367 1986 5438 quod
2017 5382 2116 5423 nos

525 5470 722 5542 Legem
748 5466 1054 5536 accepimus
1073 5505 1087 5522 .
1122 5471 1176 5516 et
1219 5462 1270 5515 in
1297 5459 1766 5530 jnstiticatiunibus
1795 5459 1951 5525 Legis
1980 5459 2115 5514 vixi-

527 5577 667 5623 mus,
691 5569 743 5615 et
766 5559 1032 5614 temiimus
1056 5564 1318 5625 pneeepta
1343 5562 1585 5623 patrum:
1614 5551 1742 5607 nihil
1769 5552 1961 5605 valebit
1978 5551 2114 5617 hoc;

528 5654 635 5711 illis
664 5651 808 5724 quod
836 5650 1023 5706 nobis!
1054 5647 1171 5703 Non
1205 5645 1446 5719 litigent,
1480 5660 1588 5701 non
1639 5643 1984 5700 contendant.
2018 5643 2118 5712 Qui

535 5857 564 5870 -.
594 5831 711 5879 t'slc
732 5834 836 5876 Mss.
865 5825 1074 5877 naida
1106 5834 1158 5874 m
1197 5823 1322 5886 Inmc
1345 5820 1544 5886 ﬂiwiunt
1583 5817 1888 5870 mortalitatis
1909 5831 2046 5886 nemo
2069 5834 2119 5878 se

530 5889 802 5943 mortalium
838 5899 1006 5951 rerum
1040 5880 1426 5951 concupiscentia
1467 5882 1728 5942 subvertet,
1751 5893 1815 5934 ne
1849 5880 2072 5947 rapiatur
2096 5887 2120 5936 ἐ

531 5951 678 6018 Ῑαάιε
699 5948 891 6010 transit,
909 5955 1007 6001 etc.

1747 378 1807 488 ἒ.
1850 423 2107 484 AUGUS'I

2213 467 2216 477 ,
2249 377 2552 494 Εἰδιεαοιτι
2825 491 2834 500 α
2907 495 2910 500 ι
3163 495 3172 502 _
3409 497 3414 503 _
3641 425 3717 493 793

2209 538 2509 605 antaricant,
2544 555 2643 593 non
2670 537 2952 594 exaltentur
2977 537 3028 594 in
3055 540 3346 613 semetipsis.
3435 527 3550 598 caro
3575 542 3718 606 misera

2207 623 2261 683 et
2292 627 2570 683 tabesnens
2593 671 2608 691 ,
2645 647 2821 686 nonne
2867 632 3132 702 peccatrix
3161 631 3256 688 es?
3285 623 3418 700 Quid
3447 634 3613 689 (laniat
3643 639 3718 695 liu-

2207 738 2306 792 gna
2339 722 2463 776 tua?
2494 721 2812 778 Aitcnilatur
2839 723 3184 796 conscientia.
3216 723 3417 782 Omnes
3433 728 3558 782 enim
3585 725 3726 800 prora-1

2209 827 2434 878 verunt,
2467 825 2523 871 ct
2555 827 2714 888 egent
2757 810 2923 888 gloria
2957 801 3046 872 Dei
3089 813 3259 880 (Rom.
3289 834 3376 881 tn,
3403 815 3510 888 9.3).
3538 823 3722 892 Agitasse

2209 916 2282 974 te,
2309 908 2587 962 inﬁrmitas
2618 911 2867 965 humana.
2895 910 3155 980 Accepisti
3187 909 3402 980 Legem.
3434 922 3486 980 ut
3511 924 3556 966 el
3578 930 3726 983 prava-

2207 1001 2423 1055 rieatrix
2455 999 2613 1072 Legis
2641 1017 2822 1066 esses;
2873 1018 2976 1076 non
3015 1002 3157 1070 enim
3190 996 3403 1058 tenuisti
3455 1014 3505 1059 et
3547 1005 3724 1076 implesti

2207 1093 2348 1162 quod
2377 1095 2651 1166 accepisti.
2695 1094 2935 1152 Accessit
2967 1094 3060 1150 tibi
3104 1093 3167 1152 e'x
3201 1095 3372 1165 Lege,
3407 1112 3504 1149 non
3527 1096 3726 1167 justiﬁes-

2207 1185 2284 1256 tio
2313 1202 2469 1253 quam
2504 1185 2613 1241 Lex
2641 1186 2795 1256 jubet
2821 1229 2836 1251 ,
2882 1187 2974 1244 sed
3003 1185 3382 1258 praevaricatio
3409 1205 3556 1260 quam
3595 1201 3639 1245 tu
3673 1193 3726 1249 le-

2207 1277 2346 1356 cisti.
2368 1277 2421 1334 Si
2443 1294 2568 1347 ergo
2592 1276 2730 1344 abun
2755 1277 2878 1356 lavit
2902 1290 3201 1349 peceatmn,
3225 1279 3351 1351 quid
3377 1279 3568 1337 invides
3591 1266 3727 1353 snper-

2206 1351 2501 1427 abundanti
2529 1371 2714 1442 gratia:
2735 1351 2846 1440 (Ιά.
2896 1387 2950 1434 v.
3010 1371 3151 1443 '20)?
3179 1371 3296 1426 Noli
3324 1375 3616 1440 atuarirare.
3640 1351 3726 1446 quis

2207 1464 2292 1532 qui
2311 1465 2623 1532 amaricant,
2656 1465 3094 1526 nonexallentur.
3139 1463 3300 1534 Quasi
3358 1465 3728 1523 maleditissevi-

2209 1555 2384 1620 detur,
2417 1554 2521 1623 Qui
2547 1557 2860 1622 amaricant,
2907 1574 3005 1611 non
3057 1557 3348 1611 exultenmr
3377 1575 3397 1612 .'
3427 1558 3527 1612 imo
3554 1559 3732 1615 exulten-

2211 1655 2316 1713 tur,
2345 1646 2438 1702 sed
2473 1662 2574 1702 non
2617 1646 2669 1701 in
2690 1647 2894 1717 scipsis.
2933 1647 3288 1702 llmuilientur
3318 1647 3371 1702 in
3397 1647 3602 1721 se'ipsis;
3624 1651 3730 1706 etul-

2213 1747 2388 1793 tentur
2417 1738 2468 1793 iu
2496 1737 2742 1816 Christo.
2761 1738 2858 1806 Qui
2891 1739 3032 1794 enim
3057 1755 3124 1795 se
3145 1740 3417 1805 lnnniliat,
3441 1744 3731 1808 exaluibitur;

2211 1840 2261 1886 et
2287 1831 2373 1901 qui
2397 1845 2454 1886 se
2485 1832 2700 1896 exultat,
2736 1827 3345 1906 humili-'tbitur(Matth.
3375 1850 3524 1902 xxut,
3551 1836 3640 1908 1'2).
3667 1836 3736 1905 Qui

2211 1925 2525 1988 antaricant,
2559 1941 2658 1978 non
2685 1925 2970 1980 excitentur
2997 1925 3047 1979 in
3075 1927 3381 1996 semetipsis.

2233 2087 2238 2096 ἱ
2288 2018 2372 2071 15.
2403 2014 2554 2090 [υενε.
2587 2016 2639 2082 8,
2669 2013 2747 2091 9.]
2772 2015 3075 2082 Benedicite,
3102 2011 3306 2083 Gentes,
3365 2003 3527 2072 Deum
3553 2030 3735 2073 nostrum.

2216 2111 2356 2168 Ecce
2382 2112 2578 2184 repulsi
2607 2123 2731 2167 sunt
2753 2113 2841 2183 qni
2864 2113 3192 2179 amaricant;
3226 2112 3439 2168 reddita
3469 2125 3549 2168 est
3578 2115 3660 2168 illis
3683 2131 3737 2168 ri-

2217 2207 2322 2261 tio:
2347 2207 2508 2278 aliqui
2533 2207 2779 2262 conversi
2801 2217 2919 2262 sunt
2939 2249 2954 2271 ,
2981 2207 3146 2278 aliqui
3171 2208 3390 2277 superbi
3408 2218 3737 2264 remanserunt.

2212 2297 2334 2354 Non
2373 2315 2466 2354 vos
2527 2283 2759 2356 terreant
2786 2300 2875 2370 qni
2923 2300 3145 2371 gratiam
3173 2299 3533 2371 evangelicum
3565 2299 3740 2377 invident

2215 2389 2508 2456 Gentibus;
2530 2392 2640 2461 jam
2678 2393 2822 2450 venit
2857 2407 3041 2450 semen
3070 2393 3300 2448 Abrabze
3327 2435 3342 2459 ,
3377 2393 3432 2448 in
3463 2409 3560 2464 quo
3585 2377 3741 2448 benedi-

2215 2495 2408 2540 cuntur
2436 2500 2625 2542 omnes
2654 2485 2854 2541 Gentes
2899 2483 3052 2558 (Cen.
3101 2501 3201 2552 xu,
3227 2487 3314 2554 ὅ).
3356 2485 3638 2542 Benedicite
3658 2501 3739 2542 eum

2215 2578 2270 2634 in
2305 2594 2411 2648 quo
2450 2577 2866 2640 bencdieimini;
2915 2577 3223 2642 Benedicite,
3254 2575 3466 2640 Gentes,
3512 2576 3650 2632 Deum
3682 2593 3742 2631 na-

2214 2680 2373 2752 strtnn
2403 2686 2421 2724 :
2446 2680 2490 2726 et
2509 2670 2680 2726 audite
2708 2687 2874 2728 vocem
2898 2671 3064 2749 laudis
3081 2673 3211 2752 ejus.
3235 2669 3316 2727 Ne
3336 2686 3432 2728 vos
3461 2671 3594 2742 ipsos
3612 2670 3740 2726 lande-

2216 2749 2320 2830 tis;
2365 2765 2459 2822 sed
2510 2766 2683 2835 ipsum
2732 2764 2980 2821 laudetis.
3032 2749 3291 2833 Quas-est
3326 2781 3431 2820 vox
3458 2764 3614 2820 laudis
3636 2762 3740 2833 ejus?

2215 2858 2350 2927 Quia
2374 2857 2545 2929 gratia
2580 2857 2747 2927 ipsius
2779 2871 2984 2923 sumus,
3016 2857 3274 2928 quidquid
3304 2857 3435 2913 boni
3474 2871 3652 2912 sumus.
3674 2856 3740 2923 Qui

2215 2930 2380 3020 posuit
2405 2948 2628 3002 animum
2656 2963 2815 3000 meum
2843 2948 2894 3001 in
2917 2947 3067 3001 vitam
3093 2948 3129 3002 ‘.
3161 2946 3301 3004 Ecce
3332 2962 3432 3002 vox
3463 2946 3617 3004 laudis
3633 2949 3738 3016 ejus:

2218 3040 2318 3104 Qui
2329 3039 2509 3110 posuit
2533 3038 2753 3092 animam
2773 3053 2935 3091 meatu
2961 3039 3011 3092 in
3037 3038 3208 3092 ritum.
3232 3038 3382 3114 Ergo
3400 3039 3452 3094 in
3479 3047 3630 3093 morte
3646 3047 3736 3103 erat;

2215 3133 2268 3189 in
2296 3141 2466 3187 morte
2493 3139 2610 3188 erat
2639 3131 2690 3206 iu
2732 3139 2784 3186 te
2827 3131 2870 3182 ².
2906 3127 3032 3186 lude
3079 3115 3162 3186 est
3211 3129 3361 3201 quod
3394 3146 3497 3187 non
3543 3129 3739 3186 debuistis

2213 3225 2438 3298 exaltari
2469 3226 2521 3279 in
2546 3225 2698 3280 vobis
2731 3223 2883 3294 ipsis.
2914 3224 3053 3280 Ecce
3080 3223 3131 3280 in
3162 3233 3483 3282 morteerat
3511 3225 3559 3279 in
3587 3233 3630 3279 te
3654 3223 3738 3277 :ulii

2215 3319 2319 3374 erit
2347 3319 2399 3372 in
2428 3318 2553 3383 vita,
2581 3317 2682 3372 nisi
2704 3317 2754 3371 in
2785 3317 2876 3370 illo
2896 3317 2985 3386 qui
3009 3316 3161 3382 dixit,
3197 3311 3311 3397 Ege
3333 3334 3450 3372 sum
3477 3319 3569 3381 uia,
3591 3316 3738 3378 veritas,

2213 3422 2258 3469 ct
2284 3414 2383 3468 vita
2400 3410 2579 3480 (Joan.
2607 3425 2725 3475 stv,
2753 3408 2850 3483 ti)?
2876 3411 3156 3479 Quomodo
3179 3411 3506 3482 quibusdam
3529 3409 3738 3468 credenti-

2213 3504 2312 3559 bns
2341 3505 2416 3559 ait
2443 3503 2728 3573 Apostolus
2767 3520 2780 3558 :
2825 3501 3019 3558 Fuisti:
3072 3501 3356 3571 aliquando
3396 3507 3741 3572 tenebramus:

2210 3608 2384 3658 mitem
2409 3598 2497 3652 luat
2524 3597 2580 3650 in
2610 3594 2831 3650 Domino
2859 3595 3078 3668 (Epltes.
3111 3611 3168 3661 γ,
3197 3597 3280 3666 8).
3311 3596 3568 3658 Tenebrae
3587 3615 3688 3672 ergo
3707 3601 3739 3652 in

2211 3687 2398 3753 vobis;
2419 3686 2508 3742 lux
2529 3687 2584 3742 in
2616 3686 2841 3742 Domino
2871 3703 2886 3739 :
2917 3686 2998 3744 sic
3023 3699 3171 3741 mors
3197 3686 3252 3742 in
3277 3692 3587 3758 vobis;vita
3612 3691 3740 3746 iuDo-

2213 3783 2380 3840 mino.
2405 3781 2504 3848 Qui
2537 3782 2702 3852 posuit
2730 3781 2955 3836 animam
2991 3798 3152 3836 ineant
3175 3784 3232 3840 in
3257 3792 3433 3843 vitam.
3468 3789 3592 3844 Ecce
3613 3784 3738 3857 possit

2211 3875 2442 3936 annnam
2474 3882 2712 3928 nostram
2741 3872 2793 3930 in
2818 3873 3002 3940 vitam,
3033 3873 3162 3946 quia
3191 3877 3466 3949 credimus
3485 3879 3654 3934 ineunt
3673 3893 3685 3938 ;
3704 3875 3737 3927 'ui

2211 3968 2373 4023 vitam
2401 3967 2423 3998 ³
2449 3967 2625 4038 posuit
2667 3967 2900 4021 animum
2947 3980 3188 4026 nostram
3221 3988 3238 4025 :
3277 3971 3380 4029 sed
3436 3970 3555 4044 quid
3599 3966 3737 4024 deinde

2210 4074 2348 4132 Opus
2375 4069 2492 4128 est,
2531 4059 2635 4117 nisi
2665 4067 2720 4114 ut
2748 4074 3156 4129 perseveremus
3200 4078 3378 4135 usque
3412 4065 3466 4120 in
3503 4061 3671 4120 linem!
3693 4059 3736 4113 Et

2211 4152 2316 4209 boc
2343 4155 2468 4225 quis
2489 4151 2672 4219 dabit,
2706 4151 2810 4207 nisi
2829 4151 2896 4207 de
2918 4169 3029 4226 quo
3049 4165 3448 4226 consequenter
3473 4156 3646 4211 dictum
3664 4162 3734 4215 est

2210 4245 2281 4308 Et
2308 4263 2410 4302 nm.
2436 4244 2574 4300 dedit
2599 4245 2654 4301 in
2684 4255 2880 4301 molunt
2921 4247 3074 4318 pedes
3107 4263 3240 4302 meos
3261 4247 3288 4300 ?
3323 4247 3445 4318 Ipse
3477 4245 3627 4316 posuit
3658 4241 3735 4296 aui-

2211 4355 2356 4396 man:
2386 4341 2437 4394 in
2465 4339 2625 4394 vitam
2646 4379 2663 4404 ,
2695 4339 2815 4409 ipse
2839 4340 2974 4410 regit
2999 4337 3186 4408 pedes,
3220 4356 3287 4394 ne
3333 4348 3518 4396 nutent
3538 4381 3550 4403 ,
3576 4351 3631 4391 ne
3649 4347 3730 4387 tuo-

2211 4440 2454 4496 veantur,
2482 4438 2535 4486 et
2563 4429 2756 4486 dentur
2799 4431 2854 4486 lu
2881 4417 3124 4495 motum;
3162 4431 3276 4500 ipse
3303 4446 3406 4488 nos
3449 4429 3564 4485 facit
3588 4428 3731 4486 vivere.

2213 4524 2329 4596 ipse
2361 4538 2712 4594 perseverare
2737 4538 2906 4594 usque
2947 4523 2998 4578 in
3029 4522 3186 4580 linem
3214 4547 3230 4588 ι
3263 4532 3323 4578 ιιι
3360 4524 3414 4579 in
3441 4516 3730 4578 teterumnri-

2212 4632 2419 4674 vamns.
2445 4614 2515 4670 Et
2539 4633 2644 4673 non
2667 4618 2810 4672 dedit
2838 4618 2889 4670 in
2909 4627 3100 4676 motum
3117 4617 3267 4686 pedes
3290 4632 3449 4671 meos.

2287 4711 2374 4765 16.
2399 4707 2548 4782 [item
2584 4707 2798 4782 1042.]
2823 4707 3118 4776 Quareboe
3144 4707 3349 4775 dixisti,
3469 4722 3560 4762 non
3580 4701 3729 4758 dalitis

2213 4813 2406 4864 motum
2452 4801 2609 4871 pedes
2636 4802 2816 4857 uicos?
2843 4799 2982 4869 Quid
3028 4800 3172 4858 enim
3195 4815 3388 4870 passus
3415 4815 3505 4864 es,
3530 4806 3607 4854 aut
3640 4789 3728 4862 quid

2215 4897 2322 4970 pati
2352 4894 2610 4966 potuisti,
2654 4905 2714 4949 ut
2737 4903 3083 4951 moverentur
3121 4895 3285 4964 pedes
3325 4895 3443 4950 tui?
3469 4884 3724 4960 Quidlamli

2215 5006 2334 5062 qua:
2363 4997 2676 5060 sequantur.
2706 4986 2882 5054 Quare
2899 4985 3031 5053 disi,
3059 5003 3162 5041 non
3190 4987 3334 5044 dedit
3360 4989 3413 5042 in
3433 4995 3604 5042 statuta
3621 4980 3725 5051 petits

2217 5100 2352 5137 meos
2367 5083 2394 5138 ?
2413 5083 2548 5148 Quia
2569 5080 2734 5135 multa
2761 5080 2901 5150 passi
2916 5094 3123 5146 sumus,
3149 5079 3220 5136 de
3245 5079 3436 5151 quibus
3459 5083 3724 5136 moverentur

2218 5175 2287 5232 de
2307 5176 2391 5229 via
2418 5174 2578 5244 pedes
2607 5173 2799 5236 nostri,
2831 5172 2931 5227 nisi
2954 5172 3068 5242 ipse
3096 5181 3337 5241 regeret,
3383 5183 3438 5228 et
3461 5185 3546 5227 eos
3582 5167 3622 5222 in
3644 5177 3721 5218 nio-

2221 5279 2334 5324 tum
2365 5283 2468 5323 non
2500 5267 2669 5322 daret.
2695 5266 2827 5334 Qua:
2851 5276 2976 5320 sunt
3014 5265 3151 5320 ista?
3180 5265 3430 5332 Quoniam
3457 5260 3642 5336 pmbssti
3662 5269 3721 5310 tm

2225 5361 2408 5428 Deus;
2435 5359 2606 5431 igniin
2635 5375 2748 5426 nos,
2779 5359 2907 5412 sicut
2937 5358 3130 5430 ignitur
3155 5371 3437 5430 argentum.
3473 5356 3576 5412 Neu
3597 5346 3718 5421 ignisii

2219 5455 2361 5510 sicut
2403 5451 2612 5518 fenum,
2657 5450 2751 5507 sed
2797 5453 2936 5507 sicut
2961 5462 3240 5522 argentum
3275 5447 3590 5506 :adliibenilo
3611 5440 3716 5498 nubis

2216 5549 2398 5620 ignem
2415 5588 2429 5609 .
2459 5560 2564 5600 non
2583 5544 2634 5598 in
2655 5543 2890 5599 cinerem
2911 5543 3241 5607 convertisti,
3255 5542 3346 5600 sed
3361 5541 3533 5598 sordes
3545 5529 3712 5591 abluisti

2219 5642 2410 5714 Igniin
2449 5656 2574 5707 nos,
2605 5639 2733 5693 sicut
2761 5639 2950 5710 ignitur
2972 5650 3254 5711 argentum.
3284 5635 3491 5696 Etvide
3519 5622 3716 5703 quomodo

2290 5757 2306 5787 ι
2329 5761 2435 5803 Mss.
2462 5759 2758 5809 constanter,
2781 5750 2828 5800 in
2845 5747 2956 5800 rita.
3393 5808 3396 5809 ν
3590 5805 3598 5809 _
3635 5701 3731 5809 ,φὶ

2286 5821 2308 5850 ι
2329 5789 3060 5876 ιῖὲὲἷ”’ἱί”ὲῖἱιί.ζ”ιίι”ἦὶονιε
3081 5818 3206 5875 erat,
3245 5813 3354 5880 quia
3371 5808 3434 5874 ,tu
3456 5813 3497 5862 ιι
3513 5789 3713 5864 cratim

2223 5886 2469 6002 “13:33.,
2598 5935 3267 6003 tantamtantam
