3912 6440
450 389 550 448 199

509 505 600 563 20.
636 495 930 578 [vers.15.]
967 491 1036 551 Et
1073 492 1293 549 locutum
1325 494 1399 542 est
1432 499 1489 540 os
1520 494 1688 536 meum
1724 476 1780 530 in
1808 471 2018 528 tribula-

442 600 576 655 tione
620 570 749 650 mea.
794 570 960 660 Quam
1003 586 1173 642 dulcis
1201 591 1284 639 est
1321 594 1464 649 saepe
1511 570 1814 631 tribulatio!
1852 578 2016 660 quam

444 687 773 747 necessaria!
800 657 933 751 Quid
957 681 1029 736 ibi
1066 680 1296 733 locutum
1321 679 1404 727 est
1428 683 1487 724 os
1517 667 1685 738 ipsius
1713 663 1764 718 in
1793 657 2016 716 tribula-

446 783 588 838 tione
615 778 746 834 sua?
774 775 1080 830 Holocausta
1096 768 1368 823 medullam
1385 761 1594 830 offeram
1617 759 1723 814 tibi.
1750 751 1886 825 Quid
1912 760 2018 816 est,

445 872 715 928 medullata
736 869 762 922 .’
798 867 942 923 Intus
970 873 1178 920 teneam
1219 857 1533 914 charitatem
1563 860 1744 914 tuam;
1776 861 1880 901 non
1919 842 2023 900 erit

451 963 503 1019 in
551 959 829 1032 superficie
850 999 866 1023 ,
909 957 963 1012 in
1006 951 1251 1010 medullis
1282 947 1416 1004 meis
1440 944 1542 1000 erit
1574 939 1716 1013 quod
1758 937 1920 1008 diligo
1949 942 2019 988 te.

446 1055 586 1112 Nihil
615 1054 758 1109 enim
795 1049 1015 1106 interius
1054 1044 1299 1102 medullis
1336 1038 1531 1096 nostris
1563 1053 1579 1090 :
1619 1032 1872 1088 interiora
1900 1039 2022 1079 οςςιι

445 1159 566 1205 sunt
613 1161 794 1210 carne,
826 1140 1072 1198 medullae
1119 1137 1401 1193 interiores
1447 1139 1569 1185 sunt
1613 1127 1740 1196 ipsis
1791 1121 2020 1178 ossibus.

446 1239 698 1311 Quisquis
723 1251 851 1309 ergo
876 1236 928 1290 in
956 1229 1237 1303 superlicie
1262 1227 1389 1282 colit
1415 1223 1602 1282 Deum.
1626 1216 1793 1286 magis
1815 1213 2024 1283 placere

445 1331 557 1387 Vult
607 1328 944 1388 hominibus;
1000 1323 1140 1379 aliud
1184 1329 1362 1375 autem
1412 1315 1552 1371 intus
1596 1310 1868 1369 sentiens,
1917 1319 2023 1359 non

446 1425 600 1482 olfert
629 1423 933 1479 holocausta
977 1415 1324 1472 medullarum
1372 1427 1387 1466 :
1430 1406 1581 1476 cuius
1609 1412 1786 1458 autem
1814 1397 2024 1454 medul-

447 1517 552 1572 lam
583 1515 813 1586 inspicit,
847 1514 1016 1582 ipsmn
1045 1519 1212 1564 totum
1237 1503 1445 1572 accipit.
1483 1498 1790 1552 Holocausta
1824 1489 2022 1544 medul-

447 1609 551 1665 lata
577 1583 787 1674 o/I'eram
809 1605 918 1667 tibi,
940 1619 1050 1658 cum
1070 1602 1268 1655 incenso
1287 1605 1333 1649 et
1357 1590 1611 1648 arietibus.
1641 1587 1848 1642 Arietes
1863 1583 2026 1636 duces

449 1669 734 1756 Ecclesiae:
761 1705 922 1752 totum
951 1707 1142 1762 corpus
1165 1687 1357 1743 ιῖιιτῑμιί
1379 1681 1639 1754 loquitur;
1670 1678 1771 1732 hoc
1788 1685 1868 1731 est
1887 1669 2040 1744 quod

449 1791 602 1847 offert
640 1791 766 1846 Deo.
818 1788 1092 1842 Incensutu
1118 1779 1245 1852 quid
1274 1776 1393 1833 est?
1430 1773 1634 1852 Oratio.
1675 1767 1801 1825 Cum
1826 1767 2028 1820 incenso

449 1893 496 1939 et
518 1881 790 1937 arietibus?
819 1879 1041 1934 Maxime
1069 1876 1210 1930 enim
1234 1873 1432 1926 arietes
1455 1872 1612 1922 orant
1637 1877 1733 1931 pro
1756 1859 2022 1931 gregibus.

453 1972 677 2041 Oﬂ'eram
705 1973 792 2027 tibi
815 1971 957 2025 boves
981 1984 1095 2022 cum
1134 1964 1307 2018 hircis.
1351 1960 1520 2016 Boves
1545 1953 1846 2010 invenimus
1876 1949 2027 2006 tritu—

449 2077 647 2131 rantes,
674 2073 729 2119 et
757 2063 854 2134 ipsi
879 2060 1168 2116 offeruntur
1192 2056 1319 2110 Deo.
1353 2048 1638 2121 Apostolus
1659 2045 1728 2101 de
1748 2041 2029 2099 annuntia-

451 2155 651 2211 torihus
687 2132 958 2222 Evangelii
993 2148 1126 2204 dixit
1163 2139 1562 2213 intelligendum
1589 2133 1730 2206 quod
1771 2132 2026 2202 scriptum

448 2256 531 2302 est
560 2262 573 2299 :
601 2243 726 2300 Boni
751 2241 1007 2298 trituranti
1031 2255 1086 2294 os
1112 2255 1210 2292 non
1237 2231 1532 2307 infrenabis.
1563 2223 1826 2295 Numquid
1851 2224 1914 2278 de
1938 2224 2027 2276 bo-

449 2339 540 2394 bus
579 2339 788 2411 pertinet
814 2335 882 2390 ad
911 2333 1072 2389 Deum
1104 2331 1123 2402 (
1149 2329 1170 2384 ι
1194 2327 1312 2385 Cor.
1345 2342 1418 2392 ιιι,
1452 2323 1554 2394 9)?
1581 2321 1721 2390 Ergo
1746 2315 1923 2388 magni
1954 2315 2028 2411 illi

449 2404 672 2493 arietes,
707 2427 880 2498 magni
906 2427 1090 2482 boves.
1117 2421 1252 2490 Quid
1284 2416 1513 2488 reliqui,
1554 2412 1643 2484 qui
1670 2413 1805 2466 forte
1829 2404 2030 2463 conscii

448 2533 576 2580 sunt
595 2522 894 2593 aliquorum
925 2524 1260 2588 peccatorum
1289 2527 1304 2576 ;
1334 2509 1424 2581 qui
1450 2507 1584 2562 forte
1615 2504 1670 2559 in
1699 2503 1814 2573 ipso
1839 2499 2030 2555 itinere

450 2615 584 2687 lapsi
635 2589 801 2681 sunt,
845 2621 898 2667 et
945 2607 1159 2664 sauciati
1205 2619 1302 2675 per
1329 2597 1696 2674 pcenitentiam
1739 2589 2029 2649 sanantur?

449 2686 715 2776 Numquid
758 2712 812 2760 et
840 2700 939 2773 ipsi
968 2696 1338 2760 remanebunt,
1384 2700 1440 2748 et
1478 2689 1544 2744 ad
1582 2686 1891 2744 holocausta
1922 2695 2027 2736 non

450 2796 826 2873 pertinebunt?
856 2794 932 2850 Nc
960 2792 1058 2864 ipsi
1091 2791 1329 2854 timeant,
1357 2783 1560 2841 addidit
1583 2790 1638 2838 et
1663 2780 1840 2835 hircos
1869 2795 1882 2832 :
1918 2775 2030 2830 Ho-

449 2871 695 2956 locausta,
727 2889 916 2960 inquit,
946 2883 1220 2941 medullata
1244 2878 1455 2948 offeram
1475 2876 1584 2940 tibi,
1622 2889 1738 2928 cum
1761 2871 1963 2926 incenso
1984 2877 2031 2923 et

450 2985 682 3040 arietibus
710 2979 962 3048 :oﬂ'eram
997 2976 1086 3030 tibi
1114 2976 1257 3029 boues
1298 2986 1414 3026 cum
1449 2966 1622 3022 hircis.
1677 2960 2030 3033 Adjunctione

449 3077 559 3147 ipsa
601 3073 873 3130 salvantur
913 3067 1045 3123 hirci
1095 3083 1109 3121 :
1158 3080 1251 3134 per
1277 3076 1337 3117 se
1367 3076 1474 3116 non
1503 3063 1764 3130 possunt;
1795 3049 2029 3123 adjuncti

450 3145 619 3226 bobus
645 3163 998 3233 accipiuntur.
1045 3157 1311 3213 Fecerunt
1345 3153 1488 3210 enim
1519 3148 1724 3205 amicos
1757 3145 1827 3202 de
1856 3158 2028 3199 mam-

456 3275 612 3318 mona
663 3255 983 3328 iniquitatis,
1041 3260 1098 3307 ut
1147 3249 1247 3320 ipsi
1298 3245 1557 3316 recipiant
1600 3254 1696 3297 eos
1735 3239 1792 3294 in
1831 3245 2031 3293 aeterna

451 3349 794 3409 tabernacula
851 3345 1023 3420 (Luc.
1069 3359 1199 3407 xvr,
1251 3340 1348 3405 9).
1403 3338 1545 3408 Ergo
1596 3333 1684 3390 isti
1736 3331 1867 3387 hirci
1922 3343 2030 3385 non

451 3455 605 3503 erunt
628 3459 658 3498 a
688 3439 952 3506 sinistris,
986 3438 1108 3508 quia
1141 3435 1381 3490 fecerunt
1404 3431 1505 3486 sibi
1531 3427 1732 3484 amicos
1765 3424 1833 3480 dc
1859 3438 2032 3479 mam-

451 3549 606 3592 mona
630 3529 942 3603 iniquitatis.
971 3527 1074 3596 Qui
1102 3533 1278 3580 autem
1308 3523 1440 3578 hirci
1471 3519 1538 3575 ad
1559 3516 1868 3576 sinistram?
1891 3513 2031 3584 Qui-

451 3629 550 3686 bus
576 3628 802 3694 dicetur,
847 3622 1068 3690 Esurivi,
1120 3629 1166 3675 et
1195 3636 1294 3674 non
1322 3616 1531 3673 dedistis
1569 3613 1694 3669 mihi
1726 3611 2035 3666 manducare

451 3719 662 3792 (Matth.
702 3733 790 3784 xv,
829 3715 919 3788 42)
964 3733 978 3771 :
1024 3729 1131 3770 non
1173 3712 1264 3784 qui
1299 3719 1516 3784 peccata
1553 3720 1648 3763 sua
1677 3702 2032 3774 eleemosynis

453 3813 810 3871 redemerunt.

519 3906 608 3961 21.
670 3903 817 3978 [verm
871 3901 938 3958 16
965 3941 980 3966 ,
1027 3899 1140 3973 ιη
1186 3897 1394 3965 Venite,
1443 3894 1648 3959 audite,
1697 3898 1746 3948 et
1791 3889 2029 3957 narrabo,

453 4014 626 4054 omnes
665 3996 752 4068 qui
787 3994 1193 4060 timetis,Deum.
1246 3989 1554 4055 Veniamus,
1592 3985 1871 4042 audiamus
1903 3981 2034 4054 quid

454 4099 770 4148 narraturus
808 4096 908 4145 est.
951 4087 1156 4153 Venite,
1203 4083 1410 4150 audite,
1452 4089 1498 4136 et
1524 4077 1759 4134 narrabo.
1787 4075 1891 4132 Sed
1919 4074 2031 4146 qui,

470 4184 642 4240 Venite
669 4193 715 4238 et
743 4180 959 4236 audite?
1008 4178 1194 4235 Omnes
1233 4177 1322 4249 qui
1345 4173 1525 4230 timetis
1550 4170 1732 4227 Deum.
1773 4167 1830 4226 Si
1867 4167 2033 4223 Deum

455 4292 560 4333 non
591 4275 810 4340 timetis,
853 4287 957 4328 non
1001 4269 1250 4327 narrabo.
1285 4266 1400 4324 Non
1442 4273 1525 4322 est
1548 4263 1740 4335 quibus
1769 4267 2034 4326 narretur,

456 4367 546 4424 ubi
571 4367 663 4423 Dei
694 4367 852 4422 timor
873 4380 977 4420 non
1005 4373 1109 4420 est.
1142 4362 1235 4418 Dei
1265 4361 1424 4416 timor
1448 4356 1656 4430 aperiat
1677 4368 1855 4420 aures,
1886 4360 1945 4409 ut
1965 4353 2036 4408 sit

455 4461 596 4533 quod
610 4463 786 4523 intret,
801 4467 857 4516 et
870 4474 971 4531 qua
985 4453 1296 4526 intretquod
1314 4459 1622 4508 narraturus
1634 4463 1749 4504 sum
1759 4487 1772 4502 .
1787 4444 1894 4502 Sed
1907 4443 2035 4514 quid

454 4561 536 4610 est
556 4551 894 4606 narraturus?
921 4548 1125 4616 Quanta
1143 4545 1259 4617 fecit
1280 4544 1463 4598 anima:
1485 4555 1626 4596 meat.
1654 4538 1791 4595 Ecce
1817 4550 2037 4592 narrare

457 4647 597 4710 vult;
620 4644 712 4700 sed
729 4643 856 4714 quid
871 4650 952 4698 est
970 4637 1306 4696 narraturus?
1324 4638 1401 4692 An
1425 4634 1562 4691 forte
1581 4640 1834 4704 quantum
1861 4637 2039 4701 pateat

455 4747 620 4803 terra,
648 4742 901 4806 quantum
938 4730 1272 4787 distendatur
1313 4727 1531 4792 caelum,
1565 4733 1620 4781 et
1646 4733 1776 4796 quot
1815 4723 1923 4778 sint
1962 4722 2038 4775 si-

455 4829 608 4892 dera,
646 4834 701 4882 et
724 4840 843 4896 qua:
872 4825 980 4879 sint
1008 4822 1151 4878 vices
1175 4820 1304 4876 solis
1343 4827 1399 4876 et
1438 4816 1617 4874 lunae?
1647 4815 1754 4872 Ista
1791 4823 2038 4871 creatura

460 4918 663 4989 peragit
687 4914 928 4971 ordinem
949 4927 1101 4968 suum
1127 4930 1139 4968 :
1167 4911 1256 4982 qui
1279 4911 1499 4966 multum
1525 4922 1642 4964 eam
1665 4906 1874 4963 curiose
1893 4920 2040 4976 qua:-

457 5011 661 5064 sierunt
683 5049 701 5075 ,
749 5007 865 5078 ejus
892 5014 1187 5062 creatorem
1232 5004 1608 5074 ignoraverqu
1633 4997 1788 5072 (Sap.
1811 5012 1926 5063 χιιι,
1956 4994 2035 5067 9).

462 5100 594 5157 lllud
649 5099 851 5167 audite,
903 5096 1032 5154 illud
1081 5095 1322 5166 accipite,
1376 5108 1410 5150 ο
1446 5098 1464 5126 ⁸
1494 5093 1581 5163 qui
1625 5092 1805 5146 timetis
1855 5089 2038 5155 Deum,

459 5203 652 5268 quanta
680 5193 794 5265 fecit
817 5193 1002 5248 anima:
1025 5205 1148 5246 mea:
1171 5190 1248 5245 :si
1278 5187 1457 5253 vultis,
1479 5193 1534 5242 et
1560 5192 1752 5240 vestrm
1768 5185 1810 5238 '.
1839 5181 2042 5250 Quanta

461 5289 580 5362 fecit
618 5289 804 5343 animae
830 5301 973 5342 mete.
1013 5285 1092 5340 Ad
1125 5285 1295 5355 ipsum
1320 5297 1408 5336 ore
1433 5295 1543 5334 meo
1571 5278 1802 5332 clamaui.
1845 5275 1911 5330 Et
1940 5274 2040 5329 hoc

464 5381 636 5450 ipsum
665 5377 859 5433 factum
886 5376 1016 5432 dicit
1042 5375 1232 5429 animae
1258 5386 1370 5428 suae
1395 5388 1410 5424 :
1443 5377 1500 5424 ut
1527 5366 1591 5422 ad
1622 5368 1794 5437 ipsum
1824 5379 1918 5420 ore
1943 5379 2042 5419 suo

462 5474 737 5537 clamaret,
761 5468 954 5524 factum
978 5481 1098 5522 esse
1119 5465 1246 5520 dicit
1264 5463 1454 5518 animae
1480 5475 1609 5515 suae.
1639 5457 1796 5523 Ecce,
1831 5455 2040 5520 fratres,

463 5562 662 5620 Gentes
687 5574 920 5625 eramus,
955 5557 1058 5614 etsi
1082 5571 1190 5612 non
1221 5557 1272 5611 in
1315 5551 1490 5618 nobis,
1525 5551 1579 5608 in
1608 5548 1918 5624 parentibus
1943 5562 2043 5604 no-

533 5786 549 5821 ί
570 5792 674 5834 Duo
693 5788 822 5840 Mss,
841 5777 966 5832 illud
986 5773 1208 5834 accipite,
1228 5786 1390 5825 omnes
1424 5771 1526 5837 qui,
1550 5779 1645 5822 etc.

533 5868 558 5900 ι
579 5868 654 5917 sic
668 5864 850 5924 aliquot
872 5873 977 5915 uss.
1001 5859 1092 5914 alii
1111 5871 1222 5913 cum
1249 5863 1382 5920 Lam,
1402 5861 1450 5910 et
1467 5861 1622 5908 vestra
1646 5857 1734 5916 est.

1672 358 1731 416 S.
1771 350 2134 412 AUGUSTINI
2159 349 2469 412 EPXSCOPI
3574 353 3654 413 800

2129 469 2274 524 stris.
2304 468 2371 526 Et
2397 469 2521 542 quid
2547 469 2677 526 dicit
2704 467 3032 539 Apostolus?
3078 469 3230 527 Scitis
3251 511 3270 538 ,
3299 471 3493 544 quando
3513 470 3658 529 Gentes

2125 564 2298 630 eratis,
2333 570 2402 618 ad
2427 563 2701 619 simulacra
2724 565 2832 618 sine
2860 579 2977 619 voce
2992 565 3237 634 quomodo
3267 563 3582 620 ascendebant
3600 570 3659 622 in-

2127 657 2266 713 ducti
2284 658 2328 726 (l
2357 657 2474 715 Cor.
2503 674 2600 724 xtt,
2619 657 2697 728 2).
2730 659 2876 714 Dicat
2907 673 3045 714 nune
3071 659 3333 726 Ecclesia,
3365 660 3550 728 Quanta
3571 664 3664 731 fecit

2126 751 2309 806 aninue
2328 766 2466 806 mete.
2490 750 2572 805 Ad
2596 756 2758 820 ipsum
2781 767 2869 805 ore
2894 767 3002 805 meo
3030 753 3242 807 clamaui
3293 752 3462 808 Homo
3487 755 3503 786 ¹
3531 755 3588 810 ad
3610 757 3666 812 la-

2129 839 2304 911 pidem
2325 841 2641 908 clamabam,
2669 840 2734 897 ad
2755 842 2950 913 lignum
2965 843 3184 896 surdum
3204 844 3414 898 clamab
3435 861 3516 903 =m.
3536 847 3668 901 sintu-

2127 931 2283 988 lacris
2307 933 2483 989 surdis
2508 933 2665 989 mutis
2687 934 2939 1005 loquebar
2962 953 2976 990 :
3001 936 3112 1006 jam
3138 937 3312 1008 imago
3341 936 3430 993 Dei
3455 952 3669 999 conversa

2128 1031 2208 1078 est
2253 1023 2319 1078 ad
2361 1024 2668 1080 Creatorem
2713 1041 2889 1081 suum.
2938 1025 3038 1096 Qui
3080 1027 3324 1083 dicebam
3356 1030 3509 1100 ligno,
3552 1029 3670 1086 Pater

2128 1131 2266 1170 meus
2289 1133 2341 1171 es
2372 1125 2464 1179 tu;
2500 1128 2547 1170 ct
2582 1117 2763 1186 lapidi,
2799 1117 2874 1172 Tu
2903 1135 2982 1172 me
3005 1120 3220 1191 genuisti
3249 1118 3465 1188 (lerant.
3496 1137 3546 1185 tt,
3571 1121 3669 1194 ii);

2128 1211 2287 1265 modo
2313 1211 2454 1276 dico,
2487 1207 2646 1264 Pater
2665 1222 2848 1274 noster,
2871 1213 2954 1280 qui
2978 1229 3029 1266 es
3053 1215 3105 1266 in
3130 1215 3266 1269 caelis
3288 1216 3306 1278 ι
3320 1213 3498 1270 Matth.
3529 1219 3669 1284 v1.9).

2127 1301 2210 1356 Ad
2249 1301 2415 1371 ipsum
2460 1317 2548 1355 ore
2586 1318 2695 1356 meo
2741 1304 2972 1357 clamavi.
3029 1303 3131 1360 Ore
3159 1323 3268 1359 meo
3307 1305 3438 1373 jam.
3485 1323 3578 1362 nun
3603 1325 3673 1366 ore

2128 1394 2322 1450 alieno.
2352 1395 2575 1462 Quando
2599 1395 2892 1451 clamabam
2921 1395 2986 1451 ad
3016 1395 3218 1465 lapides
3247 1397 3303 1453 in
3335 1414 3469 1453 vana
3493 1415 3672 1454 cluver.

2129 1488 2334 1540 satione
2362 1496 2595 1555 pati-rum
2628 1486 2927 1542 traditionis
2959 1487 3000 1559 (Ι
3033 1485 3170 1542 Petr.
3204 1505 3240 1546 ι.
3273 1491 3388 1558 18),
3418 1507 3509 1545 ore
3536 1492 3673 1547 alieno

2128 1576 2420 1632 clamabam
2454 1593 2467 1629 :
2499 1578 2712 1647 quando
2745 1579 2970 1634 clamavi
2995 1581 3060 1635 ad
3096 1582 3405 1648 Dominum,
3438 1585 3565 1654 quod
3593 1589 3675 1654 ipse

2129 1667 2364 1734 donavit,
2392 1671 2532 1740 quod
2559 1669 2672 1739 ipse
2711 1671 3007 1740 inSpiravit,
3045 1673 3114 1727 ad
3137 1673 3305 1743 ipsum
3345 1691 3434 1729 σε
3473 1692 3571 1730 meo
3593 1677 3674 1730 cla-

2131 1761 2281 1822 mavi,
2304 1770 2351 1814 et
2375 1762 2594 1816 culturi
2617 1761 2708 1815 sub
2733 1763 2906 1834 lingua
2933 1780 3062 1819 mea.
3093 1766 3230 1835 Quid
3257 1779 3368 1832 εει,
3396 1770 3596 1822 clamaui
3615 1787 3679 1826 ore

2130 1868 2260 1956 meq,
2291 1863 2339 1956 et
2367 1852 2584 1908 exaltari
2611 1855 2700 1909 sub
2724 1856 2899 1927 lingua
2925 1874 3050 1911 mea.
3087 1857 3261 1928 Ipsum
3293 1860 3505 1930 publice
3527 1861 3681 1930 pradi-

2129 1944 2267 2011 cavi,
2319 1944 2490 2015 ipsum
2549 1947 2602 2000 in
2640 1957 2847 2002 secreto
2893 1948 3172 2005 confesws
3213 1968 3358 2004 sum.
3408 1950 3587 2008 Parum
3619 1962 3682 2007 est

2131 2035 2298 2092 Deum
2337 2038 2572 2093 exaltare
2616 2038 2827 2110 lingua;
2865 2040 2958 2095 sed
2989 2050 3046 2096 et
3077 2042 3177 2098 sub
3214 2043 3422 2113 lingua,
3472 2053 3526 2098 ut
3571 2043 3681 2110 ιξιιιιά

2129 2135 2308 2182 certus
2333 2125 2584 2200 loqueris,
2613 2129 2714 2184 hoc
2741 2130 2932 2186 tacitus
2959 2133 3178 2203 cogites.
3208 2134 3293 2188 Ad
3318 2137 3483 2207 ipsum
3503 2153 3581 2190 ore
3599 2153 3683 2190 meo

2130 2216 2345 2272 clamaui
2362 2259 2377 2284 ,
2408 2230 2454 2274 et
2481 2220 2698 2275 exaltavi
2725 2222 2816 2276 sub
2837 2222 3009 2295 lingua
3035 2241 3161 2278 mea.
3197 2223 3338 2280 Vide
3368 2243 3523 2296 quam
3550 2229 3595 2281 in
3616 2243 3684 2283 se-

2130 2319 2279 2366 creto
2320 2311 2433 2368 vult
2476 2327 2598 2369 esse
2621 2313 2826 2386 integer
2849 2317 2937 2387 qui
2979 2316 3136 2373 offert
3165 2319 3484 2374 holocausta
3513 2322 3682 2376 taedui-

2131 2401 2259 2457 lata.
2309 2401 2424 2460 Hoc
2464 2405 2626 2478 agite,
2672 2405 2882 2473 fratres,
2917 2407 3018 2464 hoc
3060 2410 3370 2477 imitamini,
3413 2422 3470 2467 ut
3509 2412 3683 2476 dicatis.

2139 2494 2336 2564 Venite,
2381 2498 2553 2553 audite
2589 2511 2778 2572 quanta
2811 2500 2927 2572 fecit
2954 2505 3138 2558 anima
3178 2519 3327 2560 mete.
3365 2505 3549 2561 Omnia
3573 2508 3684 2561 enim

2131 2603 2251 2659 qua:
2309 2601 2542 2654 enarrat,
2587 2591 2756 2662 ipsius
2798 2593 2965 2664 gratia
3007 2594 3139 2652 fiunt
3190 2596 3242 2650 in
3298 2599 3478 2653 anima
3519 2608 3684 2653 nostra.

2132 2678 2320 2737 Videte
2345 2681 2445 2736 alia
2473 2697 2591 2754 qua
2619 2684 2782 2740 dicat.

2201 2769 2292 2826 22.
2333 2771 2482 2845 [vers
2517 2774 2629 2849 48.]
2669 2775 2994 2845 Iniquitatem
3018 2780 3064 2834 si
3084 2783 3327 2852 conspexi
3345 2784 3398 2838 in
3418 2786 3565 2839 corde
3584 2802 3685 2854 ntro,

2130 2881 2234 2920 non
2270 2869 2510 2922 exaudiat
2547 2871 2570 2902 ³
2605 2868 2869 2928 Dominus.
2911 2869 3257 2931 Considerate
3313 2879 3476 2932 modo
3509 2879 3684 2945 fratres,

2131 2971 2290 3026 quam
2317 2955 2492 3020 facile.
2521 2975 2678 3030 quam
2713 2962 2950 3034 quotidie
2980 2964 3223 3023 homines
3249 2970 3622 3026 erubescentes
3646 2974 3685 3026 in

2133 3045 2434 3106 hominibus
2477 3050 2782 3123 iniquitates
2817 3067 3071 3113 accusant
3115 3073 3130 3113 :
3173 3059 3311 3116 Male
3341 3061 3490 3129 fecit,
3517 3064 3688 3134 perdite

2131 3135 2280 3206 fecit,
2322 3141 2612 3197 sceleratus
2639 3142 2804 3201 homo
2845 3156 2930 3204 est
2957 3166 2971 3202 :
3002 3148 3105 3205 hoc
3130 3149 3265 3208 forte
3294 3164 3518 3226 propter
3545 3155 3685 3210 homi-

2134 3244 2230 3286 nes
2258 3229 2406 3287 dicit.
2434 3231 2568 3289 Vide
2596 3230 2648 3291 si
2681 3251 2788 3292 non
2818 3238 2870 3294 in
2899 3239 3062 3297 corde
3101 3253 3192 3298 tuo
3217 3247 3490 3316 conspicis
3525 3247 3686 3315 iniqui-

2133 3326 2330 3388 tatem;
2359 3337 2426 3379 ne
2455 3323 2594 3382 forte
2631 3327 2773 3398 quod
2815 3331 3165 3400 reprehendis
3194 3334 3246 3390 in
3291 3337 3489 3405 altero,
3520 3340 3687 3409 cogites

2133 3409 2345 3516 facere,
2376 3424 2432 3470 et
2459 3415 2582 3473 ideo
2623 3418 2678 3474 in
2719 3419 2866 3476 illum
2893 3423 3125 3492 clames,
3159 3441 3266 3482 non
3291 3430 3420 3499 quia
3451 3429 3586 3497 fecit,
3613 3429 3687 3486 sed

2135 3509 2258 3573 quia
2285 3509 2530 3562 inventus
2567 3516 2669 3564 est.
2700 3509 2836 3567 Redi
2870 3512 2937 3568 ad
2983 3523 3066 3581 te;
3099 3516 3241 3573 intus
3265 3529 3390 3576 esto
3417 3522 3508 3576 tibi
3530 3522 3683 3590 iudex.

2135 3594 2275 3652 Ecce
2310 3597 2363 3653 in
2402 3600 2648 3657 cubiculo
2672 3610 2763 3658 tuo
2786 3604 3120 3676 abscondito,
3153 3610 3203 3665 in
3230 3609 3347 3682 ipsa
3381 3629 3508 3670 vena
3535 3614 3685 3670 intima

2134 3689 2336 3758 cordis,
2368 3691 2455 3747 ubi
2483 3702 2538 3748 tu
2567 3694 2717 3751 solus
2734 3711 2814 3765 es,
2839 3707 2894 3754 et
2919 3699 3008 3755 ille
3031 3702 3120 3772 qui
3153 3703 3332 3769 videt,
3366 3706 3472 3762 illic
3496 3707 3579 3762 tibi
3599 3706 3687 3760 dis.

2139 3781 2333 3854 pliceat
2379 3784 2661 3857 iniquitas,
2710 3797 2770 3844 ut
2815 3790 3027 3860 placeas
3067 3793 3194 3851 Deo.
3228 3796 3348 3853 Noli
3382 3799 3518 3854 illam
3547 3797 3686 3868 respi-

2134 3894 2282 3950 cere,
2313 3879 2367 3937 id
2392 3891 2474 3939 est
2499 3926 2514 3952 ,
2547 3885 2656 3940 noli
2685 3885 2828 3944 illam
2855 3887 3104 3960 diligere;
3145 3893 3238 3948 sed
3267 3895 3446 3963 potius
3480 3894 3681 3966 despice,

2137 3972 2192 4028 id
2217 3987 2321 4044 est,
2345 3986 2650 4047 contemne,
2682 3990 2734 4035 et
2758 3992 2999 4038 avertere
3027 3983 3097 4040 ab
3124 4001 3208 4041 ea.
3242 3986 3508 4057 Quidquid
3537 3989 3680 4043 laetum

2137 4069 2460 4140 promiserit,
2488 4081 2544 4125 ut
2573 4071 2755 4127 illiciat
2778 4072 2844 4127 ad
2874 4075 3201 4143 peccandum
3227 4093 3241 4141 ;
3271 4078 3526 4151 quidquid
3561 4078 3682 4133 triste

2138 4162 2334 4216 minata
2361 4161 2551 4230 fuerit,
2595 4173 2653 4219 ut
2679 4165 2914 4235 impellat
2940 4166 3006 4222 ad
3035 4169 3505 4236 malefaciendum,
3546 4178 3680 4227 totum

2139 4253 2266 4310 nihil
2295 4263 2398 4322 est,
2422 4263 2588 4311 totum
2618 4258 2805 4312 transit
2832 4273 2848 4322 ;
2891 4257 3090 4330 despici
3125 4259 3343 4331 dignum
3373 4272 3452 4318 est
3474 4304 3489 4328 ,
3520 4270 3569 4315 ut
3591 4259 3680 4314 cal-

2139 4355 2324 4413 cetur;
2375 4363 2479 4402 non
2525 4349 2784 4420 conspici,
2817 4359 2876 4405 ut
2903 4360 3229 4420 acceptetur.
3280 4351 3542 4426 [Suggerit
3563 4353 3678 4408 enim

2139 4440 2422 4513 aliquando
2450 4457 2542 4513 per
2566 4444 2934 4514 cogitationes,
2966 4445 3051 4500 vel
3081 4460 3176 4515 per
3209 4446 3370 4502 verba
3408 4447 3679 4516 colloquen-

2141 4534 2269 4589 tium
2299 4533 2578 4590 malorum.
2605 4533 2962 4608 Corrumpunt
2986 4538 3128 4595 enim
3153 4555 3327 4596 mores
3352 4542 3531 4606 bonos,
3547 4538 3678 4595 collo—

2140 4627 2264 4698 quia
2289 4627 2427 4682 mala
2465 4643 2479 4681 :
2523 4635 2580 4682 tu
2607 4630 2713 4684 noli
2737 4643 2799 4685 ea
2829 4630 3095 4702 respicere
3122 4631 3165 4703 (Ι
3198 4631 3313 4686 Cor.
3344 4647 3439 4699 xv,
3470 4629 3571 4704 33).
3593 4625 3678 4685 Sed

2140 4734 2328 4789 parum
2364 4727 2446 4774 est
2474 4719 2527 4774 in
2553 4721 2736 4786 vultu,
2780 4737 2964 4792 parum
2993 4734 3078 4778 est
3118 4725 3168 4778 in
3199 4724 3374 4794 lingua
3413 4741 3428 4779 :
3475 4725 3522 4780 in
3547 4719 3677 4778 corde

2143 4812 2249 4867 noli
2287 4812 2574 4881 respicere,
2608 4813 2659 4867 id
2689 4821 2790 4879 est,
2832 4814 2939 4868 noli
2979 4813 3220 4886 diligere,
3270 4817 3377 4872 noli
3422 4821 3676 4885 acceptare.

2142 4902 2276 4959 Natu
2303 4911 2602 4973 respectum
2633 4917 2730 4973 pro
2751 4903 3034 4961 dilectione
3062 4906 3182 4974 poni
3201 4907 3551 4976 quotidianum
3573 4912 3673 4959 est:

2145 4995 2316 5066 primo
2342 4995 2465 5064 quia
2503 4992 2570 5049 de
2596 4994 2705 5048 Deo
2740 4993 2986 5058 dicimus,
3018 4995 3269 5067 Respexit
3303 5013 3409 5053 me.
3449 4996 3569 5067 Quid
3595 5002 3658 5050 est

2145 5085 2400 5156 Respexit
2420 5087 2546 5142 me?
2572 5087 2708 5142 Aule
2728 5087 2872 5142 enim
2896 5095 2946 5142 te
2971 5101 3076 5142 non
3102 5088 3359 5145 videbat?
3380 5091 3480 5146 Aut
3501 5101 3671 5143 sursum

2146 5177 2470 5243 attendebat,
2511 5185 2564 5234 et
2586 5177 2830 5248 precibus
2861 5178 2965 5233 tuis
2989 5180 3344 5236 commonitus
3376 5190 3473 5244 est,
3499 5189 3550 5233 ut
3570 5179 3611 5232 in
3636 5184 3670 5228 te

2147 5273 2328 5328 oculos
2364 5272 2636 5329 mitteret?
2685 5271 2907 5327 Videbat
2951 5280 3004 5328 te
3043 5279 3098 5328 et
3126 5282 3284 5338 ante;
3315 5273 3439 5342 sed,
3469 5270 3668 5342 Respctil

2149 5380 2256 5429 me,
2287 5364 2437 5429 dicis,
2467 5364 2784 5419 Dilexitme.
2813 5363 2877 5418 Et
2896 5363 3092 5419 homini
3119 5365 3206 5436 qui
3238 5374 3289 5420 te
3310 5366 3527 5433 videt,et
3553 5373 3668 5430 regas

2149 5476 2293 5525 cum,
2328 5457 2479 5524 dicis,
2510 5467 2566 5511 ut
2593 5457 2903 5512 misereatur
2929 5458 3023 5522 tui,
3061 5457 3283 5526 Resyiiee
3315 5475 3416 5516 me.
3448 5457 3580 5511 Videt
3603 5463 3665 5514 te;

2147 5561 2204 5607 et
2230 5549 2364 5606 dicis
2381 5591 2397 5612 ,
2431 5549 2657 5620 Re~pice
2686 5563 2790 5604 me.
2828 5548 2964 5616 Quid
2989 5557 3071 5604 est
3091 5591 3107 5616 ,
3133 5550 3356 5622 Respice
3383 5553 3499 5606 me?
3522 5546 3663 5613 Dilige,

2147 5641 2384 5706 attende,
2413 5641 2666 5697 miserere
2693 5629 2813 5698 mei.
2847 5639 2988 5713 Ergo
3012 5657 3118 5697 non
3149 5642 3268 5698 ideo
3291 5645 3434 5707 dixit,
3460 5639 3662 5706 Iniquita-

2198 5782 2236 5848 ,ξ
2259 5780 2335 5848 sic
2358 5787 2459 5830 Mss.
2484 5787 2544 5848 _At
2565 5777 2700 5836 ωε,
2717 5777 2831 5830 olim
2853 5777 2919 5848 ad
2942 5778 3173 5848 lapidem.

2201 5845 2236 5874 ⁸
2260 5844 2333 5892 sic
2353 5848 2460 5892 Mss.
2477 5843 2616 5905 juxta
2638 5848 2786 5890 mare.
2820 5847 2946 5892 [δικ.
2973 5841 3028 5891 at
3043 5842 3179 5904 add,
3203 5841 3435 5893 exaudiet.
