  <div class='ocr_page' id='page_1' title='image "/cluster/home/n/w/nwhite01/storage/ocr_20150623/36/uva.x000827105/414.png"; bbox 0 0 3912 6484; ppageno 0'>
   <div class='ocr_carea' id='block_1_1' title="bbox 237 444 357 503">
    <p class='ocr_par' dir='ltr' id='par_1_1' title="bbox 237 444 357 503">
     <span class='ocr_line' id='line_1_1' title="bbox 237 444 357 503; baseline 0.008 -1"><span class='ocrx_word' id='word_1_1' title='bbox 237 444 357 503; x_wconf 77' lang='grc'><strong>801</strong></span> 
     </span>
    </p>
   </div>
   <div class='ocr_carea' id='block_1_2' title="bbox 238 562 1857 648">
    <p class='ocr_par' dir='ltr' id='par_1_2' title="bbox 238 562 1857 648">
     <span class='ocr_line' id='line_1_2' title="bbox 238 562 1857 648; baseline 0.01 -30"><span class='ocrx_word' id='word_1_2' title='bbox 238 570 354 618; x_wconf 75' lang='lat' dir='ltr'><strong>tem</strong></span> <span class='ocrx_word' id='word_1_3' title='bbox 383 562 439 617; x_wconf 85' lang='lat' dir='ltr'><strong>si</strong></span> <span class='ocrx_word' id='word_1_4' title='bbox 467 565 648 633; x_wconf 71' lang='lat' dir='ltr'><strong>aspexi</strong></span> <span class='ocrx_word' id='word_1_5' title='bbox 672 565 724 620; x_wconf 88' lang='lat' dir='ltr'><strong>in</strong></span> <span class='ocrx_word' id='word_1_6' title='bbox 750 568 899 622; x_wconf 83' lang='lat' dir='ltr'><strong>corde</strong></span> <span class='ocrx_word' id='word_1_7' title='bbox 923 584 1031 624; x_wconf 88' lang='lat' dir='ltr'><strong>meo</strong></span> <span class='ocrx_word' id='word_1_8' title='bbox 1050 609 1066 634; x_wconf 96' lang='lat'><strong>,</strong></span> <span class='ocrx_word' id='word_1_9' title='bbox 1096 570 1215 641; x_wconf 99' lang='lat' dir='ltr'><strong>quia</strong></span> <span class='ocrx_word' id='word_1_10' title='bbox 1246 573 1465 628; x_wconf 84' lang='lat' dir='ltr'><strong>omnino</strong></span> <span class='ocrx_word' id='word_1_11' title='bbox 1494 576 1637 631; x_wconf 88' lang='lat' dir='ltr'><strong>nulla</strong></span> <span class='ocrx_word' id='word_1_12' title='bbox 1660 578 1857 648; x_wconf 69' lang='lat' dir='ltr'><strong>iniquio</strong></span> 
     </span>
    </p>
   </div>
   <div class='ocr_carea' id='block_1_3' title="bbox 238 658 1858 736">
    <p class='ocr_par' dir='ltr' id='par_1_3' title="bbox 238 658 1858 736">
     <span class='ocr_line' id='line_1_3' title="bbox 238 658 1858 736; baseline 0.012 -29"><span class='ocrx_word' id='word_1_13' title='bbox 238 661 333 708; x_wconf 83' lang='lat' dir='ltr'><strong>tas</strong></span> <span class='ocrx_word' id='word_1_14' title='bbox 363 658 680 727; x_wconf 79' lang='lat' dir='ltr'><strong>suggeritur</strong></span> <span class='ocrx_word' id='word_1_15' title='bbox 698 659 846 713; x_wconf 89' lang='lat' dir='ltr'><strong>cordi</strong></span> <span class='ocrx_word' id='word_1_16' title='bbox 876 658 1128 715; x_wconf 86' lang='lat' dir='ltr'><strong>humano.</strong></span> <span class='ocrx_word' id='word_1_17' title='bbox 1156 662 1230 718; x_wconf 90' lang='lat' dir='ltr'><strong>lbi</strong></span> <span class='ocrx_word' id='word_1_18' title='bbox 1255 667 1574 736; x_wconf 69' lang='lat' dir='ltr'><strong>suggeritur,</strong></span> <span class='ocrx_word' id='word_1_19' title='bbox 1598 685 1702 724; x_wconf 90' lang='lat' dir='ltr'><strong>non</strong></span> <span class='ocrx_word' id='word_1_20' title='bbox 1736 685 1858 726; x_wconf 86' lang='lat' dir='ltr'><strong>ces-</strong></span> 
     </span>
    </p>
   </div>
   <div class='ocr_carea' id='block_1_4' title="bbox 233 749 1858 832">
    <p class='ocr_par' dir='ltr' id='par_1_4' title="bbox 233 749 1858 832">
     <span class='ocr_line' id='line_1_4' title="bbox 233 749 1858 832; baseline 0.012 -33"><span class='ocrx_word' id='word_1_21' title='bbox 233 755 329 799; x_wconf 78' lang='lat' dir='ltr'><strong>sat</strong></span> <span class='ocrx_word' id='word_1_22' title='bbox 358 749 681 818; x_wconf 76' lang='lat' dir='ltr'><strong>suggcstio;</strong></span> <span class='ocrx_word' id='word_1_23' title='bbox 711 750 805 804; x_wconf 86' lang='lat' dir='ltr'><strong>sed</strong></span> <span class='ocrx_word' id='word_1_24' title='bbox 827 766 931 804; x_wconf 88' lang='lat' dir='ltr'><strong>non</strong></span> <span class='ocrx_word' id='word_1_25' title='bbox 956 753 1046 807; x_wconf 85' lang='lat' dir='ltr'><strong>liat</strong></span> <span class='ocrx_word' id='word_1_26' title='bbox 1072 757 1356 824; x_wconf 85' lang='lat' dir='ltr'><strong>respectio.</strong></span> <span class='ocrx_word' id='word_1_27' title='bbox 1382 756 1437 813; x_wconf 88' lang='lat' dir='ltr'><strong>Si</strong></span> <span class='ocrx_word' id='word_1_28' title='bbox 1466 760 1608 814; x_wconf 92' lang='lat' dir='ltr'><strong>enim</strong></span> <span class='ocrx_word' id='word_1_29' title='bbox 1638 761 1858 832; x_wconf 78' lang='lat' dir='ltr'><strong>respicis</strong></span> 
     </span>
    </p>
   </div>
   <div class='ocr_carea' id='block_1_5' title="bbox 232 835 1857 912">
    <p class='ocr_par' dir='ltr' id='par_1_5' title="bbox 232 835 1857 912">
     <span class='ocr_line' id='line_1_5' title="bbox 232 835 1857 912; baseline 0.012 -23"><span class='ocrx_word' id='word_1_30' title='bbox 232 835 625 906; x_wconf 76' lang='lat' dir='ltr'><strong>iniquitatem.</strong></span> <span class='ocrx_word' id='word_1_31' title='bbox 655 850 797 895; x_wconf 88' lang='lat' dir='ltr'><strong>retro</strong></span> <span class='ocrx_word' id='word_1_32' title='bbox 826 842 1055 912; x_wconf 76' lang='lat' dir='ltr'><strong>aspicis,</strong></span> <span class='ocrx_word' id='word_1_33' title='bbox 1086 853 1141 899; x_wconf 88' lang='lat' dir='ltr'><strong>et</strong></span> <span class='ocrx_word' id='word_1_34' title='bbox 1162 844 1389 904; x_wconf 83' lang='lat' dir='ltr'><strong>incurris</strong></span> <span class='ocrx_word' id='word_1_35' title='bbox 1423 852 1739 906; x_wconf 86' lang='lat' dir='ltr'><strong>sententiam</strong></span> <span class='ocrx_word' id='word_1_36' title='bbox 1772 852 1857 908; x_wconf 92' lang='lat' dir='ltr'><strong>di-</strong></span> 
     </span>
    </p>
   </div>
   <div class='ocr_carea' id='block_1_6' title="bbox 231 929 1858 1011">
    <p class='ocr_par' dir='ltr' id='par_1_6' title="bbox 231 929 1858 1011">
     <span class='ocr_line' id='line_1_6' title="bbox 231 929 1858 1011; baseline 0.009 -27"><span class='ocrx_word' id='word_1_37' title='bbox 231 929 430 984; x_wconf 83' lang='lat' dir='ltr'><strong>centis</strong></span> <span class='ocrx_word' id='word_1_38' title='bbox 458 931 668 987; x_wconf 84' lang='lat' dir='ltr'><strong>Domini</strong></span> <span class='ocrx_word' id='word_1_39' title='bbox 691 934 746 989; x_wconf 90' lang='lat' dir='ltr'><strong>in</strong></span> <span class='ocrx_word' id='word_1_40' title='bbox 776 933 1100 1007; x_wconf 82' lang='lat' dir='ltr'><strong>Evangelio:</strong></span> <span class='ocrx_word' id='word_1_41' title='bbox 1135 937 1300 995; x_wconf 80' lang='lat' dir='ltr'><strong>Nemo</strong></span> <span class='ocrx_word' id='word_1_42' title='bbox 1323 959 1515 1011; x_wconf 83' lang='lat' dir='ltr'><strong>ponens</strong></span> <span class='ocrx_word' id='word_1_43' title='bbox 1538 961 1742 998; x_wconf 86' lang='lat' dir='ltr'><strong>manum</strong></span> <span class='ocrx_word' id='word_1_44' title='bbox 1769 962 1858 1001; x_wconf 86' lang='lat' dir='ltr'><strong>su-</strong></span> 
     </span>
    </p>
   </div>
   <div class='ocr_carea' id='block_1_7' title="bbox 234 1029 1858 1106">
    <p class='ocr_par' dir='ltr' id='par_1_7' title="bbox 234 1029 1858 1106">
     <span class='ocr_line' id='line_1_7' title="bbox 234 1029 1858 1106; baseline 0.012 -32"><span class='ocrx_word' id='word_1_45' title='bbox 234 1038 334 1091; x_wconf 78' lang='lat' dir='ltr'><strong>per</strong></span> <span class='ocrx_word' id='word_1_46' title='bbox 357 1034 603 1079; x_wconf 82' lang='lat' dir='ltr'><strong>aratrum</strong></span> <span class='ocrx_word' id='word_1_47' title='bbox 629 1036 674 1080; x_wconf 89' lang='lat' dir='ltr'><strong>et</strong></span> <span class='ocrx_word' id='word_1_48' title='bbox 690 1029 959 1098; x_wconf 85' lang='lat' dir='ltr'><strong>respiciens</strong></span> <span class='ocrx_word' id='word_1_49' title='bbox 979 1040 1132 1097; x_wconf 91' lang='lat' dir='ltr'><strong>retro,</strong></span> <span class='ocrx_word' id='word_1_50' title='bbox 1154 1043 1301 1104; x_wconf 85' lang='lat' dir='ltr'><strong>aptus</strong></span> <span class='ocrx_word' id='word_1_51' title='bbox 1325 1044 1397 1090; x_wconf 90' lang='lat' dir='ltr'><strong>est</strong></span> <span class='ocrx_word' id='word_1_52' title='bbox 1418 1053 1571 1105; x_wconf 87' lang='lat' dir='ltr'><strong>regno</strong></span> <span class='ocrx_word' id='word_1_53' title='bbox 1591 1036 1683 1090; x_wconf 88' lang='lat' dir='ltr'><strong>Dei</strong></span> <span class='ocrx_word' id='word_1_54' title='bbox 1702 1036 1858 1106; x_wconf 86' lang='lat' dir='ltr'><strong>(Luc.</strong></span> 
     </span>
    </p>
   </div>
   <div class='ocr_carea' id='block_1_8' title="bbox 230 1114 1854 1197">
    <p class='ocr_par' dir='ltr' id='par_1_8' title="bbox 230 1114 1854 1197">
     <span class='ocr_line' id='line_1_8' title="bbox 230 1114 1854 1197; baseline 0.009 -28"><span class='ocrx_word' id='word_1_55' title='bbox 230 1130 315 1179; x_wconf 79' lang='grc' dir='ltr'>ιιι,</span> <span class='ocrx_word' id='word_1_56' title='bbox 341 1114 477 1186; x_wconf 74' lang='lat'><strong>62&#39;).</strong></span> <span class='ocrx_word' id='word_1_57' title='bbox 512 1117 648 1182; x_wconf 87' lang='lat' dir='ltr'><strong>Quid</strong></span> <span class='ocrx_word' id='word_1_58' title='bbox 670 1135 802 1191; x_wconf 83' lang='lat' dir='ltr'><strong>ergo</strong></span> <span class='ocrx_word' id='word_1_59' title='bbox 820 1120 993 1177; x_wconf 96' lang='lat' dir='ltr'><strong>debeo</strong></span> <span class='ocrx_word' id='word_1_60' title='bbox 1020 1121 1235 1178; x_wconf 82' lang='lat' dir='ltr'><strong>facere?</strong></span> <span class='ocrx_word' id='word_1_61' title='bbox 1267 1124 1419 1193; x_wconf 88' lang='lat' dir='ltr'><strong>Quod</strong></span> <span class='ocrx_word' id='word_1_62' title='bbox 1437 1128 1512 1180; x_wconf 89' lang='lat' dir='ltr'><strong>ait</strong></span> <span class='ocrx_word' id='word_1_63' title='bbox 1535 1128 1815 1197; x_wconf 73' lang='lat' dir='ltr'><strong>Apostolus</strong></span> <span class='ocrx_word' id='word_1_64' title='bbox 1839 1145 1854 1183; x_wconf 90' lang='lat'><strong>:</strong></span> 
     </span>
    </p>
   </div>
   <div class='ocr_carea' id='block_1_9' title="bbox 232 1209 1854 1291">
    <p class='ocr_par' dir='ltr' id='par_1_9' title="bbox 232 1209 1854 1291">
     <span class='ocr_line' id='line_1_9' title="bbox 232 1209 1854 1291; baseline 0.009 -29"><span class='ocrx_word' id='word_1_65' title='bbox 232 1209 378 1277; x_wconf 77' lang='lat' dir='ltr'><strong>Qua:</strong></span> <span class='ocrx_word' id='word_1_66' title='bbox 400 1221 549 1267; x_wconf 90' lang='lat' dir='ltr'><strong>retro</strong></span> <span class='ocrx_word' id='word_1_67' title='bbox 575 1213 775 1273; x_wconf 84' lang='lat' dir='ltr'><strong>oblitus.</strong></span> <span class='ocrx_word' id='word_1_68' title='bbox 799 1214 851 1268; x_wconf 90' lang='lat' dir='ltr'><strong>in</strong></span> <span class='ocrx_word' id='word_1_69' title='bbox 872 1231 930 1269; x_wconf 91' lang='lat' dir='ltr'><strong>ea</strong></span> <span class='ocrx_word' id='word_1_70' title='bbox 949 1232 1061 1286; x_wconf 78' lang='lat' dir='ltr'><strong>qna:</strong></span> <span class='ocrx_word' id='word_1_71' title='bbox 1082 1226 1197 1271; x_wconf 89' lang='lat' dir='ltr'><strong>ante</strong></span> <span class='ocrx_word' id='word_1_72' title='bbox 1212 1233 1327 1272; x_wconf 87' lang='lat' dir='ltr'><strong>sunt</strong></span> <span class='ocrx_word' id='word_1_73' title='bbox 1350 1229 1577 1273; x_wconf 72' lang='lat' dir='ltr'><strong>extentus</strong></span> <span class='ocrx_word' id='word_1_74' title='bbox 1598 1218 1854 1291; x_wconf 76' lang='lat' dir='ltr'><strong>(Philipp.</strong></span> 
     </span>
    </p>
   </div>
   <div class='ocr_carea' id='block_1_10' title="bbox 228 1301 1854 1381">
    <p class='ocr_par' dir='ltr' id='par_1_10' title="bbox 228 1301 1854 1381">
     <span class='ocr_line' id='line_1_10' title="bbox 228 1301 1854 1381; baseline 0.007 -27"><span class='ocrx_word' id='word_1_75' title='bbox 228 1314 315 1365; x_wconf 88' lang='lat' dir='ltr'><strong>tu,</strong></span> <span class='ocrx_word' id='word_1_76' title='bbox 350 1301 483 1372; x_wconf 77' lang='grc'><strong>15).</strong></span> <span class='ocrx_word' id='word_1_77' title='bbox 539 1303 703 1359; x_wconf 82' lang='lat' dir='ltr'><strong>Retro</strong></span> <span class='ocrx_word' id='word_1_78' title='bbox 728 1305 869 1360; x_wconf 85' lang='lat' dir='ltr'><strong>enim</strong></span> <span class='ocrx_word' id='word_1_79' title='bbox 900 1316 1080 1361; x_wconf 85' lang='lat' dir='ltr'><strong>nostra</strong></span> <span class='ocrx_word' id='word_1_80' title='bbox 1124 1309 1301 1363; x_wconf 85' lang='lat' dir='ltr'><strong>omnia</strong></span> <span class='ocrx_word' id='word_1_81' title='bbox 1345 1326 1464 1380; x_wconf 74' lang='lat' dir='ltr'><strong>qua:</strong></span> <span class='ocrx_word' id='word_1_82' title='bbox 1509 1311 1854 1381; x_wconf 73' lang='lat' dir='ltr'><strong>transierunt,</strong></span> 
     </span>
    </p>
   </div>
   <div class='ocr_carea' id='block_1_11' title="bbox 228 1391 1855 1462">
    <p class='ocr_par' dir='ltr' id='par_1_11' title="bbox 228 1391 1855 1462">
     <span class='ocr_line' id='line_1_11' title="bbox 228 1391 1855 1462; baseline 0.008 -17"><span class='ocrx_word' id='word_1_83' title='bbox 228 1391 428 1462; x_wconf 88' lang='lat' dir='ltr'><strong>iniqua</strong></span> <span class='ocrx_word' id='word_1_84' title='bbox 455 1403 605 1449; x_wconf 90' lang='lat' dir='ltr'><strong>sunt.</strong></span> <span class='ocrx_word' id='word_1_85' title='bbox 636 1394 806 1451; x_wconf 85' lang='lat' dir='ltr'><strong>Nemo</strong></span> <span class='ocrx_word' id='word_1_86' title='bbox 823 1413 885 1451; x_wconf 79' lang='lat' dir='ltr'><strong>ex</strong></span> <span class='ocrx_word' id='word_1_87' title='bbox 908 1398 1049 1453; x_wconf 89' lang='lat' dir='ltr'><strong>bono</strong></span> <span class='ocrx_word' id='word_1_88' title='bbox 1065 1400 1208 1454; x_wconf 89' lang='lat' dir='ltr'><strong>venit</strong></span> <span class='ocrx_word' id='word_1_89' title='bbox 1234 1399 1299 1454; x_wconf 89' lang='lat' dir='ltr'><strong>ad</strong></span> <span class='ocrx_word' id='word_1_90' title='bbox 1321 1400 1594 1456; x_wconf 74' lang='lat' dir='ltr'><strong>Christum</strong></span> <span class='ocrx_word' id='word_1_91' title='bbox 1626 1419 1639 1456; x_wconf 92' lang='lat'><strong>:</strong></span> <span class='ocrx_word' id='word_1_92' title='bbox 1667 1416 1855 1458; x_wconf 89' lang='lat' dir='ltr'><strong>omnes</strong></span> 
     </span>
    </p>
   </div>
   <div class='ocr_carea' id='block_1_12' title="bbox 236 1488 1851 1567">
    <p class='ocr_par' dir='ltr' id='par_1_12' title="bbox 236 1488 1851 1567">
     <span class='ocr_line' id='line_1_12' title="bbox 236 1488 1851 1567; baseline 0.008 -30"><span class='ocrx_word' id='word_1_93' title='bbox 236 1498 659 1553; x_wconf 85' lang='lat' dir='ltr'><strong>peccaverunt;</strong></span> <span class='ocrx_word' id='word_1_94' title='bbox 707 1488 973 1544; x_wconf 85' lang='lat' dir='ltr'><strong>credendo</strong></span> <span class='ocrx_word' id='word_1_95' title='bbox 1013 1490 1371 1560; x_wconf 84' lang='lat' dir='ltr'><strong>justiticantnr</strong></span> <span class='ocrx_word' id='word_1_96' title='bbox 1416 1491 1592 1562; x_wconf 84' lang='lat' dir='ltr'><strong>(Rom.</strong></span> <span class='ocrx_word' id='word_1_97' title='bbox 1626 1508 1703 1561; x_wconf 89' lang='lat' dir='ltr'><strong>nt,</strong></span> <span class='ocrx_word' id='word_1_98' title='bbox 1734 1493 1851 1567; x_wconf 70' lang='grc'><strong>22).</strong></span> 
     </span>
    </p>
   </div>
   <div class='ocr_carea' id='block_1_13' title="bbox 227 1574 1851 1650">
    <p class='ocr_par' dir='ltr' id='par_1_13' title="bbox 227 1574 1851 1650">
     <span class='ocr_line' id='line_1_13' title="bbox 227 1574 1851 1650; baseline 0.008 -21"><span class='ocrx_word' id='word_1_99' title='bbox 227 1574 503 1631; x_wconf 77' lang='lat' dir='ltr'><strong>Perfecta</strong></span> <span class='ocrx_word' id='word_1_100' title='bbox 535 1577 737 1648; x_wconf 87' lang='lat' dir='ltr'><strong>justitia</strong></span> <span class='ocrx_word' id='word_1_101' title='bbox 782 1594 885 1635; x_wconf 93' lang='lat' dir='ltr'><strong>non</strong></span> <span class='ocrx_word' id='word_1_102' title='bbox 909 1581 1027 1645; x_wconf 83' lang='lat' dir='ltr'><strong>erit,</strong></span> <span class='ocrx_word' id='word_1_103' title='bbox 1066 1582 1167 1637; x_wconf 91' lang='lat' dir='ltr'><strong>nisi</strong></span> <span class='ocrx_word' id='word_1_104' title='bbox 1205 1582 1258 1637; x_wconf 92' lang='lat' dir='ltr'><strong>iu</strong></span> <span class='ocrx_word' id='word_1_105' title='bbox 1300 1583 1385 1638; x_wconf 90' lang='lat' dir='ltr'><strong>illa</strong></span> <span class='ocrx_word' id='word_1_106' title='bbox 1413 1583 1551 1650; x_wconf 90' lang='lat' dir='ltr'><strong>vita;</strong></span> <span class='ocrx_word' id='word_1_107' title='bbox 1583 1592 1762 1641; x_wconf 86' lang='lat' dir='ltr'><strong>tamen</strong></span> <span class='ocrx_word' id='word_1_108' title='bbox 1784 1585 1851 1642; x_wconf 90' lang='lat' dir='ltr'><strong>ad</strong></span> 
     </span>
    </p>
   </div>
   <div class='ocr_carea' id='block_1_14' title="bbox 222 1674 1852 1751">
    <p class='ocr_par' dir='ltr' id='par_1_14' title="bbox 222 1674 1852 1751">
     <span class='ocr_line' id='line_1_14' title="bbox 222 1674 1852 1751; baseline 0.01 -31"><span class='ocrx_word' id='word_1_109' title='bbox 222 1681 592 1740; x_wconf 87' lang='lat' dir='ltr'><strong>provectum.</strong></span> <span class='ocrx_word' id='word_1_110' title='bbox 625 1681 680 1727; x_wconf 89' lang='lat' dir='ltr'><strong>et</strong></span> <span class='ocrx_word' id='word_1_111' title='bbox 710 1688 886 1729; x_wconf 80' lang='lat' dir='ltr'><strong>mores</strong></span> <span class='ocrx_word' id='word_1_112' title='bbox 904 1674 1026 1729; x_wconf 91' lang='lat' dir='ltr'><strong>boni</strong></span> <span class='ocrx_word' id='word_1_113' title='bbox 1052 1675 1252 1746; x_wconf 86' lang='lat' dir='ltr'><strong>abipso</strong></span> <span class='ocrx_word' id='word_1_114' title='bbox 1277 1676 1621 1749; x_wconf 64' lang='lat' dir='ltr'><strong>inspirentur,</strong></span> <span class='ocrx_word' id='word_1_115' title='bbox 1646 1678 1715 1735; x_wconf 88' lang='lat' dir='ltr'><strong>ab</strong></span> <span class='ocrx_word' id='word_1_116' title='bbox 1735 1681 1852 1751; x_wconf 88' lang='lat' dir='ltr'><strong>ipso</strong></span> 
     </span>
    </p>
   </div>
   <div class='ocr_carea' id='block_1_15' title="bbox 223 1760 1849 1838">
    <p class='ocr_par' dir='ltr' id='par_1_15' title="bbox 223 1760 1849 1838">
     <span class='ocr_line' id='line_1_15' title="bbox 223 1760 1849 1838; baseline 0.006 -21"><span class='ocrx_word' id='word_1_117' title='bbox 223 1760 544 1818; x_wconf 80' lang='lat' dir='ltr'><strong>donantur.</strong></span> <span class='ocrx_word' id='word_1_118' title='bbox 577 1762 692 1819; x_wconf 87' lang='lat' dir='ltr'><strong>Noli</strong></span> <span class='ocrx_word' id='word_1_119' title='bbox 719 1780 847 1837; x_wconf 87' lang='lat' dir='ltr'><strong>ergo</strong></span> <span class='ocrx_word' id='word_1_120' title='bbox 876 1775 961 1821; x_wconf 88' lang='lat' dir='ltr'><strong>tua</strong></span> <span class='ocrx_word' id='word_1_121' title='bbox 992 1768 1177 1822; x_wconf 89' lang='lat' dir='ltr'><strong>merita</strong></span> <span class='ocrx_word' id='word_1_122' title='bbox 1199 1777 1528 1838; x_wconf 87' lang='lat' dir='ltr'><strong>computare,</strong></span> <span class='ocrx_word' id='word_1_123' title='bbox 1558 1770 1688 1824; x_wconf 91' lang='lat' dir='ltr'><strong>noli.</strong></span> <span class='ocrx_word' id='word_1_124' title='bbox 1719 1771 1785 1825; x_wconf 88' lang='lat' dir='ltr'><strong>Et</strong></span> <span class='ocrx_word' id='word_1_125' title='bbox 1804 1772 1849 1826; x_wconf 88' lang='lat' dir='ltr'><strong>si</strong></span> 
     </span>
    </p>
   </div>
   <div class='ocr_carea' id='block_1_16' title="bbox 220 1854 1848 1933">
    <p class='ocr_par' dir='ltr' id='par_1_16' title="bbox 220 1854 1848 1933">
     <span class='ocr_line' id='line_1_16' title="bbox 220 1854 1848 1933; baseline 0.005 -26"><span class='ocrx_word' id='word_1_126' title='bbox 220 1855 488 1923; x_wconf 80' lang='lat' dir='ltr'><strong>suggerit</strong></span> <span class='ocrx_word' id='word_1_127' title='bbox 504 1854 773 1925; x_wconf 78' lang='lat' dir='ltr'><strong>iniquitas,</strong></span> <span class='ocrx_word' id='word_1_128' title='bbox 796 1857 901 1911; x_wconf 91' lang='lat' dir='ltr'><strong>noli</strong></span> <span class='ocrx_word' id='word_1_129' title='bbox 918 1858 1239 1913; x_wconf 83' lang='lat' dir='ltr'><strong>coosentire.</strong></span> <span class='ocrx_word' id='word_1_130' title='bbox 1264 1858 1398 1926; x_wconf 87' lang='lat' dir='ltr'><strong>Quid</strong></span> <span class='ocrx_word' id='word_1_131' title='bbox 1420 1860 1561 1915; x_wconf 88' lang='lat' dir='ltr'><strong>enim</strong></span> <span class='ocrx_word' id='word_1_132' title='bbox 1591 1862 1706 1915; x_wconf 85' lang='lat' dir='ltr'><strong>ait?</strong></span> <span class='ocrx_word' id='word_1_133' title='bbox 1730 1859 1749 1933; x_wconf 91' lang='lat'>]</span> <span class='ocrx_word' id='word_1_134' title='bbox 1774 1861 1848 1933; x_wconf 82' lang='grc' dir='ltr'><strong>(α)</strong></span> 
     </span>
    </p>
   </div>
   <div class='ocr_carea' id='block_1_17' title="bbox 223 1945 1850 2020">
    <p class='ocr_par' dir='ltr' id='par_1_17' title="bbox 223 1945 1850 2020">
     <span class='ocr_line' id='line_1_17' title="bbox 223 1945 1850 2020; baseline 0.005 -20"><span class='ocrx_word' id='word_1_135' title='bbox 223 1945 319 2000; x_wconf 82' lang='lat' dir='ltr'><strong>Ini</strong></span> <span class='ocrx_word' id='word_1_136' title='bbox 337 2006 342 2013; x_wconf 92' lang='lat'><strong>_</strong></span> <span class='ocrx_word' id='word_1_137' title='bbox 358 1948 585 2002; x_wconf 85' lang='lat' dir='ltr'><strong>nitatem</strong></span> <span class='ocrx_word' id='word_1_138' title='bbox 613 1948 659 2002; x_wconf 89' lang='lat' dir='ltr'><strong>si</strong></span> <span class='ocrx_word' id='word_1_139' title='bbox 684 1950 925 2019; x_wconf 71' lang='lat' dir='ltr'><strong>conspexi</strong></span> <span class='ocrx_word' id='word_1_140' title='bbox 948 1950 999 2005; x_wconf 84' lang='lat' dir='ltr'><strong>in</strong></span> <span class='ocrx_word' id='word_1_141' title='bbox 1020 1951 1171 2005; x_wconf 86' lang='lat' dir='ltr'><strong>corde</strong></span> <span class='ocrx_word' id='word_1_142' title='bbox 1197 1967 1326 2020; x_wconf 90' lang='lat' dir='ltr'><strong>meo,</strong></span> <span class='ocrx_word' id='word_1_143' title='bbox 1351 1968 1449 2007; x_wconf 89' lang='lat' dir='ltr'><strong>non</strong></span> <span class='ocrx_word' id='word_1_144' title='bbox 1475 1952 1717 2007; x_wconf 71' lang='lat' dir='ltr'><strong>exaudiat</strong></span> <span class='ocrx_word' id='word_1_145' title='bbox 1742 1952 1850 2008; x_wconf 83' lang='lat' dir='ltr'><strong>Do-</strong></span> 
     </span>
    </p>
   </div>
   <div class='ocr_carea' id='block_1_18' title="bbox 221 2038 430 2092">
    <p class='ocr_par' dir='ltr' id='par_1_18' title="bbox 221 2038 430 2092">
     <span class='ocr_line' id='line_1_18' title="bbox 221 2038 430 2092; baseline 0.005 -2"><span class='ocrx_word' id='word_1_146' title='bbox 221 2038 430 2092; x_wconf 85' lang='lat' dir='ltr'><strong>minus.</strong></span> 
     </span>
    </p>
   </div>
   <div class='ocr_carea' id='block_1_19' title="bbox 295 2129 1839 2206">
    <p class='ocr_par' dir='ltr' id='par_1_19' title="bbox 295 2129 1839 2206">
     <span class='ocr_line' id='line_1_19' title="bbox 295 2129 1839 2206; baseline 0.004 -21"><span class='ocrx_word' id='word_1_147' title='bbox 295 2131 397 2187; x_wconf 74' lang='grc'><strong>23.</strong></span> <span class='ocrx_word' id='word_1_148' title='bbox 446 2129 605 2201; x_wconf 78' lang='lat' dir='ltr'><strong>(vers.</strong></span> <span class='ocrx_word' id='word_1_149' title='bbox 635 2132 746 2205; x_wconf 73' lang='lat'><strong>19.]</strong></span> <span class='ocrx_word' id='word_1_150' title='bbox 790 2133 1065 2203; x_wconf 85' lang='lat' dir='ltr'><strong>Propterea</strong></span> <span class='ocrx_word' id='word_1_151' title='bbox 1099 2135 1353 2189; x_wconf 73' lang='lat' dir='ltr'><strong>exaudivit</strong></span> <span class='ocrx_word' id='word_1_152' title='bbox 1390 2152 1467 2189; x_wconf 89' lang='lat' dir='ltr'><strong>me</strong></span> <span class='ocrx_word' id='word_1_153' title='bbox 1510 2134 1663 2190; x_wconf 87' lang='lat' dir='ltr'><strong>Dens.</strong></span> <span class='ocrx_word' id='word_1_154' title='bbox 1707 2136 1839 2206; x_wconf 87' lang='lat' dir='ltr'><strong>Quia</strong></span> 
     </span>
    </p>
   </div>
   <div class='ocr_carea' id='block_1_20' title="bbox 221 2221 1846 2297">
    <p class='ocr_par' dir='ltr' id='par_1_20' title="bbox 221 2221 1846 2297">
     <span class='ocr_line' id='line_1_20' title="bbox 221 2221 1846 2297; baseline 0.004 -21"><span class='ocrx_word' id='word_1_155' title='bbox 221 2221 584 2291; x_wconf 73' lang='lat' dir='ltr'><strong>iniquitatem</strong></span> <span class='ocrx_word' id='word_1_156' title='bbox 626 2240 729 2281; x_wconf 81' lang='lat' dir='ltr'><strong>nan</strong></span> <span class='ocrx_word' id='word_1_157' title='bbox 773 2227 1025 2297; x_wconf 76' lang='lat' dir='ltr'><strong>conspexi</strong></span> <span class='ocrx_word' id='word_1_158' title='bbox 1069 2228 1119 2281; x_wconf 94' lang='lat' dir='ltr'><strong>iu</strong></span> <span class='ocrx_word' id='word_1_159' title='bbox 1161 2227 1324 2283; x_wconf 79' lang='lat' dir='ltr'><strong>Corde</strong></span> <span class='ocrx_word' id='word_1_160' title='bbox 1362 2243 1503 2284; x_wconf 87' lang='lat' dir='ltr'><strong>meo.</strong></span> <span class='ocrx_word' id='word_1_161' title='bbox 1536 2227 1603 2282; x_wconf 83' lang='lat' dir='ltr'><strong>Et</strong></span> <span class='ocrx_word' id='word_1_162' title='bbox 1632 2229 1846 2284; x_wconf 75' lang='lat' dir='ltr'><strong>intendit</strong></span> 
     </span>
    </p>
   </div>
   <div class='ocr_carea' id='block_1_21' title="bbox 220 2318 793 2375">
    <p class='ocr_par' dir='ltr' id='par_1_21' title="bbox 220 2318 793 2375">
     <span class='ocr_line' id='line_1_21' title="bbox 220 2318 793 2375; baseline 0.007 -6"><span class='ocrx_word' id='word_1_163' title='bbox 220 2318 338 2370; x_wconf 75' lang='lat' dir='ltr'><strong>voci</strong></span> <span class='ocrx_word' id='word_1_164' title='bbox 364 2319 625 2373; x_wconf 85' lang='lat' dir='ltr'><strong>orationis</strong></span> <span class='ocrx_word' id='word_1_165' title='bbox 654 2336 793 2375; x_wconf 72' lang='lat' dir='ltr'><strong>mets.</strong></span> 
     </span>
    </p>
   </div>
   <div class='ocr_carea' id='block_1_22' title="bbox 296 2410 1845 2486">
    <p class='ocr_par' dir='ltr' id='par_1_22' title="bbox 296 2410 1845 2486">
     <span class='ocr_line' id='line_1_22' title="bbox 296 2410 1845 2486; baseline 0.005 -22"><span class='ocrx_word' id='word_1_166' title='bbox 296 2410 398 2466; x_wconf 70' lang='grc'><strong>21.</strong></span> <span class='ocrx_word' id='word_1_167' title='bbox 446 2410 599 2484; x_wconf 72' lang='lat' dir='ltr'><strong>[vers</strong></span> <span class='ocrx_word' id='word_1_168' title='bbox 645 2412 762 2486; x_wconf 74' lang='lat'><strong>20.]</strong></span> <span class='ocrx_word' id='word_1_169' title='bbox 810 2413 1106 2470; x_wconf 83' lang='lat' dir='ltr'><strong>Benedictus</strong></span> <span class='ocrx_word' id='word_1_170' title='bbox 1149 2413 1286 2469; x_wconf 84' lang='lat' dir='ltr'><strong>Deus</strong></span> <span class='ocrx_word' id='word_1_171' title='bbox 1319 2432 1457 2470; x_wconf 85' lang='lat' dir='ltr'><strong>meus</strong></span> <span class='ocrx_word' id='word_1_172' title='bbox 1496 2418 1514 2449; x_wconf 83' lang='grc'>¹</span> <span class='ocrx_word' id='word_1_173' title='bbox 1539 2457 1556 2483; x_wconf 87' lang='grc'><strong><em>,</em></strong></span> <span class='ocrx_word' id='word_1_174' title='bbox 1604 2415 1691 2486; x_wconf 83' lang='lat' dir='ltr'><strong>qui</strong></span> <span class='ocrx_word' id='word_1_175' title='bbox 1744 2434 1845 2473; x_wconf 86' lang='lat' dir='ltr'><strong>non</strong></span> 
     </span>
    </p>
   </div>
   <div class='ocr_carea' id='block_1_23' title="bbox 220 2504 1845 2572">
    <p class='ocr_par' dir='ltr' id='par_1_23' title="bbox 220 2504 1845 2572">
     <span class='ocr_line' id='line_1_23' title="bbox 220 2504 1845 2572; baseline 0.006 -17"><span class='ocrx_word' id='word_1_176' title='bbox 220 2506 425 2556; x_wconf 82' lang='lat' dir='ltr'><strong>amovit</strong></span> <span class='ocrx_word' id='word_1_177' title='bbox 466 2504 872 2572; x_wconf 84' lang='lat' dir='ltr'><strong>deprecationem</strong></span> <span class='ocrx_word' id='word_1_178' title='bbox 900 2523 1092 2569; x_wconf 86' lang='lat' dir='ltr'><strong>meam,</strong></span> <span class='ocrx_word' id='word_1_179' title='bbox 1133 2516 1179 2562; x_wconf 90' lang='lat' dir='ltr'><strong>et</strong></span> <span class='ocrx_word' id='word_1_180' title='bbox 1219 2508 1615 2562; x_wconf 81' lang='lat' dir='ltr'><strong>misericordiam</strong></span> <span class='ocrx_word' id='word_1_181' title='bbox 1644 2526 1788 2563; x_wconf 86' lang='lat' dir='ltr'><strong>suam</strong></span> <span class='ocrx_word' id='word_1_182' title='bbox 1812 2526 1845 2564; x_wconf 81' lang='grc' dir='ltr'><em>α</em></span> 
     </span>
    </p>
   </div>
   <div class='ocr_carea' id='block_1_24' title="bbox 220 2595 1841 2669">
    <p class='ocr_par' dir='ltr' id='par_1_24' title="bbox 220 2595 1841 2669">
     <span class='ocr_line' id='line_1_24' title="bbox 220 2595 1841 2669; baseline 0.005 -21"><span class='ocrx_word' id='word_1_183' title='bbox 220 2612 328 2649; x_wconf 86' lang='lat' dir='ltr'><strong>me.</strong></span> <span class='ocrx_word' id='word_1_184' title='bbox 364 2595 542 2651; x_wconf 79' lang='lat' dir='ltr'><strong>Tenet</strong></span> <span class='ocrx_word' id='word_1_185' title='bbox 567 2612 784 2652; x_wconf 76' lang='lat' dir='ltr'><strong>Sensum</strong></span> <span class='ocrx_word' id='word_1_186' title='bbox 813 2598 882 2652; x_wconf 89' lang='lat' dir='ltr'><strong>ab</strong></span> <span class='ocrx_word' id='word_1_187' title='bbox 908 2614 973 2653; x_wconf 88' lang='lat' dir='ltr'><strong>eo</strong></span> <span class='ocrx_word' id='word_1_188' title='bbox 993 2600 1112 2655; x_wconf 78' lang='lat' dir='ltr'><strong>Inoo</strong></span> <span class='ocrx_word' id='word_1_189' title='bbox 1137 2642 1148 2659; x_wconf 85' lang='grc'>,</span> <span class='ocrx_word' id='word_1_190' title='bbox 1181 2601 1270 2653; x_wconf 82' lang='lat' dir='ltr'><strong>ubi</strong></span> <span class='ocrx_word' id='word_1_191' title='bbox 1297 2601 1390 2663; x_wconf 89' lang='lat' dir='ltr'><strong>ait,</strong></span> <span class='ocrx_word' id='word_1_192' title='bbox 1426 2599 1618 2665; x_wconf 82' lang='lat' dir='ltr'><strong>Venite,</strong></span> <span class='ocrx_word' id='word_1_193' title='bbox 1647 2602 1841 2669; x_wconf 84' lang='lat' dir='ltr'><strong>audite,</strong></span> 
     </span>
    </p>
   </div>
   <div class='ocr_carea' id='block_1_25' title="bbox 221 2688 1844 2765">
    <p class='ocr_par' dir='ltr' id='par_1_25' title="bbox 221 2688 1844 2765">
     <span class='ocr_line' id='line_1_25' title="bbox 221 2688 1844 2765; baseline 0.005 -25"><span class='ocrx_word' id='word_1_194' title='bbox 221 2696 272 2740; x_wconf 89' lang='lat' dir='ltr'><strong>et</strong></span> <span class='ocrx_word' id='word_1_195' title='bbox 305 2688 543 2742; x_wconf 84' lang='lat' dir='ltr'><strong>narrabo</strong></span> <span class='ocrx_word' id='word_1_196' title='bbox 572 2690 725 2750; x_wconf 84' lang='lat' dir='ltr'><strong>robis,</strong></span> <span class='ocrx_word' id='word_1_197' title='bbox 762 2705 935 2745; x_wconf 88' lang='lat' dir='ltr'><strong>onmes</strong></span> <span class='ocrx_word' id='word_1_198' title='bbox 962 2691 1050 2760; x_wconf 83' lang='lat' dir='ltr'><strong>qui</strong></span> <span class='ocrx_word' id='word_1_199' title='bbox 1079 2691 1255 2743; x_wconf 85' lang='lat' dir='ltr'><strong>timetis</strong></span> <span class='ocrx_word' id='word_1_200' title='bbox 1289 2691 1483 2757; x_wconf 82' lang='lat' dir='ltr'><strong>Deum,</strong></span> <span class='ocrx_word' id='word_1_201' title='bbox 1512 2703 1699 2762; x_wconf 84' lang='lat' dir='ltr'><strong>quanta</strong></span> <span class='ocrx_word' id='word_1_202' title='bbox 1727 2696 1844 2765; x_wconf 82' lang='lat' dir='ltr'><strong>fecit</strong></span> 
     </span>
    </p>
   </div>
   <div class='ocr_carea' id='block_1_26' title="bbox 220 2779 1841 2850">
    <p class='ocr_par' dir='ltr' id='par_1_26' title="bbox 220 2779 1841 2850">
     <span class='ocr_line' id='line_1_26' title="bbox 220 2779 1841 2850; baseline 0.004 -18"><span class='ocrx_word' id='word_1_203' title='bbox 220 2779 427 2833; x_wconf 66' lang='lat' dir='ltr'><strong>animi:</strong></span> <span class='ocrx_word' id='word_1_204' title='bbox 459 2796 621 2843; x_wconf 69' lang='lat' dir='ltr'><strong>mete;</strong></span> <span class='ocrx_word' id='word_1_205' title='bbox 661 2789 716 2834; x_wconf 89' lang='lat' dir='ltr'><strong>et</strong></span> <span class='ocrx_word' id='word_1_206' title='bbox 756 2780 888 2835; x_wconf 75' lang='lat' dir='ltr'><strong>dixit</strong></span> <span class='ocrx_word' id='word_1_207' title='bbox 928 2797 1046 2850; x_wconf 74' lang='lat' dir='ltr'><strong>qua:</strong></span> <span class='ocrx_word' id='word_1_208' title='bbox 1083 2781 1331 2846; x_wconf 73' lang='lat' dir='ltr'><strong>audistis,</strong></span> <span class='ocrx_word' id='word_1_209' title='bbox 1375 2794 1427 2836; x_wconf 92' lang='lat' dir='ltr'><strong>et</strong></span> <span class='ocrx_word' id='word_1_210' title='bbox 1472 2784 1535 2836; x_wconf 89' lang='lat' dir='ltr'><strong>ad</strong></span> <span class='ocrx_word' id='word_1_211' title='bbox 1568 2784 1726 2837; x_wconf 87' lang='lat' dir='ltr'><strong>lincm</strong></span> <span class='ocrx_word' id='word_1_212' title='bbox 1771 2784 1841 2840; x_wconf 86' lang='lat' dir='ltr'><strong>ita</strong></span> 
     </span>
    </p>
   </div>
   <div class='ocr_carea' id='block_1_27' title="bbox 220 2870 1840 2945">
    <p class='ocr_par' dir='ltr' id='par_1_27' title="bbox 220 2870 1840 2945">
     <span class='ocr_line' id='line_1_27' title="bbox 220 2870 1840 2945; baseline 0.002 -21"><span class='ocrx_word' id='word_1_213' title='bbox 220 2871 509 2925; x_wconf 79' lang='lat' dir='ltr'><strong>conclusit</strong></span> <span class='ocrx_word' id='word_1_214' title='bbox 533 2890 545 2924; x_wconf 95' lang='lat'><strong>:</strong></span> <span class='ocrx_word' id='word_1_215' title='bbox 576 2870 876 2925; x_wconf 74' lang='lat' dir='ltr'><strong>Benedictus</strong></span> <span class='ocrx_word' id='word_1_216' title='bbox 897 2871 1032 2925; x_wconf 58' lang='lat' dir='ltr'><strong>Deus</strong></span> <span class='ocrx_word' id='word_1_217' title='bbox 1054 2890 1211 2931; x_wconf 85' lang='lat' dir='ltr'><strong>meus.</strong></span> <span class='ocrx_word' id='word_1_218' title='bbox 1234 2875 1317 2941; x_wconf 84' lang='lat' dir='ltr'><strong>qui</strong></span> <span class='ocrx_word' id='word_1_219' title='bbox 1344 2890 1441 2927; x_wconf 91' lang='lat' dir='ltr'><strong>non</strong></span> <span class='ocrx_word' id='word_1_220' title='bbox 1466 2874 1650 2928; x_wconf 86' lang='lat' dir='ltr'><strong>amovit</strong></span> <span class='ocrx_word' id='word_1_221' title='bbox 1670 2875 1840 2945; x_wconf 81' lang='lat' dir='ltr'><strong>depre-</strong></span> 
     </span>
    </p>
   </div>
   <div class='ocr_carea' id='block_1_28' title="bbox 217 2966 1838 3025">
    <p class='ocr_par' dir='ltr' id='par_1_28' title="bbox 217 2966 1838 3025">
     <span class='ocr_line' id='line_1_28' title="bbox 217 2966 1838 3025; baseline 0.002 -6"><span class='ocrx_word' id='word_1_222' title='bbox 217 2966 492 3019; x_wconf 76' lang='lat' dir='ltr'><strong>cationem</strong></span> <span class='ocrx_word' id='word_1_223' title='bbox 518 2981 675 3019; x_wconf 89' lang='lat' dir='ltr'><strong>meam</strong></span> <span class='ocrx_word' id='word_1_224' title='bbox 695 3007 709 3025; x_wconf 90' lang='lat'><strong>,</strong></span> <span class='ocrx_word' id='word_1_225' title='bbox 740 2975 787 3019; x_wconf 89' lang='lat' dir='ltr'><strong>et</strong></span> <span class='ocrx_word' id='word_1_226' title='bbox 811 2966 1206 3019; x_wconf 84' lang='lat' dir='ltr'><strong>misericordiam</strong></span> <span class='ocrx_word' id='word_1_227' title='bbox 1233 2983 1375 3021; x_wconf 79' lang='lat' dir='ltr'><strong>suam</strong></span> <span class='ocrx_word' id='word_1_228' title='bbox 1400 2984 1431 3020; x_wconf 89' lang='lat' dir='ltr'><strong>a</strong></span> <span class='ocrx_word' id='word_1_229' title='bbox 1461 2984 1555 3021; x_wconf 88' lang='lat' dir='ltr'><strong>me.</strong></span> <span class='ocrx_word' id='word_1_230' title='bbox 1582 2966 1670 3023; x_wconf 87' lang='lat' dir='ltr'><strong>Sic</strong></span> <span class='ocrx_word' id='word_1_231' title='bbox 1695 2969 1838 3023; x_wconf 90' lang='lat' dir='ltr'><strong>enim</strong></span> 
     </span>
    </p>
   </div>
   <div class='ocr_carea' id='block_1_29' title="bbox 221 3057 1836 3129">
    <p class='ocr_par' dir='ltr' id='par_1_29' title="bbox 221 3057 1836 3129">
     <span class='ocr_line' id='line_1_29' title="bbox 221 3057 1836 3129; baseline 0.004 -22"><span class='ocrx_word' id='word_1_232' title='bbox 221 3058 492 3127; x_wconf 74' lang='lat' dir='ltr'><strong>pervenit</strong></span> <span class='ocrx_word' id='word_1_233' title='bbox 513 3057 576 3109; x_wconf 89' lang='lat' dir='ltr'><strong>ad</strong></span> <span class='ocrx_word' id='word_1_234' title='bbox 605 3058 1051 3111; x_wconf 71' lang='lat' dir='ltr'><strong>resurrectionem</strong></span> <span class='ocrx_word' id='word_1_235' title='bbox 1079 3058 1177 3113; x_wconf 61' lang='lat' dir='ltr'><strong>iste</strong></span> <span class='ocrx_word' id='word_1_236' title='bbox 1198 3060 1286 3128; x_wconf 91' lang='lat' dir='ltr'><strong>qui</strong></span> <span class='ocrx_word' id='word_1_237' title='bbox 1321 3058 1576 3129; x_wconf 80' lang='lat' dir='ltr'><strong>loquitur,</strong></span> <span class='ocrx_word' id='word_1_238' title='bbox 1612 3059 1700 3113; x_wconf 90' lang='lat' dir='ltr'><strong>ubi</strong></span> <span class='ocrx_word' id='word_1_239' title='bbox 1725 3059 1836 3128; x_wconf 82' lang='lat' dir='ltr'><strong>jam</strong></span> 
     </span>
    </p>
   </div>
   <div class='ocr_carea' id='block_1_30' title="bbox 216 3150 1837 3217">
    <p class='ocr_par' dir='ltr' id='par_1_30' title="bbox 216 3150 1837 3217">
     <span class='ocr_line' id='line_1_30' title="bbox 216 3150 1837 3217; baseline 0.001 -12"><span class='ocrx_word' id='word_1_240' title='bbox 216 3159 279 3206; x_wconf 87' lang='lat' dir='ltr'><strong>et</strong></span> <span class='ocrx_word' id='word_1_241' title='bbox 317 3166 426 3204; x_wconf 84' lang='lat' dir='ltr'><strong>nos</strong></span> <span class='ocrx_word' id='word_1_242' title='bbox 469 3165 565 3217; x_wconf 82' lang='lat' dir='ltr'><strong>spe</strong></span> <span class='ocrx_word' id='word_1_243' title='bbox 593 3165 777 3204; x_wconf 69' lang='lat' dir='ltr'><strong>suntus</strong></span> <span class='ocrx_word' id='word_1_244' title='bbox 808 3168 820 3203; x_wconf 90' lang='lat'><strong>:</strong></span> <span class='ocrx_word' id='word_1_245' title='bbox 856 3150 964 3205; x_wconf 90' lang='lat' dir='ltr'><strong>imo</strong></span> <span class='ocrx_word' id='word_1_246' title='bbox 991 3160 1042 3204; x_wconf 86' lang='lat' dir='ltr'><strong>et</strong></span> <span class='ocrx_word' id='word_1_247' title='bbox 1075 3163 1171 3204; x_wconf 88' lang='lat' dir='ltr'><strong>nos</strong></span> <span class='ocrx_word' id='word_1_248' title='bbox 1198 3165 1421 3215; x_wconf 86' lang='lat' dir='ltr'><strong>sumus;</strong></span> <span class='ocrx_word' id='word_1_249' title='bbox 1453 3160 1506 3205; x_wconf 89' lang='lat' dir='ltr'><strong>et</strong></span> <span class='ocrx_word' id='word_1_250' title='bbox 1534 3159 1712 3205; x_wconf 91' lang='lat' dir='ltr'><strong>nostra</strong></span> <span class='ocrx_word' id='word_1_251' title='bbox 1735 3166 1837 3207; x_wconf 80' lang='lat' dir='ltr'><strong>vox</strong></span> 
     </span>
    </p>
   </div>
   <div class='ocr_carea' id='block_1_31' title="bbox 221 3241 1838 3313">
    <p class='ocr_par' dir='ltr' id='par_1_31' title="bbox 221 3241 1838 3313">
     <span class='ocr_line' id='line_1_31' title="bbox 221 3241 1838 3313; baseline -0.001 -14"><span class='ocrx_word' id='word_1_252' title='bbox 221 3244 327 3299; x_wconf 87' lang='lat' dir='ltr'><strong>ista</strong></span> <span class='ocrx_word' id='word_1_253' title='bbox 382 3253 493 3299; x_wconf 83' lang='lat' dir='ltr'><strong>est.</strong></span> <span class='ocrx_word' id='word_1_254' title='bbox 539 3241 799 3310; x_wconf 79' lang='lat' dir='ltr'><strong>Quamdiu</strong></span> <span class='ocrx_word' id='word_1_255' title='bbox 851 3256 981 3307; x_wconf 71' lang='lat' dir='ltr'><strong>ergo</strong></span> <span class='ocrx_word' id='word_1_256' title='bbox 1024 3242 1108 3296; x_wconf 88' lang='lat' dir='ltr'><strong>hic</strong></span> <span class='ocrx_word' id='word_1_257' title='bbox 1158 3257 1379 3305; x_wconf 85' lang='lat' dir='ltr'><strong>sumus,</strong></span> <span class='ocrx_word' id='word_1_258' title='bbox 1441 3241 1541 3297; x_wconf 89' lang='lat' dir='ltr'><strong>hoc</strong></span> <span class='ocrx_word' id='word_1_259' title='bbox 1590 3257 1838 3313; x_wconf 77' lang='lat' dir='ltr'><strong>rogemus</strong></span> 
     </span>
    </p>
   </div>
   <div class='ocr_carea' id='block_1_32' title="bbox 222 3334 1837 3404">
    <p class='ocr_par' dir='ltr' id='par_1_32' title="bbox 222 3334 1837 3404">
     <span class='ocr_line' id='line_1_32' title="bbox 222 3334 1837 3404; baseline -0.002 -13"><span class='ocrx_word' id='word_1_260' title='bbox 222 3335 432 3399; x_wconf 72' lang='lat' dir='ltr'><strong>Dtuuu,</strong></span> <span class='ocrx_word' id='word_1_261' title='bbox 478 3346 533 3389; x_wconf 92' lang='lat' dir='ltr'><strong>ut</strong></span> <span class='ocrx_word' id='word_1_262' title='bbox 582 3353 684 3388; x_wconf 89' lang='lat' dir='ltr'><strong>non</strong></span> <span class='ocrx_word' id='word_1_263' title='bbox 728 3349 758 3389; x_wconf 89' lang='lat' dir='ltr'><strong>a</strong></span> <span class='ocrx_word' id='word_1_264' title='bbox 795 3335 946 3389; x_wconf 89' lang='lat' dir='ltr'><strong>nobis</strong></span> <span class='ocrx_word' id='word_1_265' title='bbox 988 3344 1231 3389; x_wconf 89' lang='lat' dir='ltr'><strong>amoveat</strong></span> <span class='ocrx_word' id='word_1_266' title='bbox 1265 3334 1694 3404; x_wconf 73' lang='lat' dir='ltr'><strong>deprecationem</strong></span> <span class='ocrx_word' id='word_1_267' title='bbox 1738 3350 1837 3389; x_wconf 79' lang='lat' dir='ltr'><strong>no-</strong></span> 
     </span>
    </p>
   </div>
   <div class='ocr_carea' id='block_1_33' title="bbox 221 3426 1834 3495">
    <p class='ocr_par' dir='ltr' id='par_1_33' title="bbox 221 3426 1834 3495">
     <span class='ocr_line' id='line_1_33' title="bbox 221 3426 1834 3495; baseline -0.001 -13"><span class='ocrx_word' id='word_1_268' title='bbox 221 3437 423 3493; x_wconf 84' lang='lat' dir='ltr'><strong>stram,</strong></span> <span class='ocrx_word' id='word_1_269' title='bbox 458 3437 508 3482; x_wconf 90' lang='lat' dir='ltr'><strong>et</strong></span> <span class='ocrx_word' id='word_1_270' title='bbox 540 3426 958 3482; x_wconf 71' lang='lat' dir='ltr'><strong>misericordiam</strong></span> <span class='ocrx_word' id='word_1_271' title='bbox 987 3442 1172 3489; x_wconf 80' lang='lat' dir='ltr'><strong>suam;</strong></span> <span class='ocrx_word' id='word_1_272' title='bbox 1208 3426 1257 3480; x_wconf 82' lang='lat' dir='ltr'><strong>id</strong></span> <span class='ocrx_word' id='word_1_273' title='bbox 1285 3434 1385 3482; x_wconf 76' lang='lat' dir='ltr'><strong>est.</strong></span> <span class='ocrx_word' id='word_1_274' title='bbox 1414 3436 1470 3480; x_wconf 91' lang='lat' dir='ltr'><strong>ut</strong></span> <span class='ocrx_word' id='word_1_275' title='bbox 1490 3442 1834 3495; x_wconf 82' lang='lat' dir='ltr'><strong>persevcran-</strong></span> 
     </span>
    </p>
   </div>
   <div class='ocr_carea' id='block_1_34' title="bbox 223 3518 1832 3590">
    <p class='ocr_par' dir='ltr' id='par_1_34' title="bbox 223 3518 1832 3590">
     <span class='ocr_line' id='line_1_34' title="bbox 223 3518 1832 3590; baseline -0.001 -13"><span class='ocrx_word' id='word_1_276' title='bbox 223 3529 309 3577; x_wconf 84' lang='lat' dir='ltr'><strong>ter</strong></span> <span class='ocrx_word' id='word_1_277' title='bbox 338 3535 569 3576; x_wconf 86' lang='lat' dir='ltr'><strong>oremus</strong></span> <span class='ocrx_word' id='word_1_278' title='bbox 592 3560 608 3582; x_wconf 88' lang='lat'><strong><em>.</em></strong></span> <span class='ocrx_word' id='word_1_279' title='bbox 634 3530 686 3575; x_wconf 86' lang='lat' dir='ltr'><strong>et</strong></span> <span class='ocrx_word' id='word_1_280' title='bbox 716 3529 1117 3590; x_wconf 82' lang='lat' dir='ltr'><strong>perseveranter</strong></span> <span class='ocrx_word' id='word_1_281' title='bbox 1144 3518 1459 3574; x_wconf 67' lang='lat' dir='ltr'><strong>misereatur</strong></span> <span class='ocrx_word' id='word_1_282' title='bbox 1521 3519 1666 3574; x_wconf 83' lang='lat' dir='ltr'><strong>Multi</strong></span> <span class='ocrx_word' id='word_1_283' title='bbox 1688 3521 1832 3576; x_wconf 85' lang='lat' dir='ltr'><strong>enim</strong></span> 
     </span>
    </p>
   </div>
   <div class='ocr_carea' id='block_1_35' title="bbox 222 3610 1831 3681">
    <p class='ocr_par' dir='ltr' id='par_1_35' title="bbox 222 3610 1831 3681">
     <span class='ocr_line' id='line_1_35' title="bbox 222 3610 1831 3681; baseline 0 -16"><span class='ocrx_word' id='word_1_284' title='bbox 222 3610 589 3681; x_wconf 77' lang='lat' dir='ltr'><strong>languescunt</strong></span> <span class='ocrx_word' id='word_1_285' title='bbox 618 3612 670 3665; x_wconf 91' lang='lat' dir='ltr'><strong>in</strong></span> <span class='ocrx_word' id='word_1_286' title='bbox 697 3611 918 3676; x_wconf 86' lang='lat' dir='ltr'><strong>orando,</strong></span> <span class='ocrx_word' id='word_1_287' title='bbox 950 3620 1001 3666; x_wconf 79' lang='lat' dir='ltr'><strong>ct</strong></span> <span class='ocrx_word' id='word_1_288' title='bbox 1032 3610 1084 3665; x_wconf 91' lang='lat' dir='ltr'><strong>iu</strong></span> <span class='ocrx_word' id='word_1_289' title='bbox 1127 3610 1358 3664; x_wconf 75' lang='lat' dir='ltr'><strong>novitate</strong></span> <span class='ocrx_word' id='word_1_290' title='bbox 1384 3625 1494 3664; x_wconf 69' lang='lat' dir='ltr'><strong>sum</strong></span> <span class='ocrx_word' id='word_1_291' title='bbox 1523 3626 1831 3666; x_wconf 81' lang='lat' dir='ltr'><strong>converso-</strong></span> 
     </span>
    </p>
   </div>
   <div class='ocr_carea' id='block_1_36' title="bbox 220 3702 1829 3773">
    <p class='ocr_par' dir='ltr' id='par_1_36' title="bbox 220 3702 1829 3773">
     <span class='ocr_line' id='line_1_36' title="bbox 220 3702 1829 3773; baseline -0.001 -13"><span class='ocrx_word' id='word_1_292' title='bbox 220 3705 306 3760; x_wconf 59' lang='lat' dir='ltr'><strong>nis‘</strong></span> <span class='ocrx_word' id='word_1_293' title='bbox 338 3704 617 3761; x_wconf 80' lang='lat' dir='ltr'><strong>ferventer</strong></span> <span class='ocrx_word' id='word_1_294' title='bbox 640 3715 814 3767; x_wconf 77' lang='lat' dir='ltr'><strong>orant,</strong></span> <span class='ocrx_word' id='word_1_295' title='bbox 861 3714 1042 3773; x_wconf 87' lang='lat' dir='ltr'><strong>postea</strong></span> <span class='ocrx_word' id='word_1_296' title='bbox 1079 3702 1356 3773; x_wconf 88' lang='lat' dir='ltr'><strong>languide,</strong></span> <span class='ocrx_word' id='word_1_297' title='bbox 1405 3717 1586 3769; x_wconf 70' lang='lat' dir='ltr'><strong>pos&#39;ea</strong></span> <span class='ocrx_word' id='word_1_298' title='bbox 1621 3702 1829 3772; x_wconf 79' lang='lat' dir='ltr'><strong>frigide,</strong></span> 
     </span>
    </p>
   </div>
   <div class='ocr_carea' id='block_1_37' title="bbox 224 3793 1826 3865">
    <p class='ocr_par' dir='ltr' id='par_1_37' title="bbox 224 3793 1826 3865">
     <span class='ocr_line' id='line_1_37' title="bbox 224 3793 1826 3865; baseline 0.002 -20"><span class='ocrx_word' id='word_1_299' title='bbox 224 3806 414 3865; x_wconf 67' lang='lat' dir='ltr'><strong>pistea</strong></span> <span class='ocrx_word' id='word_1_300' title='bbox 445 3795 815 3865; x_wconf 74' lang='lat' dir='ltr'><strong>negligenter:</strong></span> <span class='ocrx_word' id='word_1_301' title='bbox 848 3793 995 3863; x_wconf 82' lang='lat' dir='ltr'><strong>quasi</strong></span> <span class='ocrx_word' id='word_1_302' title='bbox 1018 3795 1190 3848; x_wconf 73' lang='lat' dir='ltr'><strong>securi</strong></span> <span class='ocrx_word' id='word_1_303' title='bbox 1223 3793 1368 3846; x_wconf 82' lang='lat' dir='ltr'><strong>ﬁttut.</strong></span> <span class='ocrx_word' id='word_1_304' title='bbox 1401 3793 1581 3862; x_wconf 73' lang='lat' dir='ltr'><strong>Vigilat</strong></span> <span class='ocrx_word' id='word_1_305' title='bbox 1619 3794 1783 3848; x_wconf 78' lang='lat' dir='ltr'><strong>ho~tis</strong></span> <span class='ocrx_word' id='word_1_306' title='bbox 1812 3810 1826 3848; x_wconf 90' lang='lat'><strong>:</strong></span> 
     </span>
    </p>
   </div>
   <div class='ocr_carea' id='block_1_38' title="bbox 221 3885 1829 3958">
    <p class='ocr_par' dir='ltr' id='par_1_38' title="bbox 221 3885 1829 3958">
     <span class='ocr_line' id='line_1_38' title="bbox 221 3885 1829 3958; baseline -0.001 -15"><span class='ocrx_word' id='word_1_307' title='bbox 221 3886 435 3943; x_wconf 85' lang='lat' dir='ltr'><strong>dormis</strong></span> <span class='ocrx_word' id='word_1_308' title='bbox 458 3897 534 3941; x_wconf 91' lang='lat' dir='ltr'><strong>tn.</strong></span> <span class='ocrx_word' id='word_1_309' title='bbox 564 3886 680 3958; x_wconf 70' lang='lat' dir='ltr'><strong>Ipse</strong></span> <span class='ocrx_word' id='word_1_310' title='bbox 710 3887 962 3941; x_wconf 87' lang='lat' dir='ltr'><strong>Dominus</strong></span> <span class='ocrx_word' id='word_1_311' title='bbox 982 3885 1237 3956; x_wconf 55' lang='lat' dir='ltr'><strong>praecepit</strong></span> <span class='ocrx_word' id='word_1_312' title='bbox 1269 3885 1318 3937; x_wconf 91' lang='lat' dir='ltr'><strong>in</strong></span> <span class='ocrx_word' id='word_1_313' title='bbox 1352 3885 1677 3955; x_wconf 66' lang='lat' dir='ltr'><strong>Etaugelio;</strong></span> <span class='ocrx_word' id='word_1_314' title='bbox 1710 3888 1829 3957; x_wconf 87' lang='lat' dir='ltr'><strong>quia</strong></span> 
     </span>
    </p>
   </div>
   <div class='ocr_carea' id='block_1_39' title="bbox 222 3977 1827 4051">
    <p class='ocr_par' dir='ltr' id='par_1_39' title="bbox 222 3977 1827 4051">
     <span class='ocr_line' id='line_1_39' title="bbox 222 3977 1827 4051; baseline -0.002 -15"><span class='ocrx_word' id='word_1_315' title='bbox 222 3991 423 4051; x_wconf 85' lang='lat' dir='ltr'><strong>oportet</strong></span> <span class='ocrx_word' id='word_1_316' title='bbox 447 3996 646 4049; x_wconf 77' lang='lat' dir='ltr'><strong>seraper</strong></span> <span class='ocrx_word' id='word_1_317' title='bbox 664 3996 829 4041; x_wconf 88' lang='lat' dir='ltr'><strong>orare,</strong></span> <span class='ocrx_word' id='word_1_318' title='bbox 856 3989 901 4032; x_wconf 87' lang='lat' dir='ltr'><strong>et</strong></span> <span class='ocrx_word' id='word_1_319' title='bbox 932 3995 1033 4031; x_wconf 90' lang='lat' dir='ltr'><strong>non</strong></span> <span class='ocrx_word' id='word_1_320' title='bbox 1053 3977 1283 4045; x_wconf 79' lang='lat' dir='ltr'><strong>deﬁcere.</strong></span> <span class='ocrx_word' id='word_1_321' title='bbox 1326 3977 1389 4031; x_wconf 81' lang='lat' dir='ltr'><strong>Et</strong></span> <span class='ocrx_word' id='word_1_322' title='bbox 1416 3978 1504 4031; x_wconf 80' lang='lat' dir='ltr'><strong>dat</strong></span> <span class='ocrx_word' id='word_1_323' title='bbox 1528 3978 1827 4032; x_wconf 83' lang='lat' dir='ltr'><strong>similitudi-</strong></span> 
     </span>
    </p>
   </div>
   <div class='ocr_carea' id='block_1_40' title="bbox 222 4069 1827 4141">
    <p class='ocr_par' dir='ltr' id='par_1_40' title="bbox 222 4069 1827 4141">
     <span class='ocr_line' id='line_1_40' title="bbox 222 4069 1827 4141; baseline -0.002 -13"><span class='ocrx_word' id='word_1_324' title='bbox 222 4088 347 4128; x_wconf 81' lang='lat' dir='ltr'><strong>nem</strong></span> <span class='ocrx_word' id='word_1_325' title='bbox 376 4072 448 4129; x_wconf 81' lang='lat' dir='ltr'><strong>de</strong></span> <span class='ocrx_word' id='word_1_326' title='bbox 477 4073 569 4128; x_wconf 83' lang='lat' dir='ltr'><strong>illo</strong></span> <span class='ocrx_word' id='word_1_327' title='bbox 594 4072 773 4141; x_wconf 91' lang='lat' dir='ltr'><strong>iniquo</strong></span> <span class='ocrx_word' id='word_1_328' title='bbox 794 4070 994 4138; x_wconf 82' lang='lat' dir='ltr'><strong>judice,</strong></span> <span class='ocrx_word' id='word_1_329' title='bbox 1022 4070 1109 4137; x_wconf 87' lang='lat' dir='ltr'><strong>qui</strong></span> <span class='ocrx_word' id='word_1_330' title='bbox 1141 4086 1236 4124; x_wconf 87' lang='lat' dir='ltr'><strong>nec</strong></span> <span class='ocrx_word' id='word_1_331' title='bbox 1260 4069 1423 4123; x_wconf 88' lang='lat' dir='ltr'><strong>Deum</strong></span> <span class='ocrx_word' id='word_1_332' title='bbox 1453 4069 1695 4133; x_wconf 80' lang='lat' dir='ltr'><strong>timebat.</strong></span> <span class='ocrx_word' id='word_1_333' title='bbox 1729 4085 1827 4125; x_wconf 88' lang='lat' dir='ltr'><strong>nec</strong></span> 
     </span>
    </p>
   </div>
   <div class='ocr_carea' id='block_1_41' title="bbox 222 4163 1824 4235">
    <p class='ocr_par' dir='ltr' id='par_1_41' title="bbox 222 4163 1824 4235">
     <span class='ocr_line' id='line_1_41' title="bbox 222 4163 1824 4235; baseline -0.002 -14"><span class='ocrx_word' id='word_1_334' title='bbox 222 4165 505 4222; x_wconf 84' lang='lat' dir='ltr'><strong>hmuinem</strong></span> <span class='ocrx_word' id='word_1_335' title='bbox 539 4166 913 4230; x_wconf 81' lang='lat' dir='ltr'><strong>reverebautr;</strong></span> <span class='ocrx_word' id='word_1_336' title='bbox 954 4179 1113 4235; x_wconf 82' lang='lat' dir='ltr'><strong>quem</strong></span> <span class='ocrx_word' id='word_1_337' title='bbox 1147 4163 1520 4231; x_wconf 73' lang='lat' dir='ltr'><strong>interpeLlahat</strong></span> <span class='ocrx_word' id='word_1_338' title='bbox 1549 4164 1635 4217; x_wconf 87' lang='lat' dir='ltr'><strong>illa</strong></span> <span class='ocrx_word' id='word_1_339' title='bbox 1668 4163 1824 4218; x_wconf 89' lang='lat' dir='ltr'><strong>vidua</strong></span> 
     </span>
    </p>
   </div>
   <div class='ocr_carea' id='block_1_42' title="bbox 222 4255 1822 4330">
    <p class='ocr_par' dir='ltr' id='par_1_42' title="bbox 222 4255 1822 4330">
     <span class='ocr_line' id='line_1_42' title="bbox 222 4255 1822 4330; baseline 0.001 -21"><span class='ocrx_word' id='word_1_340' title='bbox 222 4258 468 4330; x_wconf 82' lang='lat' dir='ltr'><strong>quotidie</strong></span> <span class='ocrx_word' id='word_1_341' title='bbox 509 4267 564 4311; x_wconf 93' lang='lat' dir='ltr'><strong>ut</strong></span> <span class='ocrx_word' id='word_1_342' title='bbox 597 4257 801 4312; x_wconf 82' lang='lat' dir='ltr'><strong>audiret</strong></span> <span class='ocrx_word' id='word_1_343' title='bbox 826 4272 943 4311; x_wconf 85' lang='lat' dir='ltr'><strong>eam</strong></span> <span class='ocrx_word' id='word_1_344' title='bbox 976 4274 990 4309; x_wconf 89' lang='lat'><strong><em>:</em></strong></span> <span class='ocrx_word' id='word_1_345' title='bbox 1022 4268 1073 4312; x_wconf 89' lang='lat' dir='ltr'><strong>et</strong></span> <span class='ocrx_word' id='word_1_346' title='bbox 1099 4256 1259 4310; x_wconf 65' lang='lat' dir='ltr'><strong>cessit</strong></span> <span class='ocrx_word' id='word_1_347' title='bbox 1290 4255 1447 4311; x_wconf 80' lang='lat' dir='ltr'><strong>t.t-d.o</strong></span> <span class='ocrx_word' id='word_1_348' title='bbox 1472 4256 1559 4325; x_wconf 89' lang='lat' dir='ltr'><strong>qui</strong></span> <span class='ocrx_word' id='word_1_349' title='bbox 1588 4271 1693 4309; x_wconf 71' lang='lat' dir='ltr'><strong>non</strong></span> <span class='ocrx_word' id='word_1_350' title='bbox 1725 4258 1822 4310; x_wconf 87' lang='lat' dir='ltr'><strong>lle-</strong></span> 
     </span>
    </p>
   </div>
   <div class='ocr_carea' id='block_1_43' title="bbox 223 4349 1819 4421">
    <p class='ocr_par' dir='ltr' id='par_1_43' title="bbox 223 4349 1819 4421">
     <span class='ocr_line' id='line_1_43' title="bbox 223 4349 1819 4421; baseline 0 -16"><span class='ocrx_word' id='word_1_351' title='bbox 223 4351 474 4407; x_wconf 86' lang='lat' dir='ltr'><strong>ctebatur</strong></span> <span class='ocrx_word' id='word_1_352' title='bbox 505 4351 975 4416; x_wconf 66' lang='lat' dir='ltr'><strong>misi-ricordia;et</strong></span> <span class='ocrx_word' id='word_1_353' title='bbox 1001 4350 1194 4404; x_wconf 86' lang='lat' dir='ltr'><strong>aitsibi</strong></span> <span class='ocrx_word' id='word_1_354' title='bbox 1212 4349 1373 4420; x_wconf 79' lang='lat' dir='ltr'><strong>judex</strong></span> <span class='ocrx_word' id='word_1_355' title='bbox 1404 4365 1670 4421; x_wconf 71' lang='lat' dir='ltr'><strong>nequam:</strong></span> <span class='ocrx_word' id='word_1_356' title='bbox 1706 4368 1723 4399; x_wconf 73' lang='grc' dir='ltr'><strong>ι</strong></span> <span class='ocrx_word' id='word_1_357' title='bbox 1765 4350 1819 4405; x_wconf 90' lang='lat' dir='ltr'><strong>Si</strong></span> 
     </span>
    </p>
   </div>
   <div class='ocr_carea' id='block_1_44' title="bbox 224 4435 1821 4515">
    <p class='ocr_par' dir='ltr' id='par_1_44' title="bbox 224 4435 1821 4515">
     <span class='ocr_line' id='line_1_44' title="bbox 224 4435 1821 4515; baseline 0.001 -16"><span class='ocrx_word' id='word_1_358' title='bbox 224 4459 327 4501; x_wconf 90' lang='lat' dir='ltr'><strong>nec</strong></span> <span class='ocrx_word' id='word_1_359' title='bbox 353 4444 525 4500; x_wconf 88' lang='lat' dir='ltr'><strong>Deum</strong></span> <span class='ocrx_word' id='word_1_360' title='bbox 554 4444 731 4508; x_wconf 88' lang='lat' dir='ltr'><strong>timeo,</strong></span> <span class='ocrx_word' id='word_1_361' title='bbox 762 4458 859 4498; x_wconf 87' lang='lat' dir='ltr'><strong>nec</strong></span> <span class='ocrx_word' id='word_1_362' title='bbox 900 4444 1143 4498; x_wconf 79' lang='lat' dir='ltr'><strong>homines</strong></span> <span class='ocrx_word' id='word_1_363' title='bbox 1180 4458 1463 4508; x_wconf 88' lang='lat' dir='ltr'><strong>revereor;</strong></span> <span class='ocrx_word' id='word_1_364' title='bbox 1491 4435 1575 4499; x_wconf 77' lang='lat' dir='ltr'><strong>vel</strong></span> <span class='ocrx_word' id='word_1_365' title='bbox 1602 4453 1821 4515; x_wconf 87' lang='lat' dir='ltr'><strong>propter</strong></span> 
     </span>
    </p>
   </div>
   <div class='ocr_carea' id='block_1_45' title="bbox 227 4536 1817 4608">
    <p class='ocr_par' dir='ltr' id='par_1_45' title="bbox 227 4536 1817 4608">
     <span class='ocr_line' id='line_1_45' title="bbox 227 4536 1817 4608; baseline 0 -16"><span class='ocrx_word' id='word_1_366' title='bbox 227 4537 446 4594; x_wconf 77' lang='lat' dir='ltr'><strong>ta-dium</strong></span> <span class='ocrx_word' id='word_1_367' title='bbox 489 4538 628 4605; x_wconf 87' lang='lat' dir='ltr'><strong>quod</strong></span> <span class='ocrx_word' id='word_1_368' title='bbox 657 4536 782 4593; x_wconf 87' lang='lat' dir='ltr'><strong>mihi</strong></span> <span class='ocrx_word' id='word_1_369' title='bbox 813 4536 1049 4608; x_wconf 84' lang='lat' dir='ltr'><strong>quotidie</strong></span> <span class='ocrx_word' id='word_1_370' title='bbox 1082 4536 1209 4592; x_wconf 79' lang='lat' dir='ltr'><strong>facit</strong></span> <span class='ocrx_word' id='word_1_371' title='bbox 1236 4537 1348 4592; x_wconf 63' lang='lat' dir='ltr'><strong>haec</strong></span> <span class='ocrx_word' id='word_1_372' title='bbox 1385 4536 1563 4596; x_wconf 86' lang='lat' dir='ltr'><strong>vidua,</strong></span> <span class='ocrx_word' id='word_1_373' title='bbox 1606 4536 1817 4592; x_wconf 71' lang='lat' dir='ltr'><strong>audiam</strong></span> 
     </span>
    </p>
   </div>
   <div class='ocr_carea' id='block_1_46' title="bbox 226 4627 1817 4697">
    <p class='ocr_par' dir='ltr' id='par_1_46' title="bbox 226 4627 1817 4697">
     <span class='ocr_line' id='line_1_46' title="bbox 226 4627 1817 4697; baseline -0.001 -12"><span class='ocrx_word' id='word_1_374' title='bbox 226 4641 445 4685; x_wconf 84' lang='lat' dir='ltr'><strong>causam</strong></span> <span class='ocrx_word' id='word_1_375' title='bbox 486 4628 622 4697; x_wconf 86' lang='lat' dir='ltr'><strong>ejus,</strong></span> <span class='ocrx_word' id='word_1_376' title='bbox 646 4637 701 4682; x_wconf 89' lang='lat' dir='ltr'><strong>et</strong></span> <span class='ocrx_word' id='word_1_377' title='bbox 734 4627 1011 4684; x_wconf 70' lang='lat' dir='ltr'><strong>VludlCubO</strong></span> <span class='ocrx_word' id='word_1_378' title='bbox 1039 4642 1181 4682; x_wconf 89' lang='lat' dir='ltr'><strong>eam.</strong></span> <span class='ocrx_word' id='word_1_379' title='bbox 1234 4627 1301 4683; x_wconf 87' lang='lat' dir='ltr'><strong>Et</strong></span> <span class='ocrx_word' id='word_1_380' title='bbox 1326 4628 1400 4682; x_wconf 86' lang='lat' dir='ltr'><strong>ait</strong></span> <span class='ocrx_word' id='word_1_381' title='bbox 1440 4629 1731 4683; x_wconf 71' lang='lat' dir='ltr'><strong>Dominus:</strong></span> <span class='ocrx_word' id='word_1_382' title='bbox 1761 4629 1817 4685; x_wconf 92' lang='lat' dir='ltr'><strong>Si</strong></span> 
     </span>
    </p>
   </div>
   <div class='ocr_carea' id='block_1_47' title="bbox 222 4717 1818 4789">
    <p class='ocr_par' dir='ltr' id='par_1_47' title="bbox 222 4717 1818 4789">
     <span class='ocr_line' id='line_1_47' title="bbox 222 4717 1818 4789; baseline 0.003 -17"><span class='ocrx_word' id='word_1_383' title='bbox 222 4719 384 4789; x_wconf 75' lang='lat' dir='ltr'><strong>iudex</strong></span> <span class='ocrx_word' id='word_1_384' title='bbox 427 4734 656 4789; x_wconf 85' lang='lat' dir='ltr'><strong>nequam</strong></span> <span class='ocrx_word' id='word_1_385' title='bbox 690 4718 790 4773; x_wconf 94' lang='lat' dir='ltr'><strong>hoc</strong></span> <span class='ocrx_word' id='word_1_386' title='bbox 818 4717 962 4784; x_wconf 83' lang='lat' dir='ltr'><strong>fecit,</strong></span> <span class='ocrx_word' id='word_1_387' title='bbox 994 4717 1154 4774; x_wconf 85' lang='lat' dir='ltr'><strong>Pater</strong></span> <span class='ocrx_word' id='word_1_388' title='bbox 1191 4729 1369 4776; x_wconf 85' lang='lat' dir='ltr'><strong>vester</strong></span> <span class='ocrx_word' id='word_1_389' title='bbox 1396 4736 1502 4775; x_wconf 90' lang='lat' dir='ltr'><strong>non</strong></span> <span class='ocrx_word' id='word_1_390' title='bbox 1530 4720 1818 4777; x_wconf 70' lang='lat' dir='ltr'><strong>vindicabit</strong></span> 
     </span>
    </p>
   </div>
   <div class='ocr_carea' id='block_1_48' title="bbox 227 4810 1815 4883">
    <p class='ocr_par' dir='ltr' id='par_1_48' title="bbox 227 4810 1815 4883">
     <span class='ocr_line' id='line_1_48' title="bbox 227 4810 1815 4883; baseline 0.004 -18"><span class='ocrx_word' id='word_1_391' title='bbox 227 4811 427 4866; x_wconf 81' lang='lat' dir='ltr'><strong>electos</strong></span> <span class='ocrx_word' id='word_1_392' title='bbox 454 4825 583 4864; x_wconf 89' lang='lat' dir='ltr'><strong>suos</strong></span> <span class='ocrx_word' id='word_1_393' title='bbox 601 4812 686 4883; x_wconf 92' lang='lat' dir='ltr'><strong>qui</strong></span> <span class='ocrx_word' id='word_1_394' title='bbox 715 4811 779 4865; x_wconf 86' lang='lat' dir='ltr'><strong>ad</strong></span> <span class='ocrx_word' id='word_1_395' title='bbox 802 4826 921 4865; x_wconf 87' lang='lat' dir='ltr'><strong>eum</strong></span> <span class='ocrx_word' id='word_1_396' title='bbox 942 4810 1172 4865; x_wconf 85' lang='lat' dir='ltr'><strong>clamant</strong></span> <span class='ocrx_word' id='word_1_397' title='bbox 1189 4810 1279 4867; x_wconf 89' lang='lat' dir='ltr'><strong>die</strong></span> <span class='ocrx_word' id='word_1_398' title='bbox 1301 4826 1363 4867; x_wconf 89' lang='lat' dir='ltr'><strong>ac</strong></span> <span class='ocrx_word' id='word_1_399' title='bbox 1390 4813 1582 4869; x_wconf 86' lang='lat' dir='ltr'><strong>nocte?</strong></span> <span class='ocrx_word' id='word_1_400' title='bbox 1607 4812 1677 4868; x_wconf 86' lang='lat' dir='ltr'><strong>Ita</strong></span> <span class='ocrx_word' id='word_1_401' title='bbox 1696 4814 1815 4871; x_wconf 87' lang='lat' dir='ltr'><strong>dico</strong></span> 
     </span>
    </p>
   </div>
   <div class='ocr_carea' id='block_1_49' title="bbox 225 4900 1809 4975">
    <p class='ocr_par' dir='ltr' id='par_1_49' title="bbox 225 4900 1809 4975">
     <span class='ocr_line' id='line_1_49' title="bbox 225 4900 1809 4975; baseline 0.005 -22"><span class='ocrx_word' id='word_1_402' title='bbox 225 4903 409 4966; x_wconf 81' lang='lat' dir='ltr'><strong>vobis;</strong></span> <span class='ocrx_word' id='word_1_403' title='bbox 434 4901 594 4956; x_wconf 83' lang='lat' dir='ltr'><strong>faciet</strong></span> <span class='ocrx_word' id='word_1_404' title='bbox 614 4901 868 4971; x_wconf 83' lang='lat' dir='ltr'><strong>judicium</strong></span> <span class='ocrx_word' id='word_1_405' title='bbox 896 4918 1082 4956; x_wconf 87' lang='lat' dir='ltr'><strong>eorum</strong></span> <span class='ocrx_word' id='word_1_406' title='bbox 1103 4902 1209 4957; x_wconf 90' lang='lat' dir='ltr'><strong>cito</strong></span> <span class='ocrx_word' id='word_1_407' title='bbox 1239 4922 1258 4954; x_wconf 78' lang='grc' dir='ltr'><strong>ι</strong></span> <span class='ocrx_word' id='word_1_408' title='bbox 1293 4900 1445 4971; x_wconf 85' lang='lat' dir='ltr'><strong>(Luc.</strong></span> <span class='ocrx_word' id='word_1_409' title='bbox 1483 4919 1610 4958; x_wconf 75' lang='lat' dir='ltr'><strong>svnt</strong></span> <span class='ocrx_word' id='word_1_410' title='bbox 1632 4946 1648 4968; x_wconf 82' lang='lat'><strong>,</strong></span> <span class='ocrx_word' id='word_1_411' title='bbox 1674 4906 1809 4975; x_wconf 85' lang='grc'><strong>1-8).</strong></span> 
     </span>
    </p>
   </div>
   <div class='ocr_carea' id='block_1_50' title="bbox 228 4991 1813 5065">
    <p class='ocr_par' dir='ltr' id='par_1_50' title="bbox 228 4991 1813 5065">
     <span class='ocr_line' id='line_1_50' title="bbox 228 4991 1813 5065; baseline 0.003 -18"><span class='ocrx_word' id='word_1_412' title='bbox 228 4991 370 5064; x_wconf 82' lang='lat' dir='ltr'><strong>Ergo</strong></span> <span class='ocrx_word' id='word_1_413' title='bbox 390 5011 497 5049; x_wconf 89' lang='lat' dir='ltr'><strong>non</strong></span> <span class='ocrx_word' id='word_1_414' title='bbox 524 4994 833 5049; x_wconf 83' lang='lat' dir='ltr'><strong>deﬁciamus</strong></span> <span class='ocrx_word' id='word_1_415' title='bbox 863 4996 913 5049; x_wconf 90' lang='lat' dir='ltr'><strong>itt</strong></span> <span class='ocrx_word' id='word_1_416' title='bbox 938 4996 1201 5049; x_wconf 86' lang='lat' dir='ltr'><strong>oratione.</strong></span> <span class='ocrx_word' id='word_1_417' title='bbox 1232 4994 1325 5049; x_wconf 82' lang='lat' dir='ltr'><strong>Ille</strong></span> <span class='ocrx_word' id='word_1_418' title='bbox 1351 4998 1490 5065; x_wconf 88' lang='lat' dir='ltr'><strong>quod</strong></span> <span class='ocrx_word' id='word_1_419' title='bbox 1525 5013 1813 5054; x_wconf 67' lang='lat' dir='ltr'><strong>concessu-</strong></span> 
     </span>
    </p>
   </div>
   <div class='ocr_carea' id='block_1_51' title="bbox 227 5085 1811 5159">
    <p class='ocr_par' dir='ltr' id='par_1_51' title="bbox 227 5085 1811 5159">
     <span class='ocr_line' id='line_1_51' title="bbox 227 5085 1811 5159; baseline 0.006 -22"><span class='ocrx_word' id='word_1_420' title='bbox 227 5098 317 5138; x_wconf 83' lang='lat' dir='ltr'><strong>rus</strong></span> <span class='ocrx_word' id='word_1_421' title='bbox 337 5094 442 5149; x_wconf 82' lang='lat' dir='ltr'><strong>est,</strong></span> <span class='ocrx_word' id='word_1_422' title='bbox 462 5087 559 5140; x_wconf 86' lang='lat' dir='ltr'><strong>etsi</strong></span> <span class='ocrx_word' id='word_1_423' title='bbox 581 5086 775 5152; x_wconf 71' lang='lat' dir='ltr'><strong>dilicrt,</strong></span> <span class='ocrx_word' id='word_1_424' title='bbox 803 5102 906 5141; x_wconf 93' lang='lat' dir='ltr'><strong>non</strong></span> <span class='ocrx_word' id='word_1_425' title='bbox 929 5085 1101 5141; x_wconf 84' lang='lat' dir='ltr'><strong>aul&#39;ert</strong></span> <span class='ocrx_word' id='word_1_426' title='bbox 1124 5104 1139 5140; x_wconf 89' lang='lat'><strong>:</strong></span> <span class='ocrx_word' id='word_1_427' title='bbox 1162 5087 1336 5142; x_wconf 75' lang='lat' dir='ltr'><strong>securi</strong></span> <span class='ocrx_word' id='word_1_428' title='bbox 1352 5087 1419 5142; x_wconf 58' lang='lat' dir='ltr'><strong>de</strong></span> <span class='ocrx_word' id='word_1_429' title='bbox 1436 5090 1811 5159; x_wconf 42' lang='lat' dir='ltr'><strong>pellicit-tione</strong></span> 
     </span>
    </p>
   </div>
   <div class='ocr_carea' id='block_1_52' title="bbox 228 5173 1810 5244">
    <p class='ocr_par' dir='ltr' id='par_1_52' title="bbox 228 5173 1810 5244">
     <span class='ocr_line' id='line_1_52' title="bbox 228 5173 1810 5244; baseline 0.007 -15"><span class='ocrx_word' id='word_1_430' title='bbox 228 5173 392 5244; x_wconf 87' lang='lat' dir='ltr'><strong>ipsius</strong></span> <span class='ocrx_word' id='word_1_431' title='bbox 432 5192 539 5232; x_wconf 89' lang='lat' dir='ltr'><strong>nou</strong></span> <span class='ocrx_word' id='word_1_432' title='bbox 586 5178 894 5234; x_wconf 79' lang='lat' dir='ltr'><strong>deﬁciamus</strong></span> <span class='ocrx_word' id='word_1_433' title='bbox 939 5179 1177 5244; x_wconf 86' lang='lat' dir='ltr'><strong>orando;</strong></span> <span class='ocrx_word' id='word_1_434' title='bbox 1222 5190 1277 5235; x_wconf 89' lang='lat' dir='ltr'><strong>et</strong></span> <span class='ocrx_word' id='word_1_435' title='bbox 1320 5182 1417 5234; x_wconf 87' lang='lat' dir='ltr'><strong>hoc</strong></span> <span class='ocrx_word' id='word_1_436' title='bbox 1446 5195 1510 5235; x_wconf 73' lang='lat' dir='ltr'><strong>ex</strong></span> <span class='ocrx_word' id='word_1_437' title='bbox 1554 5182 1810 5240; x_wconf 83' lang='lat' dir='ltr'><strong>beneﬁcio</strong></span> 
     </span>
    </p>
   </div>
   <div class='ocr_carea' id='block_1_53' title="bbox 226 5264 1808 5345">
    <p class='ocr_par' dir='ltr' id='par_1_53' title="bbox 226 5264 1808 5345">
     <span class='ocr_line' id='line_1_53' title="bbox 226 5264 1808 5345; baseline 0.006 -27"><span class='ocrx_word' id='word_1_438' title='bbox 226 5264 392 5334; x_wconf 85' lang='lat' dir='ltr'><strong>ipsius</strong></span> <span class='ocrx_word' id='word_1_439' title='bbox 412 5276 513 5322; x_wconf 89' lang='lat' dir='ltr'><strong>est.</strong></span> <span class='ocrx_word' id='word_1_440' title='bbox 547 5267 831 5336; x_wconf 81' lang='lat' dir='ltr'><strong>Propterea</strong></span> <span class='ocrx_word' id='word_1_441' title='bbox 853 5268 987 5323; x_wconf 75' lang='lat' dir='ltr'><strong>dixit</strong></span> <span class='ocrx_word' id='word_1_442' title='bbox 1015 5288 1029 5324; x_wconf 88' lang='lat'><strong>:</strong></span> <span class='ocrx_word' id='word_1_443' title='bbox 1058 5268 1356 5326; x_wconf 71' lang='lat' dir='ltr'><strong>Benedictus</strong></span> <span class='ocrx_word' id='word_1_444' title='bbox 1388 5270 1521 5326; x_wconf 55' lang='lat' dir='ltr'><strong>Dius</strong></span> <span class='ocrx_word' id='word_1_445' title='bbox 1541 5289 1698 5337; x_wconf 86' lang='lat' dir='ltr'><strong>meus,</strong></span> <span class='ocrx_word' id='word_1_446' title='bbox 1722 5275 1808 5345; x_wconf 84' lang='lat' dir='ltr'><strong>qui</strong></span> 
     </span>
    </p>
   </div>
   <div class='ocr_carea' id='block_1_54' title="bbox 228 5362 1805 5431">
    <p class='ocr_par' dir='ltr' id='par_1_54' title="bbox 228 5362 1805 5431">
     <span class='ocr_line' id='line_1_54' title="bbox 228 5362 1805 5431; baseline 0.01 -23"><span class='ocrx_word' id='word_1_447' title='bbox 228 5374 323 5413; x_wconf 87' lang='lat' dir='ltr'><strong>non</strong></span> <span class='ocrx_word' id='word_1_448' title='bbox 353 5362 540 5415; x_wconf 78' lang='lat' dir='ltr'><strong>amovit</strong></span> <span class='ocrx_word' id='word_1_449' title='bbox 563 5362 958 5431; x_wconf 82' lang='lat' dir='ltr'><strong>deprecationem</strong></span> <span class='ocrx_word' id='word_1_450' title='bbox 976 5380 1156 5428; x_wconf 87' lang='lat' dir='ltr'><strong>meam,</strong></span> <span class='ocrx_word' id='word_1_451' title='bbox 1182 5380 1227 5420; x_wconf 85' lang='lat' dir='ltr'><strong>et</strong></span> <span class='ocrx_word' id='word_1_452' title='bbox 1248 5364 1636 5421; x_wconf 83' lang='lat' dir='ltr'><strong>misericordiam</strong></span> <span class='ocrx_word' id='word_1_453' title='bbox 1663 5384 1805 5423; x_wconf 87' lang='lat' dir='ltr'><strong>suam</strong></span> 
     </span>
    </p>
   </div>
   <div class='ocr_carea' id='block_1_55' title="bbox 224 5451 1802 5527">
    <p class='ocr_par' dir='ltr' id='par_1_55' title="bbox 224 5451 1802 5527">
     <span class='ocr_line' id='line_1_55' title="bbox 224 5451 1802 5527; baseline 0.009 -25"><span class='ocrx_word' id='word_1_454' title='bbox 224 5465 253 5499; x_wconf 81' lang='grc' dir='ltr'><em>α</em></span> <span class='ocrx_word' id='word_1_455' title='bbox 286 5467 381 5508; x_wconf 87' lang='lat' dir='ltr'><strong>me.</strong></span> <span class='ocrx_word' id='word_1_456' title='bbox 427 5451 557 5508; x_wconf 88' lang='lat' dir='ltr'><strong>Cum</strong></span> <span class='ocrx_word' id='word_1_457' title='bbox 585 5454 783 5510; x_wconf 87' lang='lat' dir='ltr'><strong>videris</strong></span> <span class='ocrx_word' id='word_1_458' title='bbox 808 5471 912 5511; x_wconf 89' lang='lat' dir='ltr'><strong>non</strong></span> <span class='ocrx_word' id='word_1_459' title='bbox 952 5472 981 5509; x_wconf 87' lang='lat' dir='ltr'><strong>a</strong></span> <span class='ocrx_word' id='word_1_460' title='bbox 1012 5467 1066 5511; x_wconf 90' lang='lat' dir='ltr'><strong>te</strong></span> <span class='ocrx_word' id='word_1_461' title='bbox 1103 5466 1334 5513; x_wconf 88' lang='lat' dir='ltr'><strong>amotam</strong></span> <span class='ocrx_word' id='word_1_462' title='bbox 1374 5458 1802 5527; x_wconf 87' lang='lat' dir='ltr'><strong>deprecationem</strong></span> 
     </span>
    </p>
   </div>
   <div class='ocr_carea' id='block_1_56' title="bbox 230 5546 1803 5618">
    <p class='ocr_par' dir='ltr' id='par_1_56' title="bbox 230 5546 1803 5618">
     <span class='ocr_line' id='line_1_56' title="bbox 230 5546 1803 5618; baseline 0.011 -29"><span class='ocrx_word' id='word_1_463' title='bbox 230 5546 390 5607; x_wconf 86' lang='lat' dir='ltr'><strong>tuam,</strong></span> <span class='ocrx_word' id='word_1_464' title='bbox 421 5560 637 5601; x_wconf 87' lang='lat' dir='ltr'><strong>securus</strong></span> <span class='ocrx_word' id='word_1_465' title='bbox 662 5556 799 5612; x_wconf 87' lang='lat' dir='ltr'><strong>esto,</strong></span> <span class='ocrx_word' id='word_1_466' title='bbox 833 5546 955 5618; x_wconf 91' lang='lat' dir='ltr'><strong>quia</strong></span> <span class='ocrx_word' id='word_1_467' title='bbox 995 5562 1103 5604; x_wconf 85' lang='lat' dir='ltr'><strong>non</strong></span> <span class='ocrx_word' id='word_1_468' title='bbox 1140 5559 1221 5604; x_wconf 88' lang='lat' dir='ltr'><strong>cst</strong></span> <span class='ocrx_word' id='word_1_469' title='bbox 1244 5564 1273 5603; x_wconf 89' lang='lat' dir='ltr'><strong>a</strong></span> <span class='ocrx_word' id='word_1_470' title='bbox 1304 5556 1358 5605; x_wconf 87' lang='lat' dir='ltr'><strong>te</strong></span> <span class='ocrx_word' id='word_1_471' title='bbox 1379 5558 1554 5605; x_wconf 88' lang='lat' dir='ltr'><strong>amota</strong></span> <span class='ocrx_word' id='word_1_472' title='bbox 1593 5551 1803 5607; x_wconf 84' lang='lat' dir='ltr'><strong>miseri-</strong></span> 
     </span>
    </p>
   </div>
   <div class='ocr_carea' id='block_1_57' title="bbox 227 5634 558 5707">
    <p class='ocr_par' dir='ltr' id='par_1_57' title="bbox 227 5634 558 5707">
     <span class='ocr_line' id='line_1_57' title="bbox 227 5634 558 5707; baseline 0.03 -24"><span class='ocrx_word' id='word_1_473' title='bbox 227 5634 558 5707; x_wconf 55' lang='grc' dir='ltr'><strong>ωωὼώω.</strong></span> 
     </span>
    </p>
   </div>
   <div class='ocr_carea' id='block_1_58' title="bbox 230 5749 1803 5858">
    <p class='ocr_par' dir='ltr' id='par_1_58' title="bbox 230 5749 1803 5858">
     <span class='ocr_line' id='line_1_58' title="bbox 230 5749 1803 5858; baseline 0.009 -61"><span class='ocrx_word' id='word_1_474' title='bbox 230 5749 398 5858; x_wconf 54' lang='grc' dir='ltr'>ιοὲοεὴ</span> <span class='ocrx_word' id='word_1_475' title='bbox 423 5754 636 5814; x_wconf 87' lang='lat' dir='ltr'><strong>potiores</strong></span> <span class='ocrx_word' id='word_1_476' title='bbox 669 5759 775 5803; x_wconf 75' lang='lat' dir='ltr'><strong>uss.</strong></span> <span class='ocrx_word' id='word_1_477' title='bbox 796 5759 854 5804; x_wconf 81' lang='lat' dir='ltr'><strong>At</strong></span> <span class='ocrx_word' id='word_1_478' title='bbox 882 5753 995 5805; x_wconf 70' lang='lat' dir='ltr'><strong>add.</strong></span> <span class='ocrx_word' id='word_1_479' title='bbox 1019 5768 1117 5806; x_wconf 90' lang='lat' dir='ltr'><strong>non</strong></span> <span class='ocrx_word' id='word_1_480' title='bbox 1132 5754 1329 5821; x_wconf 80' lang='lat' dir='ltr'><strong>addunt,</strong></span> <span class='ocrx_word' id='word_1_481' title='bbox 1353 5769 1506 5821; x_wconf 74' lang='lat' dir='ltr'><strong>utens,</strong></span> <span class='ocrx_word' id='word_1_482' title='bbox 1524 5760 1615 5811; x_wconf 85' lang='lat' dir='ltr'><strong>nisi</strong></span> <span class='ocrx_word' id='word_1_483' title='bbox 1630 5758 1803 5811; x_wconf 82' lang='lat' dir='ltr'><strong>ultimo</strong></span> 
     </span>
    </p>
   </div>
   <div class='ocr_carea' id='block_1_59' title="bbox 288 5869 1804 5942">
    <p class='ocr_par' dir='ltr' id='par_1_59' title="bbox 288 5869 1804 5942">
     <span class='ocr_line' id='line_1_59' title="bbox 288 5869 1804 5942; baseline 0.008 -17"><span class='ocrx_word' id='word_1_484' title='bbox 288 5869 360 5933; x_wconf 76' lang='grc' dir='ltr'>(ιι)</span> <span class='ocrx_word' id='word_1_485' title='bbox 385 5880 620 5942; x_wconf 66' lang='lat' dir='ltr'><strong>etut-eset</strong></span> <span class='ocrx_word' id='word_1_486' title='bbox 641 5880 806 5942; x_wconf 76' lang='lat' dir='ltr'><strong>probae</strong></span> <span class='ocrx_word' id='word_1_487' title='bbox 827 5887 964 5942; x_wconf 74' lang='lat' dir='ltr'><strong>notae.</strong></span> <span class='ocrx_word' id='word_1_488' title='bbox 980 5888 1086 5933; x_wconf 73' lang='lat' dir='ltr'><strong>uss.</strong></span> <span class='ocrx_word' id='word_1_489' title='bbox 1110 5889 1281 5937; x_wconf 83' lang='lat' dir='ltr'><strong>carent</strong></span> <span class='ocrx_word' id='word_1_490' title='bbox 1310 5883 1535 5938; x_wconf 84' lang='lat' dir='ltr'><strong>omnibus</strong></span> <span class='ocrx_word' id='word_1_491' title='bbox 1555 5886 1617 5938; x_wconf 87' lang='lat' dir='ltr'><strong>iis</strong></span> <span class='ocrx_word' id='word_1_492' title='bbox 1649 5887 1804 5939; x_wconf 82' lang='lat' dir='ltr'><strong>versi-</strong></span> 
     </span>
    </p>
   </div>
   <div class='ocr_carea' id='block_1_60' title="bbox 231 5928 1591 6002">
    <p class='ocr_par' dir='ltr' id='par_1_60' title="bbox 231 5928 1591 6002">
     <span class='ocr_line' id='line_1_60' title="bbox 231 5928 1591 6002; baseline 0.005 -13"><span class='ocrx_word' id='word_1_493' title='bbox 231 5928 320 5982; x_wconf 66' lang='lat' dir='ltr'><strong>bus</strong></span> <span class='ocrx_word' id='word_1_494' title='bbox 338 5928 415 6002; x_wconf 57' lang='lat' dir='ltr'><strong>Qui</strong></span> <span class='ocrx_word' id='word_1_495' title='bbox 1117 5928 1183 5935; x_wconf 68' lang='grc'><strong>’“</strong></span> <span class='ocrx_word' id='word_1_496' title='bbox 1200 5928 1279 5937; x_wconf 77' lang='grc'><strong>”’”</strong></span> <span class='ocrx_word' id='word_1_497' title='bbox 1317 5928 1533 5938; x_wconf 43' lang='lat' dir='ltr'><strong>ww&quot;</strong></span> <span class='ocrx_word' id='word_1_498' title='bbox 1555 5928 1591 5975; x_wconf 68' lang='lat'><strong>&#39;3</strong></span> 
     </span>
    </p>
   </div>
   <div class='ocr_carea' id='block_1_61' title="bbox 1625 6071 1687 6082">
    <p class='ocr_par' dir='ltr' id='par_1_61' title="bbox 1625 6071 1687 6082">
     <span class='ocr_line' id='line_1_61' title="bbox 1625 6071 1687 6082; baseline 0 -2"><span class='ocrx_word' id='word_1_499' title='bbox 1625 6071 1687 6082; x_wconf 65' lang='grc' dir='ltr'><strong>,ρος</strong></span> 
     </span>
    </p>
   </div>
   <div class='ocr_carea' id='block_1_62' title="bbox 1378 460 2461 528">
    <p class='ocr_par' dir='ltr' id='par_1_62' title="bbox 1378 460 2461 528">
     <span class='ocr_line' id='line_1_62' title="bbox 1378 460 2461 528; baseline 0.013 -15"><span class='ocrx_word' id='word_1_500' title='bbox 1378 460 1772 520; x_wconf 71' lang='grc' dir='ltr'><strong>ΕΝΑΗΙὶΑΤΙΟ</strong></span> <span class='ocrx_word' id='word_1_501' title='bbox 1812 463 1879 521; x_wconf 77' lang='lat' dir='ltr'><strong>IN</strong></span> <span class='ocrx_word' id='word_1_502' title='bbox 1917 466 2233 525; x_wconf 73' lang='lat' dir='ltr'><strong>PSALMU.“</strong></span> <span class='ocrx_word' id='word_1_503' title='bbox 2278 469 2461 528; x_wconf 69' lang='lat' dir='ltr'><strong>LXVI.</strong></span> 
     </span>
    </p>
   </div>
   <div class='ocr_carea' id='block_1_63' title="bbox 3444 489 3552 547">
    <p class='ocr_par' dir='ltr' id='par_1_63' title="bbox 3444 489 3552 547">
     <span class='ocr_line' id='line_1_63' title="bbox 3444 489 3552 547; baseline 0.019 -1"><span class='ocrx_word' id='word_1_504' title='bbox 3444 489 3552 547; x_wconf 69' lang='lat'><strong>809.</strong></span> 
     </span>
    </p>
   </div>
   <div class='ocr_carea' id='block_1_64' title="bbox 1968 599 3135 628">
    <p class='ocr_par' dir='ltr' id='par_1_64' title="bbox 1968 599 3135 628">
     <span class='ocr_line' id='line_1_64' title="bbox 1968 599 3135 628; baseline 0.005 -14"><span class='ocrx_word' id='word_1_505' title='bbox 1968 599 3135 628; x_wconf 46' lang='grc' dir='ltr'><strong>Μ,-</strong></span> 
     </span>
    </p>
   </div>
   <div class='ocr_carea' id='block_1_65' title="bbox 2378 684 3106 757">
    <p class='ocr_par' dir='ltr' id='par_1_65' title="bbox 2378 684 3106 757">
     <span class='ocr_line' id='line_1_65' title="bbox 2378 684 3106 757; baseline 0.012 -10"><span class='ocrx_word' id='word_1_506' title='bbox 2378 684 2460 748; x_wconf 85' lang='lat' dir='ltr'><strong>IN</strong></span> <span class='ocrx_word' id='word_1_507' title='bbox 2497 686 2876 752; x_wconf 81' lang='lat' dir='ltr'><strong>PSALMUM</strong></span> <span class='ocrx_word' id='word_1_508' title='bbox 2907 690 3106 757; x_wconf 80' lang='lat' dir='ltr'><strong>LXVI</strong></span> 
     </span>
    </p>
   </div>
   <div class='ocr_carea' id='block_1_66' title="bbox 2526 808 2942 869">
    <p class='ocr_par' dir='ltr' id='par_1_66' title="bbox 2526 808 2942 869">
     <span class='ocr_line' id='line_1_66' title="bbox 2526 808 2942 869; baseline 0.007 -5"><span class='ocrx_word' id='word_1_509' title='bbox 2526 808 2942 869; x_wconf 78' lang='lat' dir='ltr'><strong>ENARRATIO.</strong></span> 
     </span>
    </p>
   </div>
   <div class='ocr_carea' id='block_1_67' title="bbox 2474 938 3020 984">
    <p class='ocr_par' dir='ltr' id='par_1_67' title="bbox 2474 938 3020 984">
     <span class='ocr_line' id='line_1_67' title="bbox 2474 938 3020 984; baseline 0.011 -6"><span class='ocrx_word' id='word_1_510' title='bbox 2474 938 2648 981; x_wconf 75' lang='grc' dir='ltr'>εειιιιο</span> <span class='ocrx_word' id='word_1_511' title='bbox 2688 942 2755 981; x_wconf 77' lang='lat' dir='ltr'><strong>AD</strong></span> <span class='ocrx_word' id='word_1_512' title='bbox 2796 942 3020 984; x_wconf 75' lang='lat' dir='ltr'><strong>PLEBEI.</strong></span> 
     </span>
    </p>
   </div>
   <div class='ocr_carea' id='block_1_68' title="bbox 2035 1032 3543 1113">
    <p class='ocr_par' dir='ltr' id='par_1_68' title="bbox 2035 1032 3543 1113">
     <span class='ocr_line' id='line_1_68' title="bbox 2035 1032 3543 1113; baseline 0.013 -24"><span class='ocrx_word' id='word_1_513' title='bbox 2035 1034 2087 1089; x_wconf 87' lang='grc'><strong>1.</strong></span> <span class='ocrx_word' id='word_1_514' title='bbox 2130 1032 2277 1108; x_wconf 81' lang='lat' dir='ltr'><strong>[vers.</strong></span> <span class='ocrx_word' id='word_1_515' title='bbox 2308 1034 2388 1109; x_wconf 69' lang='lat'><strong>2.]</strong></span> <span class='ocrx_word' id='word_1_516' title='bbox 2423 1036 2660 1095; x_wconf 80' lang='lat' dir='ltr'><strong>Meminit</strong></span> <span class='ocrx_word' id='word_1_517' title='bbox 2705 1039 2946 1097; x_wconf 81' lang='lat' dir='ltr'><strong>Charitas</strong></span> <span class='ocrx_word' id='word_1_518' title='bbox 2979 1043 3184 1113; x_wconf 84' lang='lat' dir='ltr'><strong>Vestra,</strong></span> <span class='ocrx_word' id='word_1_519' title='bbox 3241 1047 3293 1102; x_wconf 90' lang='lat' dir='ltr'><strong>in</strong></span> <span class='ocrx_word' id='word_1_520' title='bbox 3335 1048 3543 1109; x_wconf 80' lang='lat' dir='ltr'><strong>duobus</strong></span> 
     </span>
    </p>
   </div>
   <div class='ocr_carea' id='block_1_69' title="bbox 1962 1125 3540 1199">
    <p class='ocr_par' dir='ltr' id='par_1_69' title="bbox 1962 1125 3540 1199">
     <span class='ocr_line' id='line_1_69' title="bbox 1962 1125 3540 1199; baseline 0.011 -20"><span class='ocrx_word' id='word_1_521' title='bbox 1962 1125 2180 1197; x_wconf 86' lang='lat' dir='ltr'><strong>psalmis</strong></span> <span class='ocrx_word' id='word_1_522' title='bbox 2216 1126 2306 1199; x_wconf 88' lang='lat' dir='ltr'><strong>qui</strong></span> <span class='ocrx_word' id='word_1_523' title='bbox 2345 1128 2453 1197; x_wconf 90' lang='lat' dir='ltr'><strong>jam</strong></span> <span class='ocrx_word' id='word_1_524' title='bbox 2485 1132 2690 1185; x_wconf 86' lang='lat' dir='ltr'><strong>tractati</strong></span> <span class='ocrx_word' id='word_1_525' title='bbox 2722 1142 2866 1198; x_wconf 89' lang='lat' dir='ltr'><strong>sunt,</strong></span> <span class='ocrx_word' id='word_1_526' title='bbox 2900 1134 3210 1193; x_wconf 79' lang='lat' dir='ltr'><strong>exhortatos</strong></span> <span class='ocrx_word' id='word_1_527' title='bbox 3249 1155 3345 1195; x_wconf 89' lang='lat' dir='ltr'><strong>nos</strong></span> <span class='ocrx_word' id='word_1_528' title='bbox 3379 1141 3540 1198; x_wconf 78' lang='lat' dir='ltr'><strong>fuisse</strong></span> 
     </span>
    </p>
   </div>
   <div class='ocr_carea' id='block_1_70' title="bbox 1959 1216 3539 1304">
    <p class='ocr_par' dir='ltr' id='par_1_70' title="bbox 1959 1216 3539 1304">
     <span class='ocr_line' id='line_1_70' title="bbox 1959 1216 3539 1304; baseline 0.013 -34"><span class='ocrx_word' id='word_1_529' title='bbox 1959 1216 2190 1273; x_wconf 89' lang='lat' dir='ltr'><strong>animam</strong></span> <span class='ocrx_word' id='word_1_530' title='bbox 2231 1228 2469 1274; x_wconf 83' lang='lat' dir='ltr'><strong>nostram</strong></span> <span class='ocrx_word' id='word_1_531' title='bbox 2508 1229 2568 1275; x_wconf 93' lang='lat' dir='ltr'><strong>ut</strong></span> <span class='ocrx_word' id='word_1_532' title='bbox 2607 1222 2944 1280; x_wconf 86' lang='lat' dir='ltr'><strong>benediceret</strong></span> <span class='ocrx_word' id='word_1_533' title='bbox 2987 1226 3264 1285; x_wconf 88' lang='lat' dir='ltr'><strong>Dominum</strong></span> <span class='ocrx_word' id='word_1_534' title='bbox 3294 1273 3310 1298; x_wconf 96' lang='lat'><strong>,</strong></span> <span class='ocrx_word' id='word_1_535' title='bbox 3352 1242 3405 1287; x_wconf 90' lang='lat' dir='ltr'><strong>et</strong></span> <span class='ocrx_word' id='word_1_536' title='bbox 3453 1235 3539 1304; x_wconf 92' lang='lat' dir='ltr'><strong>pio</strong></span> 
     </span>
    </p>
   </div>
   <div class='ocr_carea' id='block_1_71' title="bbox 1959 1308 3535 1390">
    <p class='ocr_par' dir='ltr' id='par_1_71' title="bbox 1959 1308 3535 1390">
     <span class='ocr_line' id='line_1_71' title="bbox 1959 1308 3535 1390; baseline 0.012 -29"><span class='ocrx_word' id='word_1_537' title='bbox 1959 1317 2118 1363; x_wconf 88' lang='lat' dir='ltr'><strong>cantu</strong></span> <span class='ocrx_word' id='word_1_538' title='bbox 2139 1308 2337 1364; x_wconf 82' lang='lat' dir='ltr'><strong>dixisse</strong></span> <span class='ocrx_word' id='word_1_539' title='bbox 2369 1325 2383 1363; x_wconf 89' lang='lat'><strong>:</strong></span> <span class='ocrx_word' id='word_1_540' title='bbox 2408 1308 2626 1366; x_wconf 86' lang='lat' dir='ltr'><strong>Benedic</strong></span> <span class='ocrx_word' id='word_1_541' title='bbox 2649 1313 2820 1367; x_wconf 86' lang='lat' dir='ltr'><strong>anima</strong></span> <span class='ocrx_word' id='word_1_542' title='bbox 2842 1332 2950 1370; x_wconf 83' lang='lat' dir='ltr'><strong>mea</strong></span> <span class='ocrx_word' id='word_1_543' title='bbox 2971 1316 3243 1374; x_wconf 88' lang='lat' dir='ltr'><strong>Dominum</strong></span> <span class='ocrx_word' id='word_1_544' title='bbox 3259 1325 3274 1390; x_wconf 92' lang='lat'><strong>(</strong></span> <span class='ocrx_word' id='word_1_545' title='bbox 3289 1321 3428 1379; x_wconf 85' lang='lat' dir='ltr'><strong>Psal.</strong></span> <span class='ocrx_word' id='word_1_546' title='bbox 3443 1340 3535 1390; x_wconf 83' lang='lat' dir='ltr'><strong>cu.</strong></span> 
     </span>
    </p>
   </div>
   <div class='ocr_carea' id='block_1_72' title="bbox 1959 1398 3538 1483">
    <p class='ocr_par' dir='ltr' id='par_1_72' title="bbox 1959 1398 3538 1483">
     <span class='ocr_line' id='line_1_72' title="bbox 1959 1398 3538 1483; baseline 0.013 -31"><span class='ocrx_word' id='word_1_547' title='bbox 1959 1398 2013 1463; x_wconf 87' lang='grc'><strong>1,</strong></span> <span class='ocrx_word' id='word_1_548' title='bbox 2044 1408 2090 1453; x_wconf 90' lang='lat' dir='ltr'><strong>et</strong></span> <span class='ocrx_word' id='word_1_549' title='bbox 2115 1414 2226 1466; x_wconf 87' lang='lat' dir='ltr'><strong>cnt,</strong></span> <span class='ocrx_word' id='word_1_550' title='bbox 2261 1399 2336 1470; x_wconf 85' lang='grc'><strong>1).</strong></span> <span class='ocrx_word' id='word_1_551' title='bbox 2370 1400 2424 1455; x_wconf 93' lang='lat' dir='ltr'><strong>Si</strong></span> <span class='ocrx_word' id='word_1_552' title='bbox 2458 1417 2586 1474; x_wconf 83' lang='lat' dir='ltr'><strong>ergo</strong></span> <span class='ocrx_word' id='word_1_553' title='bbox 2631 1402 2823 1459; x_wconf 83' lang='lat' dir='ltr'><strong>hortati</strong></span> <span class='ocrx_word' id='word_1_554' title='bbox 2862 1421 3049 1463; x_wconf 89' lang='lat' dir='ltr'><strong>sumus</strong></span> <span class='ocrx_word' id='word_1_555' title='bbox 3086 1409 3137 1463; x_wconf 91' lang='lat' dir='ltr'><strong>in</strong></span> <span class='ocrx_word' id='word_1_556' title='bbox 3186 1411 3288 1466; x_wconf 90' lang='lat' dir='ltr'><strong>illis</strong></span> <span class='ocrx_word' id='word_1_557' title='bbox 3323 1413 3538 1483; x_wconf 83' lang='lat' dir='ltr'><strong>psalmis</strong></span> 
     </span>
    </p>
   </div>
   <div class='ocr_carea' id='block_1_73' title="bbox 1958 1489 3539 1570">
    <p class='ocr_par' dir='ltr' id='par_1_73' title="bbox 1958 1489 3539 1570">
     <span class='ocr_line' id='line_1_73' title="bbox 1958 1489 3539 1570; baseline 0.013 -27"><span class='ocrx_word' id='word_1_558' title='bbox 1958 1489 2188 1546; x_wconf 84' lang='lat' dir='ltr'><strong>animam</strong></span> <span class='ocrx_word' id='word_1_559' title='bbox 2230 1500 2464 1548; x_wconf 88' lang='lat' dir='ltr'><strong>nostram</strong></span> <span class='ocrx_word' id='word_1_560' title='bbox 2506 1502 2563 1548; x_wconf 94' lang='lat' dir='ltr'><strong>ut</strong></span> <span class='ocrx_word' id='word_1_561' title='bbox 2598 1493 2941 1554; x_wconf 87' lang='lat' dir='ltr'><strong>benediceret</strong></span> <span class='ocrx_word' id='word_1_562' title='bbox 2985 1500 3298 1570; x_wconf 88' lang='lat' dir='ltr'><strong>Dominum;</strong></span> <span class='ocrx_word' id='word_1_563' title='bbox 3338 1507 3389 1562; x_wconf 91' lang='lat' dir='ltr'><strong>in</strong></span> <span class='ocrx_word' id='word_1_564' title='bbox 3436 1505 3539 1563; x_wconf 86' lang='lat' dir='ltr'><strong>hoc</strong></span> 
     </span>
    </p>
   </div>
   <div class='ocr_carea' id='block_1_74' title="bbox 1957 1584 3537 1666">
    <p class='ocr_par' dir='ltr' id='par_1_74' title="bbox 1957 1584 3537 1666">
     <span class='ocr_line' id='line_1_74' title="bbox 1957 1584 3537 1666; baseline 0.012 -29"><span class='ocrx_word' id='word_1_565' title='bbox 1957 1584 2164 1655; x_wconf 87' lang='lat' dir='ltr'><strong>psalmo</strong></span> <span class='ocrx_word' id='word_1_566' title='bbox 2188 1597 2333 1643; x_wconf 83' lang='lat' dir='ltr'><strong>recte</strong></span> <span class='ocrx_word' id='word_1_567' title='bbox 2357 1586 2550 1644; x_wconf 88' lang='lat' dir='ltr'><strong>dicitur</strong></span> <span class='ocrx_word' id='word_1_568' title='bbox 2577 1606 2593 1642; x_wconf 89' lang='lat'><strong>:</strong></span> <span class='ocrx_word' id='word_1_569' title='bbox 2625 1588 2763 1646; x_wconf 85' lang='lat' dir='ltr'><strong>Deus</strong></span> <span class='ocrx_word' id='word_1_570' title='bbox 2785 1593 3077 1650; x_wconf 78' lang='lat' dir='ltr'><strong>misereatur</strong></span> <span class='ocrx_word' id='word_1_571' title='bbox 3104 1600 3283 1666; x_wconf 84' lang='lat' dir='ltr'><strong>nostri,</strong></span> <span class='ocrx_word' id='word_1_572' title='bbox 3311 1610 3358 1654; x_wconf 90' lang='lat' dir='ltr'><strong>et</strong></span> <span class='ocrx_word' id='word_1_573' title='bbox 3388 1604 3537 1657; x_wconf 87' lang='lat' dir='ltr'><strong>bene-</strong></span> 
     </span>
    </p>
   </div>
   <div class='ocr_carea' id='block_1_75' title="bbox 1955 1674 3537 1755">
    <p class='ocr_par' dir='ltr' id='par_1_75' title="bbox 1955 1674 3537 1755">
     <span class='ocr_line' id='line_1_75' title="bbox 1955 1674 3537 1755; baseline 0.013 -28"><span class='ocrx_word' id='word_1_574' title='bbox 1955 1674 2094 1733; x_wconf 84' lang='lat' dir='ltr'><strong>dicat</strong></span> <span class='ocrx_word' id='word_1_575' title='bbox 2122 1693 2230 1731; x_wconf 86' lang='lat' dir='ltr'><strong>nos.</strong></span> <span class='ocrx_word' id='word_1_576' title='bbox 2263 1677 2549 1735; x_wconf 87' lang='lat' dir='ltr'><strong>Benedicat</strong></span> <span class='ocrx_word' id='word_1_577' title='bbox 2575 1680 2751 1735; x_wconf 88' lang='lat' dir='ltr'><strong>anima</strong></span> <span class='ocrx_word' id='word_1_578' title='bbox 2781 1693 2961 1744; x_wconf 61' lang='lat' dir='ltr'><strong>nostra</strong></span> <span class='ocrx_word' id='word_1_579' title='bbox 2992 1684 3294 1755; x_wconf 89' lang='lat' dir='ltr'><strong>Dominum,</strong></span> <span class='ocrx_word' id='word_1_580' title='bbox 3314 1699 3367 1744; x_wconf 91' lang='lat' dir='ltr'><strong>et</strong></span> <span class='ocrx_word' id='word_1_581' title='bbox 3396 1690 3537 1747; x_wconf 88' lang='lat' dir='ltr'><strong>Deus</strong></span> 
     </span>
    </p>
   </div>
   <div class='ocr_carea' id='block_1_76' title="bbox 1956 1766 3536 1845">
    <p class='ocr_par' dir='ltr' id='par_1_76' title="bbox 1956 1766 3536 1845">
     <span class='ocr_line' id='line_1_76' title="bbox 1956 1766 3536 1845; baseline 0.011 -23"><span class='ocrx_word' id='word_1_582' title='bbox 1956 1766 2235 1824; x_wconf 86' lang='lat' dir='ltr'><strong>benedicat</strong></span> <span class='ocrx_word' id='word_1_583' title='bbox 2261 1785 2377 1825; x_wconf 91' lang='lat' dir='ltr'><strong>nos.</strong></span> <span class='ocrx_word' id='word_1_584' title='bbox 2402 1769 2536 1826; x_wconf 91' lang='lat' dir='ltr'><strong>Cum</strong></span> <span class='ocrx_word' id='word_1_585' title='bbox 2572 1772 2839 1829; x_wconf 86' lang='lat' dir='ltr'><strong>benedicit</strong></span> <span class='ocrx_word' id='word_1_586' title='bbox 2861 1790 2961 1830; x_wconf 90' lang='lat' dir='ltr'><strong>nos</strong></span> <span class='ocrx_word' id='word_1_587' title='bbox 2988 1776 3159 1845; x_wconf 87' lang='lat' dir='ltr'><strong>Deus,</strong></span> <span class='ocrx_word' id='word_1_588' title='bbox 3191 1795 3289 1835; x_wconf 89' lang='lat' dir='ltr'><strong>nos</strong></span> <span class='ocrx_word' id='word_1_589' title='bbox 3335 1783 3536 1838; x_wconf 79' lang='lat' dir='ltr'><strong>cresci-</strong></span> 
     </span>
    </p>
   </div>
   <div class='ocr_carea' id='block_1_77' title="bbox 1954 1862 3534 1940">
    <p class='ocr_par' dir='ltr' id='par_1_77' title="bbox 1954 1862 3534 1940">
     <span class='ocr_line' id='line_1_77' title="bbox 1954 1862 3534 1940; baseline 0.011 -25"><span class='ocrx_word' id='word_1_590' title='bbox 1954 1875 2104 1928; x_wconf 87' lang='lat' dir='ltr'><strong>mus;</strong></span> <span class='ocrx_word' id='word_1_591' title='bbox 2132 1870 2185 1916; x_wconf 84' lang='lat' dir='ltr'><strong>et</strong></span> <span class='ocrx_word' id='word_1_592' title='bbox 2213 1876 2335 1918; x_wconf 92' lang='lat' dir='ltr'><strong>cum</strong></span> <span class='ocrx_word' id='word_1_593' title='bbox 2366 1862 2732 1920; x_wconf 87' lang='lat' dir='ltr'><strong>benedicimus</strong></span> <span class='ocrx_word' id='word_1_594' title='bbox 2757 1882 2855 1922; x_wconf 87' lang='lat' dir='ltr'><strong>nos</strong></span> <span class='ocrx_word' id='word_1_595' title='bbox 2876 1868 3179 1940; x_wconf 90' lang='lat' dir='ltr'><strong>Dominum,</strong></span> <span class='ocrx_word' id='word_1_596' title='bbox 3217 1888 3313 1930; x_wconf 91' lang='lat' dir='ltr'><strong>nos</strong></span> <span class='ocrx_word' id='word_1_597' title='bbox 3337 1878 3534 1933; x_wconf 85' lang='lat' dir='ltr'><strong>cresci-</strong></span> 
     </span>
    </p>
   </div>
   <div class='ocr_carea' id='block_1_78' title="bbox 1954 1955 3536 2035">
    <p class='ocr_par' dir='ltr' id='par_1_78' title="bbox 1954 1955 3536 2035">
     <span class='ocr_line' id='line_1_78' title="bbox 1954 1955 3536 2035; baseline 0.012 -30"><span class='ocrx_word' id='word_1_598' title='bbox 1954 1966 2074 2008; x_wconf 89' lang='lat' dir='ltr'><strong>mus</strong></span> <span class='ocrx_word' id='word_1_599' title='bbox 2115 1968 2130 2005; x_wconf 90' lang='lat'><strong>:</strong></span> <span class='ocrx_word' id='word_1_600' title='bbox 2171 1962 2456 2025; x_wconf 88' lang='lat' dir='ltr'><strong>utrumque</strong></span> <span class='ocrx_word' id='word_1_601' title='bbox 2509 1955 2662 2011; x_wconf 87' lang='lat' dir='ltr'><strong>nobis</strong></span> <span class='ocrx_word' id='word_1_602' title='bbox 2715 1959 2946 2028; x_wconf 88' lang='lat' dir='ltr'><strong>prodest.</strong></span> <span class='ocrx_word' id='word_1_603' title='bbox 3012 1959 3127 2017; x_wconf 72' lang='lat' dir='ltr'><strong>Non</strong></span> <span class='ocrx_word' id='word_1_604' title='bbox 3175 1974 3395 2035; x_wconf 78' lang='lat' dir='ltr'><strong>augetur</strong></span> <span class='ocrx_word' id='word_1_605' title='bbox 3447 1968 3536 2025; x_wconf 89' lang='lat' dir='ltr'><strong>ille</strong></span> 
     </span>
    </p>
   </div>
   <div class='ocr_carea' id='block_1_79' title="bbox 1953 2043 3615 2121">
    <p class='ocr_par' dir='ltr' id='par_1_79' title="bbox 1953 2043 3615 2121">
     <span class='ocr_line' id='line_1_79' title="bbox 1953 2043 3615 2121; baseline 0.013 -22"><span class='ocrx_word' id='word_1_606' title='bbox 1953 2043 2322 2102; x_wconf 82' lang='lat' dir='ltr'><strong>benedictione</strong></span> <span class='ocrx_word' id='word_1_607' title='bbox 2359 2058 2536 2104; x_wconf 89' lang='lat' dir='ltr'><strong>nostra</strong></span> <span class='ocrx_word' id='word_1_608' title='bbox 2558 2090 2573 2113; x_wconf 95' lang='lat'><strong>,</strong></span> <span class='ocrx_word' id='word_1_609' title='bbox 2604 2066 2703 2107; x_wconf 91' lang='lat' dir='ltr'><strong>nec</strong></span> <span class='ocrx_word' id='word_1_610' title='bbox 2747 2053 3000 2108; x_wconf 90' lang='lat' dir='ltr'><strong>minuitur</strong></span> <span class='ocrx_word' id='word_1_611' title='bbox 3038 2055 3404 2115; x_wconf 85' lang='lat' dir='ltr'><strong>maledictione</strong></span> <span class='ocrx_word' id='word_1_612' title='bbox 3438 2075 3534 2116; x_wconf 87' lang='lat' dir='ltr'><strong>no-</strong></span> <span class='ocrx_word' id='word_1_613' title='bbox 3610 2118 3615 2121; x_wconf 86' lang='lat'><strong>.</strong></span> 
     </span>
    </p>
   </div>
   <div class='ocr_carea' id='block_1_80' title="bbox 1951 2138 3534 2221">
    <p class='ocr_par' dir='ltr' id='par_1_80' title="bbox 1951 2138 3534 2221">
     <span class='ocr_line' id='line_1_80' title="bbox 1951 2138 3534 2221; baseline 0.013 -31"><span class='ocrx_word' id='word_1_614' title='bbox 1951 2145 2079 2193; x_wconf 87' lang='lat' dir='ltr'><strong>stra.</strong></span> <span class='ocrx_word' id='word_1_615' title='bbox 2109 2138 2207 2206; x_wconf 90' lang='lat' dir='ltr'><strong>Qui</strong></span> <span class='ocrx_word' id='word_1_616' title='bbox 2240 2141 2505 2197; x_wconf 86' lang='lat' dir='ltr'><strong>maledicit</strong></span> <span class='ocrx_word' id='word_1_617' title='bbox 2534 2143 2775 2208; x_wconf 89' lang='lat' dir='ltr'><strong>Domino,</strong></span> <span class='ocrx_word' id='word_1_618' title='bbox 2805 2145 2917 2214; x_wconf 88' lang='lat' dir='ltr'><strong>ipse</strong></span> <span class='ocrx_word' id='word_1_619' title='bbox 2944 2147 3226 2214; x_wconf 83' lang='lat' dir='ltr'><strong>minuitur;</strong></span> <span class='ocrx_word' id='word_1_620' title='bbox 3256 2152 3345 2221; x_wconf 91' lang='lat' dir='ltr'><strong>qui</strong></span> <span class='ocrx_word' id='word_1_621' title='bbox 3374 2152 3534 2209; x_wconf 83' lang='lat' dir='ltr'><strong>bene-</strong></span> 
     </span>
    </p>
   </div>
   <div class='ocr_carea' id='block_1_81' title="bbox 1950 2224 3533 2303">
    <p class='ocr_par' dir='ltr' id='par_1_81' title="bbox 1950 2224 3533 2303">
     <span class='ocr_line' id='line_1_81' title="bbox 1950 2224 3533 2303; baseline 0.011 -23"><span class='ocrx_word' id='word_1_622' title='bbox 1950 2224 2074 2281; x_wconf 89' lang='lat' dir='ltr'><strong>dicit</strong></span> <span class='ocrx_word' id='word_1_623' title='bbox 2101 2227 2402 2297; x_wconf 89' lang='lat' dir='ltr'><strong>Dominum,</strong></span> <span class='ocrx_word' id='word_1_624' title='bbox 2426 2231 2538 2300; x_wconf 79' lang='lat' dir='ltr'><strong>ipse</strong></span> <span class='ocrx_word' id='word_1_625' title='bbox 2566 2243 2804 2303; x_wconf 80' lang='lat' dir='ltr'><strong>augetur.</strong></span> <span class='ocrx_word' id='word_1_626' title='bbox 2837 2234 2990 2289; x_wconf 82' lang='lat' dir='ltr'><strong>Prior</strong></span> <span class='ocrx_word' id='word_1_627' title='bbox 3016 2246 3095 2291; x_wconf 85' lang='lat' dir='ltr'><strong>est</strong></span> <span class='ocrx_word' id='word_1_628' title='bbox 3120 2236 3169 2291; x_wconf 88' lang='lat' dir='ltr'><strong>in</strong></span> <span class='ocrx_word' id='word_1_629' title='bbox 3196 2239 3349 2295; x_wconf 85' lang='lat' dir='ltr'><strong>nobis</strong></span> <span class='ocrx_word' id='word_1_630' title='bbox 3373 2243 3533 2297; x_wconf 85' lang='lat' dir='ltr'><strong>beoc-</strong></span> 
     </span>
    </p>
   </div>
   <div class='ocr_carea' id='block_1_82' title="bbox 1951 2315 3528 2393">
    <p class='ocr_par' dir='ltr' id='par_1_82' title="bbox 1951 2315 3528 2393">
     <span class='ocr_line' id='line_1_82' title="bbox 1951 2315 3528 2393; baseline 0.009 -23"><span class='ocrx_word' id='word_1_631' title='bbox 1951 2315 2114 2371; x_wconf 75' lang='lat' dir='ltr'><strong>dictio</strong></span> <span class='ocrx_word' id='word_1_632' title='bbox 2148 2318 2374 2385; x_wconf 86' lang='lat' dir='ltr'><strong>Domini,</strong></span> <span class='ocrx_word' id='word_1_633' title='bbox 2400 2330 2453 2375; x_wconf 89' lang='lat' dir='ltr'><strong>et</strong></span> <span class='ocrx_word' id='word_1_634' title='bbox 2480 2336 2813 2393; x_wconf 84' lang='lat' dir='ltr'><strong>consequens</strong></span> <span class='ocrx_word' id='word_1_635' title='bbox 2843 2334 2921 2379; x_wconf 89' lang='lat' dir='ltr'><strong>est</strong></span> <span class='ocrx_word' id='word_1_636' title='bbox 2952 2336 3009 2379; x_wconf 92' lang='lat' dir='ltr'><strong>ut</strong></span> <span class='ocrx_word' id='word_1_637' title='bbox 3036 2337 3090 2382; x_wconf 90' lang='lat' dir='ltr'><strong>et</strong></span> <span class='ocrx_word' id='word_1_638' title='bbox 3119 2343 3215 2382; x_wconf 92' lang='lat' dir='ltr'><strong>nos</strong></span> <span class='ocrx_word' id='word_1_639' title='bbox 3240 2329 3528 2387; x_wconf 82' lang='lat' dir='ltr'><strong>benedica-</strong></span> 
     </span>
    </p>
   </div>
   <div class='ocr_carea' id='block_1_83' title="bbox 1950 2409 3531 2493">
    <p class='ocr_par' dir='ltr' id='par_1_83' title="bbox 1950 2409 3531 2493">
     <span class='ocr_line' id='line_1_83' title="bbox 1950 2409 3531 2493; baseline 0.011 -32"><span class='ocrx_word' id='word_1_640' title='bbox 1950 2423 2069 2462; x_wconf 90' lang='lat' dir='ltr'><strong>mus</strong></span> <span class='ocrx_word' id='word_1_641' title='bbox 2107 2409 2408 2464; x_wconf 71' lang='lat' dir='ltr'><strong>Dominum.</strong></span> <span class='ocrx_word' id='word_1_642' title='bbox 2450 2411 2539 2466; x_wconf 84' lang='lat' dir='ltr'><strong>llla</strong></span> <span class='ocrx_word' id='word_1_643' title='bbox 2592 2411 2785 2482; x_wconf 87' lang='lat' dir='ltr'><strong>pluvia,</strong></span> <span class='ocrx_word' id='word_1_644' title='bbox 2839 2415 2937 2470; x_wconf 89' lang='lat' dir='ltr'><strong>iste</strong></span> <span class='ocrx_word' id='word_1_645' title='bbox 2992 2414 3193 2472; x_wconf 75' lang='lat' dir='ltr'><strong>fructus</strong></span> <span class='ocrx_word' id='word_1_646' title='bbox 3239 2429 3342 2474; x_wconf 81' lang='lat' dir='ltr'><strong>est.</strong></span> <span class='ocrx_word' id='word_1_647' title='bbox 3391 2420 3531 2493; x_wconf 61' lang='lat' dir='ltr'><strong>Ergo</strong></span> 
     </span>
    </p>
   </div>
   <div class='ocr_carea' id='block_1_84' title="bbox 1948 2498 3530 2580">
    <p class='ocr_par' dir='ltr' id='par_1_84' title="bbox 1948 2498 3530 2580">
     <span class='ocr_line' id='line_1_84' title="bbox 1948 2498 3530 2580; baseline 0.009 -27"><span class='ocrx_word' id='word_1_648' title='bbox 1948 2498 2188 2554; x_wconf 84' lang='lat' dir='ltr'><strong>redditur</strong></span> <span class='ocrx_word' id='word_1_649' title='bbox 2231 2511 2477 2573; x_wconf 80' lang='lat' dir='ltr'><strong>tanquam</strong></span> <span class='ocrx_word' id='word_1_650' title='bbox 2518 2504 2717 2559; x_wconf 80' lang='lat' dir='ltr'><strong>fructus</strong></span> <span class='ocrx_word' id='word_1_651' title='bbox 2746 2505 2988 2575; x_wconf 73' lang='lat' dir='ltr'><strong>agricola:</strong></span> <span class='ocrx_word' id='word_1_652' title='bbox 3030 2506 3171 2573; x_wconf 85' lang='lat' dir='ltr'><strong>Deo,</strong></span> <span class='ocrx_word' id='word_1_653' title='bbox 3210 2513 3530 2580; x_wconf 76' lang='lat' dir='ltr'><strong>computenti</strong></span> 
     </span>
    </p>
   </div>
   <div class='ocr_carea' id='block_1_85' title="bbox 1950 2592 3526 2673">
    <p class='ocr_par' dir='ltr' id='par_1_85' title="bbox 1950 2592 3526 2673">
     <span class='ocr_line' id='line_1_85' title="bbox 1950 2592 3526 2673; baseline 0.008 -28"><span class='ocrx_word' id='word_1_654' title='bbox 1950 2606 2045 2645; x_wconf 77' lang='lat' dir='ltr'><strong>nos</strong></span> <span class='ocrx_word' id='word_1_655' title='bbox 2072 2601 2125 2645; x_wconf 87' lang='lat' dir='ltr'><strong>et</strong></span> <span class='ocrx_word' id='word_1_656' title='bbox 2143 2593 2356 2648; x_wconf 85' lang='lat' dir='ltr'><strong>colenti.</strong></span> <span class='ocrx_word' id='word_1_657' title='bbox 2386 2592 2677 2651; x_wconf 84' lang='lat' dir='ltr'><strong>Cantemus</strong></span> <span class='ocrx_word' id='word_1_658' title='bbox 2717 2596 2813 2652; x_wconf 86' lang='lat' dir='ltr'><strong>ista</strong></span> <span class='ocrx_word' id='word_1_659' title='bbox 2855 2597 3138 2655; x_wconf 86' lang='lat' dir='ltr'><strong>devotione</strong></span> <span class='ocrx_word' id='word_1_660' title='bbox 3179 2618 3281 2655; x_wconf 91' lang='lat' dir='ltr'><strong>non</strong></span> <span class='ocrx_word' id='word_1_661' title='bbox 3323 2604 3526 2673; x_wconf 87' lang='lat' dir='ltr'><strong>sterili,</strong></span> 
     </span>
    </p>
   </div>
   <div class='ocr_carea' id='block_1_86' title="bbox 1949 2685 3524 2763">
    <p class='ocr_par' dir='ltr' id='par_1_86' title="bbox 1949 2685 3524 2763">
     <span class='ocr_line' id='line_1_86' title="bbox 1949 2685 3524 2763; baseline 0.008 -26"><span class='ocrx_word' id='word_1_662' title='bbox 1949 2700 2053 2737; x_wconf 90' lang='lat' dir='ltr'><strong>non</strong></span> <span class='ocrx_word' id='word_1_663' title='bbox 2084 2685 2224 2739; x_wconf 87' lang='lat' dir='ltr'><strong>inani</strong></span> <span class='ocrx_word' id='word_1_664' title='bbox 2263 2701 2413 2751; x_wconf 87' lang='lat' dir='ltr'><strong>voce,</strong></span> <span class='ocrx_word' id='word_1_665' title='bbox 2446 2688 2537 2741; x_wconf 85' lang='lat' dir='ltr'><strong>sed</strong></span> <span class='ocrx_word' id='word_1_666' title='bbox 2578 2703 2707 2743; x_wconf 85' lang='lat' dir='ltr'><strong>vero</strong></span> <span class='ocrx_word' id='word_1_667' title='bbox 2759 2692 2940 2747; x_wconf 80' lang='lat' dir='ltr'><strong>Corde.</strong></span> <span class='ocrx_word' id='word_1_668' title='bbox 2999 2694 3345 2763; x_wconf 80' lang='lat' dir='ltr'><strong>Aperlissitue</strong></span> <span class='ocrx_word' id='word_1_669' title='bbox 3385 2697 3524 2750; x_wconf 89' lang='lat' dir='ltr'><strong>enim</strong></span> 
     </span>
    </p>
   </div>
   <div class='ocr_carea' id='block_1_87' title="bbox 1948 2773 3527 2853">
    <p class='ocr_par' dir='ltr' id='par_1_87' title="bbox 1948 2773 3527 2853">
     <span class='ocr_line' id='line_1_87' title="bbox 1948 2773 3527 2853; baseline 0.008 -26"><span class='ocrx_word' id='word_1_670' title='bbox 1948 2773 2086 2827; x_wconf 89' lang='lat' dir='ltr'><strong>Deus</strong></span> <span class='ocrx_word' id='word_1_671' title='bbox 2119 2775 2272 2829; x_wconf 79' lang='lat' dir='ltr'><strong>Pater</strong></span> <span class='ocrx_word' id='word_1_672' title='bbox 2290 2775 2462 2832; x_wconf 89' lang='lat' dir='ltr'><strong>dictus</strong></span> <span class='ocrx_word' id='word_1_673' title='bbox 2499 2788 2581 2833; x_wconf 88' lang='lat' dir='ltr'><strong>est</strong></span> <span class='ocrx_word' id='word_1_674' title='bbox 2616 2780 2866 2848; x_wconf 83' lang='lat' dir='ltr'><strong>agricola.</strong></span> <span class='ocrx_word' id='word_1_675' title='bbox 2912 2782 3195 2853; x_wconf 75' lang='lat' dir='ltr'><strong>Apostolus</strong></span> <span class='ocrx_word' id='word_1_676' title='bbox 3229 2784 3357 2840; x_wconf 91' lang='lat' dir='ltr'><strong>dicit</strong></span> <span class='ocrx_word' id='word_1_677' title='bbox 3391 2804 3404 2840; x_wconf 91' lang='lat'><strong>:</strong></span> <span class='ocrx_word' id='word_1_678' title='bbox 3433 2784 3527 2840; x_wconf 87' lang='lat' dir='ltr'><strong>Dei</strong></span> 
     </span>
    </p>
   </div>
   <div class='ocr_carea' id='block_1_88' title="bbox 1944 2865 3526 2946">
    <p class='ocr_par' dir='ltr' id='par_1_88' title="bbox 1944 2865 3526 2946">
     <span class='ocr_line' id='line_1_88' title="bbox 1944 2865 3526 2946; baseline 0.013 -30"><span class='ocrx_word' id='word_1_679' title='bbox 1944 2865 2258 2935; x_wconf 85' lang='lat' dir='ltr'><strong>agricultura</strong></span> <span class='ocrx_word' id='word_1_680' title='bbox 2290 2870 2424 2933; x_wconf 86' lang='lat' dir='ltr'><strong>estis,</strong></span> <span class='ocrx_word' id='word_1_681' title='bbox 2457 2868 2551 2923; x_wconf 80' lang='lat' dir='ltr'><strong>Dei</strong></span> <span class='ocrx_word' id='word_1_682' title='bbox 2572 2871 2841 2938; x_wconf 67' lang='lat' dir='ltr'><strong>aedificatio</strong></span> <span class='ocrx_word' id='word_1_683' title='bbox 2880 2874 3015 2927; x_wconf 87' lang='lat' dir='ltr'><strong>estis.</strong></span> <span class='ocrx_word' id='word_1_684' title='bbox 3065 2873 3118 2929; x_wconf 91' lang='lat' dir='ltr'><strong>In</strong></span> <span class='ocrx_word' id='word_1_685' title='bbox 3167 2878 3327 2931; x_wconf 87' lang='lat' dir='ltr'><strong>rebus</strong></span> <span class='ocrx_word' id='word_1_686' title='bbox 3371 2879 3526 2946; x_wconf 81' lang='lat' dir='ltr'><strong>hujus</strong></span> 
     </span>
    </p>
   </div>
   <div class='ocr_carea' id='block_1_89' title="bbox 1946 2961 3523 3035">
    <p class='ocr_par' dir='ltr' id='par_1_89' title="bbox 1946 2961 3523 3035">
     <span class='ocr_line' id='line_1_89' title="bbox 1946 2961 3523 3035; baseline 0.011 -23"><span class='ocrx_word' id='word_1_687' title='bbox 1946 2961 2127 3014; x_wconf 89' lang='lat' dir='ltr'><strong>mundi</strong></span> <span class='ocrx_word' id='word_1_688' title='bbox 2159 2962 2467 3025; x_wconf 88' lang='lat' dir='ltr'><strong>visibililms,</strong></span> <span class='ocrx_word' id='word_1_689' title='bbox 2495 2963 2615 3018; x_wconf 89' lang='lat' dir='ltr'><strong>vitis</strong></span> <span class='ocrx_word' id='word_1_690' title='bbox 2650 2978 2754 3017; x_wconf 93' lang='lat' dir='ltr'><strong>non</strong></span> <span class='ocrx_word' id='word_1_691' title='bbox 2787 2973 2868 3019; x_wconf 86' lang='lat' dir='ltr'><strong>est</strong></span> <span class='ocrx_word' id='word_1_692' title='bbox 2894 2964 3171 3022; x_wconf 61' lang='lat' dir='ltr'><strong>aedificium</strong></span> <span class='ocrx_word' id='word_1_693' title='bbox 3192 3010 3209 3035; x_wconf 91' lang='lat'><strong>,</strong></span> <span class='ocrx_word' id='word_1_694' title='bbox 3257 2978 3311 3025; x_wconf 88' lang='lat' dir='ltr'><strong>et</strong></span> <span class='ocrx_word' id='word_1_695' title='bbox 3353 2970 3523 3028; x_wconf 64' lang='grc' dir='ltr'>ξιιόίιὶ-</span> 
     </span>
    </p>
   </div>
   <div class='ocr_carea' id='block_1_90' title="bbox 1943 3054 3523 3133">
    <p class='ocr_par' dir='ltr' id='par_1_90' title="bbox 1943 3054 3523 3133">
     <span class='ocr_line' id='line_1_90' title="bbox 1943 3054 3523 3133; baseline 0.008 -25"><span class='ocrx_word' id='word_1_696' title='bbox 1943 3054 2081 3108; x_wconf 89' lang='lat' dir='ltr'><strong>cium</strong></span> <span class='ocrx_word' id='word_1_697' title='bbox 2115 3070 2218 3109; x_wconf 90' lang='lat' dir='ltr'><strong>non</strong></span> <span class='ocrx_word' id='word_1_698' title='bbox 2249 3065 2332 3111; x_wconf 89' lang='lat' dir='ltr'><strong>est</strong></span> <span class='ocrx_word' id='word_1_699' title='bbox 2355 3056 2504 3111; x_wconf 87' lang='lat' dir='ltr'><strong>vinea</strong></span> <span class='ocrx_word' id='word_1_700' title='bbox 2540 3072 2676 3112; x_wconf 81' lang='lat' dir='ltr'><strong>:nos</strong></span> <span class='ocrx_word' id='word_1_701' title='bbox 2697 3066 2874 3113; x_wconf 81' lang='lat' dir='ltr'><strong>autem</strong></span> <span class='ocrx_word' id='word_1_702' title='bbox 2905 3058 3055 3113; x_wconf 88' lang='lat' dir='ltr'><strong>vinea</strong></span> <span class='ocrx_word' id='word_1_703' title='bbox 3088 3060 3292 3117; x_wconf 87' lang='lat' dir='ltr'><strong>Domini</strong></span> <span class='ocrx_word' id='word_1_704' title='bbox 3316 3078 3523 3133; x_wconf 89' lang='lat' dir='ltr'><strong>sumus,</strong></span> 
     </span>
    </p>
   </div>
   <div class='ocr_carea' id='block_1_91' title="bbox 1943 3144 3523 3224">
    <p class='ocr_par' dir='ltr' id='par_1_91' title="bbox 1943 3144 3523 3224">
     <span class='ocr_line' id='line_1_91' title="bbox 1943 3144 3523 3224; baseline 0.009 -30"><span class='ocrx_word' id='word_1_705' title='bbox 1943 3144 2063 3215; x_wconf 84' lang='lat' dir='ltr'><strong>quia</strong></span> <span class='ocrx_word' id='word_1_706' title='bbox 2090 3146 2216 3200; x_wconf 87' lang='lat' dir='ltr'><strong>eolit</strong></span> <span class='ocrx_word' id='word_1_707' title='bbox 2245 3164 2340 3200; x_wconf 79' lang='lat' dir='ltr'><strong>nos</strong></span> <span class='ocrx_word' id='word_1_708' title='bbox 2361 3148 2426 3201; x_wconf 87' lang='lat' dir='ltr'><strong>ad</strong></span> <span class='ocrx_word' id='word_1_709' title='bbox 2458 3148 2719 3214; x_wconf 83' lang='lat' dir='ltr'><strong>fruettuu;</strong></span> <span class='ocrx_word' id='word_1_710' title='bbox 2746 3148 3025 3205; x_wconf 70' lang='lat' dir='ltr'><strong>(editionum</strong></span> <span class='ocrx_word' id='word_1_711' title='bbox 3055 3150 3145 3206; x_wconf 86' lang='lat' dir='ltr'><strong>Dei</strong></span> <span class='ocrx_word' id='word_1_712' title='bbox 3176 3169 3380 3218; x_wconf 85' lang='lat' dir='ltr'><strong>sumus.</strong></span> <span class='ocrx_word' id='word_1_713' title='bbox 3400 3156 3523 3224; x_wconf 80' lang='lat' dir='ltr'><strong>quia</strong></span> 
     </span>
    </p>
   </div>
   <div class='ocr_carea' id='block_1_92' title="bbox 1942 3236 3520 3311">
    <p class='ocr_par' dir='ltr' id='par_1_92' title="bbox 1942 3236 3520 3311">
     <span class='ocr_line' id='line_1_92' title="bbox 1942 3236 3520 3311; baseline 0.008 -21"><span class='ocrx_word' id='word_1_714' title='bbox 1942 3236 2029 3305; x_wconf 88' lang='lat' dir='ltr'><strong>qui</strong></span> <span class='ocrx_word' id='word_1_715' title='bbox 2081 3238 2205 3292; x_wconf 82' lang='lat' dir='ltr'><strong>colit</strong></span> <span class='ocrx_word' id='word_1_716' title='bbox 2254 3254 2352 3292; x_wconf 88' lang='lat' dir='ltr'><strong>nos</strong></span> <span class='ocrx_word' id='word_1_717' title='bbox 2408 3237 2607 3294; x_wconf 82' lang='lat' dir='ltr'><strong>habitat</strong></span> <span class='ocrx_word' id='word_1_718' title='bbox 2657 3238 2707 3293; x_wconf 93' lang='lat' dir='ltr'><strong>in</strong></span> <span class='ocrx_word' id='word_1_719' title='bbox 2753 3240 2925 3295; x_wconf 88' lang='lat' dir='ltr'><strong>nobis.</strong></span> <span class='ocrx_word' id='word_1_720' title='bbox 2974 3240 3037 3295; x_wconf 85' lang='lat' dir='ltr'><strong>Et</strong></span> <span class='ocrx_word' id='word_1_721' title='bbox 3084 3243 3206 3311; x_wconf 79' lang='lat' dir='ltr'><strong>qui!</strong></span> <span class='ocrx_word' id='word_1_722' title='bbox 3259 3245 3334 3300; x_wconf 89' lang='lat' dir='ltr'><strong>ait</strong></span> <span class='ocrx_word' id='word_1_723' title='bbox 3383 3248 3520 3302; x_wconf 88' lang='lat' dir='ltr'><strong>idem</strong></span> 
     </span>
    </p>
   </div>
   <div class='ocr_carea' id='block_1_93' title="bbox 1943 3328 3522 3406">
    <p class='ocr_par' dir='ltr' id='par_1_93' title="bbox 1943 3328 3522 3406">
     <span class='ocr_line' id='line_1_93' title="bbox 1943 3328 3522 3406; baseline 0.007 -23"><span class='ocrx_word' id='word_1_724' title='bbox 1943 3329 2265 3401; x_wconf 73' lang='lat' dir='ltr'><strong>Apostolus?</strong></span> <span class='ocrx_word' id='word_1_725' title='bbox 2313 3328 2419 3401; x_wconf 68' lang='lat' dir='ltr'><strong>Eoo</strong></span> <span class='ocrx_word' id='word_1_726' title='bbox 2471 3330 2716 3397; x_wconf 79' lang='lat' dir='ltr'><strong>plantavi,</strong></span> <span class='ocrx_word' id='word_1_727' title='bbox 2764 3332 2949 3403; x_wconf 75' lang='lat' dir='ltr'><strong>Apollo</strong></span> <span class='ocrx_word' id='word_1_728' title='bbox 2990 3333 3203 3406; x_wconf 76' lang='lat' dir='ltr'><strong>rigavit;</strong></span> <span class='ocrx_word' id='word_1_729' title='bbox 3252 3338 3341 3391; x_wconf 64' lang='lat' dir='ltr'><strong>sed</strong></span> <span class='ocrx_word' id='word_1_730' title='bbox 3384 3336 3522 3394; x_wconf 79' lang='lat' dir='ltr'><strong>Deus</strong></span> 
     </span>
    </p>
   </div>
   <div class='ocr_carea' id='block_1_94' title="bbox 1939 3421 3515 3501">
    <p class='ocr_par' dir='ltr' id='par_1_94' title="bbox 1939 3421 3515 3501">
     <span class='ocr_line' id='line_1_94' title="bbox 1939 3421 3515 3501; baseline 0.006 -28"><span class='ocrx_word' id='word_1_731' title='bbox 1939 3421 2296 3476; x_wconf 83' lang='lat' dir='ltr'><strong>incrementum</strong></span> <span class='ocrx_word' id='word_1_732' title='bbox 2325 3423 2479 3477; x_wconf 87' lang='lat' dir='ltr'><strong>dedit.</strong></span> <span class='ocrx_word' id='word_1_733' title='bbox 2517 3422 2653 3495; x_wconf 73' lang='lat' dir='ltr'><strong>Ergo</strong></span> <span class='ocrx_word' id='word_1_734' title='bbox 2683 3442 2841 3495; x_wconf 71' lang='lat' dir='ltr'><strong>neque</strong></span> <span class='ocrx_word' id='word_1_735' title='bbox 2863 3426 2948 3499; x_wconf 76' lang='lat' dir='ltr'><strong>qui</strong></span> <span class='ocrx_word' id='word_1_736' title='bbox 2979 3426 3173 3480; x_wconf 79' lang='lat' dir='ltr'><strong>olantat</strong></span> <span class='ocrx_word' id='word_1_737' title='bbox 3198 3439 3269 3484; x_wconf 88' lang='lat' dir='ltr'><strong>est</strong></span> <span class='ocrx_word' id='word_1_738' title='bbox 3303 3430 3515 3501; x_wconf 79' lang='lat' dir='ltr'><strong>aliquid,</strong></span> 
     </span>
    </p>
   </div>
   <div class='ocr_carea' id='block_1_95' title="bbox 1940 3515 3518 3590">
    <p class='ocr_par' dir='ltr' id='par_1_95' title="bbox 1940 3515 3518 3590">
     <span class='ocr_line' id='line_1_95' title="bbox 1940 3515 3518 3590; baseline 0.008 -24"><span class='ocrx_word' id='word_1_739' title='bbox 1940 3530 2097 3576; x_wconf 82' lang='lat' dir='ltr'><strong>neque</strong></span> <span class='ocrx_word' id='word_1_740' title='bbox 2127 3515 2211 3583; x_wconf 85' lang='lat' dir='ltr'><strong>qui</strong></span> <span class='ocrx_word' id='word_1_741' title='bbox 2238 3515 2366 3584; x_wconf 79' lang='lat' dir='ltr'><strong>rigat</strong></span> <span class='ocrx_word' id='word_1_742' title='bbox 2388 3530 2407 3578; x_wconf 87' lang='lat'><strong><em>;</em></strong></span> <span class='ocrx_word' id='word_1_743' title='bbox 2429 3516 2517 3569; x_wconf 81' lang='lat' dir='ltr'><strong>sed</strong></span> <span class='ocrx_word' id='word_1_744' title='bbox 2547 3519 2633 3584; x_wconf 89' lang='lat' dir='ltr'><strong>qui</strong></span> <span class='ocrx_word' id='word_1_745' title='bbox 2667 3516 3022 3572; x_wconf 83' lang='lat' dir='ltr'><strong>incrementum</strong></span> <span class='ocrx_word' id='word_1_746' title='bbox 3044 3520 3129 3572; x_wconf 82' lang='lat' dir='ltr'><strong>dat</strong></span> <span class='ocrx_word' id='word_1_747' title='bbox 3152 3518 3290 3575; x_wconf 57' lang='lat' dir='ltr'><strong>Dens</strong></span> <span class='ocrx_word' id='word_1_748' title='bbox 3317 3521 3336 3590; x_wconf 92' lang='lat'><strong>(</strong></span> <span class='ocrx_word' id='word_1_749' title='bbox 3353 3524 3366 3575; x_wconf 88' lang='grc' dir='ltr'><strong>Ι</strong></span> <span class='ocrx_word' id='word_1_750' title='bbox 3399 3524 3518 3578; x_wconf 74' lang='lat' dir='ltr'><strong>Cor.</strong></span> 
     </span>
    </p>
   </div>
   <div class='ocr_carea' id='block_1_96' title="bbox 1937 3606 3512 3682">
    <p class='ocr_par' dir='ltr' id='par_1_96' title="bbox 1937 3606 3512 3682">
     <span class='ocr_line' id='line_1_96' title="bbox 1937 3606 3512 3682; baseline 0.005 -23"><span class='ocrx_word' id='word_1_751' title='bbox 1937 3622 2016 3661; x_wconf 84' lang='grc' dir='ltr'>ιιι.</span> <span class='ocrx_word' id='word_1_752' title='bbox 2042 3606 2184 3678; x_wconf 87' lang='grc'><strong>6-9).</strong></span> <span class='ocrx_word' id='word_1_753' title='bbox 2219 3606 2306 3659; x_wconf 81' lang='lat' dir='ltr'><strong>Ille</strong></span> <span class='ocrx_word' id='word_1_754' title='bbox 2331 3624 2458 3676; x_wconf 72' lang='lat' dir='ltr'><strong>ergo</strong></span> <span class='ocrx_word' id='word_1_755' title='bbox 2503 3609 2883 3663; x_wconf 82' lang='lat' dir='ltr'><strong>incrementum</strong></span> <span class='ocrx_word' id='word_1_756' title='bbox 2926 3610 3035 3664; x_wconf 87' lang='lat' dir='ltr'><strong>dat.</strong></span> <span class='ocrx_word' id='word_1_757' title='bbox 3074 3611 3332 3682; x_wconf 83' lang='lat' dir='ltr'><strong>Numquid</strong></span> <span class='ocrx_word' id='word_1_758' title='bbox 3379 3615 3512 3667; x_wconf 82' lang='lat' dir='ltr'><strong>forte</strong></span> 
     </span>
    </p>
   </div>
   <div class='ocr_carea' id='block_1_97' title="bbox 1939 3697 3511 3772">
    <p class='ocr_par' dir='ltr' id='par_1_97' title="bbox 1939 3697 3511 3772">
     <span class='ocr_line' id='line_1_97' title="bbox 1939 3697 3511 3772; baseline 0.006 -23"><span class='ocrx_word' id='word_1_759' title='bbox 1939 3697 2024 3750; x_wconf 73' lang='lat' dir='ltr'><strong>isti</strong></span> <span class='ocrx_word' id='word_1_760' title='bbox 2053 3710 2173 3751; x_wconf 82' lang='lat' dir='ltr'><strong>sunt</strong></span> <span class='ocrx_word' id='word_1_761' title='bbox 2204 3698 2449 3769; x_wconf 72' lang='lat' dir='ltr'><strong>agricolae</strong></span> <span class='ocrx_word' id='word_1_762' title='bbox 2471 3699 2757 3765; x_wconf 72' lang='lat' dir='ltr'><strong>&quot;Agricola</strong></span> <span class='ocrx_word' id='word_1_763' title='bbox 2789 3702 2927 3754; x_wconf 83' lang='lat' dir='ltr'><strong>enim</strong></span> <span class='ocrx_word' id='word_1_764' title='bbox 2957 3702 3148 3754; x_wconf 86' lang='lat' dir='ltr'><strong>dicitur</strong></span> <span class='ocrx_word' id='word_1_765' title='bbox 3173 3708 3255 3771; x_wconf 77' lang='lat' dir='ltr'><strong>qui</strong></span> <span class='ocrx_word' id='word_1_766' title='bbox 3292 3705 3511 3772; x_wconf 76' lang='lat' dir='ltr'><strong>plantat,</strong></span> 
     </span>
    </p>
   </div>
   <div class='ocr_carea' id='block_1_98' title="bbox 1934 3776 3513 3863">
    <p class='ocr_par' dir='ltr' id='par_1_98' title="bbox 1934 3776 3513 3863">
     <span class='ocr_line' id='line_1_98' title="bbox 1934 3776 3513 3863; baseline 0.006 -23"><span class='ocrx_word' id='word_1_767' title='bbox 1934 3791 2021 3859; x_wconf 85' lang='lat' dir='ltr'><strong>qui</strong></span> <span class='ocrx_word' id='word_1_768' title='bbox 2054 3790 2185 3859; x_wconf 88' lang='lat' dir='ltr'><strong>rigat</strong></span> <span class='ocrx_word' id='word_1_769' title='bbox 2214 3806 2227 3843; x_wconf 92' lang='lat'><strong>:</strong></span> <span class='ocrx_word' id='word_1_770' title='bbox 2260 3776 2909 3861; x_wconf 71' lang='lat' dir='ltr'><strong>dixitautetnApostolus,</strong></span> <span class='ocrx_word' id='word_1_771' title='bbox 2933 3790 3041 3862; x_wconf 76' lang='lat' dir='ltr'><strong>Ego</strong></span> <span class='ocrx_word' id='word_1_772' title='bbox 3066 3793 3513 3863; x_wconf 63' lang='lat' dir='ltr'><strong>plantaridpollo,</strong></span> 
     </span>
    </p>
   </div>
   <div class='ocr_carea' id='block_1_99' title="bbox 1933 3882 3515 3959">
    <p class='ocr_par' dir='ltr' id='par_1_99' title="bbox 1933 3882 3515 3959">
     <span class='ocr_line' id='line_1_99' title="bbox 1933 3882 3515 3959; baseline 0.008 -24"><span class='ocrx_word' id='word_1_773' title='bbox 1933 3882 2129 3953; x_wconf 77' lang='lat' dir='ltr'><strong>rigavit.</strong></span> <span class='ocrx_word' id='word_1_774' title='bbox 2157 3884 2455 3951; x_wconf 44' lang='lat' dir='ltr'><strong>Quatrituus</strong></span> <span class='ocrx_word' id='word_1_775' title='bbox 2484 3884 2622 3937; x_wconf 87' lang='lat' dir='ltr'><strong>unde</strong></span> <span class='ocrx_word' id='word_1_776' title='bbox 2662 3885 2771 3953; x_wconf 78' lang='lat' dir='ltr'><strong>ipse</strong></span> <span class='ocrx_word' id='word_1_777' title='bbox 2810 3884 2908 3937; x_wconf 89' lang='lat' dir='ltr'><strong>hoc</strong></span> <span class='ocrx_word' id='word_1_778' title='bbox 2944 3886 3171 3940; x_wconf 73' lang='lat' dir='ltr'><strong>fecerit?</strong></span> <span class='ocrx_word' id='word_1_779' title='bbox 3211 3886 3515 3959; x_wconf 76' lang='lat' dir='ltr'><strong>ReSpondet</strong></span> 
     </span>
    </p>
   </div>
   <div class='ocr_carea' id='block_1_100' title="bbox 1934 3972 3515 4047">
    <p class='ocr_par' dir='ltr' id='par_1_100' title="bbox 1934 3972 3515 4047">
     <span class='ocr_line' id='line_1_100' title="bbox 1934 3972 3515 4047; baseline 0.001 -19"><span class='ocrx_word' id='word_1_780' title='bbox 1934 3975 2258 4044; x_wconf 83' lang='lat' dir='ltr'><strong>Apostolus:</strong></span> <span class='ocrx_word' id='word_1_781' title='bbox 2295 3972 2416 4028; x_wconf 87' lang='lat' dir='ltr'><strong>Non</strong></span> <span class='ocrx_word' id='word_1_782' title='bbox 2462 3990 2554 4046; x_wconf 86' lang='lat' dir='ltr'><strong>ego</strong></span> <span class='ocrx_word' id='word_1_783' title='bbox 2599 3985 2807 4039; x_wconf 88' lang='lat' dir='ltr'><strong>autem;</strong></span> <span class='ocrx_word' id='word_1_784' title='bbox 2855 3975 2942 4029; x_wconf 85' lang='lat' dir='ltr'><strong>sed</strong></span> <span class='ocrx_word' id='word_1_785' title='bbox 2980 3979 3144 4047; x_wconf 75' lang='lat' dir='ltr'><strong>gratia</strong></span> <span class='ocrx_word' id='word_1_786' title='bbox 3183 3977 3273 4032; x_wconf 85' lang='lat' dir='ltr'><strong>Dei</strong></span> <span class='ocrx_word' id='word_1_787' title='bbox 3320 3996 3515 4037; x_wconf 76' lang='lat' dir='ltr'><strong>mecum</strong></span> 
     </span>
    </p>
   </div>
   <div class='ocr_carea' id='block_1_101' title="bbox 1932 4065 3514 4141">
    <p class='ocr_par' dir='ltr' id='par_1_101' title="bbox 1932 4065 3514 4141">
     <span class='ocr_line' id='line_1_101' title="bbox 1932 4065 3514 4141; baseline 0.005 -22"><span class='ocrx_word' id='word_1_788' title='bbox 1932 4066 2119 4132; x_wconf 71' lang='lat' dir='ltr'><strong>(Ibid,</strong></span> <span class='ocrx_word' id='word_1_789' title='bbox 2142 4082 2233 4130; x_wconf 78' lang='lat' dir='ltr'><strong>xv,</strong></span> <span class='ocrx_word' id='word_1_790' title='bbox 2264 4068 2349 4133; x_wconf 88' lang='grc'><strong>10)</strong></span> <span class='ocrx_word' id='word_1_791' title='bbox 2393 4065 2534 4136; x_wconf 85' lang='lat' dir='ltr'><strong>Ergo</strong></span> <span class='ocrx_word' id='word_1_792' title='bbox 2557 4082 2891 4136; x_wconf 87' lang='lat' dir='ltr'><strong>quocumque</strong></span> <span class='ocrx_word' id='word_1_793' title='bbox 2923 4077 2972 4121; x_wconf 81' lang='lat' dir='ltr'><strong>te</strong></span> <span class='ocrx_word' id='word_1_794' title='bbox 2992 4070 3249 4133; x_wconf 82' lang='lat' dir='ltr'><strong>verteris;</strong></span> <span class='ocrx_word' id='word_1_795' title='bbox 3282 4070 3391 4124; x_wconf 87' lang='lat' dir='ltr'><strong>sive</strong></span> <span class='ocrx_word' id='word_1_796' title='bbox 3419 4087 3514 4141; x_wconf 89' lang='lat' dir='ltr'><strong>per</strong></span> 
     </span>
    </p>
   </div>
   <div class='ocr_carea' id='block_1_102' title="bbox 1931 4159 3513 4233">
    <p class='ocr_par' dir='ltr' id='par_1_102' title="bbox 1931 4159 3513 4233">
     <span class='ocr_line' id='line_1_102' title="bbox 1931 4159 3513 4233; baseline 0.003 -18"><span class='ocrx_word' id='word_1_797' title='bbox 1931 4162 2181 4230; x_wconf 75' lang='lat' dir='ltr'><strong>Angelos,</strong></span> <span class='ocrx_word' id='word_1_798' title='bbox 2227 4159 2389 4215; x_wconf 90' lang='lat' dir='ltr'><strong>Demu</strong></span> <span class='ocrx_word' id='word_1_799' title='bbox 2437 4159 2671 4215; x_wconf 81' lang='lat' dir='ltr'><strong>invenies</strong></span> <span class='ocrx_word' id='word_1_800' title='bbox 2706 4161 2985 4229; x_wconf 67' lang='lat' dir='ltr'><strong>agricolam</strong></span> <span class='ocrx_word' id='word_1_801' title='bbox 3032 4169 3211 4225; x_wconf 86' lang='lat' dir='ltr'><strong>tuum;</strong></span> <span class='ocrx_word' id='word_1_802' title='bbox 3252 4164 3364 4218; x_wconf 88' lang='lat' dir='ltr'><strong>sive</strong></span> <span class='ocrx_word' id='word_1_803' title='bbox 3418 4179 3513 4233; x_wconf 87' lang='lat' dir='ltr'><strong>per</strong></span> 
     </span>
    </p>
   </div>
   <div class='ocr_carea' id='block_1_103' title="bbox 1930 4252 3509 4326">
    <p class='ocr_par' dir='ltr' id='par_1_103' title="bbox 1930 4252 3509 4326">
     <span class='ocr_line' id='line_1_103' title="bbox 1930 4252 3509 4326; baseline 0.003 -19"><span class='ocrx_word' id='word_1_804' title='bbox 1930 4252 2242 4321; x_wconf 75' lang='lat' dir='ltr'><strong>Prophetas.</strong></span> <span class='ocrx_word' id='word_1_805' title='bbox 2277 4253 2389 4323; x_wconf 87' lang='lat' dir='ltr'><strong>ipse</strong></span> <span class='ocrx_word' id='word_1_806' title='bbox 2428 4260 2510 4307; x_wconf 88' lang='lat' dir='ltr'><strong>est</strong></span> <span class='ocrx_word' id='word_1_807' title='bbox 2534 4252 2762 4323; x_wconf 75' lang='lat' dir='ltr'><strong>agricola</strong></span> <span class='ocrx_word' id='word_1_808' title='bbox 2797 4263 2949 4317; x_wconf 89' lang='lat' dir='ltr'><strong>tuus;</strong></span> <span class='ocrx_word' id='word_1_809' title='bbox 2994 4255 3103 4309; x_wconf 87' lang='lat' dir='ltr'><strong>sive</strong></span> <span class='ocrx_word' id='word_1_810' title='bbox 3152 4270 3244 4323; x_wconf 82' lang='lat' dir='ltr'><strong>per</strong></span> <span class='ocrx_word' id='word_1_811' title='bbox 3280 4258 3509 4326; x_wconf 67' lang='lat' dir='ltr'><strong>Aposto-</strong></span> 
     </span>
    </p>
   </div>
   <div class='ocr_carea' id='block_1_104' title="bbox 1929 4347 3506 4418">
    <p class='ocr_par' dir='ltr' id='par_1_104' title="bbox 1929 4347 3506 4418">
     <span class='ocr_line' id='line_1_104' title="bbox 1929 4347 3506 4418; baseline 0.002 -15"><span class='ocrx_word' id='word_1_812' title='bbox 1929 4347 2030 4407; x_wconf 85' lang='lat' dir='ltr'><strong>los.</strong></span> <span class='ocrx_word' id='word_1_813' title='bbox 2058 4347 2305 4403; x_wconf 44' lang='lat' dir='ltr'><strong>eumdem</strong></span> <span class='ocrx_word' id='word_1_814' title='bbox 2347 4348 2517 4415; x_wconf 60' lang='lat' dir='ltr'><strong>ipsum</strong></span> <span class='ocrx_word' id='word_1_815' title='bbox 2558 4361 2786 4415; x_wconf 75' lang='lat' dir='ltr'><strong>agnosce</strong></span> <span class='ocrx_word' id='word_1_816' title='bbox 2826 4347 3106 4418; x_wconf 82' lang='lat' dir='ltr'><strong>agricolam</strong></span> <span class='ocrx_word' id='word_1_817' title='bbox 3160 4360 3325 4403; x_wconf 90' lang='lat' dir='ltr'><strong>tuum.</strong></span> <span class='ocrx_word' id='word_1_818' title='bbox 3370 4351 3506 4416; x_wconf 79' lang='lat' dir='ltr'><strong>Quid</strong></span> 
     </span>
    </p>
   </div>
   <div class='ocr_carea' id='block_1_105' title="bbox 1926 4438 3507 4511">
    <p class='ocr_par' dir='ltr' id='par_1_105' title="bbox 1926 4438 3507 4511">
     <span class='ocr_line' id='line_1_105' title="bbox 1926 4438 3507 4511; baseline 0.003 -17"><span class='ocrx_word' id='word_1_819' title='bbox 1926 4454 2054 4511; x_wconf 85' lang='lat' dir='ltr'><strong>ergo</strong></span> <span class='ocrx_word' id='word_1_820' title='bbox 2081 4439 2219 4494; x_wconf 88' lang='lat' dir='ltr'><strong>nos?</strong></span> <span class='ocrx_word' id='word_1_821' title='bbox 2242 4438 2489 4493; x_wconf 66' lang='lat' dir='ltr'><strong>Fortasse</strong></span> <span class='ocrx_word' id='word_1_822' title='bbox 2518 4438 2745 4509; x_wconf 83' lang='lat' dir='ltr'><strong>Operarii</strong></span> <span class='ocrx_word' id='word_1_823' title='bbox 2778 4453 2962 4492; x_wconf 86' lang='lat' dir='ltr'><strong>sumus</strong></span> <span class='ocrx_word' id='word_1_824' title='bbox 2990 4440 3233 4509; x_wconf 85' lang='lat' dir='ltr'><strong>agricol:e</strong></span> <span class='ocrx_word' id='word_1_825' title='bbox 3261 4440 3419 4506; x_wconf 91' lang='lat' dir='ltr'><strong>illius,</strong></span> <span class='ocrx_word' id='word_1_826' title='bbox 3450 4450 3507 4498; x_wconf 91' lang='lat' dir='ltr'><strong>et</strong></span> 
     </span>
    </p>
   </div>
   <div class='ocr_carea' id='block_1_106' title="bbox 1925 4530 3503 4604">
    <p class='ocr_par' dir='ltr' id='par_1_106' title="bbox 1925 4530 3503 4604">
     <span class='ocr_line' id='line_1_106' title="bbox 1925 4530 3503 4604; baseline -0.004 -17"><span class='ocrx_word' id='word_1_827' title='bbox 1925 4531 2026 4587; x_wconf 89' lang='lat' dir='ltr'><strong>hoc</strong></span> <span class='ocrx_word' id='word_1_828' title='bbox 2053 4533 2222 4603; x_wconf 83' lang='lat' dir='ltr'><strong>ipsum</strong></span> <span class='ocrx_word' id='word_1_829' title='bbox 2245 4531 2311 4587; x_wconf 91' lang='lat' dir='ltr'><strong>ab</strong></span> <span class='ocrx_word' id='word_1_830' title='bbox 2337 4532 2451 4601; x_wconf 91' lang='lat' dir='ltr'><strong>ipso</strong></span> <span class='ocrx_word' id='word_1_831' title='bbox 2472 4531 2753 4600; x_wconf 89' lang='lat' dir='ltr'><strong>impartitis</strong></span> <span class='ocrx_word' id='word_1_832' title='bbox 2781 4530 2998 4595; x_wconf 88' lang='lat' dir='ltr'><strong>virilms,</strong></span> <span class='ocrx_word' id='word_1_833' title='bbox 3018 4541 3071 4585; x_wconf 90' lang='lat' dir='ltr'><strong>et</strong></span> <span class='ocrx_word' id='word_1_834' title='bbox 3084 4533 3148 4585; x_wconf 84' lang='lat' dir='ltr'><strong>ab</strong></span> <span class='ocrx_word' id='word_1_835' title='bbox 3174 4536 3285 4604; x_wconf 74' lang='lat' dir='ltr'><strong>ipso</strong></span> <span class='ocrx_word' id='word_1_836' title='bbox 3309 4533 3503 4589; x_wconf 75' lang='lat' dir='ltr'><strong>donata</strong></span> 
     </span>
    </p>
   </div>
   <div class='ocr_carea' id='block_1_107' title="bbox 1923 4625 3503 4698">
    <p class='ocr_par' dir='ltr' id='par_1_107' title="bbox 1923 4625 3503 4698">
     <span class='ocr_line' id='line_1_107' title="bbox 1923 4625 3503 4698; baseline 0.002 -18"><span class='ocrx_word' id='word_1_837' title='bbox 1923 4628 2109 4696; x_wconf 78' lang='lat' dir='ltr'><strong>gratia.</strong></span> <span class='ocrx_word' id='word_1_838' title='bbox 2142 4626 2257 4696; x_wconf 63' lang='lat' dir='ltr'><strong>Ipse</strong></span> <span class='ocrx_word' id='word_1_839' title='bbox 2281 4641 2407 4697; x_wconf 83' lang='lat' dir='ltr'><strong>ergo</strong></span> <span class='ocrx_word' id='word_1_840' title='bbox 2445 4636 2496 4677; x_wconf 84' lang='lat' dir='ltr'><strong>et</strong></span> <span class='ocrx_word' id='word_1_841' title='bbox 2529 4625 2675 4689; x_wconf 90' lang='lat' dir='ltr'><strong>colit,</strong></span> <span class='ocrx_word' id='word_1_842' title='bbox 2704 4635 2757 4679; x_wconf 90' lang='lat' dir='ltr'><strong>et</strong></span> <span class='ocrx_word' id='word_1_843' title='bbox 2789 4626 3171 4681; x_wconf 87' lang='lat' dir='ltr'><strong>incrementum</strong></span> <span class='ocrx_word' id='word_1_844' title='bbox 3203 4628 3311 4681; x_wconf 76' lang='lat' dir='ltr'><strong>dat.</strong></span> <span class='ocrx_word' id='word_1_845' title='bbox 3348 4630 3503 4698; x_wconf 76' lang='lat' dir='ltr'><strong>Agri-</strong></span> 
     </span>
    </p>
   </div>
   <div class='ocr_carea' id='block_1_108' title="bbox 1920 4716 3503 4792">
    <p class='ocr_par' dir='ltr' id='par_1_108' title="bbox 1920 4716 3503 4792">
     <span class='ocr_line' id='line_1_108' title="bbox 1920 4716 3503 4792; baseline 0.003 -20"><span class='ocrx_word' id='word_1_846' title='bbox 1920 4718 2035 4774; x_wconf 87' lang='lat' dir='ltr'><strong>cola</strong></span> <span class='ocrx_word' id='word_1_847' title='bbox 2062 4730 2238 4773; x_wconf 84' lang='lat' dir='ltr'><strong>autem</strong></span> <span class='ocrx_word' id='word_1_848' title='bbox 2264 4718 2425 4772; x_wconf 91' lang='lat' dir='ltr'><strong>homo</strong></span> <span class='ocrx_word' id='word_1_849' title='bbox 2452 4718 2658 4772; x_wconf 85' lang='lat' dir='ltr'><strong>vineam</strong></span> <span class='ocrx_word' id='word_1_850' title='bbox 2687 4717 2811 4771; x_wconf 91' lang='lat' dir='ltr'><strong>colit</strong></span> <span class='ocrx_word' id='word_1_851' title='bbox 2836 4716 3109 4784; x_wconf 67' lang='lat' dir='ltr'><strong>hactenus,</strong></span> <span class='ocrx_word' id='word_1_852' title='bbox 3153 4730 3209 4773; x_wconf 83' lang='lat' dir='ltr'><strong>ul.</strong></span> <span class='ocrx_word' id='word_1_853' title='bbox 3234 4730 3343 4775; x_wconf 88' lang='lat' dir='ltr'><strong>aret</strong></span> <span class='ocrx_word' id='word_1_854' title='bbox 3365 4763 3378 4781; x_wconf 84' lang='lat'><strong>,</strong></span> <span class='ocrx_word' id='word_1_855' title='bbox 3409 4738 3503 4792; x_wconf 83' lang='lat' dir='ltr'><strong>pu-</strong></span> 
     </span>
    </p>
   </div>
   <div class='ocr_carea' id='block_1_109' title="bbox 1921 4808 3499 4884">
    <p class='ocr_par' dir='ltr' id='par_1_109' title="bbox 1921 4808 3499 4884">
     <span class='ocr_line' id='line_1_109' title="bbox 1921 4808 3499 4884; baseline 0.003 -20"><span class='ocrx_word' id='word_1_856' title='bbox 1921 4817 2013 4877; x_wconf 81' lang='lat' dir='ltr'><strong>tel,</strong></span> <span class='ocrx_word' id='word_1_857' title='bbox 2042 4809 2292 4865; x_wconf 84' lang='lat' dir='ltr'><strong>adhibeat</strong></span> <span class='ocrx_word' id='word_1_858' title='bbox 2324 4820 2515 4864; x_wconf 59' lang='lat' dir='ltr'><strong>caetera</strong></span> <span class='ocrx_word' id='word_1_859' title='bbox 2553 4824 2672 4879; x_wconf 66' lang='lat' dir='ltr'><strong>qua:</strong></span> <span class='ocrx_word' id='word_1_860' title='bbox 2720 4808 2989 4879; x_wconf 84' lang='lat' dir='ltr'><strong>pertinent</strong></span> <span class='ocrx_word' id='word_1_861' title='bbox 3036 4810 3100 4864; x_wconf 88' lang='lat' dir='ltr'><strong>ad</strong></span> <span class='ocrx_word' id='word_1_862' title='bbox 3149 4813 3499 4884; x_wconf 78' lang='lat' dir='ltr'><strong>agricol;rum</strong></span> 
     </span>
    </p>
   </div>
   <div class='ocr_carea' id='block_1_110' title="bbox 1919 4901 3497 4973">
    <p class='ocr_par' dir='ltr' id='par_1_110' title="bbox 1919 4901 3497 4973">
     <span class='ocr_line' id='line_1_110' title="bbox 1919 4901 3497 4973; baseline 0.006 -19"><span class='ocrx_word' id='word_1_863' title='bbox 1919 4902 2240 4972; x_wconf 80' lang='lat' dir='ltr'><strong>diligentiam</strong></span> <span class='ocrx_word' id='word_1_864' title='bbox 2272 4920 2284 4956; x_wconf 90' lang='lat'>:</span> <span class='ocrx_word' id='word_1_865' title='bbox 2314 4903 2495 4972; x_wconf 91' lang='lat' dir='ltr'><strong>pluere</strong></span> <span class='ocrx_word' id='word_1_866' title='bbox 2522 4901 2689 4956; x_wconf 72' lang='lat' dir='ltr'><strong>vineae</strong></span> <span class='ocrx_word' id='word_1_867' title='bbox 2728 4917 2838 4956; x_wconf 65' lang='lat' dir='ltr'><strong>sua:</strong></span> <span class='ocrx_word' id='word_1_868' title='bbox 2880 4917 2983 4959; x_wconf 91' lang='lat' dir='ltr'><strong>non</strong></span> <span class='ocrx_word' id='word_1_869' title='bbox 3029 4912 3220 4973; x_wconf 82' lang='lat' dir='ltr'><strong>poteSt.</strong></span> <span class='ocrx_word' id='word_1_870' title='bbox 3262 4906 3411 4973; x_wconf 85' lang='lat' dir='ltr'><strong>Quod</strong></span> <span class='ocrx_word' id='word_1_871' title='bbox 3453 4906 3497 4963; x_wconf 89' lang='lat' dir='ltr'><strong>si</strong></span> 
     </span>
    </p>
   </div>
   <div class='ocr_carea' id='block_1_111' title="bbox 1919 4992 3496 5065">
    <p class='ocr_par' dir='ltr' id='par_1_111' title="bbox 1919 4992 3496 5065">
     <span class='ocr_line' id='line_1_111' title="bbox 1919 4992 3496 5065; baseline 0.003 -19"><span class='ocrx_word' id='word_1_872' title='bbox 1919 4994 2053 5047; x_wconf 78' lang='lat' dir='ltr'><strong>forte</strong></span> <span class='ocrx_word' id='word_1_873' title='bbox 2094 4994 2310 5064; x_wconf 79' lang='lat' dir='ltr'><strong>irrigare</strong></span> <span class='ocrx_word' id='word_1_874' title='bbox 2340 5001 2531 5061; x_wconf 73' lang='lat' dir='ltr'><strong>potest,</strong></span> <span class='ocrx_word' id='word_1_875' title='bbox 2578 4994 2643 5047; x_wconf 90' lang='lat' dir='ltr'><strong>dc</strong></span> <span class='ocrx_word' id='word_1_876' title='bbox 2681 4992 2830 5062; x_wconf 90' lang='lat' dir='ltr'><strong>cujus</strong></span> <span class='ocrx_word' id='word_1_877' title='bbox 2868 4993 3083 5063; x_wconf 71' lang='lat' dir='ltr'><strong>pote~t?</strong></span> <span class='ocrx_word' id='word_1_878' title='bbox 3125 4995 3239 5065; x_wconf 83' lang='lat' dir='ltr'><strong>ipse</strong></span> <span class='ocrx_word' id='word_1_879' title='bbox 3282 4996 3496 5063; x_wconf 66' lang='lat' dir='ltr'><strong>qlhdem</strong></span> 
     </span>
    </p>
   </div>
   <div class='ocr_carea' id='block_1_112' title="bbox 1914 5084 3494 5152">
    <p class='ocr_par' dir='ltr' id='par_1_112' title="bbox 1914 5084 3494 5152">
     <span class='ocr_line' id='line_1_112' title="bbox 1914 5084 3494 5152; baseline 0.002 -12"><span class='ocrx_word' id='word_1_880' title='bbox 1914 5085 2062 5140; x_wconf 81' lang='lat' dir='ltr'><strong>ducit</strong></span> <span class='ocrx_word' id='word_1_881' title='bbox 2090 5086 2139 5139; x_wconf 90' lang='lat' dir='ltr'><strong>in</strong></span> <span class='ocrx_word' id='word_1_882' title='bbox 2173 5086 2339 5137; x_wconf 88' lang='lat' dir='ltr'><strong>rivum</strong></span> <span class='ocrx_word' id='word_1_883' title='bbox 2371 5084 2410 5147; x_wconf 75' lang='grc'><strong>⁸,</strong></span> <span class='ocrx_word' id='word_1_884' title='bbox 2440 5084 2533 5137; x_wconf 85' lang='lat' dir='ltr'><strong>sed</strong></span> <span class='ocrx_word' id='word_1_885' title='bbox 2564 5084 2700 5137; x_wconf 83' lang='lat' dir='ltr'><strong>Deus</strong></span> <span class='ocrx_word' id='word_1_886' title='bbox 2744 5086 2923 5152; x_wconf 86' lang='lat' dir='ltr'><strong>implet</strong></span> <span class='ocrx_word' id='word_1_887' title='bbox 2962 5084 3181 5138; x_wconf 74' lang='lat' dir='ltr'><strong>fontem.</strong></span> <span class='ocrx_word' id='word_1_888' title='bbox 3221 5086 3494 5143; x_wconf 63' lang='lat' dir='ltr'><strong>Postremo</strong></span> 
     </span>
    </p>
   </div>
   <div class='ocr_carea' id='block_1_113' title="bbox 1916 5176 3488 5247">
    <p class='ocr_par' dir='ltr' id='par_1_113' title="bbox 1916 5176 3488 5247">
     <span class='ocr_line' id='line_1_113' title="bbox 1916 5176 3488 5247; baseline -0.001 -15"><span class='ocrx_word' id='word_1_889' title='bbox 1916 5178 1967 5233; x_wconf 90' lang='lat' dir='ltr'><strong>in</strong></span> <span class='ocrx_word' id='word_1_890' title='bbox 1998 5180 2149 5232; x_wconf 88' lang='lat' dir='ltr'><strong>vinea</strong></span> <span class='ocrx_word' id='word_1_891' title='bbox 2174 5193 2269 5231; x_wconf 88' lang='lat' dir='ltr'><strong>sua</strong></span> <span class='ocrx_word' id='word_1_892' title='bbox 2302 5178 2683 5233; x_wconf 88' lang='lat' dir='ltr'><strong>incrementum</strong></span> <span class='ocrx_word' id='word_1_893' title='bbox 2711 5176 2839 5232; x_wconf 80' lang='lat' dir='ltr'><strong>dare</strong></span> <span class='ocrx_word' id='word_1_894' title='bbox 2865 5180 3149 5232; x_wconf 85' lang='lat' dir='ltr'><strong>sarmentis</strong></span> <span class='ocrx_word' id='word_1_895' title='bbox 3168 5194 3269 5232; x_wconf 87' lang='lat' dir='ltr'><strong>non</strong></span> <span class='ocrx_word' id='word_1_896' title='bbox 3301 5190 3488 5247; x_wconf 78' lang='lat' dir='ltr'><strong>potest.</strong></span> 
     </span>
    </p>
   </div>
   <div class='ocr_carea' id='block_1_114' title="bbox 1913 5269 3487 5340">
    <p class='ocr_par' dir='ltr' id='par_1_114' title="bbox 1913 5269 3487 5340">
     <span class='ocr_line' id='line_1_114' title="bbox 1913 5269 3487 5340; baseline -0.001 -13"><span class='ocrx_word' id='word_1_897' title='bbox 1913 5272 2143 5328; x_wconf 81' lang='lat' dir='ltr'><strong>formare</strong></span> <span class='ocrx_word' id='word_1_898' title='bbox 2193 5272 2393 5325; x_wconf 89' lang='lat' dir='ltr'><strong>l&#39;ructus</strong></span> <span class='ocrx_word' id='word_1_899' title='bbox 2436 5287 2539 5326; x_wconf 93' lang='lat' dir='ltr'><strong>non</strong></span> <span class='ocrx_word' id='word_1_900' title='bbox 2574 5279 2762 5340; x_wconf 87' lang='lat' dir='ltr'><strong>potest.</strong></span> <span class='ocrx_word' id='word_1_901' title='bbox 2805 5269 3111 5324; x_wconf 70' lang='lat' dir='ltr'><strong>moditlcare</strong></span> <span class='ocrx_word' id='word_1_902' title='bbox 3146 5274 3345 5325; x_wconf 81' lang='lat' dir='ltr'><strong>semina</strong></span> <span class='ocrx_word' id='word_1_903' title='bbox 3389 5287 3487 5325; x_wconf 67' lang='lat' dir='ltr'><strong>non</strong></span> 
     </span>
    </p>
   </div>
   <div class='ocr_carea' id='block_1_115' title="bbox 1911 5362 3484 5438">
    <p class='ocr_par' dir='ltr' id='par_1_115' title="bbox 1911 5362 3484 5438">
     <span class='ocr_line' id='line_1_115' title="bbox 1911 5362 3484 5438; baseline 0.003 -25"><span class='ocrx_word' id='word_1_904' title='bbox 1911 5373 2106 5438; x_wconf 82' lang='lat' dir='ltr'><strong>potest,</strong></span> <span class='ocrx_word' id='word_1_905' title='bbox 2139 5374 2374 5433; x_wconf 87' lang='lat' dir='ltr'><strong>tempora</strong></span> <span class='ocrx_word' id='word_1_906' title='bbox 2397 5362 2645 5435; x_wconf 77' lang='lat' dir='ltr'><strong>gignendi</strong></span> <span class='ocrx_word' id='word_1_907' title='bbox 2672 5371 2970 5431; x_wconf 86' lang='lat' dir='ltr'><strong>temperare</strong></span> <span class='ocrx_word' id='word_1_908' title='bbox 3001 5377 3104 5415; x_wconf 90' lang='lat' dir='ltr'><strong>non</strong></span> <span class='ocrx_word' id='word_1_909' title='bbox 3130 5372 3321 5432; x_wconf 48' lang='lat' dir='ltr'><strong>potest.</strong></span> <span class='ocrx_word' id='word_1_910' title='bbox 3354 5362 3484 5418; x_wconf 55' lang='lat' dir='ltr'><strong>DVUS</strong></span> 
     </span>
    </p>
   </div>
   <div class='ocr_carea' id='block_1_116' title="bbox 1909 5454 3485 5528">
    <p class='ocr_par' dir='ltr' id='par_1_116' title="bbox 1909 5454 3485 5528">
     <span class='ocr_line' id='line_1_116' title="bbox 1909 5454 3485 5528; baseline -0.002 -15"><span class='ocrx_word' id='word_1_911' title='bbox 1909 5469 2087 5514; x_wconf 88' lang='lat' dir='ltr'><strong>autem</strong></span> <span class='ocrx_word' id='word_1_912' title='bbox 2115 5456 2204 5528; x_wconf 92' lang='lat' dir='ltr'><strong>qui</strong></span> <span class='ocrx_word' id='word_1_913' title='bbox 2237 5456 2413 5510; x_wconf 85' lang='lat' dir='ltr'><strong>omnia</strong></span> <span class='ocrx_word' id='word_1_914' title='bbox 2442 5463 2632 5525; x_wconf 79' lang='lat' dir='ltr'><strong>potest,</strong></span> <span class='ocrx_word' id='word_1_915' title='bbox 2664 5454 2893 5523; x_wconf 81' lang='lat' dir='ltr'><strong>agricola</strong></span> <span class='ocrx_word' id='word_1_916' title='bbox 2937 5464 3117 5509; x_wconf 87' lang='lat' dir='ltr'><strong>noster</strong></span> <span class='ocrx_word' id='word_1_917' title='bbox 3156 5464 3275 5519; x_wconf 55' lang='lat' dir='ltr'><strong>est;</strong></span> <span class='ocrx_word' id='word_1_918' title='bbox 3316 5456 3485 5510; x_wconf 76' lang='lat' dir='ltr'><strong>Securi</strong></span> 
     </span>
    </p>
   </div>
   <div class='ocr_carea' id='block_1_117' title="bbox 1909 5547 3486 5619">
    <p class='ocr_par' dir='ltr' id='par_1_117' title="bbox 1909 5547 3486 5619">
     <span class='ocr_line' id='line_1_117' title="bbox 1909 5547 3486 5619; baseline -0.002 -13"><span class='ocrx_word' id='word_1_919' title='bbox 1909 5567 2115 5606; x_wconf 91' lang='lat' dir='ltr'><strong>sumus.</strong></span> <span class='ocrx_word' id='word_1_920' title='bbox 2150 5550 2310 5606; x_wconf 84' lang='lat' dir='ltr'><strong>Forte</strong></span> <span class='ocrx_word' id='word_1_921' title='bbox 2340 5551 2413 5604; x_wconf 89' lang='lat' dir='ltr'><strong>ait</strong></span> <span class='ocrx_word' id='word_1_922' title='bbox 2432 5550 2620 5619; x_wconf 84' lang='lat' dir='ltr'><strong>aliquis</strong></span> <span class='ocrx_word' id='word_1_923' title='bbox 2638 5590 2653 5614; x_wconf 96' lang='lat'><strong>,</strong></span> <span class='ocrx_word' id='word_1_924' title='bbox 2678 5547 2757 5602; x_wconf 87' lang='lat' dir='ltr'><strong>Tu</strong></span> <span class='ocrx_word' id='word_1_925' title='bbox 2784 5547 2915 5602; x_wconf 58' lang='lat' dir='ltr'><strong>dicis</strong></span> <span class='ocrx_word' id='word_1_926' title='bbox 2936 5548 3219 5618; x_wconf 76' lang='lat' dir='ltr'><strong>agricolam</strong></span> <span class='ocrx_word' id='word_1_927' title='bbox 3249 5561 3486 5604; x_wconf 85' lang='lat' dir='ltr'><strong>nostrum</strong></span> 
     </span>
    </p>
   </div>
   <div class='ocr_carea' id='block_1_118' title="bbox 1908 5638 3492 5710">
    <p class='ocr_par' dir='ltr' id='par_1_118' title="bbox 1908 5638 3492 5710">
     <span class='ocr_line' id='line_1_118' title="bbox 1908 5638 3492 5710; baseline -0.003 -10"><span class='ocrx_word' id='word_1_928' title='bbox 1908 5658 2026 5700; x_wconf 77' lang='lat' dir='ltr'><strong>esse</strong></span> <span class='ocrx_word' id='word_1_929' title='bbox 2062 5644 2224 5698; x_wconf 83' lang='lat' dir='ltr'><strong>Deum</strong></span> <span class='ocrx_word' id='word_1_930' title='bbox 2266 5643 2414 5697; x_wconf 87' lang='lat' dir='ltr'><strong>:imo</strong></span> <span class='ocrx_word' id='word_1_931' title='bbox 2454 5656 2553 5710; x_wconf 83' lang='lat' dir='ltr'><strong>ego</strong></span> <span class='ocrx_word' id='word_1_932' title='bbox 2596 5640 2877 5707; x_wconf 80' lang='lat' dir='ltr'><strong>Apostolos</strong></span> <span class='ocrx_word' id='word_1_933' title='bbox 2909 5638 3169 5709; x_wconf 73' lang='lat' dir='ltr'><strong>agricolas</strong></span> <span class='ocrx_word' id='word_1_934' title='bbox 3213 5638 3354 5707; x_wconf 90' lang='lat' dir='ltr'><strong>dico,</strong></span> <span class='ocrx_word' id='word_1_935' title='bbox 3403 5641 3492 5709; x_wconf 55' lang='lat' dir='ltr'><strong>qui</strong></span> 
     </span>
    </p>
   </div>
   <div class='ocr_carea' id='block_1_119' title="bbox 1906 5728 3491 5806">
    <p class='ocr_par' dir='ltr' id='par_1_119' title="bbox 1906 5728 3491 5806">
     <span class='ocr_line' id='line_1_119' title="bbox 1906 5728 3491 5806; baseline -0.004 -15"><span class='ocrx_word' id='word_1_936' title='bbox 1906 5735 2176 5799; x_wconf 78' lang='lat' dir='ltr'><strong>dixerunt,</strong></span> <span class='ocrx_word' id='word_1_937' title='bbox 2210 5733 2320 5806; x_wconf 83' lang='lat' dir='ltr'><strong>Ego</strong></span> <span class='ocrx_word' id='word_1_938' title='bbox 2358 5732 2601 5800; x_wconf 79' lang='lat' dir='ltr'><strong>plantavi,</strong></span> <span class='ocrx_word' id='word_1_939' title='bbox 2642 5729 2826 5801; x_wconf 81' lang='lat' dir='ltr'><strong>Apollo</strong></span> <span class='ocrx_word' id='word_1_940' title='bbox 2859 5729 3061 5801; x_wconf 79' lang='lat' dir='ltr'><strong>rigavit.</strong></span> <span class='ocrx_word' id='word_1_941' title='bbox 3105 5728 3159 5785; x_wconf 91' lang='lat' dir='ltr'><strong>Si</strong></span> <span class='ocrx_word' id='word_1_942' title='bbox 3194 5748 3292 5801; x_wconf 82' lang='lat' dir='ltr'><strong>ego</strong></span> <span class='ocrx_word' id='word_1_943' title='bbox 3334 5731 3491 5796; x_wconf 87' lang='lat' dir='ltr'><strong>dico,</strong></span> 
     </span>
    </p>
   </div>
   <div class='ocr_carea' id='block_1_120' title="bbox 1907 5822 3483 5895">
    <p class='ocr_par' dir='ltr' id='par_1_120' title="bbox 1907 5822 3483 5895">
     <span class='ocr_line' id='line_1_120' title="bbox 1907 5822 3483 5895; baseline -0.003 -7"><span class='ocrx_word' id='word_1_944' title='bbox 1907 5846 2068 5889; x_wconf 85' lang='lat' dir='ltr'><strong>nemo</strong></span> <span class='ocrx_word' id='word_1_945' title='bbox 2089 5828 2273 5887; x_wconf 85' lang='lat' dir='ltr'><strong>credat</strong></span> <span class='ocrx_word' id='word_1_946' title='bbox 2299 5843 2315 5883; x_wconf 90' lang='lat'><strong>:</strong></span> <span class='ocrx_word' id='word_1_947' title='bbox 2342 5828 2388 5884; x_wconf 88' lang='lat' dir='ltr'><strong>si</strong></span> <span class='ocrx_word' id='word_1_948' title='bbox 2416 5823 2661 5881; x_wconf 82' lang='lat' dir='ltr'><strong>Christus</strong></span> <span class='ocrx_word' id='word_1_949' title='bbox 2689 5822 2852 5891; x_wconf 88' lang='lat' dir='ltr'><strong>dicit,</strong></span> <span class='ocrx_word' id='word_1_950' title='bbox 2892 5837 2975 5878; x_wconf 75' lang='lat' dir='ltr'><strong>va:</strong></span> <span class='ocrx_word' id='word_1_951' title='bbox 3019 5824 3110 5895; x_wconf 92' lang='lat' dir='ltr'><strong>qui</strong></span> <span class='ocrx_word' id='word_1_952' title='bbox 3153 5839 3258 5880; x_wconf 90' lang='lat' dir='ltr'><strong>non</strong></span> <span class='ocrx_word' id='word_1_953' title='bbox 3296 5823 3483 5890; x_wconf 77' lang='lat' dir='ltr'><strong>credit.</strong></span> 
     </span>
    </p>
   </div>
   <div class='ocr_carea' id='block_1_121' title="bbox 1973 5934 3517 6075">
    <p class='ocr_par' dir='ltr' id='par_1_121' title="bbox 1973 5934 3517 6075">
     <span class='ocr_line' id='line_1_121' title="bbox 1973 5934 3517 6075; baseline -0.007 -79"><span class='ocrx_word' id='word_1_954' title='bbox 1973 5946 1990 5979; x_wconf 74' lang='grc' dir='ltr'>ί</span> <span class='ocrx_word' id='word_1_955' title='bbox 2016 5943 2091 5995; x_wconf 87' lang='lat' dir='ltr'><strong>sic</strong></span> <span class='ocrx_word' id='word_1_956' title='bbox 2110 5950 2183 5993; x_wconf 75' lang='lat' dir='ltr'><strong>Br.</strong></span> <span class='ocrx_word' id='word_1_957' title='bbox 2213 5947 2263 5990; x_wconf 86' lang='lat' dir='ltr'><strong>et</strong></span> <span class='ocrx_word' id='word_1_958' title='bbox 2286 5939 2453 6003; x_wconf 78' lang='lat' dir='ltr'><strong>plures</strong></span> <span class='ocrx_word' id='word_1_959' title='bbox 2472 5944 2578 5989; x_wconf 77' lang='lat' dir='ltr'><strong>Mss.</strong></span> <span class='ocrx_word' id='word_1_960' title='bbox 2604 5944 2658 5988; x_wconf 76' lang='lat' dir='ltr'><strong>At</strong></span> <span class='ocrx_word' id='word_1_961' title='bbox 2678 5944 2812 6001; x_wconf 83' lang='lat' dir='ltr'><strong>Lov.,</strong></span> <span class='ocrx_word' id='word_1_962' title='bbox 2830 5934 2963 5989; x_wconf 83' lang='lat' dir='ltr'><strong>ducit</strong></span> <span class='ocrx_word' id='word_1_963' title='bbox 2984 5935 3240 6002; x_wconf 83' lang='lat' dir='ltr'><strong>irriguum.</strong></span> <span class='ocrx_word' id='word_1_964' title='bbox 3492 5950 3517 6075; x_wconf 44' lang='grc' dir='ltr'><strong>ἰ</strong></span> 
     </span>
    </p>
   </div>
   <div class='ocr_carea' id='block_1_122' title="bbox 2033 6112 2602 6142">
    <p class='ocr_par' dir='ltr' id='par_1_122' title="bbox 2033 6112 2602 6142">
     <span class='ocr_line' id='line_1_122' title="bbox 2033 6112 2602 6142; baseline 0.002 -10"><span class='ocrx_word' id='word_1_965' title='bbox 2033 6116 2114 6132; x_wconf 58' lang='grc' dir='ltr'><strong>...ρ’</strong></span> <span class='ocrx_word' id='word_1_966' title='bbox 2154 6116 2159 6118; x_wconf 59' lang='lat'><strong><em>‘</em></strong></span> <span class='ocrx_word' id='word_1_967' title='bbox 2204 6112 2557 6142; x_wconf 55' lang='grc' dir='ltr'><strong>ωο-δμρρεοαηι</strong></span> <span class='ocrx_word' id='word_1_968' title='bbox 2576 6116 2602 6133; x_wconf 65' lang='grc' dir='ltr'>ι.</span> 
     </span>
    </p>
   </div>
  </div>
