3912 6426
477 314 583 375 803

476 433 616 501 Quid
644 449 772 508 ergo
799 437 1054 496 Dominus
1082 440 1327 502 Christus
1355 445 1460 501 ait?
1488 446 1602 520 Ego
1641 466 1754 506 smn
1785 454 1927 518 ritis,
1973 469 2059 508 vos

468 539 744 596 sarmenta,
778 529 934 586 Pater
956 551 1092 588 meus
1112 537 1340 607 agricola
1373 539 1551 610 (Joan.
1594 558 1682 607 xv,
1713 544 1746 599 5
1765 585 1779 608 ,
1807 546 1882 608 t).
1905 545 2062 600 Silia‘t

470 637 600 694 ergo
627 633 786 687 terra,
819 635 868 681 et
902 627 1017 684 edat
1052 645 1208 685 voces
1227 633 1342 686 sitis
1369 637 1779 704 sormquoniam
1803 638 2058 706 scriptum

473 725 556 770 est
590 735 604 769 :
639 719 819 770 Anima
840 735 948 773 mea
970 720 1097 775 sicut
1117 733 1248 778 terra
1275 727 1382 781 sine
1400 743 1531 800 aqua
1561 729 1648 782 tibi
1691 728 1861 799 (Paul.
1894 747 2054 800 exui,

469 809 550 877 ϐ).
583 809 728 864 Dicat
753 827 879 881 ergo
906 822 1044 869 terra
1070 826 1271 880 nostra,
1305 834 1402 872 nos
1430 797 1549 887 ipsi,
1581 797 1814 890 pluviam
1842 823 1933 878 Dei
1961 797 2056 880 de;

466 902 707 956 siderans
741 921 752 954 :
786 902 1235 961 Densmisereatur
1256 911 1434 976 nostri,
1457 901 1790 968 et'benetlicut
1815 932 1927 969 nos.

535 993 587 1048 Ξ,
635 993 897 1050 ΙΙΙκηιὶηρι
918 1001 1110 1054 unitum
1127 1018 1273 1056 sinon
1294 1021 1444 1075 super
1464 1021 1574 1060 nos.
1596 1007 2056 1074 th'situruscras

466 1087 689 1144 ﬁirtasse
709 1091 833 1160 quid
857 1100 957 1154 est,
988 1095 1246 1150 benedice:
1268 1115 1374 1152 nos.
1397 1099 1574 1154 Multis
1598 1100 1850 1158 modis‘se
1871 1097 2055 1159 volunt

450 1173 711 1236 'hmu'snes
743 1183 984 1240 benedici
1009 1204 1036 1239 a
1067 1187 1175 1244 Deo
1210 1206 1222 1242 :
1252 1191 1386 1245 alius
1422 1185 1660 1248 benedici
1707 1209 1766 1249 se
1806 1195 1948 1261 vult,
1997 1206 2054 1252 ut

466 1272 652 1329 Ιιςιιηιειῑ
695 1277 902 1348 plen-un
934 1277 1149 1333 domum
1196 1285 1512 1339 necessariis
1552 1279 1709 1342 rebus
1748 1288 1868 1344 huic
1898 1289 2048 1358 vitae;

461 1367 597 1421 alius
627 1370 865 1426 hencd'ci
902 1389 959 1426 se
987 1374 1152 1444 cupit,
1179 1385 1234 1430 ut
1270 1377 1506 1444 obtineat
1539 1381 1763 1436 salutent
1805 1363 2047 1454 corporis

460 1461 575 1515 sine
603 1462 719 1516 labe
741 1480 754 1525 ;
780 1464 915 1518 alius
946 1465 1183 1522 benedici
1211 1484 1269 1526 se
1295 1471 1424 1537 vult,
1453 1472 1494 1526 si
1536 1472 1669 1529 forte
1693 1485 1914 1544 mgrotat
1941 1519 1955 1539 ,
1985 1484 2043 1532 nt

461 1565 666 1619 reparet
702 1555 1012 1624 sanitatem;
1058 1560 1190 1613 alius
1223 1561 1533 1618 desiderans
1576 1564 1748 1627 tilias,
1799 1575 1854 1622 et
1913 1567 2049 1625 forte

459 1645 801 1698 contristatus
829 1647 967 1715 quod
997 1664 1098 1702 nou
1135 1662 1452 1716 nascantur,
1487 1655 1725 1711 benedici
1754 1673 1811 1713 se
1844 1659 1954 1714 vult
1989 1669 2046 1715 ttt

461 1732 651 1788 haheat
683 1741 1063 1806 posteritatem.
1096 1741 1156 1795 Et
1184 1743 1300 1813 quis
1338 1757 1615 1802 enumerct
1660 1748 1867 1804 diversa
1918 1761 2038 1806 vota

459 1826 731 1882 hominum
787 1846 846 1886 se
895 1847 924 1886 a
975 1832 1199 1900 Domino
1251 1837 1359 1892 Deo
1401 1835 1642 1894 benedici
1685 1844 2045 1911 cupientium?

458 1918 587 1987 Quis
613 1931 787 1975 autem
830 1936 1067 1978 nostrum
1095 1924 1331 1982 dicturus
1358 1939 1440 1984 est
1471 1947 1573 1985 non
1614 1946 1733 1988 esse
1766 1933 1905 1988 illim
1954 1934 2046 1990 Dcl

459 2010 898 2079 benedictionem,
926 2017 969 2069 si
1001 2017 1079 2072 vel
1111 2017 1426 2093 agricultura
1451 2021 1740 2078 eifructum
1771 2023 1924 2089 lerat,
1953 2027 2034 2082 vel

457 2103 648 2157 domus
678 2107 934 2178 cujusque
975 2109 1207 2166 abundet
1240 2114 1389 2182 eop'a
1422 2129 1598 2170 rerum
1649 2119 2040 2186 temporalium,

457 2196 538 2249 vel
570 2196 679 2266 ipsa
704 2201 941 2270 ctu-puris
964 2202 1127 2267 Salus,
1157 2213 1246 2257 aut
1277 2215 1516 2259 teneatur
1542 2221 1608 2262 ne
1634 2210 1928 2276 amittatur,
1955 2221 2046 2266 aut

457 2291 651 2344 amissa
683 2295 999 2363 repm-etur?
1043 2294 1362 2352 Fecunditas
1403 2300 1561 2354 etiam
1604 2300 1952 2367 feminarum,
1991 2312 2045 2358 et

453 2394 595 2438 casta
637 2395 756 2439 vota
811 2385 946 2442 lilios
988 2389 1421 2453 desiderantium,
1465 2392 1531 2446 ad
1578 2409 1733 2465 quem
1778 2397 2044 2464 pertinent

459 2475 559 2529 nisi
583 2477 647 2530 ad
677 2478 958 2532 Dominum
987 2481 1146 2535 Deum
1166 2483 1190 2535 ’ἔ
1209 2483 1308 2548 Qui
1332 2486 1471 2538 enim
1500 2488 2043 2560 meavitquandonun

453 2576 587 2634 erat,
616 2568 913 2641 ipseprolis
936 2585 1184 2638 successu
1215 2572 1336 2630 facit
1382 2591 1692 2646 permanere
1728 2580 1868 2648 quod
1906 2596 2043 2636 con-

455 2659 609 2714 didit.
654 2661 800 2717 Facit
846 2665 958 2719 Irec
993 2666 1147 2731 Deus,
1174 2667 1338 2722 donat
1370 2650 1480 2724 lia'c
1529 2671 1686 2726 Deus.
1731 2672 1920 2727 Parum
1962 2683 2044 2730 est

455 2754 607 2808 nobis
628 2755 825 2821 (llCt'l‘t‘,
863 2755 1005 2818 Facit
1038 2759 1148 2814 hatc
1191 2761 1348 2827 licus,
1380 2763 1544 2822 donat
1581 2766 1693 2819 lucc
1734 2767 1904 2832 Deus;
1946 2769 2042 2824 sed

453 2850 600 2902 solus
629 2851 769 2914 l‘aeit,
798 2852 944 2905 SOlIlS
971 2851 1152 2907 donat.
1183 2855 1318 2924 Quid
1349 2856 1391 2910 si
1422 2859 1563 2929 enim
1590 2859 1711 2913 l‘aeit
1741 2858 1854 2915 haec
1875 2860 2038 2927 Deus,

451 2943 543 2996 st-d
574 2943 695 2998 fat-it
722 2945 905 3016 ltmelct
937 2947 1127 3024 aliquis
1150 2966 1252 3003 ttott
1287 2929 1639 3008 DeustFacit
1663 2954 1794 3015 lure,
1823 2963 1874 3007 et
1897 2954 2042 3010 solus

451 3032 592 3088 facit.
641 3036 702 3091 Et
751 3037 865 3090 sine
907 3055 1062 3092 causa
1097 3041 1196 3096 ista
1227 3023 1476 3110 petuntur
1501 3045 1580 3099 vel
1619 3044 1684 3097 ab
1712 3045 2038 3111 hominibus,

449 3130 527 3183 vc!
559 3145 588 3181 a
611 3127 940 3185 munientibus
974 3142 1069 3186 :et
1106 3151 1332 3204 qua-que
1371 3135 1508 3191 bona
1535 3135 1801 3208 accipiunt
1840 3139 2040 3194 inimici

452 3216 570 3282 Dei,
595 3220 662 3274 ab
707 3219 800 3298 illo
828 3222 1126 3293 accipiunt;
1165 3235 1214 3282 ct
1247 3242 1365 3280 eum
1412 3227 1479 3280 ab
1517 3227 1632 3284 aliis
1675 3238 1876 3297 petunt,
1918 3246 2038 3285 cum

452 3309 736 3379 accipiunt",
766 3314 1065 3371 nescientes
1096 3317 1164 3369 ab
1196 3317 1283 3372 illo
1306 3320 1588 3390 accipiunt.
1618 3320 1896 3388 Quomodo
1917 3337 2038 3380 cum

453 3405 762 3472 pttuittnlttt‘,
783 3421 835 3462 et
864 3417 1046 3476 putum
1086 3425 1143 3463 se
1165 3409 1230 3464 ab
1269 3411 1386 3464 aliis
1418 3414 1611 3482 puniri,
1647 3415 1946 3470 nescientes
1971 3416 2040 3472 ab

450 3493 542 3551 illo
571 3498 862 3567 pttniuntur
893 3517 906 3554 :
941 3501 1019 3557 sic
1073 3512 1127 3558 et
1176 3518 1296 3559 cum
1351 3516 1681 3577 vegetamur,
1732 3510 2035 3579 implentur,

447 3589 734 3652 salvantur.
772 3591 1096 3659 liberantur;
1126 3597 1223 3649 etsi
1255 3596 1357 3654 hoc
1398 3599 1732 3668 nescientes,
1759 3603 1839 3658 vel
1864 3603 2036 3658 hemi-

448 3680 626 3743 nilms,
674 3681 754 3735 vel
797 3685 1129 3740 drmonibns
1156 3729 1172 3752 ,
1217 3688 1299 3742 vel
1339 3690 1564 3762 Angelis
1612 3692 1876 3762 tribuunt,
1929 3711 2034 3749 non

449 3771 642 3830 habent
672 3774 770 3830 nisi
797 3777 863 3830 ab
889 3777 1001 3839 illo,
1025 3795 1188 3849 penes
1215 3797 1372 3851 quem
1407 3793 1642 3853 potestas
1669 3795 1748 3839 est
1775 3788 2033 3842 omnium.

447 3865 527 3920 Ad
557 3865 656 3921 hoc
678 3865 968 3923 dixerimus
999 3871 1130 3933 lure,
1161 3870 1373 3933 fratres,
1405 3884 1459 3928 ut
1485 3875 1725 3945 quisquis
1754 3879 1911 3931 etiam
1937 3879 2035 3936 ista

447 3968 658 4015 terrena
702 3961 855 4025 forte,
890 3963 970 4018 vel
1012 3975 1228 4035 propter
1263 3968 1633 4038 supplementa
1671 3972 2030 4040 necessitatis,

447 4055 530 4108 vel
564 4062 780 4126 propter
820 4057 1048 4128 aliquam
1091 4057 1449 4116 inﬁrmitatem
1483 4062 1782 4130 desiderat,
1825 4068 2032 4124 nonnisi

445 4143 514 4198 ab
545 4146 633 4200 illo
667 4146 953 4218 desideret,
992 4152 1079 4220 qui
1113 4163 1195 4207 est
1240 4152 1358 4208 fons
1386 4139 1623 4212 omnium
1665 4157 1948 4231 bonorum,
1981 4171 2036 4218 et

445 4251 656 4296 creator
685 4249 739 4296 et
761 4253 1029 4299 recreator
1052 4246 1442 4302 universorum.

517 4332 571 4386 5.
613 4330 714 4388 Sed
746 4334 844 4388 alia
870 4345 991 4390 sunt
1039 4337 1175 4391 dona
1221 4355 1337 4408 qua:
1380 4340 1470 4393 dat
1518 4341 1656 4397 Dens
1703 4353 1756 4402 et
1807 4344 2033 4402 inimicis

446 4422 578 4485 suis,
603 4423 701 4477 alia
741 4440 858 4495 qua:
888 4441 992 4480 non
1033 4439 1208 4482 servat
1237 4429 1335 4483 nisi
1364 4432 1551 4486 amicis
1579 4434 1708 4488 suis.
1753 4436 1881 4503 Qum
1910 4448 2035 4494 sunt

448 4515 584 4571 dona
607 4533 722 4588 qum
745 4518 834 4574 dat
860 4520 1085 4575 inimicis
1112 4522 1260 4575 suis?
1304 4523 1374 4577 Ea
1421 4542 1539 4595 qme
1587 4531 1880 4584 numeravi.
1917 4532 2032 4589 Non

447 4610 589 4665 enim
619 4611 714 4664 soli
737 4612 855 4665 boni
889 4613 1068 4682 plenas
1089 4613 1483 4672 habentdomos
1501 4619 1658 4674 rebus
1681 4624 2030 4693 necessariis;

445 4711 538 4756 aut
560 4701 656 4755 soli
689 4701 830 4767 boni,
866 4703 950 4760 vel
975 4705 1105 4760 salvi
1137 4706 1151 4738 ¹
1180 4716 1324 4772 sunt,
1355 4711 1435 4764 vel
1472 4711 1538 4764 ab
1565 4714 1874 4784 :rgritudine
1899 4733 2030 4771 con-

445 4791 755 4856 Valescuut;
787 4803 876 4848 aut
902 4795 1002 4849 stili
1034 4795 1154 4851 boni
1183 4797 1317 4853 filios
1339 4798 1550 4874 habent,
1584 4803 1681 4858 soli
1715 4805 1837 4860 boni
1871 4823 2033 4876 pecu-

447 4884 588 4940 niam
617 4927 631 4952 ,
679 4884 779 4940 Soli
826 4885 949 4944 boui
997 4902 1189 4944 ca'tcra
1234 4900 1353 4960 apta
1410 4891 1530 4949 ltuie
1585 4895 1706 4950 vita:
1756 4901 2030 4969 temporali

446 4985 606 5048 atque
636 4979 950 5036 transeumi.
1000 4979 1204 5037 llahent
1236 4982 1349 5040 hmc
1377 4993 1429 5039 et
1457 4986 1602 5052 mali,
1657 4997 1709 5043 et
1749 4990 2034 5062 aliquando

444 5067 640 5126 desunt
667 5069 819 5125 bonis
851 5087 863 5124 :
894 5070 985 5126 sed
1015 5073 1209 5130 desunt
1238 5085 1289 5130 et
1320 5075 1494 5144 malis,
1523 5091 1573 5134 et.
1597 5080 2034 5153 plerumqueistis

446 5165 617 5232 magis
672 5180 829 5235 quam
869 5165 1007 5232 illis;
1046 5166 1331 5237 aliquando
1365 5155 1464 5223 illis
1506 5189 1662 5240 quam
1705 5173 1816 5228 istis
1860 5177 2033 5244 potius

444 5254 736 5312 abundant.
765 5257 1029 5312 Permixta
1064 5257 1160 5313 ista
1194 5263 1505 5332 temporalia
1537 5253 1674 5319 Deus
1695 5267 2029 5334 cssevolnit;

443 5349 565 5418 quia
595 5347 639 5402 si
675 5348 829 5402 bonis
858 5349 986 5403 solis
1017 5367 1079 5405 ea
1104 5349 1274 5412 daret,
1310 5363 1553 5422 putarent
1579 5367 1631 5410 et
1671 5358 1792 5411 mali
1819 5372 2033 5428 propter

445 5440 559 5496 hare
585 5441 867 5497 colendum
903 5444 1104 5506 Deum;
1138 5461 1322 5500 rursus
1353 5447 1395 5501 si
1427 5464 1488 5503 ea
1516 5450 1644 5504 Solis
1683 5452 1832 5507 malis
1858 5454 2029 5521 daret,

445 5531 698 5590 timerent
736 5533 858 5590 boni
909 5535 1100 5590 inlirtni
1148 5538 1422 5602 converti,
1474 5557 1538 5595 ne
1595 5543 1690 5596 ista
1736 5544 1840 5598 illis
1896 5545 2032 5604 forte

444 5624 716 5682 deessent.
747 5627 840 5682 Est
869 5627 1010 5683 enim
1039 5629 1212 5686 adhuc
1237 5633 1408 5687 anima
1434 5633 1640 5690 inlirma
1668 5637 1841 5693 minus
1865 5654 2030 5710 capax

443 5720 592 5791 regni
625 5719 753 5803 Dei;
784 5723 986 5796 r‘ttrire
1011 5721 1156 5806 illam
1189 5723 1345 5779 debet
1385 5726 1519 5782 Deus
1556 5728 1784 5804 agricola
1829 5740 2027 5789 uoster.

514 5835 526 5864 ε
557 5833 690 5896 add,
713 5832 835 5887 satis
847 5834 963 5898 ρπαί
983 5843 1110 5888 sunt.
1133 5838 1296 5904 Abest,
1314 5840 1448 5906 torti,
1472 5857 1496 5893 ει
1522 5850 1628 5896 uss.
2011 5831 2016 5836 ”

1715 336 1774 394 S.
1814 336 2182 395 AUGUSTINI
2223 337 2526 396 EPISCOPI

3618 338 3697 401 804

2178 453 2309 509 Nam
2340 462 2393 510 et
2416 470 2533 525 qua:
2554 453 2714 508 arbor
2751 452 2860 524 jam
2911 457 3253 522 tempestates
3292 451 3478 507 robore
3501 443 3698 526 sustitiei,

2172 563 2294 602 cum
2325 547 2392 602 de
2415 557 2553 602 terra
2583 555 2912 609 nasceretur.
2941 546 3101 601 herba
3139 554 3274 600 erat.
3315 542 3470 600 Nevit
3498 561 3610 618 ergo
3635 552 3698 608 ille

2171 643 2400 712 agricola
2449 658 2554 695 non
2591 641 2763 694 Sltlllln
2815 641 3061 694 robustas
3097 640 3319 693 arbores
3371 649 3544 708 putare
3581 652 3702 712 atque

2159 748 2433 804 purgare;
2476 733 2568 788 sed
2603 734 2761 787 etiam
2809 741 3020 786 teneras
3049 733 3101 785 in
3149 731 3354 786 recenti
3397 741 3514 785 ortu
3548 737 3700 801 sepire.

2169 827 2484 897 Prttpterea,
2511 827 2866 893 dilectissimi,
2891 826 3154 882 uttdieere
3179 839 3489 895 remperam,
3529 827 3568 880 si
3607 829 3704 883 Solis

2157 921 2322 976 bonis
2349 922 2603 977 darentur
2633 922 2750 981 ista,
2782 931 2970 975 omnes
3007 929 3235 990 propter
3289 918 3408 974 luce
3451 920 3703 988 accipienti:

2156 1015 2362 1072 vellent
2384 1015 2620 1070 converti
2636 1015 2893 1070 tul-Deum
2921 1027 3150 1070 :trursus
3175 1014 3217 1067 si
3239 1014 3372 1068 solis
3393 1013 3702 1068 malis-daren-

2161 1105 2296 1171 tur,
2365 1107 2616 1161 timerent
2651 1105 2862 1160 “inﬁrmi
2895 1147 2909 1169 ,
2963 1120 3032 1159 ne
3091 1118 3218 1158 eum
3273 1110 3701 1160 onttverlcrentut.

2164 1199 2466 1254 amitterent
2499 1198 2639 1270 quod
2685 1199 2790 1252 soli
2829 1198 2956 1252 mali
2995 1197 3275 1253 haberent.
3323 1195 3580 1250 Pet-mixto
3612 1196 3702 1248 data

2157 1297 2287 1344 sunt
2313 1299 2364 1344 et
2385 1289 2536 1344 bonis
2562 1299 2613 1344 et
2645 1290 2816 1343 malis.
2841 1288 3049 1344 Rursus
3075 1289 3118 1342 si
3141 1288 3274 1341 solis
3302 1287 3460 1340 bonis
3482 1285 3703 1340 auferren-

2161 1387 2270 1448 tur,
2297 1381 2436 1436 idem
2468 1381 2557 1435 ille
2603 1380 2762 1435 timor
2798 1387 2940 1436 esset
2977 1379 3351 1442 inﬁrmorum,
3384 1391 3450 1430 ne
3475 1386 3701 1431 court-ite.

2155 1484 2348 1528 rentur
2371 1473 2438 1528 ad
2473 1473 2679 1529 Deum:
2707 1487 2893 1527 rursus
2934 1472 2978 1526 si
3020 1471 3151 1526 Solis
3183 1469 3698 1530 mensariis-tremat.

2163 1563 2274 1635 ipsa
2306 1565 2416 1619 Sola
2451 1579 2606 1634 pcena
2636 1573 2913 1633 putaretur
2945 1577 3046 1633 qua
3077 1562 3199 1616 inali
3231 1563 3556 1632 plectuntur.
3589 1562 3701 1626 ριωὰ

2159 1669 2287 1726 ergo
2312 1656 2402 1711 dat
2431 1671 2492 1711 ea
2523 1657 2708 1718 bonis,
2735 1656 3042 1712 consolatur
3081 1653 3407 1708 itinerantes
3435 1669 3451 1706 :
3479 1652 3604 1721 quod
3636 1652 3702 1708 dat

2159 1761 2223 1804 ea
2263 1757 2316 1802 et
2347 1749 2518 1812 malis,
2557 1749 2810 1803 admouet
2839 1749 3006 1802 bonos
3033 1757 3088 1801 ut
3127 1747 3226 1799 alia
3267 1745 3588 1800 desiderent.
3613 1761 3702 1809 qua

2159 1855 2265 1894 non
2296 1838 2626 1895 habentcum
2651 1841 2802 1893 malis
2821 1839 3142 1894 communia.
3176 1837 3388 1892 Rursus
3412 1837 3558 1890 bonis
3571 1837 3704 1891 aulert

2159 1945 2220 1985 ea
2247 1931 2459 2002 quando
2487 1932 2620 1998 vult,
2655 1941 2710 1986 ut
2739 1932 3068 2001 interrogent
3103 1946 3163 1985 se
3185 1930 3252 1984 de
3277 1930 3396 1983 Suis
3431 1929 3640 1991 viribus;
3667 1938 3706 1982 ot

2158 2023 2435 2078 inveniant
2463 2038 2540 2089 se,
2565 2025 2652 2093 qui
2678 2023 2813 2078 forte
2844 2023 2928 2077 lat.
2951 2023 3076 2078 bant
3101 2037 3180 2086 se,
3212 2031 3392 2075 utrum
3414 2021 3517 2089 jam
3545 2020 3706 2089 possint

2157 2112 2339 2168 dicere
2369 2131 2384 2167 :
2410 2113 2654 2168 Dominus
2684 2115 2841 2182 dedit,
2868 2113 3116 2168 Dominus
3143 2112 3357 2166 abstulit
3376 2129 3395 2174 ;
3416 2113 3540 2164 sicut
3569 2111 3698 2164 Domi-

2156 2222 2221 2259 no
2246 2207 2455 2275 placuit,
2492 2207 2565 2260 ita
2591 2212 2780 2278 [oetion
2827 2217 2898 2261 est
2928 2224 2942 2260 :
2973 2209 3038 2260 sit
3084 2223 3266 2260 nomen
3305 2204 3514 2258 Domini
3542 2203 3704 2258 bendi.

2155 2307 2287 2352 clum
2334 2299 2454 2370 (Job
2493 2316 2530 2364 l,
2582 2301 2693 2370 2|).
2723 2300 3008 2354 Bcnedixit
3040 2301 3181 2354 cnim
3217 2308 3271 2354 ot
3299 2299 3394 2352 illa
3425 2299 3592 2352 anima
3622 2297 3703 2350 [lo-

2155 2394 2379 2458 minum,
2421 2404 2470 2448 et
2501 2394 2727 2448 reddidit
2751 2393 2952 2448 fruetus
2987 2393 3254 2463 oompluta
3288 2391 3475 2461 sagina
3525 2391 3704 2445 llCiiCtll'

2153 2487 2363 2543 ctiouis.
2411 2486 2658 2541 Dominus
2696 2489 2852 2551 dedit,
2911 2487 3158 2541 Dominus
3196 2487 3412 2541 abstulit
3439 2501 3458 2541 :
3483 2486 3705 2540 Subtraxit

2151 2578 2310 2645 data;
2342 2579 2437 2636 sed
2476 2563 2578 2634 neu
2618 2580 2880 2635 subtraxit
2917 2579 3178 2635 datorem.
3225 2579 3425 2633 Anima
3472 2577 3702 2632 benedicta

2151 2671 2326 2726 omnis
2351 2673 2594 2741 simplex,
2628 2687 2730 2726 nou
2760 2673 2965 2728 ha'rens
2990 2673 3146 2727 rebus
3172 2673 3431 2736 terrenis,
3464 2687 3558 2726 nec
3583 2673 3700 2726 visco

2153 2766 2433 2836 implicatis
2459 2767 2867 2837 pennisjaeens,
2899 2766 2994 2821 sed
3023 2777 3235 2821 exserto
3267 2767 3451 2820 nitore
3469 2765 3699 2826 virtutum,

2153 2855 2204 2910 in
2239 2858 2466 2927 geminis
2492 2859 2591 2910 alis
2620 2863 2851 2928 geminas
2890 2856 3192 2911 dilectionis
3218 2857 3456 2910 exsultat
3489 2855 3539 2908 in
3579 2871 3701 2909 auras

2153 2947 2377 3013 liberas;
2403 2956 2457 3003 ct
2483 2949 2625 3003 videt
2655 2949 2754 3002 sibi
2786 2948 3115 3003 subtractum
3143 2961 3264 3002 esse
3311 2947 3455 3017 quod
3485 2947 3701 3009 calt-aint,

2151 3054 2260 3093 non
2285 3039 2374 3094 tibi
2407 3040 2777 3103 incumbebat;
2806 3051 2862 3093 et
2889 3039 3015 3092 dicit
3043 3053 3226 3092 secura
3255 3056 3268 3090 :
3303 3037 3549 3091 "ciuiuus
3565 3037 3700 3103 dedit,

2150 3127 2401 3186 Dominus
2428 3132 2631 3186 abstulit
2653 3146 2671 3195 ;
2696 3133 2824 3186 sicut
2852 3130 3068 3185 Domino
3099 3130 3316 3199 placuit,
3339 3132 3411 3182 itu
3428 3131 3701 3198 factiones:

2149 3226 2214 3280 sit
2234 3243 2412 3281 nomen
2447 3225 2649 3280 Domini
2688 3225 3020 3279 benedictum.
3047 3224 3218 3285 Dedit,
3248 3233 3304 3277 et
3331 3223 3580 3286 abstulit;
3618 3237 3699 3276 tua-

2150 3329 2242 3375 net
2266 3321 2352 3390 qui
2383 3319 2546 3384 dedit,
2578 3329 2632 3374 et
2661 3320 2880 3374 abs'ulit
2917 3317 3058 3389 quod
3097 3316 3242 3370 dedit
3274 3335 3285 3369 :
3313 3318 3388 3371 sit
3409 3319 3522 3384 ejus
3542 3324 3699 3372 nomen

2147 3409 2507 3467 benedictum.
2539 3409 2618 3466 Ad
2653 3413 2754 3465 hoc
2773 3426 2900 3480 ergo
2935 3411 3034 3464 ista
3063 3410 3404 3465 auferuntur-
3428 3411 3589 3464 bonis.
3617 3407 3698 3464 Sui

2146 3518 2217 3560 ne
2251 3505 2370 3572 quis
2393 3501 2528 3557 forte.
2551 3503 2792 3557 inlirmus
2813 3503 3051 3558 diceret:
3081 3501 3308 3570 Quaado
3333 3518 3438 3574 ego
3471 3517 3582 3558 esse
3603 3515 3699 3570 pos.

2146 3609 2263 3648 sum
2285 3604 2442 3649 tanta:
2475 3595 2706 3660 virtutis,
2735 3605 2946 3665 quanta:
2973 3602 3188 3648 sanctus
3211 3594 3354 3648 Job?
3381 3595 3698 3649 tiohurmirao

2143 3687 2221 3743 ris
2242 3687 2470 3751 arboris,
2496 3687 2617 3759 quia
2647 3687 2805 3742 tnodo
2842 3699 2962 3741 nata
3010 3702 3069 3741 es
3093 3689 3108 3720 ⁸
3138 3705 3152 3740 :
3179 3687 3300 3742 hac
3323 3704 3524 3757 magna
3573 3701 3696 3755 quam

2141 3779 2378 3842 miraris,
2405 3777 2504 3832 sub
2525 3778 2676 3848 cujus
2703 3779 2866 3832 ramis
2885 3787 2940 3834 et
2961 3779 3563 3849 tnnbra-refrigcrnris',
3582 3778 3694 3847 virga

2145 3871 2265 3927 fuit.
2303 3872 2408 3929 Sed
2450 3874 2605 3928 times
2637 3888 2702 3928 ne
2755 3872 2849 3927 tibi
2896 3871 3206 3927 auferantur
3255 3871 3400 3935 ham,
3450 3888 3564 3927 cum
3604 3870 3694 3922 talis

2144 3965 2350 4022 literis?
2374 3967 2602 4021 Attende
2627 3965 2750 4036 quia
2778 3967 3159 4020 :mlerunturct
3179 3965 3355 4020 malis.
3380 3965 3512 4034 Quid
3538 3977 3582 4018 te
3597 3976 3694 4031 ergo

2143 4058 2326 4116 dilicrs
2361 4076 2389 4114 a
2421 4060 2814 4116 conversione?
2859 4058 3015 4128 ρωιά
3059 4059 3230 4112 bonus
3264 4058 3429 4112 times
3465 4059 3692 4118 amittere.

2143 4151 2282 4208 forte
2313 4153 2484 4208 malus
2513 4150 2807 4206 amissurus
2847 4164 2924 4204 es.
2979 4150 3032 4206 Si
3084 4149 3255 4205 bonus
3303 4165 3370 4205 ea
3418 4147 3689 4219 lenlideris,

2143 4243 2295 4299 adest
2340 4243 2648 4299 consolator
2696 4243 2784 4313 qtti
2837 4242 3053 4297 abstulit
3095 4260 3110 4295 :
3157 4257 3279 4297 arca
3335 4242 3589 4298 exinanita
3629 4244 3694 4294 est

2143 4349 2297 4400 auro,
2325 4349 2420 4417 cui;
2450 4335 2660 4404 plenum
2683 4344 2764 4388 est
2786 4333 2920 4399 ﬁde;
2955 4333 3081 4389 foris
3108 4348 3308 4404 pauper
3337 4351 3397 4390 es
3421 4375 3434 4398 ,
3462 4333 3548 4388 sed
3581 4333 3691 4384 intus

2142 4427 2292 4484 dives
2319 4443 2376 4483 es
2404 4445 2417 4481 :
2452 4428 2662 4481 divitias
2692 4435 2865 4482 tecum
2911 4437 3088 4497 portas
3127 4442 3257 4495 quas
3288 4442 3399 4482 non
3426 4427 3684 4486 amitteres,

2142 4523 2350 4578 etiamsi
2375 4522 2440 4576 de
2464 4521 2740 4587 naufragio
2785 4518 2956 4574 nudus
2994 4519 3190 4573 exiros.
3229 4519 3384 4587 Quod
3423 4533 3544 4588 ergo
3582 4515 3688 4569 l'urtc

2141 4613 2449 4685 perditurus
2475 4630 2532 4667 es
2561 4612 2756 4679 malus,
2786 4626 2880 4667 cur
2905 4627 3010 4666 non
3054 4611 3247 4664 bonum
3281 4619 3342 4665 te
3391 4609 3578 4664 invenit
3613 4605 3687 4660 da-

2141 4725 2350 4773 mnum,
2377 4706 2807 4778 quandoquidem
2839 4705 2987 4760 vides
3011 4714 3064 4760 et
3093 4705 3258 4759 malos
3297 4705 3404 4775 pati
3433 4697 3685 4759 damnum!

2141 4799 2250 4857 Sed
2279 4801 2480 4871 tnajorc
2515 4799 2593 4854 illi
2624 4799 2820 4855 damno
2846 4798 3110 4854 feriuntur
3137 4817 3150 4851 :
3183 4799 3358 4857 inanis
3393 4809 3470 4854 est
3501 4797 3679 4858 domus,

2141 4896 2350 4950 inanior
2379 4891 2708 4949 (ouscicntia
2737 4901 2838 4949 est.
2873 4892 3124 4962 Quisquis
3151 4892 3322 4946 malua
3352 4893 3448 4947 ista
3476 4890 3679 4961 perdide-

2138 4987 2233 5053 rit,
2265 5003 2368 5042 non
2402 4986 2560 5041 habet
2587 4986 2712 5040 luris
2743 4985 2883 5056 quod
2913 4994 3110 5049 teneat,
3144 5001 3247 5039 non
3283 4984 3440 5041 habet
3465 4986 3590 5038 intus
3611 4975 3676 5031 ubi

2140 5083 2457 5154 requiescat.
2489 5079 2642 5151 Fugit
2669 5081 2755 5136 hic
2785 5081 2805 5112 ³
2836 5079 2922 5134 ubi
2949 5079 3200 5134 damnum
3224 5094 3409 5150 passus
3431 5087 3523 5143 est,
3543 5073 3614 5128 ubi
3633 5081 3676 5124 se

2141 5172 2207 5227 ad
2283 5174 2470 5228 oculos
2528 5172 2800 5226 hominum
2871 5171 2938 5226 de
2997 5171 3297 5226 divitiarum
3366 5167 3673 5226 ostentatione

2138 5264 2408 5336 iaetabal;
2457 5265 2566 5341 jam
2623 5282 2681 5321 se
2731 5267 2782 5320 in
2836 5265 3002 5320 oculis
3056 5265 3330 5318 hominum
3376 5263 3564 5332 jactare
3595 5268 3673 5309 non

2143 5367 2316 5430 potest
2346 5377 2356 5412 :
2382 5360 2445 5413 ad
2484 5374 2540 5412 se
2571 5359 2709 5413 intro
2745 5374 2850 5414 nott
2897 5358 3055 5420 redit,
3085 5359 3203 5428 quia
3235 5358 3362 5412 nihil
3394 5356 3554 5411 habet.
3584 5349 3672 5405 Non

2141 5460 2224 5507 est
2249 5453 2484 5507 imitatus
2515 5452 2789 5506 formicam
2816 5467 2830 5516 ;
2859 5465 2962 5505 non
2991 5451 3090 5506 sibi
3125 5451 3339 5519 collegit
3363 5463 3542 5520 grana,
3578 5451 3668 5497 cum

2141 5554 2299 5601 a'stas
2328 5553 2473 5601 esset
2501 5545 2681 5616 (Prov.
2710 5561 2782 5610 vt,
2807 5544 2862 5608 ϐ,
2892 5554 2938 5598 et
2961 5560 3085 5611 xxx,
3118 5542 3229 5615 95).
3260 5543 3394 5612 Quid
3425 5540 3550 5602 divi,
3573 5545 3664 5590 eum

2205 5659 2221 5690 ³
2243 5660 2316 5722 Sic
2350 5665 2483 5716 Mss,
2511 5659 2602 5706 nisi
2626 5656 2754 5722 quod
2780 5669 2906 5706 unus
2927 5656 3096 5716 habet,
3120 5658 3259 5708 natus
3281 5668 3351 5708 es.
3381 5659 3432 5705 At
3449 5647 3565 5709 Μὰ,
3585 5650 3668 5708 illi”

2161 5720 2305 5772 mdo
2327 5730 2442 5772 nutu
2468 5728 2556 5772 est.

2203 5787 2224 5818 ²
2249 5791 2378 5845 tus-5.,
2402 5783 2681 5847 refrigerio.

2125 5875 2136 5880 —
2205 5849 2226 5884 ³
2248 5841 2383 5940 miti.
2405 5841 2745 5910 manticam
2769 5847 3040 5907 vere-Itis...
3059 5841 3156 5902 litic-

2072 5942 2108 5958 μ
2130 5951 2132 5953 .
