3912 6464
183 401 283 490 ξᾷὸ

183 523 343 578 testas.
359 507 532 568 esset?
561 506 853 586 Cumesset
880 504 1004 577 vita:
1044 500 1401 582 tranquillitas
1421 540 1436 562 .
1460 512 1585 570 cum
1610 503 1756 560 esset

151 595 155 600 ’
181 607 352 670 mculi
376 603 531 672 huius
549 617 677 675 erga
705 601 852 658 illum
890 598 1242 672 prosperitas.
1285 593 1498 667 quando
1525 593 1574 647 ei
1605 605 1761 664 vaea-

135 749 139 751 .
185 703 287 765 bat,
318 696 528 770 quando
552 696 673 770 felix
705 694 994 756 vocabatur
1013 693 1080 750 ab
1111 689 1383 760 omnibus,
1410 697 1570 746 mstas
1595 686 1761 756 ipsius

183 769 634 860 erat.ltnitarettt_r
661 769 963 864 lorutictnt,
1010 785 1056 859 si
1105 783 1315 862 audiret
1366 780 1584 836 verbum
1625 779 1758 845 Dei;

183 887 447 958 colligeret
471 898 658 958 grana.
697 891 752 942 et
777 882 924 953 intus
947 878 1279 952 reconderet.
1321 875 1555 942 Venerat
1593 882 1765 941 tenta-

182 981 254 1038 tio
313 975 667 1055 tribulationis
697 1015 713 1042 ,
767 980 1152 1044 supervenerat
1203 971 1375 1034 hiems
1425 967 1657 1035 torporis
1697 967 1762 1034 ξ,

186 1079 468 1142 tempestas
513 1067 761 1144 timoris,
807 1065 972 1136 frigus
1001 1064 1250 1142 tristiting
1279 1103 1296 1126 .
1348 1063 1460 1124 sive
1505 1061 1764 1142 datariam

182 1169 358 1224 esset,
407 1158 524 1230 sive
561 1153 776 1231 aliquod
814 1156 1001 1232 salutis
1051 1153 1380 1226 periculum.
1429 1152 1544 1215 sive
1589 1151 1765 1221 aliqua

141 1315 150 1322 ,
182 1253 378 1310 orbitas
417 1251 804 1324 sttoruttt,.sive
832 1251 1007 1320 aliqua
1039 1248 1398 1312 esbottm'atiu
1427 1256 1488 1306 et
1517 1246 1769 1304 humilia-

185 1345 286 1409 tio;
329 1342 503 1400 bients
543 1352 660 1400 erat
687 1358 706 1408 ς
732 1341 872 1410 redit
905 1341 1128 1408 formica
1172 1339 1242 1402 ad
1285 1339 1337 1402 id
1382 1338 1526 1412 quod
1578 1347 1767 1396 testate

183 1431 504 1508 Collegiuet
543 1433 686 1508 intus
742 1434 799 1500 in
839 1443 1047 1490 secreto
1096 1431 1348 1500 suo,_ubi
1397 1446 1556 1490 nemo
1602 1431 1767 1500 videt,

183 1507 379 1598 gestit-is
409 1507 682 1600 laboribus
706 1534 998 1598 recreatur.
1037 1525 1266 1606 Quando
1281 1525 1386 1602 sibi
1425 1525 1530 1586 iSta
1551 1527 1770 1596 collige-

142 1603 151 1614 ”
179 1621 265 1694 bat
292 1627 502 1694 aestate,
535 1615 786 1684 videbant
802 1634 992 1682 omnes
1019 1638 1034 1678 :
1061 1603 1183 1682 eum
1206 1619 1290 1677 his
1315 1621 1546 1691 pascitur
1571 1621 1770 1690 hieme,

179 1692 356 1769 nullus
375 1713 558 1788 ‘videt.
585 1713 723 1781 Quid
751 1713 1000 1777 esthoc?
1018 1714 1152 1772 Vide
1176 1713 1454 1771 formicam
1483 1715 1578 1772 Dei
1605 1733 1618 1770 :
1645 1730 1770 1770 sur-

180 1808 256 1882 git
280 1807 542 1878 quotidie,
566 1808 733 1884 currit
757 1808 826 1864 ad
854 1808 1132 1872 erelcsiam
1165 1808 1298 1877 Dei,
1324 1818 1442 1866 erat
1463 1849 1479 1877 ,
1512 1810 1660 1865 audit
1696 1809 1773 1865 le-

182 1901 413 1956 ctionem
440 1941 462 1965 ,
510 1899 766 1972 hymnum
810 1908 1026 1968 cantat,
1065 1901 1298 1957 ruminat
1341 1904 1484 1971 quod
1533 1902 1769 1970 audivit,

183 1991 320 2060 apud
341 1991 638 2064 segcogitat,
655 1991 898 2053 recondit
924 1993 1066 2052 intus
1088 2009 1252 2064 grana
1281 1995 1506 2063 collecta
1530 1995 1600 2050 de
1621 2011 1770 2051 arca.

184 2083 310 2140 ιιωε
334 2083 452 2155 ipsa
478 2101 597 2157 qua)
619 2085 783 2142 modo
797 2086 1047 2148 dicuntur
1073 2089 1167 2159 qui
1194 2089 1484 2159 prudenter
1519 2089 1770 2156 audiunt,

143 2239 156 2244 _
183 2173 284 2231 hoc
324 2184 523 2247 agunt,
570 2188 625 2234 et
669 2177 739 2257 ab
786 2179 1033 2242 omnibus
1083 2179 1332 2237 videntur
1376 2183 1665 2253 procedere
1706 2183 1774 2239 ad

183 2269 470 2330 ecclesiam
494 2309 512 2336 ,
561 2270 738 2330 redire
777 2271 849 2332 de
885 2272 1114 2328 ecclesia
1137 2315 1152 2338 ,
1199 2273 1388 2332 audire
1432 2290 1772 2344 sermonem,

183 2363 369 2419 audire
398 2363 706 2432 lectionem,
741 2365 982 2423 invenire
1005 2367 1222 2433 librum,
1247 2369 1454 2441 aperire
1476 2379 1530 2426 et
1553 2372 1730 2442 legere
1757 2389 1772 2425 :

149 2511 154 2516 .
186 2458 366 2518 omnia
397 2459 499 2518 ista
524 2459 791 2527 videatur;
824 2476 948 2517 eum
969 2463 1120 2518 fiunt.
1155 2461 1400 2519 Formica
1427 2464 1512 2519 illa
1535 2475 1618 2520 est
1647 2479 1777 2520 con-

188 2559 368 2618 terens
414 2551 536 2615 iter.
564 2563 781 2624 portans
804 2564 859 2610 et
891 2555 1193 2612 recondens
1232 2555 1288 2610 in
1323 2567 1615 2626 conspectu
1659 2573 1779 2613 cer-

187 2645 454 2700 nentium.
485 2644 644 2704 Venit
665 2645 836 2701 hiems
853 2647 1176 2718 aliquando;
1199 2650 1285 2703 cui
1306 2646 1448 2705 enim
1467 2662 1571 2706 neu
1596 2651 1778 2706 venit?

186 2736 399 2794 Accidit
423 2738 698 2804 damnum,
736 2739 932 2796 accidit
968 2741 1170 2796 orbitas
1200 2761 1214 2796 :
1239 2745 1417 2798 cteleri
1446 2745 1820 2821 ‘ntiserantur!

185 2826 328 2898 forte
355 2839 412 2884 ut
436 2832 714 2895 miserum,
741 2832 829 2900 qui
858 2847 964 2886 non
1005 2842 1202 2887 norunt
1229 2835 1354 2903 quid
1398 2836 1539 2890 intus
1589 2836 1781 2892 haheat

186 2920 418 2985 formica
442 2923 585 2993 quod
609 2923 874 2988 comedat,
901 2933 956 2979 et
981 2924 1186 2990 dicunt,
1221 2917 1378 2980 liis-er
1421 2928 1510 2982 ille
1549 2928 1637 2981 cui
1679 2927 1780 2983 hoc

153 3015 406 3082 accidit,
437 3023 536 3074 aut
555 3015 648 3074 ille
663 3015 752 3070 cui
779 3014 880 3070 hoc
903 3016 1097 3071 accidit
1126 3034 1141 3069 :
1167 3018 1294 3086 quid
1323 3018 1397 3072 illi
1415 3019 1589 3074 credis
1614 3020 1778 3074 animi

153 3105 353 3176 esse?
397 3106 672 3177 attenuatio
700 3107 978 3163 confectus
1001 3109 1130 3163 est!
1162 3109 1376 3166 Metitur
1415 3126 1478 3164 ex
1511 3126 1590 3177 se,
1629 3127 1778 3166 com-

184 3197 392 3269 patitur
419 3213 494 3258 ex.
515 3199 720 3255 viribus
736 3200 870 3264 suis,
911 3209 968 3254 et
1011 3200 1129 3255 ideo
1156 3201 1382 3269 fallitur;
1413 3206 1534 3273 quia
1567 3217 1782 3258 mensu-

179 3304 314 3354 ram.
354 3304 464 3365 qua
491 3304 555 3345 se
581 3290 817 3355 uiuitur,
840 3291 950 3346 vult
980 3291 1170 3348 »ποι-νε
1205 3292 1272 3346 ad
1303 3308 1426 3346 eum
1472 3309 1629 3363 quem
1675 3308 1780 3351 non

187 3380 732 3458 nqyit..thes.illmn
757 3397 978 3453 passum
1005 3383 1276 3448 damnum,
1309 3395 1399 3439 aut
1421 3386 1778 3454 bntniliatum,

186 3482 279 3540 aut
323 3473 905 3545 orbitatcperettssum
935 3491 949 3529 :
981 3477 1110 3544 quid
1155 3477 1382 3533 credis?
1429 3477 1536 3534 Iste
1582 3479 1782 3551 aliquid

187 3567 320 3624 mali
345 3565 499 3634 fecit,
527 3578 589 3623 ut
617 3568 720 3623 hoc
747 3568 821 3622 illi
847 3569 1200 3641 contingeret.
1234 3571 1365 3627 Tale
1389 3587 1482 3627 eor
1515 3572 1779 3641 haheaut‘,

187 3663 356 3719 talem
377 3663 626 3731 animum
651 3662 850 3719 inimici
876 3663 1000 3718 mei.
1031 3663 1267 3736 lguoras,
1291 3681 1325 3719 ο
1355 3666 1545 3730 homo;
1579 3683 1702 3722 vere
1728 3675 1784 3723 tu

186 3755 279 3811 tibi
324 3754 587 3810 inimicus
624 3771 706 3820 es,
737 3756 828 3825 qtti
867 3769 964 3825 per
1003 3764 1243 3811 aestatem
1285 3757 1378 3811 tibi
1430 3771 1536 3812 non
1580 3757 1785 3828 colligis

179 3847 324 3918 quod
348 3849 460 3902 iste
483 3847 716 3918 collegit.
740 3847 896 3902 Modo
922 3848 1064 3902 intus
1084 3850 1299 3903 formica
1321 3851 1555 3905 comedit
1577 3850 1785 3906 labores

178 3942 385 3996 astatis
417 3957 432 3995 :
473 3941 568 3994 sed
596 3956 711 3994 eam
743 3940 1082 4010 colligentem
1124 3941 1301 3996 videre
1333 3954 1584 4012 poteras;
1637 3958 1786 3998 man-

176 4035 487 4093 dttcantctut
509 4036 691 4092 videre
720 4052 828 4092 non
875 4047 1045 4108 potes.
1099 4033 1222 4116 Ista.
1273 4037 1487 4104 fratres,
1530 4047 1785 4109 quantum

186 4127 452 4184 Dominus
477 4128 647 4194 dedit,
669 4139 928 4200 quantum
951 4145 1234 4201 suggerere
1261 4139 1309 4186 et
1344 4130 1582 4186 imbuere
1611 4131 1789 4203 d‘gua-

185 4227 377 4277 tusest
406 4220 778 4276 infirmitatem
804 4230 856 4275 et
887 4221 1236 4277 humilitatem
1262 4233 1517 4289 nostram,
1535 4234 1786 4294 quantum

171 4313 440 4382 mpimus
469 4326 571 4384 pro
599 4312 816 4367 modulo
844 4321 1047 4375 nostro,
1078 4313 1327 4380 diximus,
1352 4329 1516 4384 quare
1535 4316 1626 4369 det
1653 4315 1788 4371 Deus

173 4406 373 4461 .omnia
406 4407 511 4460 ista
535 4407 792 4474 permixta
818 4414 872 4462 et
899 4407 1053 4462 bonis
1091 4417 1145 4462 ct
1169 4408 1342 4474 malis,
1369 4417 1421 4464 et
1445 4425 1608 4480 quare
1642 4411 1791 4465 aufe-

190 4509 276 4554 rat
328 4509 388 4554 et
433 4499 594 4554 bonis
631 4508 686 4553 et
719 4500 891 4554 malis.
941 4500 1095 4555 Dedit
1139 4502 1264 4567 tibi;
1313 4520 1415 4556 tton
1473 4502 1786 4558 extollaris:

191 4592 420 4646 abstulit
447 4591 574 4656 tibi;
602 4606 707 4646 non
737 4591 1012 4661 frangaris.
1041 4593 1223 4648 Times
1262 4609 1329 4648 ne
1371 4595 1602 4661 auferat;
1653 4595 1792 4649 bono

178 4696 378 4754 potest
401 4683 622 4738 auferre
645 4692 695 4737 et
734 4683 874 4737 maio
901 4700 915 4737 :
947 4684 1136 4740 melius
1171 4701 1299 4756 ergo
1327 4687 1496 4741 bonus
1526 4687 1665 4762 quod
1701 4686 1790 4742 Dei

194 4788 280 4833 est
309 4777 546 4842 amittis,
575 4775 668 4830 sed
702 4776 864 4831 Deum
903 4785 1074 4831 tenes.
1106 4777 1194 4832 Sic
1224 4793 1351 4848 ergo
1387 4785 1440 4833 et
1467 4781 1554 4833 ille
1582 4781 1748 4834 maius
1775 4798 1790 4845 ;

194 4870 376 4942 ipsum
438 4871 760 4926 hortamur:
791 4870 1047 4926 Passurus
1090 4886 1148 4926 es
1192 4873 1476 4936 damnum;
1508 4874 1646 4947 (quis
1689 4891 1793 4929 non

195 4977 466 5034 passurus
504 4972 588 5017 est
611 4962 958 5036 orbitatem?)
981 4962 1170 5035 aliquis
1205 4979 1360 5020 casus
1402 4965 1584 5028 irruct.
1623 4967 1795 5036 aliqua

196 5059 488 5113 ealatttitas
540 5057 607 5112 de
659 5068 1004 5124 transverso,
1061 5058 1426 5129 ttndecmuque
1480 5059 1664 5127 plenus
1716 5069 1798 5116 est

197 5153 460 5216 mundus,
496 5152 736 5220 exempla
761 5167 866 5204 nou
898 5160 1110 5206 cessant
1139 5163 1150 5204 :
1186 5149 1374 5222 loquor
1399 5151 1490 5206 tibi
1515 5151 1565 5206 itt
1589 5159 1793 5222 arstatc,

197 5261 366 5316 grana
391 5262 520 5317 qua:
541 5245 760 5318 colligas
789 5259 892 5299 non
919 5243 1143 5300 desunt:
1176 5246 1392 5301 attende
1418 5246 1480 5298 ad
1501 5246 1793 5314 fortuitam,

199 5354 235 5396 ο
259 5338 618 5414 piger(Prav.
651 5355 721 5400 vt.
753 5339 1194 5410 6,'ctxxx,23);
1233 5340 1419 5411 coll’gc
1457 5351 1640 5396 testate
1678 5359 1796 5398 cum

201 5443 390 5500 potes;
428 5433 604 5486 hiems
632 5429 879 5501 colligere
912 5441 960 5485 te
990 5447 1092 5485 non
1129 5433 1286 5493 siuet,
1335 5433 1425 5486 sed
1482 5433 1798 5489 manducare

201 5527 348 5599 quod
401 5525 702 5597 Collegi-ris.
756 5526 923 5591 Quam
960 5526 1109 5590 multi
1141 5527 1279 5598 enim
1310 5526 1696 5583 tribulatimtcut
1730 5531 1796 5586 ita

201 5623 510 5694 patiuntur,
545 5629 600 5674 ut
635 5634 740 5677 non
767 5620 845 5675 eis
877 5625 1044 5683 vacet,
1090 5622 1187 5676 nec
1237 5621 1414 5693 legere
1449 5623 1666 5694 aliquid,
1701 5640 1797 5680 nec

203 5713 396 5770 audire
444 5710 677 5783 aliquid;
727 5726 826 5768 nec
873 5710 1006 5768 forte
1050 5709 1402 5770 admittuntur
1448 5714 1512 5770 ad
1553 5730 1643 5772 eos
1710 5717 1796 5796 qui

199 5940 226 5978 ,ο
271 5916 288 5948 ι
316 5911 892 5977 *μήκωνες-ωε
915 5919 1020 5962 κει

1231 382 1631 462 Emam?
1667 378 1735 462 In!
1763 375 2323 461 .PSALMUMXVI.

3297 395 3449 456 νεεδ

1861 508 1958 570 eos
2005 498 2366 572 consolentur.
2411 499 2687 569 Remansit
2721 502 2941 566 formica
2973 506 3024 561 in
3064 523 3324 574 CltYi‘l‘lta;
3371 515 3452 568 ti-

1864 586 1988 644 deat
2012 589 2062 663 si
2093 590 2308 662 collegit
2351 593 2547 664 aliquid
2577 604 2789 662 a-state,
2822 614 2926 667 quo
2952 614 3011 655 se
3040 611 3228 658 avocet
3258 601 3451 660 hieme.

1937 681 1992 734 4.
2024 679 2126 738 Sed
2156 683 2318 738 modo
2355 686 2477 756 quia
2523 687 2801 744 benedicet
2828 705 2925 745 nos
2955 692 3092 748 Deus
3113 733 3131 761 ,
3163 710 3330 765 quare
3356 697 3450 754 lte-

1865 770 2076 826 nedieet
2102 774 2238 842 nos?
2265 791 2422 848 quam
2453 776 2873 837 benedictionem
2907 785 3036 852 petit
3082 785 3197 840 inec
3225 803 3324 842 vos
3345 830 3358 852 ,
3387 788 3435 846 ι]

1825 929 1832 940 ε
1867 860 2125 926 benedice!
2152 880 2243 935 nos
2271 866 2403 932 Deus
2420 868 2447 923 1’
2475 869 2906 934 Benedictioucm
2935 891 3094 948 quam
3122 891 3300 936 servat
3317 883 3424 938 ami

1823 1011 1828 1017 _
1866 951 1944 1016 cis
1968 953 2116 1044 suis,
2139 970 2297 1024 quam
2323 959 2454 1016 solis
2483 963 2637 1024 battis
2662 963 2770 1024 dat.
2790 965 2867 1024 Ne
2887 982 2988 1039 pro
3014 985 3206 1041 magno
3234 986 3455 1044 appetas

1861 1046 2009 1120 quod
2026 1039 2086 1120 et
2107 1049 2232 1106 mali
2247 1051 2512 1123 accipiunt
2534 1073 2549 1112 :
2573 1057 2692 1126 quia
2716 1057 2885 1117 bonus
2911 1070 2994 1116 est
3015 1039 3170 1128 Deus,
3195 1039 3319 1120 facit
3345 1067 3452 1131 illa,
3504 1060 3525 1087 ”

1825 1194 1848 1213 ._
1867 1146 1960 1214 qui
1987 1147 2154 1212 solem
2180 1163 2337 1208 suum
2367 1147 2488 1204 facit
2515 1151 2642 1232 φή
2668 1166 2831 1222 super
2867 1153 3038 1210 bonos
3062 1166 3118 1211 et
3145 1157 3350 1225 malos,
3401 1169 3457 1218 et

1828 1297 1840 1310 σ
1868 1238 2006 1310 pluit
2045 1255 2208 1310 super
2246 1241 2422 1311 iustos
2457 1250 2513 1298 et
2561 1242 3034 1315 ittjustus(Mattlt.
3066 1264 3120 1312 ν,
3151 1250 3220 1305 45
3244 1254 3280 1319 ).
3315 1250 3454 1318 Quid

1869 1345 1998 1402 ergo
2027 1331 2292 1408 prmcipue
2322 1331 2515 1390 bonis?
2535 1336 2662 1405 quid
2689 1338 2952 1408 praecipue
2972 1339 3164 1411 juslis?
3192 1341 3458 1400 "Inminet

1835 1459 1844 1486 _-
1870 1427 2067 1488 vultum
2105 1443 2254 1482 suum
2285 1445 2440 1499 super
2472 1446 2583 1488 nos.
2606 1430 2745 1486 Solis
2771 1431 2928 1501 hujus
2960 1435 3161 1491 vultum
3193 1437 3458 1496 illuminas

1829 1561 1842 1570 .
1869 1534 2034 1590 super
2060 1519 2230 1578 bonos
2257 1530 2312 1577 et
2339 1523 2548 1588 malos;
2575 1524 2780 1592 vultum
2828 1535 2976 1582 tuum
3021 1527 3258 1584 illtuniua
3298 1547 3458 1600 super

1870 1629 1989 1674 nos.
2026 1615 2222 1672 Vident
2259 1616 2418 1672 istam
2460 1616 2634 1676 lucem
2671 1633 2790 1674 cum
2839 1621 3121 1690 pecoribus
3147 1633 3204 1677 et
3235 1623 3361 1678 boni
3405 1632 3455 1681 ct

1871 1709 1996 1774 ntali
2027 1726 2040 1762 :
2079 1710 2220 1766 beati
2248 1719 2424 1766 autent
2455 1711 2654 1766 mundo
2681 1712 2864 1782 corde,
2884 1714 3135 1785 quoniam
3166 1718 3263 1788 ipsi
3293 1721 3501 1811 Demus

1871 1801 2146 1857 videbunt.
2173 1800 2349 1874 (Ibid.
2378 1819 2431 1870 v,
2461 1805 2496 1858 tl
2587 1803 2855 1861 Illuntt'net
2881 1809 3074 1863 utilium
3112 1827 3259 1865 suum
3304 1829 3457 1883 super

1838 1945 1840 1948 .
1875 1911 1988 1950 nos.
2017 1894 2275 1952 Geminus
2305 1896 2605 1952 intellectus
2642 1906 2772 1963 est;
2797 1908 3021 1969 uterque
3057 1900 3318 1957 dicendus
3350 1914 3453 1960 est.

1839 2025 1844 2028 -
1875 1987 2116 2042 lllumiua
2140 2029 2167 2054 ,.
2207 1988 2411 2058 inquit,
2456 1989 2660 2042 vultum
2687 1999 2838 2046 tuum
2861 2006 3028 2061 super
3065 2007 3190 2060 nos;
3231 1997 3456 2053 ostende

1875 2078 2031 2135 nobis
2072 2079 2276 2133 vultum
2305 2095 2480 2134 suum.
2513 2078 2632 2135 Non
2679 2084 2820 2138 enim
2866 2085 3152 2155 aliquando
3199 2088 3459 2146 illuminat

1851 2172 2078 2230 .vultutn
2110 2180 2257 2226 tuum
2285 2172 2443 2238 Deus,
2472 2174 2624 2244 quasi
2649 2174 2936 2246 aliquando
2965 2176 3123 2233 fuerit
3154 2179 3269 2235 sine
3297 2179 3457 2237 lumi-

1876 2280 1984 2320 ne:
2015 2265 2107 2320 sed
2137 2265 2377 2322 iiiumina
2404 2282 2565 2336 super
2591 2283 2711 2334 nos,
2741 2269 2962 2339 utquod
2989 2285 3086 2326 nos
3115 2272 3307 2328 latebat
3334 2274 3460 2344 abc-

1877 2357 2044 2414 rialttr
2069 2357 2228 2412 nubis
2249 2398 2266 2423 ,
2297 2368 2352 2413 et
2385 2357 2527 2428 Quod
2554 2368 2671 2414 erat
2694 2399 2710 2428 ,
2755 2360 2849 2415 sed
2896 2361 3048 2416 nobis
3092 2363 3460 2422 absconditum

1878 2460 2032 2517 erat,
2059 2452 2327 2507 reveletur
2351 2467 2515 2524 super
2546 2468 2680 2519 nos,
2730 2453 2829 2507 hoc
2855 2461 2942 2509 est
2980 2455 3324 2512 illuntiuetur.
3358 2461 3461 2516 Aut

1877 2553 2047 2612 certe,
2097 2544 2381 2614 imaginem
2431 2555 2574 2601 tuam
2621 2544 2859 2600 illttmiua
2887 2561 3048 2617 super
3093 2564 3230 2603 nos:
3265 2561 3322 2604 ut
3363 2550 3462 2608 hoc

1879 2635 2110 2703 dixerit,
2143 2635 2384 2690 lllutnina
2416 2638 2616 2691 vultum
2661 2646 2807 2692 tuum
2837 2653 3000 2709 super
3026 2653 3162 2706 nos;
3187 2639 3463 2711 impressi-

1880 2729 1947 2783 sti
1977 2731 2132 2783 nobis
2158 2729 2361 2784 vultum
2405 2737 2552 2785 tu‘um
2579 2773 2593 2795 ,
2626 2731 2795 2786 fecisti
2827 2747 2924 2788 nos
2971 2733 3040 2788 ad
3083 2734 3365 2806 itttaginetn
3411 2748 3464 2796 et

1880 2822 2280 2878 similitudinem
2323 2833 2462 2878 tuam
2495 2823 2658 2913 (Gen.
2692 2843 2738 2892 t,
2770 2825 2915 2896 26).
2964 2827 3132 2883 fecisti
3166 2845 3262 2885 nos
3307 2847 3463 2888 tttuu-
3543 2812 3558 2833 ’

1861 2929 2030 2970 mum
2059 2923 2246 2979 tuum;
2279 2915 2372 2970 sed
2404 2930 2508 2970 non
2539 2916 2698 2972 debet
2725 2917 2903 2989 imago
2930 2927 3014 2973 tua
3040 2920 3089 2974 in
3119 2923 3352 2978 tenebris
3379 2939 3465 2980 re-

1881 3019 2138 3071 manere;
2165 3006 2318 3061 mitte
2345 3006 2551 3062 radium
2576 3009 2850 3079 sapientiae
2882 3017 2987 3065 tua:
3008 3053 3024 3076 ,
3063 3013 3292 3083 expellat
3320 3025 3466 3073 teuc-

1865 3098 2008 3156 .bras
2035 3113 2271 3165 nostras,
2301 3110 2356 3155 et
2384 3101 2582 3171 fulgeat
2610 3103 2662 3156 in
2711 3103 2865 3159 nobis
2893 3105 3068 3176 imago
3116 3119 3238 3174 tua;
3267 3125 3465 3179 cogno-

1883 3205 2095 3256 scamus
2123 3206 2220 3246 nos
2250 3192 2705 3264 imaginem-tuam
2726 3235 2743 3262 ,
2788 3194 3066 3253 audiamus
3105 3200 3243 3272 quod
3269 3201 3466 3259 dictum

1885 3294 1972 3338 est
2013 3284 2064 3338 itt
2100 3282 2337 3342 Cauticis
2385 3287 2715 3344 canticorum
2745 3289 2914 3344 :-Nisi
2962 3295 3252 3364 cognoveris
3298 3301 3467 3350 (euicta

1883 3375 2070 3445 ipsam,
2099 3391 2130 3438 ο
2159 3377 2375 3446 pulchra
2412 3379 2546 3434 inter
2575 3380 2815 3437 mulieres
2841 3382 3028 3452 (Cant.
3067 3401 3116 3449 ι,
3147 3386 3239 3456 7).
3268 3386 3468 3445 Dicitur

1873 3469 2026 3524 .enint
2051 3469 2303 3525 Ecclesiae
2333 3490 2346 3526 :
2393 3471 2511 3527 Nisi
2549 3477 2840 3545 coynovert's
2865 3479 3198 3543 temetipsum.
3226 3479 3360 3550 Quid
3392 3491 3470 3538 est

1886 3561 1988 3618 hoc
2010 3566 2036 3617 ’τ
2062 3562 2170 3619 Nisi
2198 3566 2512 3635 ettgnoveris
2546 3566 2612 3622 ad
2651 3569 2936 3640 imaginem
2971 3571 3062 3626 Dei
3091 3581 3142 3628 te
3170 3571 3383 3629 factam.
3425 3574 3471 3632 0

1881 3657 2060 3712 anima
2105 3656 2362 3714 Ecclesiae
2390 3661 2662 3730 pretiosa‘
2689 3705 2704 3730 ,
2736 3664 3010 3734 redempta
3045 3666 3304 3737 sanguine
3337 3669 3472 3740 Agttt'

1887 3751 2211 3806 itnmaculati
2238 3794 2252 3820 ,
2295 3753 2512 3807 attende
2541 3755 2722 3825 quanti
2757 3757 2968 3821 valeas;
3013 3759 3136 3829 quid
3169 3775 3265 3830 pro
3297 3770 3347 3816 te
3373 3761 3471 3816 da-

1885 3849 1998 3896 tum
2041 3843 2110 3896 sit
2150 3845 2344 3912 cogita.
2378 3845 2625 3902 Dicamus
2653 3862 2780 3916 ergo
2806 3857 2859 3903 et
2886 3859 3133 3916 optemus
3157 3893 3171 3916 ,
3214 3849 3473 3907 Illuminet

1885 3934 2078 3990 vult-unt
2106 3951 2252 3990 suum
2291 3953 2443 4008 super
2466 3955 2576 3992 nos.
2607 3938 2890 3995 Gestamus
2920 3940 3120 3995 vultum
3151 3941 3266 4011 ejus
3292 3961 3304 3994 :
3333 3957 3467 4014 qut)-

1888 4027 2048 4081 modo
2088 4027 2338 4082 dicuntur
2396 4030 2571 4085 vultus
2624 4030 3040 4101 imperatorum,
3085 4049 3211 4090 vere
3257 4036 3473 4106 quidam

1889 4135 2044 4176 sacer
2065 4123 2243 4176 vultus
2266 4123 2355 4178 Dei
2382 4133 2463 4180 est
2492 4125 2540 4179 itt
2575 4126 2802 4196 imagine
2834 4127 3028 4195 ipsius;
3053 4130 3146 4184 sed
3176 4131 3340 4202 iniqui
3368 4148 3474 4191 non

1889 4229 2220 4286 cognoscunt
2247 4219 2297 4271 itt
2327 4233 2385 4273 se
2411 4218 2693 4289 imaginem
2721 4220 2920 4277 Dei.Ut
2948 4222 3275 4279 illmniuetur
3299 4227 3476 4284 vultus

1894 4311 1992 4364 Dei
2025 4326 2185 4381 super
2212 4311 2360 4380 illas,
2406 4313 2531 4384 quiti
2573 4313 2766 4370 debent
2796 4316 3024 4372 dicere?
3062 4315 3136 4372 Tu
3167 4319 3477 4376 illmttinubt's

1893 4402 2147 4457 lucernam
2196 4421 2394 4469 meum,
2445 4404 2702 4470 Domine;
2751 4406 2883 4461 Deus
2933 4425 3112 4476 utens,
3169 4411 3477 4470 illuntt'nubt's

1892 4497 2118 4554 tenebras
2145 4515 2280 4552 meas
2303 4497 2472 4572 (Psal.
2496 4516 2599 4554 xvtt
2621 4541 2636 4565 ,
2661 4500 2782 4571 9.9).
2801 4500 2929 4557 Sum
2954 4503 3004 4556 in
3039 4503 3269 4559 tenebris
3293 4521 3479 4575 pecca-

1895 4603 2107 4661 torum;
2135 4593 2227 4649 sed
2260 4594 2406 4648 radio
2435 4594 2708 4664 sapientia:
2740 4605 2842 4650 tum
2868 4595 3216 4652 discutiantur
3248 4599 3479 4658 tenebrat

1893 4703 2067 4745 meze‘:
2114 4695 2368 4758 appareat
2406 4687 2581 4740 vultus
2609 4693 2761 4750 tuus,
2804 4696 2857 4741 et
2886 4687 2929 4742 si
2962 4690 3095 4743 forte
3134 4701 3353 4762 apparet
3382 4708 3477 4761 per

1897 4795 1982 4835 me
2027 4779 2408 4850 aliquantulum
2453 4777 2710 4833 deformis
2738 4776 2959 4833 el'i'ectus
2980 4821 2993 4842 ,
3022 4795 3049 4832 τι
3082 4789 3132 4836 te
3163 4782 3480 4838 reformetur

1897 4871 2037 4942 quod
2069 4888 2098 4925 a
2129 4881 2179 4925 te
2209 4869 2494 4925 formatum
2522 4881 2622 4925 est.
2661 4867 2921 4926 Illuun'net
2946 4887 3074 4946 ergo
3107 4873 3298 4930 vultum
3331 4893 3479 4930 suum

1898 4980 2051 5034 super
2078 4979 2188 5016 nos.

1971 5055 2023 5110 5.
2056 5052 2196 5128 [rers
2226 5052 2318 5121 δίε
2363 5058 2430 5110 Ut
2475 5067 2832 5127 cognoscamus
2871 5053 2922 5112 ἱιι
2969 5067 3101 5117 terra
3143 5059 3270 5116 riam
3317 5072 3474 5116 luant.

1901 5145 1970 5200 In
1995 5157 2146 5203 terra.
2170 5147 2273 5213 hic,
2293 5149 2343 5200 in
2367 5147 2466 5201 hac
2491 5149 2616 5211 vita,
2637 5164 2994 5219 cognoscamus
3019 5153 3147 5206 rium
3167 5153 3322 5206 (nam.
3341 5153 3476 5223 Quid

1900 5231 2014 5305 est,
2057 5243 2189 5295 ciam
2221 5243 2401 5296 ttmnt.’
2427 5241 2557 5310 Qua:
2585 5242 2731 5299 ducit
2758 5244 2824 5299 ad
2867 5255 2936 5300 te.
2971 5247 3336 5322 Agnoscantus
3375 5265 3479 5322 quo

1901 5347 2083 5389 eamus
2110 5375 2122 5398 ,
2166 5348 2519 5406 DgllOSCﬂlllUS
2549 5351 2648 5406 qua
2695 5352 2910 5402 camus;
2945 5348 3223 5408 utrumque
3251 5339 3300 5394 lli
3327 5351 3476 5398 [ρηο-

1903 5427 2012 5483 bris
2041 5445 2145 5484 non
2179 5444 2475 5498 possutttus.
2496 5429 2674 5500 Longe
2701 5445 2760 5486 es
2781 5446 2808 5484 a
2830 5431 3317 5502 peregrinantibus;
3341 5437 3478 5491 viant

1902 5523 2054 5578 nobis
2108 5526 2386 5592 porrexisti
2440 5542 2530 5595 per
2583 5543 2738 5596 quam
2789 5526 3114 5581 redeundum
3161 5530 3230 5583 sit
3271 5529 3335 5584 ad
3380 5539 3477 5585 te:

1901 5617 2247 5688 Agitassmuus
2282 5620 2330 5670 in
2379 5628 2508 5670 trra
2541 5625 2667 5671 t't'um
2715 5627 2870 5669 luant.
2897 5618 3024 5687 Qua:
3053 5632 3134 5674 est
3168 5621 3243 5676 via
3277 5623 3440 5693 ipsius
3463 5665 3480 5691 ,

1903 5710 2020 5780 quia
2071 5697 2169 5764 hoc
2213 5711 2539 5778 optaviams,
2593 5720 2643 5762 ul
2673 5728 3033 5780 cognoscamus
3083 5713 3131 5767 iu
3180 5724 3313 5770 terra
3353 5716 3479 5771 ciant

1965 5922 1975 5949 ι
2008 5924 2078 5964 Er.
2105 5922 2153 5964 et
2179 5897 2273 5964 duo
2302 5913 2374 5960 vel
2403 5922 2502 5962 tres
2529 5920 2653 5974 Mss,
2671 5913 2891 5977 pretioso.
