3912 6432
522 497 708 556 tuam?
738 493 1020 568 Qumsituri
1049 506 1234 550 sumus
1261 505 1381 547 eam
1406 502 1507 544 nos
1526 531 1539 552 ,
1569 501 1674 543 non
1703 499 1800 556 pcr
1823 497 1923 539 nos
1941 480 2106 536 disci-

525 592 652 649 turi.
696 591 982 647 Possumus
1007 602 1124 642 eam
1150 586 1214 638 de
1246 581 1530 655 Evangelia
1559 580 1765 633 discere
1789 596 1805 630 :
1853 574 1964 646 Ego
1993 587 2108 626 sum

526 688 638 750 uia,
668 684 920 739 Dominus
959 681 1050 734 ait.
1079 677 1325 733 Clll‘iaIllS
1359 675 1528 728 dixit:
1563 669 1674 742 Ego
1717 684 1827 724 sum
1856 667 1954 721 via.
1999 663 2106 721 Sed

527 777 684 830 times
711 787 778 828 ne
802 771 987 826 erres?
1015 768 1222 838 Adjecit
1246 787 1257 821 :
1292 765 1359 820 Et
1387 765 1588 819 ueritas.
1616 761 1745 830 Quis
1774 767 1918 815 errat
1943 757 1994 811 in
2018 771 2109 812 ve-

526 865 719 923 ritate?
734 863 918 918 Errat‘
931 859 1023 932 qui
1040 857 1361 914 recesserita
1377 847 2107 912 veritate.VcritasChristus,

527 959 607 1012 via
622 956 865 1012 Christus
885 970 897 1006 :
921 951 1340 1009 ambula.’l‘imes
1355 963 1422 1004 ne
1438 944 1682 1001 moriaris
1697 952 1980 1013 antequam
1999 953 2113 1010 per-

528 1047 746 1106 venias?
763 1046 870 1117 Ego
891 1062 1003 1100 sum
1020 1047 1118 1098 rita
1139 1059 1160 1098 :
1183 1041 1294 1113 Ego
1307 1057 1440 1106 sunt,
1454 1037 1644 1106 inquit,
1663 1036 1763 1098 via,
1781 1043 1825 1088 et
1845 1032 2046 1096 veritas,
2063 1037 2113 1084 et

526 1142 628 1198 vita
641 1139 694 1213 (1
701 1154 934 1204 oan.xtv,
949 1135 1196 1207 6).Quasi
1212 1133 1431 1195 diceret,
1445 1128 1580 1199 Quid
1595 1126 1780 1183 times?
1792 1124 1896 1181 Per
1910 1137 1995 1179 me
2006 1137 2114 1177 am-

529 1231 705 1295 bulas,
722 1230 774 1285 in
795 1230 910 1284 me’
926 1226 1188 1290 ambulas,
1208 1224 1261 1279 in
1281 1238 1366 1277 me
1382 1219 1690 1291 requieseis.
1707 1217 1844 1284 Quid
1861 1227 1990 1285 ergo
2013 1213 2110 1280 ait,

527 1322 902 1395 Coguoscamus
931 1319 984 1372 in
1011 1327 1144 1371 terra
1171 1317 1303 1369 viam
1325 1323 1482 1377 tuam,
1502 1310 1627 1377 nisi,
1649 1320 2036 1380 cognoscamus
2057 1304 2111 1358 iu

530 1427 672 1474 terra
693 1415 961 1471 Christum
989 1410 1176 1467 tuum?
1203 1407 1308 1464 Sed
1331 1408 1445 1477 ipse
1465 1405 1707 1478 psalmus
1750 1397 2108 1473 respondeat:

531 1525 600 1566 ne
621 1507 818 1579 putetis
833 1521 899 1561 ex
918 1503 1036 1559 aliis
1061 1499 1349 1572 Scripturis
1369 1495 1729 1553 adhibendum
1745 1509 1866 1550 esse
1882 1494 2114 1548 testimo-

533 1603 679 1656 nium
706 1597 845 1670 quod
874 1596 1012 1652 forte
1059 1595 1146 1650 hic
1172 1593 1357 1660 deest,
1388 1588 1682 1662 repetendo
1717 1586 1952 1642 ostendit
1985 1583 2113 1656 quid

532 1693 761 1758 dixerit,
793 1689 860 1747 Ut
888 1704 1246 1760 cognoscamus
1274 1687 1328 1740 iu
1357 1696 1492 1740 terra
1518 1683 1651 1736 uiam
1680 1690 1820 1734 tuam
1844 1695 1862 1743 ;
1886 1687 1941 1734 et
1961 1677 2111 1749 quasi

529 1794 585 1841 tu
613 1795 914 1855 quaereres,
959 1779 1015 1834 In
1041 1793 1142 1848 qua
1184 1785 1323 1832 terra
1349 1817 1364 1839 ,
1391 1789 1548 1844 quam
1575 1770 1758 1826 viam?
1795 1768 1862 1823 In
1883 1767 2114 1823 omnibus

527 1876 754 1949 gentibus
779 1875 1001 1928 salutare
1023 1879 1185 1924 tuum.
1227 1868 1282 1922 lu
1320 1881 1423 1936 qua
1467 1872 1612 1920 terra
1656 1859 1895 1931 quzeris?
1932 1857 2110 1914 Audi:

529 1967 596 2023 In
623 1965 850 2021 onmibus
873 1962 1119 2036 gentibus.
1139 1960 1307 2029 Quam
1332 1958 1468 2012 viam
1493 1952 1730 2027 qttazris?
1753 1951 1924 2007 Audi:
1955 1950 2114 2006 Salu-

529 2071 636 2114 ture
661 2070 822 2112 tuum.
851 2059 930 2109 Au
959 2055 1095 2109 forte
1118 2068 1221 2107 non
1250 2061 1333 2106 est
1371 2046 1617 2104 Christus
1642 2046 1876 2100 salutare
1905 2042 2111 2114 ipsius?

529 2150 593 2206 Et
627 2148 752 2220 quid
780 2160 861 2203 est
889 2145 1028 2216 quod
1055 2145 1190 2199 dixit
1217 2157 1382 2198 senex
1413 2141 1500 2196 ille
1525 2139 1776 2201 Sitneou;
1807 2152 1969 2192 senex
1999 2135 2108 2203 ille,

528 2243 764 2313 inquam,
784 2242 836 2294 iu
858 2240 960 2294 Eva
969 2237 1162 2309 ngelio,
1176 2249 1418 2291 servatus
1431 2249 1664 2289 annosus
1682 2247 1847 2302 usque
1862 2230 1927 2284 ad
1943 2229 2112 2284 infan-

529 2336 655 2391 tiam
687 2332 887 2387 Verbi?
915 2331 1134 2400 Accepit
1160 2328 1302 2384 enim
1329 2341 1492 2382 senex
1528 2324 1618 2380 ille
1641 2326 1695 2379 in
1719 2323 1965 2377 manibus
2000 2321 2111 2377 suis

529 2425 784 2480 infantem
819 2421 1050 2476 Verbum
1093 2419 1208 2475 Dei.
1249 2418 1349 2486 Qui
1375 2427 1429 2472 et
1457 2417 1511 2471 in
1539 2425 1693 2470 utero
1722 2428 1842 2470 esse
1866 2414 2110 2483 dignatus

527 2525 642 2582 est,
666 2515 719 2570 in
747 2512 989 2568 manibus
1015 2511 1161 2566 senis
1189 2524 1310 2566 esse
1329 2507 1745 2579 dedignaretur?
1768 2505 1861 2560 llle
1887 2503 1938 2559 iu
1962 2514 2110 2560 utero

530 2605 779 2678 virginis,
813 2603 902 2675 qui
934 2603 985 2658 in
1025 2601 1271 2658 manibus
1302 2601 1481 2666 senis;
1529 2598 1771 2654 infirmus
1801 2595 1976 2651 infans
2000 2637 2016 2664 ,
2056 2604 2112 2652 et

526 2697 668 2754 intra
697 2695 900 2750 viscera
919 2734 934 2759 ,
957 2703 1010 2750 et
1035 2693 1086 2747 in
1111 2691 1356 2746 manibus
1381 2689 1526 2746 senis
1545 2730 1561 2755 ,
1602 2687 1669 2744 ad
1693 2687 1923 2744 dandam
1956 2686 2111 2742 nobis

527 2790 830 2845 firmitatem
851 2829 866 2856 ,
897 2801 992 2858 per
1017 2800 1175 2857 quem
1197 2783 1331 2840 facta
1365 2791 1489 2838 sunt
1512 2782 1723 2847 omnia;
1747 2791 1802 2837 et
1831 2781 1876 2836 si
1903 2780 2105 2849 omnia,

525 2893 579 2940 et
603 2883 713 2954 ipsa
740 2890 944 2946 mater;
982 2879 1132 2936 venit
1159 2878 1391 2943 humilis,
1423 2877 1570 2932 venit
1597 2874 1867 2938 infirmus,
1904 2875 1998 2931 sed
2030 2874 2111 2929 in-

525 2976 685 3032 dutus
713 2974 1022 3030 infirmitate
1046 2971 1299 3028 mutanda
1324 2988 1336 3024 :
1379 2971 1497 3041 quia
1527 2971 1616 3026 etsi
1640 2970 1913 3039 cruciﬁxus
1937 2978 2013 3024 est
2048 2985 2112 3024 ea:

524 3071 856 3140 inﬁrmitate;
885 3067 973 3121 sed
1002 3067 1117 3121 vivit
1151 3081 1216 3120 ea:
1241 3065 1420 3119 virtute
1462 3062 1555 3118 Dei
1596 3063 1615 3133 (
1632 3062 1674 3118 ll
1703 3063 1824 3118 Cor.
1858 3078 1947 3118 xttt
1966 3102 1982 3126 ,
2013 3061 2108 3135 4).

527 3161 816 3231 Apostolus
849 3158 944 3214 ait.
977 3157 1109 3212 Erat
1148 3171 1277 3226 ergo
1307 3155 1358 3209 in
1397 3154 1644 3209 manibus
1672 3154 1838 3209 senis.
1877 3153 1939 3208 Et
1983 3153 2109 3225 quid

523 3253 598 3306 ait
625 3267 790 3308 senex
812 3248 927 3304 ille?
948 3247 1070 3317 quid
1098 3247 1167 3302 ait
1187 3289 1202 3311 ,
1224 3246 1499 3317 gratulans
1524 3245 1663 3316 quod
1688 3244 1797 3316 jam
1820 3245 2112 3301 solvendus

525 3345 651 3400 hinc
675 3353 838 3404 esset,
866 3340 1052 3395 videns
1077 3340 1191 3394 suis
1218 3339 1462 3393 manibus
1485 3339 1749 3392 contineri
1781 3353 1810 3392 a
1839 3353 1945 3409 quo
1972 3347 2026 3392 et
2055 3338 2107 3392 in

523 3456 629 3510 quo
659 3438 804 3492 salus
830 3437 946 3506 ejus
965 3433 1376 3489 continebatur?
1411 3453 1429 3482 ι
1454 3431 1570 3488 lant
1597 3431 1842 3495 dimittis,
1877 3451 1895 3483 ι
1919 3431 2106 3500 inquit,

532 3549 552 3584 ι
591 3528 847 3594 Domine,
876 3542 1088 3583 servum
1127 3534 1272 3580 tuum
1305 3525 1354 3578 iu
1397 3539 1558 3596 pace;
1587 3527 1836 3593 quoniam
1866 3524 2112 3579 viderunt

525 3621 663 3678 oculi
697 3620 797 3674 mei
835 3619 1070 3673 salutare
1119 3625 1266 3672 tuum
1304 3636 1321 3668 ι
1349 3615 1514 3686 (Luc.
1549 3631 1611 3681 ιι,
1637 3616 1737 3682 ‘29,
1769 3616 1893 3682 50).
1921 3615 2064 3686 Ergo
2088 3657 2106 3684 ,

530 3731 549 3767 ι
579 3711 864 3768 Bcttcdit-at
883 3727 978 3765 nos
1003 3711 1161 3774 Deus,
1190 3720 1238 3765 et
1268 3708 1585 3764 misereatur
1611 3709 1774 3762 nostri
1807 3726 1821 3762 :
1849 3708 2111 3764 illuutiuet

524 3807 727 3862 vultum
769 3821 922 3859 suum
969 3819 1125 3874 super
1173 3817 1300 3863 nos,
1333 3811 1391 3856 nt
1432 3815 1819 3872 cognoscamus
1870 3801 1921 3855 in
1965 3810 2107 3856 terra

524 3900 662 3956 viun
693 3907 857 3952 tuam.
889 3916 907 3949 ι
937 3896 991 3950 lu
1022 3910 1122 3962 qua
1145 3893 1319 3949 terra?
1351 3911 1368 3945 ι
1398 3892 1455 3947 lu
1497 3892 1747 3948 omnibus
1782 3892 2047 3963 gentibus.
2082 3910 2102 3945 s

525 3991 693 4059 Quam
725 3987 896 4043 viam?
929 4006 949 4038 ‹
986 3987 1231 4042 Salutare
1258 3996 1424 4038 tuum.
1466 4002 1486 4036 ι

599 4082 652 4138 6.
685 4080 844 4155 [νει-ι.
872 4075 968 4152 4.]
1007 4076 1143 4143 Quid
1197 4076 1474 4145 sequitur;
1507 4075 1628 4146 quia
1673 4075 2012 4144 cognoscitur
2053 4072 2107 4129 in

529 4183 670 4232 terra
711 4174 792 4227 via
837 4173 968 4235 Dei,
1019 4172 1140 4242 quia
1196 4169 1536 4239 cognoscitur
1571 4168 1625 4224 in
1670 4168 1920 4223 omnibus
1973 4181 2109 4237 gen-

526 4266 672 4322 tibus
700 4264 932 4318 s:tlutare
981 4262 1116 4316 l).-i?
1155 4261 1506 4329 (Ion/iteantur
1540 4260 1628 4313 tibi
1679 4259 1878 4330 populi,
1930 4259 2108 4323 Deus;

527 4359 866 4425 conﬁteantur
927 4355 1063 4416 tibi,
1119 4354 1284 4420 inquit
1327 4395 1341 4418 ,
1415 4352 1590 4424 papufi
1661 4367 1850 4405 omnes.
1917 4349 2112 4404 Existit

525 4449 838 4515 haereticus,
885 4456 939 4503 et
982 4446 1138 4506 dicit,
1183 4446 1294 4516 Ego
1335 4445 1386 4498 in
1426 4437 1608 4498 Al’riea'
1643 4444 1866 4514 populos
1896 4444 2105 4497 habeo:

526 4551 581 4597 et
625 4542 759 4596 alius
811 4554 874 4595 ex
922 4539 1024 4592 alia
1061 4548 1212 4606 parte
1245 4575 1260 4599 ,
1313 4536 1380 4590 Et
1443 4550 1544 4605 ego
1586 4536 1636 4590 in
1677 4534 1882 4590 Galatia
1941 4549 2110 4606 popu-

525 4634 611 4689 los
670 4632 861 4687 habeo.
904 4630 984 4685 Tu
1058 4629 1110 4684 iu
1175 4627 1396 4694 Africa,
1453 4627 1542 4682 ille
1593 4627 1648 4682 in
1697 4626 1901 4683 Galatia
1947 4645 1961 4681 :
2010 4641 2111 4698 ego

523 4723 674 4780 illum
722 4734 902 4792 quzcro
942 4719 1030 4791 qui
1061 4718 1253 4790 ubique
1303 4717 1481 4773 habet.
1529 4717 1688 4774 Certe
1725 4719 1791 4774 ad
1821 4719 1975 4774 istam
2009 4733 2109 4776 vo.

502 4821 646 4873 'cem
676 4815 943 4871 exsultare
960 4828 1056 4867 vos
1074 4812 1190 4868 ausi
1219 4812 1368 4878 estis,
1390 4811 1642 4883 quoniam
1667 4810 1909 4878 audistis,
1939 4809 2113 4883 Conﬁ-

525 4919 727 4968 teantur
747 4908 836 4963 tibi
863 4906 1067 4978 populi,
1094 4904 1247 4962 Deus.
1275 4905 1468 4960 Audite
1505 4912 1814 4977 sequentem
1851 4919 2065 4960 versum
2090 4945 2106 4973 ,

525 5006 646 5078 quia
674 5017 780 5059 non
805 5001 874 5057 de
917 5009 1066 5072 parte
1096 4997 1326 5070 loquitur
1353 5013 1369 5054 :
1401 4995 1780 5064 Conﬁtebantur
1806 4996 1894 5051 (ibi
1935 4995 2112 5068 populi

524 5113 718 5155 omnes.
747 5093 1027 5152 Ambulate
1057 5093 1110 5148 in
1139 5091 1225 5150 via
1249 5105 1371 5148 cum
1399 5089 1648 5147 omnibus
1673 5089 1917 5162 gentibus
1940 5132 1956 5154 ,
1997 5105 2114 5145 am-

522 5193 707 5250 bulate
744 5190 796 5246 in
826 5188 908 5244 via
938 5202 1059 5244 cum
1103 5186 1348 5241 omnibus
1375 5184 1582 5256 populis
1605 5224 1620 5248 ,
1649 5197 1682 5238 o
1705 5183 1795 5238 filii
1826 5184 1990 5256 pacis,
2016 5182 2111 5238 filii

522 5287 693 5342 uuicze
714 5282 1036 5345 Catholicte;
1064 5279 1330 5336 ambulate
1366 5279 1416 5334 in
1446 5277 1530 5334 via
1553 5321 1566 5344 ,
1603 5287 1813 5333 cantate
1833 5277 2114 5332 atnbnlau-

523 5389 625 5438 tes.
650 5379 874 5436 Faciunt
902 5377 1006 5434 hoc
1025 5376 1258 5432 viatores
1279 5372 1344 5428 ad
1371 5373 1608 5429 solamen
1638 5371 1856 5428 laboris.
1885 5371 2112 5427 Cautate

522 5490 618 5532 vos
645 5474 696 5530 in
729 5472 829 5528 hac
854 5471 974 5537 via;
1015 5468 1238 5525 obsecro
1262 5483 1357 5521 vos
1383 5482 1476 5536 per
1501 5466 1669 5536 ipsam
1699 5466 1836 5520 viam
1855 5507 1872 5530 ,
1899 5473 2112 5519 cantate

521 5582 576 5624 ιιι
606 5565 705 5620 hac
733 5564 816 5619 via
846 5580 860 5619 :
894 5561 1157 5617 canticum
1184 5573 1380 5615 novum
1429 5564 1679 5622 cantate;
1707 5571 1864 5613 nemo
1909 5555 1979 5610 ibi
2012 5570 2111 5611 ve-

520 5667 637 5716 tera
666 5665 846 5714 cantet
873 5673 886 5711 :
914 5661 1125 5711 cantate
1170 5651 1424 5708 amatoria
1465 5649 1648 5722 patrie
1683 5658 1909 5714 vestrae;
1951 5661 2112 5704 nemo

587 5815 602 5880 ξ
629 5813 714 5880 Hic
733 5813 785 5863 tn
805 5807 1174 5880 de.,_addttug,
1196 5805 1251 5862 in
1271 5806 1470 5862 veritate
1492 5818 1506 5858 :
1529 5803 1662 5874 quod
1679 5803 1822 5861 abest
1839 5817 1870 5858 a
1893 5811 2003 5859 Mss.

585 5879 608 5912 ⁸
628 5877 701 5928 Sic
725 5887 787 5925 ex
813 5879 919 5924 Mss.
941 5871 1013 5937 [in
1033 5871 1149 5935 me]

1750 371 1810 430 s.
1849 361 2216 427 AUGUSTINI
2255 360 2561 422 EPISCOPI
2987 328 2989 332 ’
3641 367 3715 430 ωε

2218 487 2416 534 vetera.
2448 475 2547 530 Via
2593 487 2734 531 nova
2758 513 2776 543 ,
2828 473 3005 531 viator
3029 488 3234 542 novus,
3266 476 3520 534 canticum
3556 495 3719 542 novum.

2213 569 2349 626 Audi
2378 568 2690 638 Apostolum
2724 567 3025 623 hortantem
3059 577 3112 624 te
3147 569 3212 624 ad
3241 572 3502 626 canticum
3545 589 3720 634 uotum:

2215 660 2278 718 Si
2299 678 2400 732 qua
2417 660 2572 731 igitur
2585 661 2636 714 in
2651 657 2853 717 Christo
2873 671 3004 716 nota
3016 672 3268 728 creatura,
3288 675 3449 718 cetera
3469 671 3724 740 transierunt,-

2214 768 2324 808 ecce
2351 757 2487 825 facta
2510 760 2626 807 sunt
2655 767 2784 806 nova
2808 751 2890 825 (ll
2919 753 3040 808 Cor.
3070 769 3124 817 ν,
3151 755 3216 810 l7
3233 759 3272 826 ).
3302 755 3564 813 Canticum
3588 778 3726 819 novum

2213 855 2426 902 cantate
2450 846 2504 900 in
2523 846 2608 900 via
2633 859 2792 915 quam
2816 847 3142 916 cognovistis
3169 847 3219 901 in
3241 857 3396 901 terra.
3420 848 3471 903 In
3489 867 3578 919 qua
3597 857 3727 908 tem!

2213 933 2283 991 In
2311 935 2540 991 omnibus
2582 934 2832 1007 gentibus.
2861 934 3153 1006 Propterea
3201 946 3257 993 et
3295 938 3550 994 canticum
3591 958 3729 999 novum

2216 1043 2323 1084 non
2351 1027 2584 1100 pertinet
2609 1026 2676 1082 ad
2710 1036 2936 1097 partem.
2965 1027 3067 1095 Qui
3115 1026 3167 1082 in
3208 1038 3366 1100 parte
3408 1039 3605 1094 cantat,
3625 1043 3733 1088 vetns

2215 1128 2431 1176 cantat:
2459 1117 2736 1190 quodlibet
2774 1126 2993 1186 cantet,
3023 1127 3173 1174 vetns
3196 1129 3382 1175 cantat
3408 1159 3424 1187 ,
3453 1133 3586 1176 vetus
3622 1124 3735 1181 homo

2215 1219 2413 1276 cantat;
2443 1208 2646 1265 divisus
2671 1217 2771 1275 est,
2795 1210 3026 1264 carnalis
3043 1218 3146 1264 est.
3170 1210 3329 1266 Certe
3345 1211 3397 1265 iu
3421 1222 3641 1281 quantum
3654 1231 3735 1270 car-

2217 1301 2352 1356 nalis
2389 1310 2492 1366 est,
2525 1301 2576 1356 in
2600 1308 2806 1356 tantum
2833 1309 3006 1367 vetus,
3028 1309 3084 1356 et
3111 1301 3165 1357 in
3190 1309 3450 1371 quantum
3474 1303 3732 1374 Spirilualis,

2217 1398 2270 1454 in
2295 1405 2497 1453 tantum
2527 1411 2718 1452 novus.
2736 1394 2867 1452 Vide
2890 1395 3017 1466 quid
3048 1396 3192 1451 dicat
3214 1389 3505 1468 Apustolus
3525 1416 3537 1451 :
3561 1397 3653 1452 Non
3671 1418 3735 1466 ρο-

2217 1489 2294 1544 tui
2317 1489 2452 1544 vobis
2481 1488 2620 1561 loqui
2636 1488 2783 1560 quasi
2807 1487 3176 1558 spiritualibus,
3205 1489 3298 1543 sed
3325 1489 3473 1559 quasi
3497 1492 3735 1548 carnalibus.

2221 1579 2375 1636 Unde
2405 1580 2523 1634 illos
2551 1578 2739 1648 probat
2762 1577 3042 1633 carnales?
3065 1576 3192 1632 Cum
3209 1579 3349 1632 enim
3374 1595 3500 1633 unus
3520 1580 3638 1646 dicit,
3659 1579 3736 1651 Ego

2217 1685 2328 1724 sunt
2358 1667 2550 1732 Pauli;
2575 1668 2705 1723 alter
2757 1684 2893 1736 vero,
2927 1667 3038 1741 Ego
3063 1669 3250 1739 Apollo
3294 1685 3316 1724 :
3363 1685 3526 1725 nonne
3551 1713 3565 1736 ,
3591 1672 3735 1742 inquit,

2217 1762 2446 1816 carnales
2472 1766 2593 1816 estis
2613 1761 2660 1832 (Ι
2688 1759 2811 1817 Cor.
2837 1777 2912 1828 ιιι,
2951 1761 3004 1828 ί,
3038 1762 3093 1834 ι)
3113 1762 3138 1814 ?
3167 1763 3310 1834 Ergo
3350 1763 3406 1817 in
3429 1765 3600 1833 spiritu
3617 1769 3739 1820 tanti-

2216 1869 2337 1908 cum
2403 1867 2599 1908 novum
2654 1862 2809 1908 cauta
2857 1852 2913 1908 in
2962 1853 3048 1908 via
3099 1867 3313 1909 secura.
3373 1854 3518 1910 Sicut
3573 1856 3740 1914 visions

2216 1955 2480 2012 cantant,
2551 1953 2607 2001 et
2659 1944 2970 2016 plerumque
3028 1953 3187 2002 nocte
3234 1957 3477 2002 cantant.
3531 1947 3741 2006 Formido-

2216 2035 2331 2090 losa
2373 2036 2821 2108 circumstrepunt
2845 2034 3023 2093 omnia
3045 2077 3065 2106 ,
3109 2038 3194 2093 vel
3221 2039 3404 2107 potius
3432 2052 3531 2094 non
3573 2040 3741 2096 circum-

2216 2139 2497 2201 strepunt,
2537 2129 2632 2186 sed
2672 2130 3069 2198 circumsilent;
3099 2138 3156 2187 et
3199 2141 3407 2202 quanto
3440 2135 3593 2203 magis
3630 2134 3742 2188 silen-

2216 2223 2289 2278 tia
2317 2263 2334 2290 ,
2365 2233 2513 2278 tanto
2541 2223 2708 2295 magis
2735 2223 3118 2290 formidolosa;
3153 2234 3380 2279 cantant
3419 2234 3582 2279 tamen
3612 2235 3656 2280 et
3682 2226 3742 2295 qui

2216 2314 2449 2370 latrones
2503 2315 2711 2369 timent.
2757 2313 2970 2382 Quanto
3025 2315 3266 2370 securius
3313 2325 3500 2372 cantas
3539 2316 3585 2371 in
3631 2316 3741 2372 Chri-

2214 2408 2330 2462 sto?
2370 2406 2485 2462 Non
2531 2405 2690 2463 habet
2731 2405 2814 2461 via
2850 2407 2950 2462 ista
2981 2406 3241 2462 latronem
3265 2449 3284 2476 ,
3327 2408 3376 2463 si
3420 2418 3475 2463 tu
3513 2424 3606 2464 non
3636 2408 3742 2466 desc-

2215 2499 2384 2554 rendo
2410 2499 2547 2554 viam
2575 2498 2766 2554 incidis
2805 2499 2858 2554 iu
2889 2499 3167 2556 latronem.
3201 2498 3408 2570 Canta,
3438 2502 3736 2572 inquam.se-

2213 2606 2373 2648 curus
2418 2594 2684 2648 canticum
2736 2607 2931 2647 novum
2983 2589 3038 2646 itt
3069 2593 3152 2646 via
3205 2609 3371 2663 quam
3421 2593 3677 2664 cognovisti
3706 2593 3740 2645 is

2215 2691 2347 2736 terra
2370 2723 2387 2749 ,
2418 2681 2522 2738 hoc
2549 2691 2633 2737 est
2675 2683 2729 2736 in
2757 2665 2988 2737 omnibus
3015 2682 3264 2754 gentibus.
3299 2682 3437 2740 Vide
3475 2685 3589 2756 quia
3621 2685 3740 2755 ipsum

2213 2775 2482 2831 canticum
2508 2789 2701 2830 novum
2741 2790 2844 2828 non
2885 2782 3061 2829 tecum
3107 2783 3290 2829 cantat
3314 2775 3407 2846 qui
3439 2775 3489 2830 in
3515 2785 3646 2846 parte
3663 2787 3741 2830 esse

2213 2865 2403 2921 voluit.
2431 2863 2640 2920 Cautate
2667 2908 2681 2929 ,
2711 2865 2882 2936 inquit
2910 2906 2926 2934 ,
2958 2863 3179 2921 Domino
3223 2867 3484 2921 canticum
3509 2875 3741 2932 absumet

2214 2959 2472 3029 sequitur,
2503 2957 2712 3014 Cautale
2735 2957 2988 3024 Domino,
3020 2958 3183 3014 ontuis
3211 2969 3351 3014 terra
3378 2958 3549 3032 (Psal.
3574 2975 3670 3023 xcv,
3691 2958 3739 3028 l).

2215 3049 2566 3122 Couﬁteantur
2583 3051 2670 3104 tibi
2692 3050 2888 3122 populi,
2917 3049 3072 3106 Deus.
3104 3051 3435 3107 Invenerunt
3457 3052 3585 3107 viam
3612 3062 3738 3115 tuam;

2215 3143 2586 3197 confiteantur.
2620 3140 2736 3212 ipsa
2779 3141 3017 3196 cantatio
3055 3141 3329 3198 confessio
3373 3152 3493 3208 est;
3540 3140 3741 3198 confessio

2216 3243 2553 3303 peccatorum
2591 3242 2824 3299 tuorum,
2847 3243 2900 3288 et
2915 3233 3128 3289 virtutis
3150 3234 3260 3289 Dei.
3280 3233 3453 3290 Tuam
3478 3235 3741 3307 iniquitatem

2214 3324 2491 3388 conditore,
2519 3324 2744 3394 gratiam
2769 3323 2864 3380 Dei
2883 3323 3174 3390 confitere;
3204 3333 3256 3379 te
3277 3340 3495 3394 accusa,
3522 3326 3646 3382 illum
3661 3324 3740 3395 glo-

2215 3416 2363 3470 rifica
2384 3434 2400 3478 ;
2425 3426 2477 3472 te
2505 3415 2862 3488 reprehende,
2890 3417 3038 3472 illum
3066 3416 3220 3471 lauda
3247 3435 3261 3471 :
3291 3429 3354 3472 ut
3374 3429 3427 3474 et
3449 3419 3555 3490 ipse
3575 3417 3740 3472 veniens

2216 3510 2442 3564 lin-enini
2475 3519 2526 3564 te
2553 3509 2850 3579 ponitorem
2870 3517 3040 3575 tuum,
3058 3519 3112 3563 et
3135 3508 3394 3565 exhibeat
3421 3525 3480 3566 se
3507 3509 3590 3565 tibi
3615 3509 3738 3562 salva-

2217 3611 2385 3657 torem
2432 3611 2599 3656 tuum.
2646 3600 2782 3669 Quid
2809 3604 2952 3656 enim
2999 3600 3195 3656 timetis
3220 3601 3468 3656 confiteri
3489 3643 3503 3667 ,
3532 3600 3610 3672 qui
3634 3597 3735 3652 iure

2215 3693 2370 3748 nistis
2422 3692 2561 3749 hanc
2587 3692 2727 3747 viam
2754 3692 2808 3747 in
2836 3691 3086 3748 omnibus
3128 3693 3419 3763 gentibus?
3445 3691 3560 3764 quid
3598 3688 3739 3745 timetis

2213 3782 2454 3839 confiteri
2477 3825 2493 3844 .
2538 3792 2594 3838 et
2625 3784 2675 3837 in
2718 3781 3055 3839 confessione
3081 3793 3257 3838 vestra
3296 3793 3511 3840 cantare
3535 3781 3736 3838 canticum
3819 3851 3824 3862 Ι

2216 3891 2411 3931 novum
2437 3890 2559 3930 cum
2589 3874 2732 3929 omni
2762 3885 2928 3937 terra,
2953 3873 3006 3930 in
3032 3877 3176 3929 omni
3203 3884 3370 3942 terra,
3395 3877 3444 3931 in
3471 3890 3587 3946 pace
3608 3871 3738 3928 catho-

2217 3967 2362 4022 lica?
2395 3966 2648 4022 Confiteri
2681 3966 2839 4022 times
2867 3966 2976 4022 Deo
2993 4007 3010 4034 ,
3041 3983 3107 4021 ne
3130 3967 3442 4024 confessum
3464 3962 3737 4023 damnet?Si

2216 4071 2322 4113 non
2337 4057 2616 4113 confessus
2627 4057 2760 4112 lates
2773 4058 2814 4124 ί,
2827 4057 3104 4112 confessus
3122 4057 3738 4116 damnaberis.'l‘imesoon-

2218 4147 2352 4203 fiteri
2370 4148 2607 4217 .quinon
2637 4145 2943 4204 confitendo
2961 4162 3083 4204 esse
3112 4163 3218 4204 non
3250 4161 3407 4219 potes
3419 4149 3627 4206 occultus
3645 4143 3736 4202 εὼ-

2215 4241 2487 4296 mnaheris
2522 4239 2734 4306 tacitus,
2765 4240 2854 4311 qui
2875 4255 3058 4310 posses
3088 4240 3299 4297 liberari
3318 4242 3596 4298 confessus.
3611 4238 3736 4305 Conti-

2216 4342 2415 4387 teantur
2435 4331 2520 4385 tibi
2549 4332 2745 4402 populi,
2766 4330 2936 4396 Deus;
2964 4332 3303 4401 conﬁteantur
3320 4334 3409 4387 tibi
3429 4332 3734 4405 populisnam.

2287 4425 2337 4479 7.
2372 4423 2524 4496 [vers.
2564 4421 2645 4496 8.]
2674 4423 2742 4478 Et
2769 4423 2889 4491 quia
2920 4423 3018 4478 ista
3044 4423 3319 4479 confessio
3358 4441 3459 4480 non
3495 4423 3552 4478 ad
3583 4418 3733 4489 suppli-

2215 4515 2356 4572 cium
2383 4514 2567 4583 ducit,
2599 4515 2870 4585 sequitur,
2909 4523 2964 4570 et
2989 4512 3120 4572 dicit
3149 4533 3163 4570 :
3189 4513 3450 4571 Lwtentur
3485 4525 3527 4570 et
3551 4515 3732 4568 exsultent

2215 4618 2404 4682 gentes.
2451 4608 2506 4664 Si
2539 4608 2796 4678 plangunt
2818 4616 2940 4663 ante
2967 4607 3236 4664 hominem
3265 4609 3495 4665 confessi
3521 4609 3728 4662 latrones.

2217 4702 2466 4757 ltetemur
2489 4708 2611 4755 ante
2641 4700 2805 4756 Deum
2832 4700 3060 4757 confeSsi
3083 4699 3281 4759 ﬁdeles.
3306 4701 3368 4759 Si
3391 4704 3538 4758 homo
3557 4696 3726 4770 judiceh

2216 4794 2380 4865 exigit
2419 4809 2449 4848 a
2488 4793 2696 4850 latrone
2725 4792 3121 4851 confessionem
3164 4803 3336 4851 tortor
3372 4807 3425 4852 et
3463 4795 3628 4857 timor;
3650 4787 3726 4844 imo

2217 4877 2505 4957 aliquando
2533 4885 2921 4943 confessionem
2950 4886 3143 4957 premit
3171 4889 3367 4954 timor,
3408 4884 3556 4956 exigit
3576 4881 3723 4937 dolor:

2217 4988 2272 5033 et
2302 4979 2390 5034 ille
2414 4979 2502 5048 qui
2537 4978 2738 5049 plangit
2777 4978 2831 5033 in
2867 4979 3177 5046 tormentis,
3222 4978 3376 5035 timet
3409 4985 3568 5033 autem
3604 4965 3724 5027 eccilli

2217 5070 2512 5134 confessus,
2545 5078 2721 5140 portat
2746 5079 3008 5124 tormenta
3034 5077 3288 5141 quantum
3315 5076 3517 5142 potest;
3544 5073 3588 5121 et
3615 5060 3649 5115 si
3667 5057 3723 5110 vi.

2217 5173 2336 5219 ctus
2362 5161 2550 5218 dolore
2581 5161 2741 5219 fuerit
2762 5203 2776 5226 ,
2808 5162 3008 5232 profert
3047 5160 3112 5217 ad
3156 5171 3382 5218 mortem
3413 5173 3575 5216 vocem
3597 5164 3717 5211 suam-

2219 5255 2490 5325 Nusquam
2519 5268 2648 5325 ergo
2677 5253 2851 5316 laetus,
2883 5268 3146 5323 nusquam
3172 5255 3440 5310 exsultans
3468 5253 3718 5314 :anteqttt

2221 5350 2575 5411 confiteatur,
2623 5355 2806 5401 exarat
2850 5346 3081 5418 ungula;
3123 5361 3248 5402 cum
3289 5347 3544 5403 confessus
3577 5335 3717 5393 ῐιιετίιι

2218 5439 2526 5496 damnatum
2553 5437 2786 5493 carnifex
2805 5437 2953 5493 ducit
2983 5455 2997 5492 :
3026 5439 3192 5494 miser
3217 5439 3404 5511 ubique
3425 5439 3466 5494 '.
3489 5432 3576 5490 Sed
3596 5433 3715 5484 ιιιαι·

2220 5543 2302 5589 tur
2325 5542 2373 5588 et
2401 5531 2646 5587 exsultent
2673 5541 2865 5604 gentes.
2909 5528 3098 5586 Unde?
3147 5530 3251 5587 Per
3293 5533 3454 5601 ipsam
3491 5517 3711 5583 confessio—

2220 5642 2365 5684 nem.
2396 5625 2610 5695 Quare?
2638 5622 2768 5690 Quia
2801 5622 2971 5678 bonus
2995 5632 3080 5678 est
3101 5623 3188 5679 cui
3214 5625 3515 5680 conﬁtentur
3541 5634 3553 5672 :
3575 5611 3626 5669 ad
3647 5609 3713 5664 hoc

2282 5741 2302 5774 ι
2324 5737 2460 5794 κω..
2483 5748 2578 5788 non
2607 5735 2850 5802 confessus
2878 5734 3206 5789 dtanuaberis.
3249 5742 3490 5802 upunge,
3520 5740 3607 5786 tm
3625 5713 3710 5787 (ινσδ

2220 5802 3705 5926 Αιωιι.,‹ιωκπαιοανηίίεαε,άαεεωαισεηεσυο
