3912 6426
150 378 250 439 809

147 496 300 568 exigit
325 492 737 556 confessionem,
763 500 823 547 ιιι
854 490 1044 548 liberet
1071 490 1362 558 humilem;
1388 492 1456 548 ad
1484 493 1587 548 hoc
1612 492 1711 547 da-

146 600 283 646 mnat
311 602 415 641 non
439 585 805 649 conﬁtentem,
834 592 890 638 ιιι
912 583 1091 654 puniat
1109 584 1420 653 superbum.
1448 584 1588 654 Ergo
1615 585 1712 639 tri-

144 682 235 738 stis
256 688 370 734 esto
386 687 668 747 antequam
688 676 1025 741 conﬁtearis;
1052 675 1328 731 confessus
1350 676 1577 741 essulta,
1602 675 1712 745 jam

142 772 425 829 sanaberis.
456 769 791 826 Conscientia
830 779 915 824 tua
943 770 962 803 ί
994 769 1196 825 saniem
1222 771 1507 841 collegerat
1529 811 1543 832 .
1572 784 1710 839 apo-

141 877 298 921 stema
331 870 617 927 tumuerat,
645 862 918 917 cruciabat
946 871 1017 926 te,
1048 861 1385 930 requiescere
1414 878 1519 915 non
1559 863 1706 917 sine-

140 959 222 1013 bat
263 975 277 1010 :
317 954 536 1009 adhibet
585 954 824 1009 medicus
875 952 1108 1009 fomenta
1160 953 1467 1020 verborum,
1513 963 1566 1007 et
1611 952 1709 1008 all-

136 1047 337 1122 quando
350 1057 491 1101 secat
509 1062 527 1111 ;
542 1045 756 1100 adhibet
773 1044 1084 1100 medicinale
1095 1045 1289 1099 ferrmn
1307 1045 1359 1098 in
1374 1045 1708 1114 correptione

136 1138 484 1196 tribulationis
509 1156 522 1191 :
544 1147 599 1192 In
626 1150 855 1210 agnosce
888 1136 1077 1192 medici
1101 1151 1355 1202 manum;
1403 1138 1660 1193 conlitere
1686 1179 1701 1203 ,

131 1246 276 1291 exeat
312 1237 363 1291 in
409 1237 752 1292 confessione
789 1248 842 1293 et
883 1235 1082 1291 detluat
1125 1236 1299 1292 omnis
1342 1235 1522 1290 sanies
1551 1252 1563 1285 τ
1591 1234 1702 1303 jam

130 1329 321 1385 essnita
345 1370 361 1389 ,
384 1329 496 1396 jam
524 1329 736 1394 lauare;
766 1328 906 1398 quod
933 1329 1196 1396 reliquum
1236 1336 1319 1383 est
1347 1327 1500 1382 facile
1543 1341 1702 1380 sana-

133 1422 282 1475 bitur.
304 1419 659 1489 Conﬁtenmnr
686 1420 777 1474 tibi
800 1420 978 1490 populi
998 1460 1016 1486 ,
1045 1418 1218 1482 Deus;
1242 1419 1576 1489 conﬁteantur
1614 1416 1702 1471 tibi

128 1514 295 1584 populi
332 1529 527 1567 omnes.
558 1513 623 1568 Et
659 1514 777 1580 quia
805 1512 1129 1568 confitentur
1152 1554 1167 1574 ,
1194 1511 1427 1566 (retentus
1457 1520 1504 1565 et
1534 1510 1702 1564 exsul-

123 1616 215 1662 teut
237 1616 449 1676 gentes;
476 1605 711 1675 quoniam
730 1605 931 1674 iudicas
952 1603 1167 1673 populos
1185 1603 1238 1656 in
1259 1603 1506 1674 equitate.
1530 1600 1700 1657 Nemo

124 1707 171 1755 te
207 1696 339 1751 fallit
368 1714 381 1749 :
410 1695 640 1765 gaudeat
673 1694 1022 1766 judicandns,
1084 1692 1175 1763 qui
1216 1693 1389 1748 timuit
1426 1692 1696 1762 judicatu-

120 1806 247 1844 rum.
278 1788 530 1844 Pnavidit
556 1788 723 1853 enim,
754 1797 805 1843 et
835 1786 1095 1857 praevenit
1122 1783 1310 1841 faciem
1337 1784 1453 1854 ejus
1482 1785 1534 1838 in
1558 1786 1695 1839 coa-

118 1883 337 1939 fossione
360 1881 538 1953 (Pent.
564 1896 702 1943 χειν,
730 1878 800 1953 Ξ)
834 1899 847 1933 :
881 1881 969 1936 illc
993 1888 1168 1935 autent
1195 1895 1316 1935 cttm
1344 1879 1568 1940 venerit,
1596 1893 1693 1948 po-

118 1976 261 2047 pulos
291 1976 340 2030 in
374 1976 631 2046 :rqnitate
651 1973 930 2043 judicabit.
960 1971 1094 2039 Quid
1119 1971 1188 2026 ibi
1213 1970 1409 2026 valebit
1433 1970 1695 2025 calliditas

116 2070 460 2129 accusatoris.
493 2068 579 2123 ubi
605 2079 687 2123 est
714 2068 865 2124 testis
897 2066 1226 2123 conscientia
1248 2108 1263 2131 ,
1295 2065 1384 2120 ubi
1425 2075 1478 2119 tu
1509 2064 1614 2117 eris
1640 2071 1693 2119 ct

115 2177 263 2217 causa
292 2170 378 2215 tua
399 2204 413 2228 ,
449 2161 537 2217 ubi
560 2160 720 2229 jndex
749 2175 852 2214 non
880 2159 1074 2229 quaerit
1101 2159 1333 2214 testem?
1361 2158 1689 2213 Advocatum

115 2252 247 2306 misit
279 2252 370 2306 tibi
404 2268 420 2304 :
456 2259 672 2322 propter
694 2251 862 2315 illum,
892 2258 947 2304 et
979 2265 1073 2319 per
1094 2249 1241 2303 illum
1263 2250 1558 2309 conﬁtere;
1593 2263 1691 2317 age

113 2357 319 2398 causam
351 2353 497 2397 tuam
518 2383 534 2409 ,
564 2350 619 2397 et
646 2341 899 2398 defensor
926 2351 1009 2397 est
1039 2341 1347 2410 paenitentis
1369 2383 1384 2404 ,
1413 2350 1467 2395 et
1496 2342 1692 2410 petitur

111 2435 273 2490 venire
300 2433 610 2492 confitentis
635 2475 648 2497 ,
690 2444 745 2489 et
769 2434 930 2502 jutlex
981 2433 1297 2487 innocentis.
1335 2432 1473 2489 Vere
1500 2434 1688 2488 timere

115 2528 310 2597 poteris
347 2541 566 2582 causam
594 2536 758 2589 tuam,
791 2524 879 2578 ubi
927 2523 1215 2578 advocatus
1244 2533 1364 2578 tuus
1393 2525 1493 2579 erit
1527 2525 1686 2590 jndev

112 2620 268 2676 ttnts?
300 2620 555 2675 Lwtentur
572 2635 701 2690 ergo
722 2661 738 2684 ,
767 2628 813 2673 ct
839 2618 1087 2673 exsultent
1111 2628 1315 2688 gentes;
1344 2618 1579 2684 quoniam
1595 2618 1687 2686 ju-

110 2710 242 2765 dims
266 2712 481 2782 populos
500 2712 552 2766 in
571 2713 819 2780 thnitnte.
844 2708 949 2765 Sed
972 2708 1161 2764 timere
1184 2717 1433 2777 poterunt
1458 2724 1524 2762 ne
1550 2709 1687 2761 male

107 2801 404 2873 iudicentur
437 2823 449 2856 :
482 2802 607 2856 dent
637 2817 696 2855 se
721 2800 1087 2871 corrigendos,
1116 2800 1238 2855 dent
1277 2816 1335 2853 se
1376 2798 1686 2870 dirigcndos

107 2893 149 2948 ei
177 2896 265 2965 qui
296 2894 433 2949 videt
462 2893 798 2963 judicandos.
841 2891 935 2945 llic
964 2890 1329 2960 corrigantur,
1382 2899 1437 2943 ct
1480 2904 1582 2942 non
1616 2889 1683 2941 ti-

106 2994 280 3041 meant
326 3001 451 3039 runt
491 2984 887 3052 iudicabuntur.
938 2981 1068 3036 Vide
1118 2982 1243 3051 quid
1292 2981 1435 3035 dicat
1479 2982 1529 3034 in
1578 2981 1684 3036 alio

105 3078 305 3146 psalmo
338 3096 351 3132 :
389 3075 543 3142 Deus,
565 3076 616 3129 in
648 3077 848 3129 nomine
868 3086 952 3127 tuo
979 3075 1171 3128 salvum
1202 3091 1282 3128 me
1305 3076 1406 3141 fac,
1436 3082 1481 3126 et
1508 3072 1559 3125 in
1585 3073 1681 3125 rir-

106 3174 201 3221 inte
230 3179 317 3221 tun
334 3168 514 3237 judico
548 3183 626 3221 me
655 3164 821 3237 (Psnl.
852 3182 963 3228 ιιιι,
988 3166 1062 3234 5).
1087 3165 1222 3234 Quid
1251 3165 1361 3219 ait?
1384 3164 1440 3220 Si
1470 3181 1572 3217 non
1597 3182 1681 3220 me

107 3264 245 3330 prius
281 3262 455 3316 salvas
494 3262 544 3315 in
592 3261 802 3315 ltttlllllll‘.
835 3271 956 3324 tuo,
1001 3261 1170 3314 debeo
1213 3261 1402 3315 timere
1440 3276 1560 3313 cum
1592 3275 1679 3313 me

107 3350 353 3420 judieahi~
386 3352 438 3405 in
473 3351 666 3407 virtute
697 3362 781 3403 tua
815 3370 828 3403 :
858 3352 899 3403 si
927 3362 1103 3406 autem
1133 3368 1216 3404 me
1245 3351 1387 3419 prius
1417 3350 1596 3404 salvas
1626 3350 1676 3403 in

107 3445 309 3499 nomine
336 3455 449 3507 tuo,
480 3444 605 3513 quid
635 3444 833 3498 tina-bo
854 3444 1178 3512 judirantem
1206 3444 1259 3497 in
1287 3445 1499 3508 virtute,
1527 3443 1678 3511 cujus

104 3536 239 3589 salus
265 3538 541 3606 pra-cessit
584 3537 635 3591 in
664 3535 916 3590 nmine?
939 3535 1026 3589 Sic
1053 3535 1212 3589 etiant
1244 3537 1342 3587 hoc
1372 3536 1506 3591 loco.
1540 3534 1675 3588 Con-

104 3628 331 3696 ﬁtenntur
368 3629 465 3683 tibi
502 3628 679 3699 populi
704 3644 891 3681 omnes.
939 3626 1005 3682 Et
1057 3642 1122 3679 ne
1148 3626 1345 3698 putetis
1372 3625 1566 3697 aliquid
1608 3626 1674 3679 ti-

102 3728 337 3776 lllt'ttd'ml
367 3724 425 3777 in
450 3720 807 3780 cnnfessione,
834 3719 1113 3778 Lwteutur.
1141 3720 1327 3787 inquit,
1354 3730 1400 3773 et
1425 3718 1676 3772 exsultent

100 3826 258 3882 ρεαδ
306 3816 495 3883 Quare
513 3855 527 3878 ,
562 3812 794 3867 lu'tentnr
819 3823 866 3865 et
890 3814 1138 3868 exsultent
1158 3814 1183 3866 ?
1206 3812 1457 3881 Quoniam
1470 3812 1676 3882 juuicns

99 3909 303 3975 pnpm’os
328 3908 380 3962 in
429 3907 678 3976 minime.
710 3905 878 3961 Nemo
905 3914 1091 3960 contra
1120 3919 1219 3959 nos
1245 3905 1518 3974 praunium
1546 3906 1671 3972 dat,

99 4013 246 4055 nemo
270 4011 322 4056 ιε
356 4000 681 4070 corrumpit,
710 4014 867 4054 nemo
893 4006 945 4054 te
985 3998 1134 4054 fallit.
1168 3999 1304 4070 Ergo
1328 4014 1550 4053 securus
1577 4000 1673 4055 sis.

99 4087 194 4144 Sed
212 4091 333 4162 quid
348 4092 428 4148 de
442 4107 599 4146 causa
622 4099 707 4145 tua
728 4089 754 4143 Ἰ
778 4089 946 4146 Nemo
964 4091 1257 4160 corrumpit
1276 4090 1440 4145 Deum
1460 4106 1476 4156 ;
1507 4092 1676 4145 mani-

98 4179 277 4238 festum
305 4193 442 4240 est:
476 4199 544 4238 tte
570 4181 706 4238 forte
733 4182 853 4237 ideo
892 4182 1060 4253 magis
1097 4180 1366 4237 timendus
1403 4181 1510 4248 sit,
1550 4183 1672 4253 quia

99 4275 352 4346 corrumpi
395 4274 543 4329 nullo
563 4272 724 4329 modo
754 4281 947 4344 potest.
979 4272 1259 4348 Quomodo
1289 4286 1418 4344 ergo
1451 4288 1671 4327 securus

98 4366 193 4421 es?
214 4367 524 4425 Secundum
555 4366 683 4423 illud
720 4365 862 4437 quod
897 4364 1005 4436 jam
1035 4365 1235 4420 dictum
1266 4373 1347 4419 est
1377 4381 1390 4418 :
1424 4363 1578 4427 Deus,
1619 4365 1673 4418 in

99 4459 288 4515 nomine
310 4471 407 4516 tua
430 4460 625 4514 salvum
651 4475 729 4513 me
755 4459 837 4524 [ac
855 4498 871 4524 ,
899 4466 945 4511 tt
968 4458 1021 4511 in
1049 4457 1229 4511 virtute
1251 4465 1336 4511 tua
1359 4456 1541 4526 judico
1577 4472 1672 4510 me.

98 4547 179 4606 Sic
204 4562 255 4609 et
279 4552 365 4610 hic
407 4570 421 4607 :
450 4550 705 4607 Lcetentur
728 4559 775 4603 et
792 4551 1040 4604 exsuttent
1062 4559 1251 4620 gentes,
1278 4548 1515 4617 quoniam
1528 4547 1675 4617 judi-

100 4655 178 4697 ται
199 4645 421 4715 populos
448 4642 501 4697 in
540 4641 791 4711 (equitate.
824 4638 889 4694 Et
918 4655 984 4694 ne
1011 4638 1232 4694 timeant
1256 4639 1419 4708 iniqui
1447 4680 1462 4705 ,
1504 4640 1678 4706 subje-

101 4732 166 4786 cit
193 4751 207 4788 :
236 4733 301 4789 Et
329 4743 510 4808 gentes
534 4733 587 4787 in
615 4742 749 4787 terra
772 4730 950 4803 dirigis
972 4733 1015 4783 ².
1044 4729 1228 4786 Pravte
1269 4739 1423 4785 erant
1458 4741 1672 4801 gentes,

102 4831 152 4878 ct
178 4834 431 4885 tortuosa:
450 4835 601 4882 erant
624 4835 831 4897 gentes,
854 4838 1124 4893 perversa:
1143 4832 1295 4879 erant
1320 4834 1540 4892 gentes;
1565 4839 1678 4879 me-

104 4912 198 4970 rito
225 4918 506 4987 pravitatis
534 4925 590 4974 et
626 4915 966 4971 distorsionis
988 4923 1042 4970 et
1068 4914 1432 4984 perversitatis
1460 4930 1570 4970 sua:
1591 4915 1677 4985 ju-

106 5003 265 5062 dicent
293 5010 598 5065 venientem
627 5006 880 5063 timebant
914 5022 928 5059 :
960 5006 1106 5061 venit
1130 5019 1317 5059 manus
1348 5005 1514 5075 ipsius
1533 5046 1549 5072 ,
1577 5022 1675 5062 cx-

111 5104 242 5153 tenta
288 5110 371 5158 est
418 5098 833 5155 misericorditer
876 5097 927 5153 in
974 5096 1233 5170 populos;
1274 5098 1576 5170 diriguntur
1618 5108 1678 5156 ut

114 5189 374 5247 ambulent
394 5200 593 5247 reetam
623 5190 761 5243 viam
792 5206 808 5245 :
838 5188 964 5260 quid
996 5188 1218 5244 tinteaut
1242 5200 1521 5245 venturum
1551 5191 1575 5236 ἓ
1596 5191 1678 5262 Ῑιισ

112 5277 292 5346 dicem,
325 5284 414 5355 qui
453 5282 623 5353 primo
646 5292 975 5351 agnoverunt
1001 5285 1405 5338 correctorem?
1436 5283 1677 5342 Manibus

114 5369 222 5437 ejus
247 5373 371 5429 dent
416 5389 511 5440 se;
556 5374 669 5444 ipse
710 5383 893 5444 gentes
936 5373 986 5427 in
1027 5384 1167 5429 terra
1206 5373 1406 5445 dirigit.
1450 5376 1676 5431 Directa:

114 5472 280 5518 autem
308 5477 515 5537 gentes,
539 5465 871 5521 ambulantes
895 5464 947 5521 in
978 5463 1100 5528 lide,
1130 5466 1457 5522 exsultantes
1479 5467 1529 5521 in
1560 5467 1672 5535 illo,

177 5592 192 5661 ξ
213 5596 283 5661 sic
296 5603 399 5661 uss.
413 5598 649 5648 Eddxero
660 5604 786 5661 :_.v_on
794 5594 1057 5661 conﬁtentis
1067 5597 1355 5650 conscientia
1366 5598 1565 5654 saniem.
1579 5610 1674 5653 etc.

117 5655 433 5767 u'xi‘lerique
466 5669 603 5719 Mss,
636 5658 846 5725 diliges,
882 5655 1044 5710 iuturo
1080 5668 1328 5724 tempore,
1355 5662 1497 5725 juxta
1526 5670 1673 5715 crare.

174 5778 399 5851 '_Aliqtto_t
421 5790 548 5851 uss,
590 5788 839 5836 «manu
866 5782 1333 5849 rectoranjudicem
1357 5796 1378 5838 :
1405 5783 1533 5840 forte
1569 5799 1675 5851 pro,

119 5845 589 5906 rectorum

340 5930 564 5998 Sacr.
602 5932 879 5997 Ausum
921 5930 1029 5996 IV.

98 5964 104 5981 l

96 5994 163 6031 ιη

1158 374 1554 433 ENARRATIO
1590 373 1656 431 IN
1694 372 2014 433 PSALMUM
2054 373 2234 433 LXVI.

3294 391 3402 448 810

1823 490 2076 548 facientes
2096 507 2257 563 opera
2284 491 2421 549 bona
2453 509 2469 557 ;
2500 503 2555 549 et
2582 493 2627 549 si
2661 510 2763 566 qua
2797 499 2932 555 forte
2952 539 2969 565 ,
3012 501 3262 570 quoniam
3300 522 3398 577 per

1818 598 1966 639 mare
1993 585 2278 654 navigant,
2318 584 2478 641 intrat
2500 602 2635 658 aqua
2665 604 2762 658 per
2787 592 3171 651 minutissimas
3201 613 3392 654 caver-

1817 689 1934 737 nas,
1964 691 2060 745 per
2083 676 2301 732 rimulas
2324 678 2391 733 ad
2420 679 2681 734 sentinam
2706 723 2721 747 ,
2750 682 3121 741 exhauriendo
3145 705 3261 745 eam
3293 707 3391 763 per

1816 782 1975 836 opera
2005 768 2163 835 bona,
2192 786 2258 826 ne
2285 772 2401 841 plus
2425 772 2671 828 intrando
2696 776 2964 831 cumulum
2994 782 3166 844 faciat,
3212 792 3268 838 et
3293 800 3391 841 na-

1812 873 1932 913 vem
1975 859 2268 929 deprimat;
2312 862 2676 921 exhauriendo
2707 867 2724 898 ί
2750 869 3017 937 quotidie,
3060 872 3389 946 jejnnando,

1812 950 2034 1013 orando,
2066 952 2431 1023 cleentosynas
2462 954 2704 1012 faciendo
2726 998 2742 1024 ,
2776 958 3005 1014 dicendo
3031 978 3164 1030 puro
3191 968 3389 1035 corde,

1819 1042 2028 1098 Dimitte
2054 1045 2196 1100 nobis
2214 1046 2377 1099 debita
2399 1058 2590 1113 nostra,
2619 1051 2747 1103 sicut
2774 1060 2819 1104 et
2844 1070 2934 1106 nos
2964 1056 3258 1111 dimittimus
3297 1060 3392 1114 de-

1811 1132 2050 1188 bitoribus
2078 1138 2262 1189 nostris
2283 1135 2495 1206 (Matth.
2522 1154 2597 1205 vt,
2623 1139 2712 1210 12)
2736 1158 2749 1193 :
2774 1142 3001 1198 dicendo
3028 1148 3143 1205 ista,
3175 1150 3384 1206 anthula

1808 1240 2028 1279 securus
2051 1268 2067 1288 ,
2102 1235 2154 1280 et
2180 1230 2384 1283 essulta
2412 1227 2465 1282 in
2492 1230 2573 1283 via
2599 1270 2615 1294 ,
2657 1242 2809 1285 canta
2840 1232 2891 1287 in
2921 1235 3024 1287 via.
3053 1235 3169 1290 Noli
3199 1240 3389 1298 timere

1802 1314 2074 1384 judicent;
2121 1328 2410 1386 antequam
2451 1334 2600 1376 esses
2646 1320 2837 1387 ﬁdelis,
2880 1324 3125 1382 invenisti
3153 1332 3387 1385 salvato-

1805 1423 1919 1463 rem
1950 1409 1993 1461 ⁸.
2023 1409 2246 1479 lntpimn
2280 1420 2331 1466 te
2356 1412 2599 1480 qna-sivit
2625 1421 2681 1466 ut
2706 1414 3022 1480 redimeret;
3054 1419 3385 1491 redemptum

1803 1500 2015 1556 deseret
2043 1511 2099 1557 ut
2129 1504 2358 1572 perdat?
2384 1501 2455 1557 Et
2482 1514 2650 1573 gentes
2672 1505 2724 1560 in
2750 1514 2883 1560 terra
2907 1508 3103 1578 dirigis.

1874 1593 1927 1648 8.
1959 1590 2109 1665 [υεη.
2148 1593 2203 1659 6,
2236 1592 2315 1667 7.]
2347 1593 2611 1659 Exsultat,
2639 1595 2853 1664 gaudet.
2888 1597 3161 1664 hortatur,
3191 1604 3385 1671 repetit

1802 1682 2017 1739 eosdem
2058 1700 2244 1741 versus
2275 1686 2326 1739 in
2360 1686 2752 1742 exhortatione.
2802 1688 3149 1759 Confiteuutur
3175 1695 3263 1748 tibi
3292 1713 3386 1762 po—

1801 1775 1930 1844 puli,
1962 1774 2101 1829 Deus
2123 1791 2144 1837 ;
2167 1779 2502 1844 conﬁteantur
2530 1777 2617 1830 tibi
2644 1780 2821 1846 populi
2842 1797 3009 1834 omnes
3039 1799 3058 1834 :
3084 1792 3214 1837 terra
3245 1786 3382 1840 dedit

1800 1864 2018 1932 fructum
2044 1884 2212 1921 suum.
2257 1868 2427 1934 Quem
2475 1869 2743 1924 fructum?
2769 1868 3118 1934 Con/iteantur
3160 1877 3248 1929 tibi
3277 1895 3374 1945 po-

1799 1958 1909 2027 puli
1950 1977 2139 2013 unum.
2187 1960 2353 2015 Terra
2397 1972 2549 2025 erat;
2595 1964 2761 2031 spinis
2790 1964 2941 2033 plena
2973 1976 3087 2020 erat
3117 1985 3130 2020 :
3159 1971 3383 2025 accessit

1797 2049 2115 2105 eradicantis
2146 2067 2354 2115 manus,
2379 2053 2604 2108 accessit
2631 2056 2838 2109 vocatio
2868 2056 3159 2125 majesnitis
3184 2059 3299 2129 ejus
3324 2070 3382 2117 et

1798 2140 2215 2206 misericordiae;
2262 2143 2425 2211 cmpit
2470 2154 2609 2198 terra
2653 2144 2917 2211 confiteri,
2951 2147 3062 2215 jam
3106 2147 3195 2202 dat
3238 2159 3380 2205 terra

1797 2229 2023 2284 fructum
2053 2248 2228 2286 smnn.
2260 2234 2417 2288 Daret
2461 2236 2684 2290 fructum
2712 2251 2865 2290 suum
2887 2278 2901 2298 ,
2951 2239 3049 2292 nisi
3090 2250 3212 2294 ante
3236 2257 3378 2297 com-

1795 2322 2106 2390 plueri-tnr?
2131 2324 2283 2380 daret
2311 2334 2453 2380 terra
2478 2325 2708 2381 fructum
2734 2344 2913 2391 suum,
2940 2331 3037 2384 nisi
3068 2341 3192 2386 ante
3221 2334 3377 2390 mise-

1795 2413 2020 2469 ricordia
2067 2414 2156 2468 Dei
2187 2416 2389 2470 veniret
2418 2416 2693 2485 desuper?
2721 2418 2923 2487 Legam
2965 2420 3091 2473 ntihi
3119 2463 3133 2485 ,
3178 2423 3375 2492 inquis,

1793 2503 1934 2571 quod
1977 2506 2242 2576 completa
2291 2506 2499 2560 dederit
2546 2514 2685 2561 terra
2739 2507 2969 2563 l'rnctnnt
3016 2526 3190 2563 smnn.
3241 2512 3379 2568 Audi

1791 2598 2183 2664 emnpluentcm
2235 2598 2519 2653 Dominum
2552 2616 2564 2651 :
2597 2599 2744 2669 Agite
2767 2601 3148 2668 penitentiam;
3190 2619 3381 2674 appro-

1794 2688 2046 2755 pinquavit
2071 2690 2201 2742 enim
2232 2705 2442 2757 regnum
2468 2691 2709 2743 castorum
2742 2690 2852 2763 (Id.
2894 2707 2972 2757 tu,
3004 2693 3083 2762 ‘2).
3112 2694 3253 2750 Pluit
3275 2738 3289 2764 ,
3317 2708 3373 2752 ct.

1792 2779 1903 2849 ipsa
1938 2781 2109 2849 pluvia
2154 2782 2383 2835 tonitrus
2409 2792 2519 2847 cst;
2569 2793 2733 2838 terret
2766 2802 2777 2836 :
2812 2785 2941 2839 litne
2981 2795 3251 2841 tonantem
3276 2829 3291 2855 ,
3321 2800 3376 2845 et

1788 2873 1976 2940 excipe
2004 2874 2291 2942 plttcntcnt.
2323 2874 2461 2929 Ecce
2494 2885 2611 2945 post
2653 2876 2795 2930 illam
2839 2892 3023 2932 vocem
3054 2882 3288 2935 tonantis
3313 2892 3369 2937 et

1791 2964 2023 3032 plnentis
2054 2966 2181 3023 Dei:
2217 2976 2334 3035 post
2358 2968 2496 3020 illam
2530 2983 2710 3022 vocent
2734 2969 2931 3037 aliquid
2958 2970 3024 3024 de
3057 2970 3169 3040 ipso
3197 2972 3370 3029 Evan-

1785 3058 1925 3126 gelio
1956 3058 2249 3113 videamus.
2284 3060 2421 3116 Ecce
2455 3061 2542 3115 illa
2589 3064 2841 3117 meretrix
2869 3104 2883 3128 ,
2932 3064 3122 3118 malam
3170 3064 3367 3121 famam

1787 3148 1991 3204 habens
2017 3151 2067 3204 itt
2094 3152 2328 3217 civitate,
2357 3152 2545 3221 irrupit
2571 3156 2620 3205 in
2649 3152 2874 3207 alienam
2896 3154 3109 3207 domum
3134 3172 3237 3225 quo
3261 3171 3366 3212 non

1785 3251 1900 3296 erat
1929 3243 2146 3296 invitata
2176 3243 2242 3298 ab
2275 3244 2502 3312 hospite.
2534 3244 2627 3298 sed
2655 3245 2722 3298 ab
2763 3246 2981 3299 invitato
3012 3257 3226 3311 vocata;
3259 3264 3365 3304 non

1786 3331 1984 3401 lingua,
2012 3333 2102 3387 sed
2130 3333 2317 3403 gratia.
2345 3332 2570 3389 Noverat
2595 3351 2734 3405 a‘gra
2765 3336 2960 3391 habere
2984 3338 3049 3390 ibi
3074 3354 3131 3392 se
3158 3339 3357 3407 locmn,

1785 3422 1873 3477 ubi
1905 3423 2168 3478 medicum
2201 3439 2354 3478 snmn
2382 3424 2718 3481 discumbere
2745 3428 2968 3482 sciebat.
3013 3429 3251 3496 ingressa
3285 3439 3369 3485 est

1781 3529 1902 3583 qua:
1930 3525 2040 3567 erat
2072 3516 2369 3582 peccatrix;
2399 3532 2504 3569 non
2531 3516 2690 3570 audet
2729 3519 2985 3573 accedere
3015 3520 3115 3573 nisi
3157 3520 3221 3573 ad
3266 3535 3363 3589 pe-

1780 3604 1875 3660 des
1908 3623 1920 3658 :
1952 3604 2038 3659 ﬂet
2067 3605 2131 3657 ad
2173 3606 2354 3674 pedes,
2386 3606 2568 3675 irrigat
2599 3608 2868 3677 lacrymis,
2905 3611 3059 3677 tergit
3086 3612 3323 3666 crinibus
3346 3654 3362 3678 ,

1781 3698 1965 3761 unguit
1987 3703 2255 3765 unguento
2271 3695 2421 3766 (Luc.
2438 3714 2529 3761 vti,
2545 3698 2632 3759 57,
2656 3698 2909 3768 38).Qnid
2934 3701 3183 3755 miraris?
3206 3701 3366 3756 Terra

1780 3788 1908 3842 didit
1933 3793 2155 3858 fructum
2179 3804 2347 3842 suum.
2379 3787 2519 3858 Ergo
2551 3789 2651 3843 hoc
2674 3788 2869 3844 factum
2902 3802 3003 3853 est,
3036 3793 3104 3846 ibi
3150 3794 3364 3862 plucnte

1783 3881 2009 3936 Domino
2060 3896 2153 3950 per
2192 3896 2255 3936 os
2295 3898 2490 3944 suum;
2533 3881 2668 3937 facta
2711 3895 2835 3938 sunt
2878 3901 2997 3955 quae
3044 3888 3265 3957 legimus
3308 3889 3361 3945 in

1779 3973 2067 4044 Evangelia
2099 3990 2112 4028 :
2144 3989 2248 4044 quo
2278 3975 2498 4045 pluente
2523 3990 2620 4045 per
2645 3977 2811 4033 nnbcs
2835 3993 2976 4040 suas,
3008 3980 3184 4036 missis
3215 3983 3360 4051 Apo¢

1779 4066 1965 4131 stolis,
1993 4076 2048 4121 ει
2074 4066 2486 4135 prtcdicantibns
2512 4068 2787 4123 veritatem
2809 4109 2825 4136 ,
2857 4080 2990 4124 terra
3016 4073 3244 4141 amplius
3273 4074 3363 4126 de-

1778 4159 1853 4213 dit
1874 4162 2091 4228 fructum
2114 4175 2294 4225 suum;
2334 4168 2388 4214 et
2415 4158 2514 4213 ista
2551 4172 2704 4229 seges
2738 4158 2850 4230 jam
2900 4161 3135 4231 implevit
3175 4163 3358 4220 orbem

1781 4259 2058 4305 terrarum.

1798 4343 1815 4359 '
1849 4341 1901 4395 9.
1933 4338 2082 4413 [vers.
2114 4338 2193 4413 8.]
2230 4339 2362 4395 Vide
2403 4340 2526 4410 quid
2568 4339 2760 4396 deinde
2807 4341 3014 4397 dicatur
3045 4361 3058 4398 :
3089 4343 3360 4403 Benedicat

1779 4446 1869 4485 nos
1899 4430 2056 4497 Deus,
2091 4430 2225 4485 Deus
2248 4440 2453 4496 noster;
2481 4431 2738 4486 benedicut
2760 4449 2851 4489 no:
2876 4433 3032 4489 Dens.
3062 4434 3354 4505 Benedicat,

1778 4520 2038 4591 sicutjam
2069 4521 2176 4576 dixi
2200 4540 2214 4586 ;
2234 4522 2391 4577 etiam
2417 4532 2577 4592 atque
2605 4525 2762 4578 etiam
2790 4525 3086 4592 benedicat,
3112 4529 3362 4600 multipli-

1778 4625 1864 4670 εει
1893 4613 2275 4670 benedicendo.
2313 4616 2565 4670 Attendat
2606 4616 2850 4672 Charitas
2893 4617 3077 4673 Vestra
3105 4623 3355 4690 quoniam

1774 4705 1883 4775 jam
1918 4708 2184 4774 prmecsdt
2213 4706 2411 4762 fructus
2444 4717 2599 4761 terra:
2626 4707 2678 4761 in
2703 4708 3017 4764 Jerusalem.
3061 4710 3188 4766 lnde
3217 4714 3361 4768 enim

1778 4799 1941 4868 cmpit
1964 4798 2199 4853 Ecclesia
2234 4818 2248 4853 :
2282 4801 2425 4853 venit
2452 4800 2522 4854 ibi
2554 4799 2782 4868 Spiritus
2806 4812 3019 4858 sanctus
3039 4845 3052 4868 ,
3083 4813 3137 4860 et
3167 4806 3358 4876 imple-

1779 4888 1857 4943 vit
1874 4898 2086 4944 sanctos
2107 4890 2156 4943 in
2178 4906 2340 4944 unum
2360 4902 2710 4960 cengregatos
2736 4907 2751 4957 ;
2775 4891 2915 4948 facta
2936 4903 3060 4949 sunt
3083 4896 3358 4963 miracula,

1781 4979 1972 5049 linguis
2014 4982 2250 5034 omnium
2294 4980 2458 5034 locuti
2502 4992 2626 5034 sunt
2656 4980 2790 5053 (Act.
2839 5000 2916 5050 ιι,
2969 4986 3108 5058 lat).
3154 4987 3359 5056 lmpleti

1780 5081 1904 5127 sunt
1928 5071 2125 5141 Spiritu
2154 5072 2266 5137 Dei,
2296 5072 2541 5126 conversi
2572 5082 2695 5127 sunt
2718 5076 2808 5145 qui
2840 5076 2913 5130 ibi
2938 5086 3120 5137 erant;
3163 5079 3357 5132 timcn-

1784 5172 1900 5228 tes,
1949 5171 2002 5216 et
2044 5162 2393 5231 suscipientes
2435 5163 2659 5219 imbrem
2690 5165 2926 5220 divinum
2953 5207 2970 5233 ,
3016 5166 3277 5222 dederunt
3307 5169 3357 5223 in

1782 5248 2111 5309 confessione.
2149 5262 2350 5307 tantum
2392 5252 2619 5309 fructum
2642 5297 2657 5322 ,
2687 5266 2743 5310 ut
2769 5258 2945 5311 omina
2987 5272 3079 5311 sna
3125 5257 3177 5312 in
3212 5274 3357 5312 com-

1783 5360 1942 5400 mune
1965 5343 2287 5407 conferrent,
2316 5345 2698 5403 distribucnles
2729 5350 3078 5419 panpexibns;
3116 5360 3173 5405 ιιι
3200 5368 3358 5408 nemo

1781 5436 1979 5491 diceret
2002 5435 2196 5504 aliquid
2226 5437 2495 5507 proprium
2518 5478 2531 5501 ,
2562 5437 2654 5493 sed
2676 5451 2853 5493 essent
2884 5438 2987 5493 illis
3007 5441 3181 5494 onmia
3208 5456 3355 5496 com-

1782 5527 1979 5595 munia,
2011 5536 2067 5583 et
2100 5525 2358 5584 luberent
2387 5527 2616 5584 animam
2657 5544 2817 5584 unam
2856 5539 2909 5586 et
2951 5545 3045 5586 cor
3086 5526 3269 5587 unum
3300 5533 3354 5591 in

1846 5724 1863 5755 ί
1883 5729 1957 5771 Er.
1979 5730 2029 5773 et
2048 5724 2182 5786 pauci
2198 5728 2303 5773 Mss.
2321 5722 2415 5780 hic,
2438 5721 2742 5774 exhauriant.

1844 5786 1866 5816 ³
1888 5787 1961 5852 sic
1984 5782 2173 5852 sisset
2193 5785 2325 5852 t-_:dd.:
2361 5791 2622 5848 antequam
2660 5798 2789 5839 esses
2808 5782 2987 5852 ﬁdelis,
3013 5788 3210 5842 tumbas
3228 5802 3247 5852 ;
3267 5792 3352 5842 sed

1774 5844 1886 5912 jam
1904 5843 2122 5899 innatasti
2140 5846 2440 5897 salvatorem.

2580 5930 3018 6013 {Viam-six.)
