3912 6426
543 352 641 413 811
1789 349 1847 405 S.
1889 345 2115 404 AUGUS

2223 345 2253 398 it
2296 344 2590 402 lit-iscum
2808 400 2810 402 ,
3661 365 3736 428 διε

543 473 716 527 Deum
743 468 881 542 (Act.
907 485 984 536 tv,
1014 468 1126 538 '52).
1162 467 1398 523 Donatus
1434 466 1579 522 etiitn
1611 467 1716 522 illis
1755 474 1868 520 erat
1912 461 2128 532 sanguis

543 565 760 621 Domini
791 576 948 635 quem
980 562 1261 625 fuderant;
1289 559 1516 615 donatus
1543 568 1660 614 erat
1687 559 1994 629 ignoscentc
2022 554 2126 608 Do-

544 661 713 725 mino,
747 668 802 712 ut
824 659 931 727 jam
963 655 1103 727 quod
1136 655 1380 711 fuderant
1415 656 1572 710 etiam
1615 654 1798 708 bibere
1835 651 2127 706 discerent.

545 755 764 824 Magnus
792 753 861 806 ibi
891 752 1094 805 fructus
1127 768 1139 802 :
1175 760 1308 804 terra
1334 749 1472 803 dedit
1502 751 1722 819 fructum
1749 762 1915 810 suum,
1941 753 1992 797 ct
2019 757 2132 796 ma-

545 862 704 917 gnum
743 845 1005 906 fructum,
1040 854 1091 898 et
1119 845 1376 912 optimum
1409 841 1656 896 fructum.
1693 836 1956 906 Numquid
1991 845 2128 889 terra

542 941 632 994 illa
660 938 771 994 sola
815 938 998 992 debuit
1036 936 1164 990 dare
1207 936 1432 990 fructum
1480 935 1682 988 Suum?
1730 931 2000 985 Benedicat
2040 945 2132 982 nos

548 1032 710 1097 Deus,
742 1030 876 1085 Deus
897 1039 1101 1094 noster;
1125 1029 1375 1082 benedicat
1403 1043 1492 1081 nos
1515 1027 1668 1080 Deus.
1701 1024 1885 1079 Adhuc
1909 1019 2128 1077 benedi—

543 1135 663 1189 cat;
694 1123 996 1178 benedictio
1023 1122 1164 1176 enim
1190 1121 1238 1174 in
1265 1118 1710 1188 multiplicatione
1734 1117 1870 1169 solet
1896 1113 2129 1167 maxime

541 1227 596 1272 ct
627 1215 836 1285 proprie
877 1213 1119 1282 intelligi.
1161 1213 1456 1267 Probcmus
1501 1210 1601 1264 hoc
1641 1211 1692 1264 in
1734 1207 1931 1263 Genesi
1964 1225 1976 1258 :
2010 1206 2129 1259 vide

543 1324 703 1378 Opera
739 1307 851 1360 Dei.
895 1306 1042 1360 Fecit
1071 1305 1210 1358 Deus
1241 1304 1447 1366 lucem;
1495 1312 1549 1357 et
1583 1303 1762 1357 divisit
1808 1301 1948 1354 Deus
1989 1299 2129 1353 inter

541 1401 737 1466 lucem,
771 1408 825 1454 et
850 1399 1098 1454 tenebras
1132 1416 1145 1452 :
1179 1398 1346 1452 lucem
1375 1396 1576 1450 vocavit
1603 1395 1766 1458 diem,
1799 1403 1853 1448 et
1879 1392 2128 1446 tenebras

540 1494 751 1550 vocavit
781 1502 1010 1548 noctem.
1056 1492 1170 1546 Non
1217 1492 1412 1545 dietmn
1440 1499 1558 1556 est,
1605 1489 1885 1544 Beuedixit
1929 1487 2124 1542 lucem.

541 1586 752 1640 Etenim
782 1588 964 1639 eadem
1000 1585 1085 1638 lux
1113 1583 1248 1636 redit
1275 1592 1327 1637 et
1358 1583 1586 1637 alternat
1626 1578 1815 1635 diebus
1857 1595 1920 1634 ac
1950 1577 2123 1633 nocti-

541 1679 662 1734 bus.
717 1677 936 1733 Vocavit
982 1677 1177 1734 emtum
1235 1679 1627 1730 tirmamentnm
1683 1677 1821 1729 inter
1866 1688 2028 1741 aquas
2072 1679 2126 1726 et

540 1782 747 1841 aquas:
782 1785 885 1824 non
914 1769 1110 1823 dictum
1153 1778 1267 1834 est,
1301 1768 1578 1822 Benedixit
1614 1767 1829 1822 malum.
1866 1766 2125 1820 Discrevit

537 1877 687 1917 mare
716 1861 785 1916 ab
817 1861 980 1923 arida,
1009 1867 1062 1914 et
1093 1859 1384 1913 nominavit
1413 1869 1731 1927 utrumque;
1758 1857 1982 1921 aridam,
2017 1865 2126 1911 ter-1

535 1965 691 2017 ram,
737 1962 791 2006 et
830 1951 1294 2019 congregationem
1335 1963 1624 2019 aquarum,
1667 1963 1815 2005 mare
1848 1965 1860 2001 :
1902 1964 2000 2002 nec
2041 1947 2124 2001 hic

535 2045 735 2102 dictum
767 2054 886 2111 est,
923 2045 1206 2100 Benedisit
1237 2045 1396 2098 Deus.
1441 2043 1667 2097 Ventum
1698 2051 1778 2096 est
1814 2040 1878 2094 ad
1911 2057 1972 2094 ea
2003 2055 2123 2108 qua:

534 2137 876 2192 fecunditatis
913 2135 1152 2190 habitura
1196 2145 1346 2190 erant
1379 2145 1603 2196 semen,
1645 2143 1698 2186 et
1729 2149 1790 2187 ev
1828 2134 1980 2202 aquis
2007 2132 2122 2186 cxi-

535 2231 749 2285 stcntia.
783 2229 897 2297 Ipsa
929 2231 1072 2282 enim
1103 2228 1388 2282 maximam
1422 2227 1873 2295 mnltiptieationis
1902 2227 2120 2279 ubertu-

535 2331 642 2376 tem
676 2323 906 2384 habent;
955 2330 1007 2372 et
1047 2321 1317 2374 benedixit
1347 2335 1409 2377 ea
1447 2320 1703 2374 Dominus
1740 2319 1924 2372 dicens
1958 2317 2120 2372 :Cre-

533 2416 675 2480 scite,
720 2424 764 2467 et
792 2414 1198 2482 inultiplicmnini
1219 2456 1232 2478 ,
1264 2422 1308 2465 et
1334 2398 1522 2482 replete
1546 2429 1702 2480 (trinas
1731 2412 1921 2474 maris;
1957 2423 2001 2464 et
2032 2427 2119 2464 ro-

533 2507 695 2560 tati/in
721 2506 1114 2574 multiplieentnr
1154 2521 1305 2574 super
1333 2516 1537 2556 terram.
1572 2505 1657 2557 Sic
1697 2513 1749 2557 et
1791 2519 1910 2556 cum
1946 2505 2118 2557 omnia

532 2600 756 2669 subjecit
792 2600 1008 2660 homini,
1040 2611 1196 2666 quem
1222 2598 1342 2652 i‘ccit
1375 2598 1438 2650 ad
1471 2597 1750 2665 imaginem
1779 2613 1952 2659 suam,
1985 2598 2116 2650 scri-

532 2703 676 2762 ptum
711 2699 830 2745 est:
872 2690 931 2743 lit
975 2689 1223 2743 benedixit
1272 2706 1355 2742 eos
1404 2689 1540 2742 Dens
1577 2689 1746 2742 (licens
1779 2687 2037 2742 :Ct‘t’sritt’
2074 2699 2118 2742 et

531 2782 961 2852 multiplicamini,
1002 2791 1045 2833 et
1073 2781 1279 2848 implete
1308 2783 1488 2849 faciem
1524 2791 1669 2832 terrm
1697 2779 1826 2842 {Gen
1879 2781 1917 2846 ι)
1979 2781 2117 2849 Ergo

530 2875 832 2930 benedictio
877 2877 1086 2944 prtqn'ie
1125 2873 1188 2926 ad
1233 2873 1725 2942 t—nultiplicatinnetn
1771 2873 1937 2935 valet,
1970 2884 2021 2926 et
2052 2872 2115 2925 ad

528 2967 850 3036 implendam
902 2969 1087 3019 t'aciem
1136 2975 1310 3018 terra}.
1360 2965 1493 3018 Audi
1533 2973 1589 3017 et
1629 2965 1682 3017 in
1723 2965 1821 3016 huc
1862 2965 2066 3030 psalmo
2099 2982 2112 3015 τ

529 3057 796 3113 Bettrdicat
830 3074 918 3111 nos
949 3057 1117 3118 Dens,
1153 3057 1288 3111 Deus
1315 3067 1517 3120 noster;
1547 3057 1804 3110 benti/ient
1832 3073 1922 3110 nos
1957 3057 2112 3111 bene.

527 3150 597 3207 Et
621 3165 725 3224 quo
756 3155 890 3206 valet
927 3155 1022 3205 ista
1051 3153 1354 3208 benedictio
1383 3153 1405 3206 ?
1454 3153 1514 3205 Et
1549 3163 1764 3206 metuunt
1795 3155 1904 3205 eum
1945 3167 2115 3208 omnes

528 3245 652 3312 ﬁnes
681 3255 842 3298 terrm.
877 3244 1036 3310 Ergo,
1075 3246 1262 3299 fratres
1291 3245 1417 3306 mei,
1455 3245 1538 3298 sic
1565 3245 1901 3298 abundanter
1929 3246 1979 3298 in
2010 3257 2113 3298 ιιιι·

527 3337 669 3391 mine
699 3336 899 3391 Citriin
950 3338 1222 3393 benedixit
1263 3347 1362 3392 nos
1407 3339 1576 3402 licus,
1625 3341 1681 3393 ut
1715 3339 1836 3393 tiliis
1863 3340 1978 3396 suis
2008 3339 2113 3393 im-

526 3427 670 3496 pleat
705 3430 1009 3484 universam
1048 3430 1238 3486 faciem
1280 3441 1438 3486 terrae
1460 3475 1472 3496 ,
1503 3431 1769 3501 adaptatis
1800 3433 1850 3487 in
1888 3435 2112 3504 regnum

525 3531 678 3575 suum
711 3520 1079 3576 coluercdibns
1110 3521 1376 3594 Unigeniti
1413 3524 1520 3578 sui.
1560 3521 1778 3579 Unicum
1810 3527 2030 3595 genuit,
2061 3533 2116 3582 et

524 3623 688 3668 Unum
717 3613 836 3669 esse
880 3614 1045 3668 noluit
1080 3632 1091 3668 :
1126 3615 1337 3669 unicum
1365 3616 1566 3685 genuit,
1599 3617 1833 3687 inquam,
1864 3629 1916 3672 ct
1949 3633 2112 3673 unum

523 3705 840 3760 cumuoluit
867 3719 1165 3760 remanere.
1219 3705 1366 3761 Fcc't
1405 3707 1449 3761 ei
1487 3707 1709 3773 fratres;
1753 3709 1853 3762 etsi
1896 3725 2000 3763 non
2028 3713 2110 3778 gi-

520 3795 732 3867 gnendo
757 3837 772 3862 ,
805 3804 978 3851 tamen
1005 3795 1307 3866 adoptando
1351 3797 1475 3852 ferit
1504 3797 1551 3851 ei
1595 3798 1923 3853 coluercdcs.
1963 3799 2112 3855 Fecit

522 3903 644 3944 eum
677 3889 987 3959 participem
1019 3891 1165 3960 prids
1195 3891 1532 3944 mortalitatis
1575 3901 1770 3945 nostrm
1791 3934 1806 3958 ,
1835 3900 1892 3945 ut
1920 3894 2108 3949 crede-

520 3995 704 4038 remus
733 3996 828 4036 nos
857 3997 976 4037 esse
1005 3992 1161 4052 posse
1187 3983 1474 4053 participes
1501 3983 1791 4039 divinitatis
1828 3987 1965 4055 ejus.

595 4073 681 4130 10.
717 4075 1064 4131 Attendamus
1112 4077 1338 4146 pretium
1387 4085 1649 4132 neStrum.
1680 4075 1942 4135 'Pratdicra
1987 4089 2110 4137 sunt

520 4168 696 4222 omnia
723 4210 737 4233 ,
761 4166 1085 4223 exhibentur
1114 4169 1288 4225 omnia
1311 4210 1324 4235 ,
1356 4169 1395 4223 it
1423 4169 1762 4241 Erangelium
1807 4185 1902 4241 per
1927 4170 2107 4230 urbem

520 4269 780 4317 terrarum
817 4279 830 4316 :
861 4262 1035 4316 omnis
1075 4263 1224 4318 labor
1262 4262 1477 4318 humani
1521 4267 1730 4334 generis
1759 4265 1808 4318 in
1844 4266 1943 4322 hoc
1972 4278 2108 4322 tem-
2130 4332 2146 4346 .

522 4368 654 4424 pore
675 4353 1033 4408 testimonium
1058 4354 1204 4416 dicit,
1225 4355 1516 4425 implentur
1542 4360 1716 4411 omnia
1747 4375 1864 4428 qum
1893 4362 1942 4413 in
1966 4359 2109 4415 Scri-

520 4447 688 4520 pturis
717 4446 965 4517 praedicta
992 4455 1134 4502 sunt.
1159 4447 1308 4504 Sient
1333 4457 1502 4519 hsilue
1531 4449 1595 4503 ad
1625 4450 1938 4506 hodiernum
1967 4452 2106 4507 diem

519 4542 699 4595 omnia
742 4551 1039 4597 evenerunt
1064 4581 1076 4604 ,
1109 4541 1188 4595 sic
1227 4552 1279 4595 et
1308 4557 1424 4611 quae
1454 4553 1654 4597 restant
1681 4551 1932 4599 eventura
1965 4555 2105 4602 sont.

519 4629 825 4688 Timeamus
863 4631 1047 4702 judicii
1087 4629 1260 4696 diem;
1303 4637 1555 4688 venturus
1597 4645 1680 4690 est
1712 4636 1981 4690 Dominus.
2008 4638 2105 4704 Qui

518 4724 667 4778 venit
694 4722 942 4790 humilis,
972 4724 1150 4779 veniet
1180 4724 1451 4791 caeclsus;
1481 4727 1568 4797 qui
1603 4730 1741 4782 venit
1764 4727 2103 4798 jttdicandus,

518 4814 1070 4884 venictjudicaturus.
1105 4815 1468 4886 Agnoscatth
1503 4818 1774 4885 humilem,
1808 4830 1864 4874 ut
1887 4831 2106 4877 nou‘cx-

520 4919 869 4978 pavescamus
910 4909 1216 4974 excelsum";
1265 4901 1651 4977 amplectamur
1705 4911 1993 4980 humilem,
2052 4921 2107 4970 ut

522 4999 893 5056 desideremus
921 4999 1212 5054 excelsum.
1241 4993 1675 5056 Desiderantibus
1702 5003 1842 5058 enim
1867 5022 1943 5066 sc,
1980 5021 2104 5075 pro-

524 5092 686 5164 pitius
715 5093 909 5147 veniet.
940 5092 1016 5147 illi
1055 5103 1173 5147 eum
1203 5085 1510 5147 desiderant
1539 5094 1625 5162 qui
1655 5097 1920 5149 tenuerint
1947 5097 2102 5152 iidem

518 5186 655 5256 ejus,
689 5195 741 5242 et
773 5185 990 5242 fec-crint
1033 5182 1280 5240 mandata
1326 5185 1459 5255 ejus.
1502 5184 1634 5238 Nam
1678 5187 1777 5240 etsi
1822 5187 2100 5255 nolumus,

517 5280 716 5335 veniet.
749 5279 981 5335 Velitnns
1007 5295 1134 5349 ergo
1163 5279 1356 5343 veniat,
1388 5279 1474 5348 qui
1503 5279 1679 5334 veniet
1706 5281 1802 5335 etsi
1837 5282 2100 5338 nolumus.

517 5371 796 5438 Quomodo
839 5372 1066 5426 Vciitntts
1108 5383 1165 5426 ut
1217 5371 1428 5428 veniat?
1471 5371 1616 5428 Bene
1659 5374 1918 5444 vivendo,
1968 5375 2103 5432 bene

517 5464 746 5534 agendo.
776 5462 1051 5518 Punici-ita
1086 5481 1190 5518 non
1224 5469 1321 5519 nos
1351 5463 1612 5518 delectent
1639 5507 1653 5531 ,
1688 5473 1965 5536 prmsentia
1997 5486 2100 5524 non

516 5568 618 5610 nos
647 5561 888 5618 tcucan‘t;
919 5563 984 5610 ne
1011 5555 1318 5611 ciau'damus
1347 5573 1528 5611 aurem
1557 5567 1803 5627 tanquam
1827 5559 1891 5614 de
1913 5561 2098 5628 cauda,

513 5657 583 5701 ne
613 5664 912 5717 premamus
953 5664 1136 5702 aurem
1187 5649 1238 5702 in
1288 5657 1425 5702 terra
1459 5648 1570 5717 (a);
1603 5665 1667 5702 ne
1695 5653 1976 5719 pt'artcritis
2019 5671 2102 5709 re-

517 5738 788 5792 tardemur
814 5738 880 5790 ab
907 5738 1205 5806 audiendo,
1235 5746 1306 5794 ne
1334 5736 1684 5810 praesentibus
1713 5739 2044 5811 implicentur
2071 5763 2100 5802 ιι

585 5865 661 5927 (ιι)
691 5865 788 5914 ιιιι.
814 5873 949 5918 Euar.
978 5866 1026 5918 iu
1051 5866 1168 5918 Psal.
1194 5881 1302 5931 Lvn,
1324 5882 1371 5920 ιι.
1400 5868 1445 5920 7.

2240 459 2414 514 futura
2458 459 2765 516 meditando
2790 462 2840 528 ¹;
2869 465 3219 522 extendamus
3249 483 3345 524 nos
3371 471 3420 526 iu
3448 487 3507 528 ea
3529 491 3625 545 qua:
3652 494 3735 538 ante

2238 561 2380 617 sunt,
2405 551 2778 609 obliviscamur
2799 558 3064 627 prtcterita
3089 558 3344 631 (Philipp.
3359 579 3434 630 tn,
3460 566 3558 636 13).
3574 569 3625 623 Et
3639 577 3737 642 quod

2238 643 2398 698 modo
2429 643 2728 700 laboramus
2753 687 2767 713 ,
2799 647 3137 717 quod-modo
3165 654 3423 720 gemimus
3445 695 3458 718 ,
3485 660 3605 726 quod
3629 666 3740 718 modo

2239 737 2590 805 δυειιὶιοιιιιιιιε,
2619 738 2757 807 quod
2783 739 2942 793 modo
2968 740 3252 811 loquimur,
3280 745 3419 814 quod
3446 761 3504 801 ex
3533 754 3740 817 quantuli-

2237 845 2462 899 cumque
2503 841 2650 900 parte
2695 833 2990 901 sentimus,
3033 843 3089 890 et
3116 850 3308 903 capere
3351 853 3455 892 non
3498 857 3741 910 possumus.

2236 923 2527 991 capiemus,
2561 924 2894 992 perfruentur
2921 926 2972 980 in
2997 930 3386 984 resurrectione
3407 930 3654 1000 justorum.
3675 937 3742 994 lle-

2238 1013 2520 1069 novabitur
2538 1014 2791 1086 juventus
2813 1025 2995 1072 nostra
3021 1019 3160 1074 sicut
3185 1020 3375 1090 aquila:
3403 1022 3561 1092 (Psal.
3583 1041 3654 1089 cu.
3678 1031 3740 1099 5);

2237 1107 2606 1162 tantummodo
2629 1124 2725 1164 nos
2750 1119 3067 1166 vetustatem
3095 1122 3330 1167 nostrain
3355 1113 3418 1167 ad
3443 1123 3620 1183 petram
3639 1118 3744 1172 Chri-

2236 1207 2373 1252 stum
2411 1207 2752 1255 contcramus
2792 1200 2811 1272 (
2839 1199 2980 1255 Psal.
3013 1218 3226 1270 cxxxvt,
3259 1203 3325 1271 9,
3358 1214 3403 1258 et
3432 1203 3574 1261 lCor.
3609 1213 3741 1279 x,l).

2234 1289 2356 1348 Sive
2387 1292 2472 1346 illa
2500 1308 2621 1347 vera
2652 1293 2780 1364 sint,
2806 1293 3018 1363 fratres,
3049 1312 3167 1367 qua:
3195 1297 3446 1352 dicuntur
3465 1298 3526 1352 de
3544 1313 3741 1372 serpente,

2233 1383 2317 1438 vel
2339 1399 2456 1452 qua:
2486 1381 2734 1440 dicuntur
2756 1384 2823 1440 de
2848 1387 3045 1458 aquila,
3070 1387 3184 1442 sive
3203 1387 3272 1442 sit
3298 1390 3434 1444 tanta
3457 1392 3609 1459 potius
3628 1394 3742 1446 [tomi-

2233 1489 2360 1528 num
2391 1489 2548 1544 qnam
2575 1476 2800 1541 veritas;
2825 1478 3021 1532 veritas
3045 1488 3129 1534 est
3151 1488 3327 1534 tamen
3358 1481 3409 1535 in
3436 1479 3690 1552 Seripturis.
3709 1494 3743 1538 et

2231 1582 2336 1620 non
2368 1566 2482 1622 sine
2503 1582 2661 1623 causa
2689 1567 2788 1622 hoc
2812 1568 3065 1625 dixerunt
3089 1569 3382 1642 Scriptura:
3409 1590 3423 1629 :
3449 1589 3540 1629 nos
3559 1576 3743 1644 quidquid

2231 1655 2361 1710 illud
2393 1657 2653 1727 signiﬁcat
2679 1657 2952 1724 iaciamus,
2980 1671 3031 1716 et
3057 1677 3214 1733 quam
3242 1662 3314 1716 sit
3341 1663 3472 1718 illud
3500 1681 3652 1720 verum
3671 1682 3742 1720 non

2229 1746 2553 1804 laboremus.
2593 1749 2672 1804 Tu
2715 1760 2832 1807 esto
2879 1750 3033 1818 talis,
3082 1763 3138 1808 ut
3177 1753 3436 1823 juventus
3459 1765 3540 1812 tua
3565 1761 3744 1812 renovari

2230 1840 2400 1908 possit
2425 1840 2558 1894 sicut
2591 1843 2802 1912 aquilie.
2828 1841 2896 1898 Et
2918 1844 3054 1898 scias
3084 1860 3202 1900 eam
3232 1862 3341 1901 non
3370 1863 3521 1918 posse
3536 1851 3743 1915 renovari,

2229 1932 2330 1985 nisi
2363 1943 2603 1990 vetustas
2645 1944 2729 1988 tua
2760 1935 2811 1989 in
2839 1945 2988 2005 petra
3015 1939 3241 1993 contrita
3270 1937 3470 1995 fuerit:
3495 1941 3539 1995 id
3563 1951 3654 2006 est,
3677 1944 3744 1996 nisi

2229 2026 2429 2079 auxilio
2453 2036 2617 2093 petrie
2637 2068 2652 2090 ,
2685 2028 2780 2081 nisi
2809 2029 3012 2084 auxilio
3041 2029 3272 2098 Christi,
3304 2047 3410 2087 non
3441 2035 3616 2103 peteris
3634 2048 3738 2090 reuo-

2229 2118 2362 2171 vari.
2393 2117 2471 2171 'l‘n
2503 2119 2610 2172 uoii
2655 2119 2935 2177 dulcedine
2981 2126 3260 2190 murtei-itte
3290 2126 3413 2181 vita:
3439 2127 3738 2183 obsurdestert

2225 2209 2481 2263 adversus
2508 2211 2727 2265 vcrhnm
2765 2213 2854 2267 Dei
2882 2231 2894 2266 :
2924 2216 3031 2269 noli
3067 2219 3422 2285 prmscntibus
3444 2221 3592 2275 rebus
3615 2222 3675 2277 sic
3695 2233 3739 2279 tc-

2227 2301 2340 2354 ueri
2374 2311 2425 2354 et
2453 2302 2716 2370 impediri,
2741 2314 2794 2358 ιιι
2819 2305 2982 2368 dicas,
3004 2305 3117 2361 Non
3142 2309 3269 2362 mihi
3305 2321 3456 2365 vacat
3482 2312 3650 2381 legere,
3673 2332 3742 2370 non
3769 2375 3773 2384 ξ

2227 2393 2355 2447 mihi
2392 2408 2541 2448 vacat
2571 2397 2776 2450 audire.
2809 2397 2919 2452 lloc
2947 2415 3132 2455 aurem
3175 2417 3425 2470 premere
3465 2405 3515 2459 in
3544 2416 3658 2460 terra
3675 2387 3771 2463 est.

2226 2483 2302 2537 Tu
2329 2501 2456 2555 ergo
2486 2488 2604 2542 talis
2637 2490 2742 2542 noli
2769 2504 2888 2545 esse
2912 2508 2926 2544 :
2953 2490 3046 2546 sed
3073 2501 3187 2546 esto
3217 2495 3341 2548 talis
3362 2496 3500 2566 quod
3525 2501 3743 2554 contraiu-

2225 2583 2394 2647 VCnis,
2429 2582 2479 2636 id
2510 2595 2610 2648 est,
2638 2594 2694 2638 ut
2717 2587 2986 2654 prieterita
3015 2588 3369 2654 obliviscaris.
3400 2592 3449 2646 in
3471 2596 3744 2651 anteriorate

2224 2677 2510 2741 extendas;
2559 2688 2614 2733 ιιι
2646 2689 2961 2734 vetustatem
2999 2691 3137 2735 tuam
3181 2682 3232 2736 in
3275 2694 3431 2752 petra
3458 2687 3742 2742 coMcrasJ‘t

2222 2770 2265 2822 si
2298 2788 2414 2838 qum
2447 2771 2536 2824 tibi
2565 2771 2939 2826 similitudines
2961 2773 3100 2827 datae
3130 2773 3374 2842 fuerint;
3405 2779 3447 2831 si
3479 2780 3696 2835 inveneris
3710 2782 3743 2833 in

2222 2864 2528 2931 Scriptutie,
2558 2865 2718 2922 crede
2745 2885 2756 2920 :
2782 2867 2825 2920 si
2854 2882 2958 2920 non
2983 2867 3245 2922 inveneris
3267 2870 3375 2924 dici
3409 2872 3504 2924 nisi
3525 2872 3742 2939 lautianm

2222 2954 2376 3008 valde
2404 2957 2610 3010 credas.
2641 2956 2748 3011 lies
2772 2957 2882 3026 ipsa
2919 2959 3050 3012 torte
3085 2960 3156 3012 ita
3187 2969 3292 3024 cst,
3329 2961 3465 3017 forte
3491 2968 3740 3018 noucztiu.

2223 3045 2296 3098 Τιι
2331 3051 2556 3115 proiicc;
2585 3052 2674 3103 tibi
2704 3053 2877 3106 valeat
2897 3051 2962 3105 ad
2987 3051 3209 3106 salutent
3238 3055 3338 3108 ista
3363 3056 3739 3112 similitudo.Nu

2220 3141 2300 3192 vis
2327 3158 2423 3210 per
2452 3145 2604 3198 ist-am
2630 3146 3074 3200 similitudinem?
3104 3149 3202 3203 l‘cr
3227 3150 3395 3203 aliain
3425 3151 3503 3204 lac
3525 3193 3536 3213 ,
3563 3152 3663 3203 dum
3688 3160 3739 3202 ιι-

2220 3251 2340 3290 men
2372 3238 2530 3290 lacius
2550 3253 2565 3301 ;
2589 3247 2642 3292 et
2671 3253 2892 3293 securus
2917 3253 3166 3308 chpccta
3193 3258 3421 3312 regnum
3447 3245 3551 3309 Dei,
3573 3261 3628 3298 ne
3648 3243 3741 3297 iise-

2223 3337 2306 3382 tur
2337 3340 2509 3382 tecum
2556 3331 2727 3383 oratio
2761 3342 2865 3384 tua.
2895 3331 2971 3386 Tn
2998 3335 3142 3387 enim
3168 3377 3182 3400 ,
3229 3335 3550 3402 christiano,
3590 3337 3741 3407 quando

2218 3421 2370 3486 dicis,
2409 3419 2582 3475 Veniat
2603 3439 2811 3494 regnum
2836 3435 2994 3483 luunt.
3024 3427 3296 3494 quomodo
3328 3429 3481 3492 dicis,
3520 3427 3737 3482 Veniam-

2217 3529 2372 3584 gnum
2396 3522 2535 3567 tnnm
2561 3515 2771 3584 (Matth.
2804 3530 2877 3581 VI,
2912 3517 3044 3587 10)?
3073 3518 3275 3573 Excute
3306 3537 3402 3576 cur
3431 3532 3568 3575 tuum
3596 3540 3605 3574 :
3631 3519 3738 3582 vide;

2217 3619 2376 3672 ecce,
2416 3604 2593 3660 Veniat
2621 3621 2829 3678 regnum
2871 3621 3033 3662 tmmt.
3064 3612 3268 3666 Clamat
3315 3615 3440 3677 tibi,
3473 3611 3737 3668 \t'cnioztmtt

2218 3697 2410 3751 times?
2436 3699 2591 3767 Saepe
2619 3701 2855 3754 diximus
2883 3701 3142 3756 Charitati
3170 3703 3377 3760 Vestrae
3405 3723 3416 3760 :
3440 3717 3492 3760 et
3517 3705 3738 3774 pranlictre

2215 3791 2493 3844 veritatem
2524 3792 2651 3844 nihil
2681 3805 2761 3846 est
2781 3834 2795 3856 ,
2831 3793 2875 3846 si
2911 3810 3003 3848 cor
3033 3811 3060 3847 a
3091 3795 3266 3864 lingua
3297 3797 3567 3852 dissentiat
3587 3812 3599 3861 ;
3619 3812 3657 3849 ei
3677 3811 3738 3846 ιιι-

2216 3880 2332 3935 dire
2359 3883 2636 3936 veritatem
2675 3883 2807 3937 nihil
2850 3894 2964 3949 est,
2997 3887 3041 3939 si
3088 3902 3191 3940 non
3240 3890 3559 3944 auditionem
3593 3889 3736 3942 tractus

2216 3982 2489 4042 sequatur.
2521 3973 2594 4028 De
2631 3974 2732 4027 isto
2758 3974 2874 4028 loco
2904 3976 3052 4044 quasi
3098 3979 3413 4034 sublimiore
3452 3979 3676 4048 loquimur
3691 3976 3736 4028 ad

2215 4079 2311 4118 vos
2342 4082 2354 4118 :
2382 4080 2538 4133 quam
2569 4065 2738 4122 simus
2763 4077 2938 4121 autem
2973 4069 3163 4124 timore
3197 4072 3299 4125 sub
3351 4073 3559 4142 pedibus
3595 4068 3735 4124 vestris

2216 4155 2357 4210 Deus
2386 4158 2627 4221 noverit,
2661 4159 2747 4227 qui
2793 4160 3048 4229 propitius
3081 4161 3138 4215 tit
3165 4162 3483 4231 humilibus;
3525 4165 3624 4234 quia
3659 4179 3732 4216 ttriu

2214 4261 2312 4301 nos
2362 4258 2465 4302 tam
2505 4248 2771 4304 delectant
2802 4267 2959 4307 voces
2991 4253 3354 4323 laudantium,
3396 4273 3540 4328 quam
3577 4254 3734 4310 devotio

2213 4338 2578 4394 conﬁtentium
2608 4351 2664 4396 et
2691 4341 2830 4397 facta
2859 4333 3147 4401 rectumst.
3173 4347 3237 4404 Et
3258 4363 3418 4418 quam
3443 4366 3537 4404 non
3557 4348 3732 4403 delecte-

2214 4447 2336 4486 mur
2367 4434 2464 4486 nisi
2499 4435 2825 4502 profectibus
2857 4439 3045 4492 vestris
3065 4481 3080 4506 ,
3125 4440 3175 4494 in
3215 4441 3332 4496 istis
3354 4453 3520 4500 autem
3547 4439 3729 4508 londihut

2213 4542 2368 4596 quam
2403 4529 2783 4597 periclitemur,
2813 4530 2900 4586 ille
2927 4534 3140 4590 noverit
3176 4535 3269 4605 qui
3298 4552 3396 4592 nos
3437 4537 3498 4592 ab
3538 4521 3724 4592 euntibus

2213 4620 2461 4690 periculis
2487 4621 2697 4691 libetet,
2729 4634 2784 4680 et
2807 4641 2906 4681 nos
2934 4627 3209 4684 vobiscum
3235 4630 3306 4684 ab
3329 4625 3468 4686 omni
3499 4630 3726 4686 tentaiione

2212 4713 2446 4770 salvatus
2495 4715 2548 4768 in
2593 4731 2758 4786 regno
2795 4731 2897 4774 suo
2937 4732 3263 4789 caenosum
3308 4731 3364 4779 ct
3399 4731 3633 4780 coronare
3663 4717 3723 4773 di-

2209 4814 2421 4875 gnetur.

2387 4922 2408 4930 ι-

2212 4938 2439 4954 ἢ

2621 5019 2702 5080 IN
2733 5016 3116 5086 PSALNIUM
3156 5021 3386 5090 LXVII

2740 5133 3137 5204 ENAllltATlO
3175 5148 3276 5222 (ιι).
3455 5123 3458 5126 ’

2285 5252 2335 5308 1.
2369 5252 2515 5326 [vers
2549 5254 2626 5329 1.]
2659 5255 2850 5312 Psalmi
2890 5259 3049 5329 hujus
3079 5261 3262 5316 titulus
3305 5277 3405 5318 non
3441 5261 3617 5317 videtur
3633 5265 3714 5313 esse

2210 5363 2453 5417 operosa:
2477 5349 2892 5418 disputationis:
2925 5354 3152 5423 simplex
3183 5356 3326 5410 enim
3357 5364 3557 5427 apparet
3590 5361 3631 5405 et
3661 5350 3712 5400 fa-

2209 5442 2345 5496 cilis.
2372 5441 2502 5495 Nam
2531 5441 2597 5494 ita
2630 5459 2688 5497 se
2719 5443 2876 5499 habet
2904 5463 2917 5497 :
2950 5444 3012 5498 In
3039 5447 3212 5514 ﬁnem,
3241 5449 3338 5517 ipsi
3364 5447 3517 5501 David
3537 5443 3709 5498 I’sntmtti

2209 5534 2409 5587 cantici.
2455 5533 2511 5588 lu
2563 5535 2742 5590 multis
2785 5545 2961 5591 autem
3002 5538 3112 5609 jam
3157 5541 3371 5611 psalmis
3412 5535 3704 5593 admonuimus

2269 5691 2287 5721 ‘
2315 5689 2389 5759 $ic
2417 5693 2520 5759 ιζὲς.
2549 5691 2602 5742 L-tt
2617 5692 2758 5759 Edd..
2799 5689 3106 5745 'rétartleimtr
3129 5685 3400 5754 Obediendo.
3436 5709 3488 5746 nc
3519 5682 3702 5759 pi'itwiit'

2207 5753 2760 5823 businqrtircntm;setl
2782 5753 3433 5823 (iul/iitummeditunqotete.
3609 5811 3630 5823 η

2268 5813 2342 5925 ξι)
2384 5812 2560 5866 Dictata
2601 5812 2726 5866 nimo
2757 5812 2990 5881 t'lt'ri'ilii,
3030 5835 3090 5870 ex
3109 5812 3434 5884 Ῐὶιέὶέῐυὶέίῖσυ,
3453 5812 3699 5878 ΠΙΕΥΟΜ

2208 5891 2257 5925 ιι.
2319 5915 2328 5925 .
3005 5899 3017 5903 -
