3912 6422
140 354 242 410 813

139 467 259 541 quid
288 467 376 535 sit,
407 466 474 521 In
499 466 693 536 ﬁnem:
717 466 966 538 quoniam
1006 467 1124 537 ﬁnis
1148 468 1299 539 Legis
1336 468 1568 526 Christus
1589 510 1604 536 ,
1646 472 1713 524 ad

136 561 374 637 justitiam
400 564 537 615 omni
553 561 774 616 credenti
799 561 974 632 (Rom.
996 578 1051 629 x,
1083 560 1169 631 i);
1195 561 1316 618 ﬁnis
1340 564 1428 634 qui
1451 564 1713 633 perﬁciat,

140 671 238 710 non
265 650 354 725 qui
382 662 663 711 consumat
706 663 799 709 aut
836 654 1041 725 perdat.
1074 654 1452 713 Verumtamen
1489 658 1537 713 si
1564 660 1714 730 quis-

137 762 287 819 quam
318 752 542 801 conetur
567 746 841 823 inquirere
863 746 988 818 quid
1015 747 1114 802 sibi
1142 748 1291 814 velit,
1326 747 1566 805 Psalmus
1586 767 1715 805 can-

139 841 251 905 tici;
270 854 366 895 cur
392 855 496 895 non
518 850 609 895 aut
638 838 879 896 Psalmus
898 882 914 907 ,
942 850 1036 895 aut
1058 840 1354 908 Canticum,
1386 841 1479 897 scd
1509 852 1714 899 utrum-

139 948 271 1004 que;
301 932 384 988 vel
407 932 535 1003 quid
567 934 777 989 intersit
800 934 939 990 inter
958 930 1228 989 Psalmum
1256 934 1471 1002 cantici,
1499 944 1552 991 et
1577 933 1716 990 Can-

136 1026 289 1082 ticum
336 1012 565 1096 psalmi,
596 1025 720 1097 quia
766 1035 820 1081 et
865 1026 944 1082 sic
984 1026 1337 1097 quorumdam
1389 1028 1713 1098 psalmorum

135 1117 265 1173 tituli
305 1117 705 1185 inscribuntur;
750 1116 992 1174 inveniet
1031 1108 1261 1174 fortasse
1302 1118 1535 1189 aliquid,
1569 1119 1710 1190 quod

132 1208 450 1264 acutioribus
478 1219 530 1264 et
579 1208 922 1264 Otiosioribus
945 1224 1043 1265 nos
1085 1209 1457 1281 relinquimus.
1497 1210 1711 1266 Discre-

131 1308 311 1355 verunt
356 1300 575 1371 quidam
607 1299 686 1371 (a)
712 1310 836 1355 ante
881 1316 981 1356 nos
1008 1301 1147 1361 inter
1166 1301 1463 1375 Canticum,
1486 1308 1541 1355 et
1564 1300 1713 1356 Psal-

131 1407 303 1457 mum;
334 1399 391 1445 ut
417 1391 670 1460 quoniam
699 1388 974 1446 Canticum
1013 1407 1109 1449 ore
1153 1392 1435 1462 profertur,
1471 1391 1711 1447 l’salmus

129 1493 299 1540 autem
329 1484 530 1539 visibili
557 1498 757 1555 organo
778 1484 1018 1539 adhibito
1035 1524 1052 1551 ,
1078 1482 1130 1538 id
1151 1493 1253 1551 cst,
1286 1481 1537 1552 psalterio
1561 1483 1708 1539 cani-

128 1584 227 1643 tur,
256 1573 501 1631 videatur
525 1573 749 1631 Cantico
774 1574 1066 1647 signiﬁcari
1105 1575 1450 1645 intelligentia
1478 1574 1673 1630 utentis
1692 1613 1708 1642 ,

127 1654 333 1723 Psalmo
360 1681 496 1723 vero
522 1680 689 1737 opera
714 1667 978 1739 corporis.
1007 1667 1156 1738 Sicut
1191 1666 1243 1722 in
1270 1666 1373 1723 hoc
1401 1667 1516 1739 ipso
1552 1681 1709 1723 sexa-

122 1758 322 1831 gesimo
342 1758 577 1829 septimo
593 1801 608 1826 ,
631 1774 790 1831 quem
816 1774 956 1816 nunc
977 1758 1310 1815 tractandum
1338 1759 1670 1831 suscepimus
1693 1801 1710 1826 ,

118 1838 246 1908 illud
274 1851 421 1925 quod
452 1852 655 1910 dictum
695 1861 808 1921 est,
839 1853 1053 1909 Cautate
1090 1853 1234 1923 Deo,
1281 1853 1486 1925 psallite
1521 1855 1713 1910 nomini

125 1944 227 2016 ejus
247 1960 265 1997 :
285 1945 357 2000 ita
380 1943 602 2017 quidam
620 1944 1008 2013 discreverunt,
1030 1954 1107 2019 ut,
1131 1945 1343 2002 Cantate
1360 1946 1487 2013 Deo,
1510 1947 1711 2004 dictum

126 2034 382 2102 videatur,
415 2036 544 2109 quia
569 2051 634 2093 ea
658 2053 779 2113 qua:
807 2038 861 2093 in
888 2038 1065 2109 seipsa
1100 2054 1255 2096 mens
1277 2040 1411 2111 agit,
1447 2041 1557 2097 Deo
1585 2051 1710 2097 nota

126 2138 261 2201 sunt,
292 2130 362 2188 ab
400 2130 714 2189 hominibus
750 2148 858 2189 non
889 2132 1169 2199 videntur;
1196 2149 1357 2205 opera
1401 2149 1528 2192 vero
1571 2134 1711 2195 bona

127 2222 371 2293 quoniam
396 2221 526 2279 ideo
552 2223 780 2281 videnda
807 2232 932 2279 sunt
959 2225 1028 2282 ab
1055 2225 1394 2296 hominibus,
1426 2237 1485 2282 ut
1506 2226 1710 2298 gloriﬁ-

128 2324 244 2371 cent
270 2314 491 2371 Patrem
518 2325 765 2373 nostrum
789 2318 880 2388 qui
906 2317 959 2373 in
981 2318 1133 2375 caelis
1152 2328 1232 2375 cst
1254 2317 1468 2391 (Manli.
1494 2335 1559 2386 v,
1593 2319 1706 2391 16),

126 2409 314 2464 merito
338 2408 543 2466 dictum
568 2409 658 2477 sit,
687 2409 899 2467 Psallite
919 2412 1113 2467 nomini
1138 2414 1270 2485 ejus,
1292 2411 1343 2468 id
1364 2422 1446 2470 est
1470 2412 1711 2469 dill'ama-

129 2502 257 2560 tioui
286 2504 408 2574 ejus
430 2546 446 2570 ,
475 2513 536 2561 ut
560 2503 897 2562 laudabiliter
924 2506 1248 2562 nominetur.
1282 2507 1431 2565 lianc
1456 2506 1709 2563 dill‘crcn-

126 2596 247 2652 tiam
296 2598 528 2664 alicubi,
579 2607 837 2669 quantum
884 2599 1101 2667 recolo,
1132 2599 1296 2657 etiam
1336 2601 1453 2669 ipse
1490 2608 1710 2657 secutus

124 2701 257 2742 sum.
287 2688 505 2746 Memini
532 2700 711 2757 autem
743 2691 938 2761 legisse
983 2706 1084 2748 nos
1121 2694 1305 2757 etiam,
1346 2690 1566 2749 Psallite
1598 2692 1709 2751 Deo

122 2776 294 2848 (I’sal.
324 2796 468 2849 XLVI,
494 2780 549 2847 7,
574 2780 669 2853 8);
692 2781 814 2851 quia
837 2781 959 2836 talia
980 2797 1097 2852 qum
1122 2781 1402 2839 visibiliter
1419 2784 1557 2840 bene
1575 2799 1709 2854 0pc-

122 2884 323 2938 ratnur,
354 2887 462 2928 non
495 2880 699 2929 tantutu
743 2874 1083 2940 hominibus,
1116 2874 1212 2931 sed
1250 2876 1418 2933 etiam
1461 2876 1572 2932 Deo
1598 2877 1710 2948 pla-

118 2971 262 3019 cent.
288 2963 408 3018 Non
434 2972 616 3021 autem
644 2965 826 3022 omnia
862 2981 981 3037 quin
1009 2967 1120 3025 Dc.
1148 2968 1391 3038 placent,
1422 2969 1582 3025 etiam
1615 2971 1712 3025 lto-

118 3054 353 3115 minibus
395 3066 661 3127 possunt,
710 3058 833 3127 quia
878 3057 1060 3115 videre
1107 3074 1213 3115 non
1266 3072 1508 3131 possunt.
1557 3060 1710 3119 Unde

123 3144 316 3202 mirum
366 3156 452 3204 cst
493 3148 538 3203 si
583 3148 1032 3219 quemadmodum
1063 3161 1348 3223 utrumque
1397 3154 1611 3226 legitur,
1657 3163 1712 3211 et

125 3234 335 3291 Cantate
362 3234 496 3305 Deo,
525 3247 581 3297 et
610 3237 824 3295 Psallite
852 3238 963 3309 Deo
980 3256 1006 3306 ;
1043 3241 1112 3297 ita
1136 3242 1330 3299 alicubi
1361 3245 1461 3316 legi
1496 3255 1705 3316 potest,

125 3327 333 3399 Consule
357 3332 549 3386 nomini
574 3333 705 3404 ejus.
733 3330 886 3401 Quod
910 3332 958 3388 si
981 3343 1037 3389 et
1063 3334 1164 3391 hoc
1195 3336 1247 3391 in
1273 3335 1562 3408 Scripturis
1584 3353 1710 3396 san-

126 3421 223 3477 ctis
257 3423 460 3481 dictum
507 3424 794 3491 invenitur,
826 3424 943 3482 haec
968 3426 1265 3485 diﬁ'ereutia
1302 3428 1498 3486 frustra
1527 3431 1710 3489 elabo-

125 3522 231 3569 rata
255 3525 360 3573 est.
384 3515 559 3577 levet
581 3517 744 3572 etiam
770 3531 859 3573 me
874 3518 1021 3589 quod
1036 3521 1277 3591 generali
1301 3525 1519 3581 nomine
1540 3526 1709 3598 magis

125 3603 315 3661 Psalmi
345 3623 510 3679 quam
536 3606 750 3669 Cantica
778 3620 1056 3678 vocantur,
1093 3613 1163 3669 ita
1187 3622 1246 3670 ut
1273 3614 1528 3673 Dominus
1553 3618 1707 3676 dice-

122 3706 235 3752 ret:
261 3699 391 3769 Qute
413 3702 602 3772 scripta
625 3711 742 3757 sunt
764 3703 819 3757 in
842 3701 996 3774 Lege,
1018 3714 1067 3760 et
1087 3704 1382 3777 Prop/telis,
1410 3720 1459 3764 et
1482 3708 1709 3768 Psalmis

122 3788 180 3843 de
206 3807 283 3845 me
310 3790 467 3864 (Luc.
494 3809 643 3860 xutv,
675 3792 798 3867 ‘4);
825 3804 883 3852 et
910 3796 1048 3853 liber
1076 3798 1192 3869 ipse
1214 3799 1547 3859 Psalmorunt
1572 3804 1708 3861 dici-

123 3888 220 3948 tur,
262 3898 367 3938 non
403 3884 744 3942 Canticorum
778 3905 791 3941 :
825 3888 972 3945 Sicut
1004 3892 1248 3961 scriptum
1274 3904 1385 3962 est,
1414 3896 1612 3967 inquit,
1652 3901 1708 3954 in

120 3968 239 4025 libro
260 3973 596 4032 Psalmorum
627 3976 646 4049 (
673 3978 784 4035 Act.
808 3994 847 4047 ι,
877 3979 947 4036 20
968 3982 1021 4051 );
1054 3999 1174 4038 cmn
1212 3985 1389 4054 potius
1414 3989 1706 4046 secundum

120 4062 266 4127 istam
292 4069 661 4129 diﬂ'erentiatn
689 4112 704 4139 ,
736 4073 957 4132 Cautica
984 4076 1091 4133 dici
1118 4077 1367 4136 debuisse
1392 4081 1702 4153 videantur;

119 4160 361 4227 quoniam
403 4163 683 4222 Canticum
724 4166 885 4223 etiam
927 4168 1044 4225 sine
1071 4170 1283 4227 Psalmo
1325 4189 1444 4231 esse
1488 4185 1702 4247 potest,

120 4245 355 4313 Psalmus
395 4271 524 4313 vero
549 4257 665 4314 sine
690 4260 912 4317 Cantica
939 4277 1063 4319 esse
1106 4279 1213 4320 non
1255 4277 1449 4337 potest.
1479 4245 1709 4328 l’ossunt

120 4343 309 4400 ctenim
358 4362 489 4404 esse
535 4350 886 4420 cogitationes
917 4356 1147 4425 tuentis,
1192 4370 1415 4429 quarum
1462 4377 1567 4417 non
1600 4364 1709 4421 sint

120 4445 271 4502 opera
300 4441 643 4511 corporalia:
668 4444 869 4500 nullum
901 4456 984 4502 est
1006 4458 1185 4506 autem
1207 4466 1340 4522 Opus
1364 4453 1581 4523 bonum,
1610 4473 1708 4512 cu-

227 4542 331 4586 non
358 4531 439 4589 sit
467 4533 519 4587 in
545 4543 726 4590 mente
751 4536 1021 4606 cogitatio.
1052 4541 1133 4595 Ac
1168 4519 1264 4613 per
1287 4543 1390 4600 hoc
1426 4519 1710 4620 utrobique

120 4610 369 4689 Cantica;
411 4638 517 4680 non
543 4626 827 4697 utrobique
848 4629 1046 4684 Ρωιωὶ
1075 4647 1090 4684 :
1116 4610 1389 4701 ettatnen,
1417 4640 1554 4695 sicut
1570 4610 1699 4709 dixi,

86 4783 93 4791 ‘
122 4715 443 4808 generaliter
459 4717 656 4774 Psalmi
679 4720 1035 4790 appellantur,
1052 4739 1164 4782 non
1189 4728 1439 4797 Cantica;
1469 4732 1707 4808 liberque

98 4794 476 4888 .I’salmorum,
507 4825 612 4866 nou
643 4811 1005 4869 Canticorum.
1039 4817 1111 4872 Et
1145 4819 1190 4874 si
1232 4794 1594 4895 intelligantur
1620 4794 1703 4885 itt-

129 4904 226 4959 (lue
244 4894 600 4957 discutiantur
619 4919 810 4962 sensus
834 4905 1121 4978 dictorum,
1154 4912 1242 4968 ubi
1274 4914 1457 4971 titulus
1483 4928 1565 4974 cst
1592 4929 1707 4977 tan-

99 4963 399 5067 !tummodo
428 4993 648 5064 Psalmi,
679 5007 734 5056 et
761 5000 849 5057 ubi
881 5006 1246 5063 tantummodo
1272 5006 1469 5065 Cantici
1488 5056 1501 5081 ,
1533 5024 1587 5071 et
1617 5014 1705 5072 ubi

104 5142 105 5149 γ
129 5085 229 5165 non
250 5078 492 5142 Psalmus
508 5087 719 5158 Cantici,
740 5091 878 5149 sicut
894 5094 944 5149 in
968 5094 1088 5165 isto,
1112 5098 1204 5153 sed
1221 5078 1705 5163 Canticum—Psalmi

131 5162 436 5260 inscriptum
465 5190 580 5250 est;
613 5184 793 5241 nescio
833 5197 1010 5245 utrum
1053 5192 1217 5260 possit
1258 5195 1357 5249 ista
1402 5196 1704 5259 differentia

130 5255 496 5354 demonstrari.
520 5274 746 5333 Proinde
775 5281 914 5337 sicut
936 5255 1299 5355 (imperamus,
1336 5290 1703 5363 relinquentes

131 5344 223 5457 ista
248 5358 327 5414 eis
351 5364 440 5434 qui
470 5376 714 5436 possunt,
745 5378 799 5425 et
826 5344 1197 5442 quibus-Vacat
1216 5344 1345 5435 talia
1373 5344 1698 5457 discernere,

130 5446 343 5546 flvccrta
367 5454 783 5517 differentiarum
802 5464 1010 5521 ratione
1036 5467 1290 5538 delinire;
1312 5484 1418 5529 nos
1444 5446 1699 5546 quantuni

128 5530 401 5636 adiuvante
445 5549 673 5607 Domino
717 5554 988 5627 valemus,
1034 5561 1201 5634 liuius
1253 5530 1699 5636 psalmi-textum-

131 5630 519 5699 consideremus
544 5653 703 5716 atque
733 5654 1042 5708 tractemus.

1199 346 1599 409 ENARBATIO
1638 353 1702 408 IN
1743 348 2062 410 I’SALMUM
2102 344 2306 411 LXVII.

3302 355 3410 419 8M

1828 470 1959 537 eius.
2003 471 2121 526 tam
2167 472 2363 527 factum
2404 482 2487 528 est
2519 491 2530 525 :
2560 473 2867 531 exsurrexit
2904 466 3147 531 Christus
3194 478 3284 547 qui
3324 489 3410 535 est

1825 575 1986 631 super
2011 564 2185 619 omnia
2218 564 2358 621 Deus
2388 565 2700 623 benedictus
2726 568 2775 622 in
2806 569 2999 623 sazcula
3022 569 3193 639 (Rom.
3215 585 3292 639 ix,
3326 571 3405 645 5),

1824 661 1881 708 ct
1905 653 2131 723 dispersi
2158 665 2283 711 sunt
2308 656 2508 712 inimici
2540 654 2654 729 ejus
2695 675 2790 730 per
2825 675 3012 715 omnes
3050 670 3265 731 gentes,
3307 662 3409 718 Ju-

1824 740 1960 808 dmi;
1987 743 2037 798 in
2064 760 2129 801 eo
2150 746 2266 815 ipso
2291 746 2409 805 loco
2432 748 2519 803 ubi
2548 749 2855 806 inimicitias
2880 764 3232 807 exercuerunt
3257 796 3271 818 ,
3314 752 3410 810 de-

1823 832 2026 902 bellati,
2053 845 2213 905 atque
2242 837 2364 893 inde
2391 855 2489 909 per
2514 850 2703 897 cuncta
2730 840 2954 912 dispersi
2985 861 2998 897 :
3032 854 3084 899 et
3115 861 3255 901 nunc
3279 842 3406 902 ode-

1821 934 1945 980 runt
1966 966 1980 990 ,
2016 924 2109 981 scd
2138 938 2411 997 metuunt;
2438 940 2492 986 et
2520 932 2571 987 in
2599 933 2714 1003 ipso
2746 943 2890 989 metu
2917 934 3115 991 faciunt
3152 938 3292 1008 quod
3323 953 3407 995 se-

1821 1017 2021 1086 quitur,
2053 1014 2118 1072 Et
2144 1021 2340 1091 fugiant
2368 1024 2456 1090 qui
2484 1024 2697 1079 oderunt
2720 1043 2853 1093 eum,
2878 1044 2910 1080 a
2935 1028 3066 1099 facie
3094 1031 3221 1100 ejus.
3256 1030 3402 1104 Fuga

1822 1110 2017 1179 quippe
2051 1110 2247 1179 animi,
2276 1122 2359 1167 cst
2399 1113 2575 1170 timor.
2604 1114 2735 1171 Nam
2763 1118 2962 1173 carnali
3001 1119 3119 1191 fuga
3142 1163 3156 1190 ,
3188 1139 3294 1193 quo
3323 1123 3406 1179 fu-

1821 1198 1972 1269 giunt
2000 1201 2066 1256 ab
2091 1201 2204 1271 ejus
2237 1202 2367 1258 facie
2394 1202 2482 1274 qui
2511 1206 2704 1278 ubique
2738 1211 3030 1278 praesentia:
3056 1226 3166 1267 suae
3187 1213 3407 1272 demon-

1821 1301 1953 1346 strat
1979 1293 2267 1349 effectum?
2299 1295 2410 1363 Quo
2442 1296 2602 1365 abibo,
2640 1299 2807 1369 inquit
2834 1301 2954 1368 ille,
2988 1319 3019 1354 α
3066 1304 3244 1373 spiritu
3286 1316 3403 1374 tuo,

1819 1392 1867 1438 et
1892 1401 1921 1436 α
1946 1384 2076 1453 facie
2105 1395 2190 1438 tua
2218 1404 2314 1457 quo
2348 1390 2539 1459 fugiam
2567 1388 2586 1461 (
2614 1388 2758 1444 Psal.
2790 1407 3043 1460 cxxxvnt,
3079 1393 3187 1468 7)?
3214 1397 3407 1453 Animo

1819 1490 1978 1546 ergo,
2012 1492 2116 1531 non
2143 1492 2367 1547 corpore
2397 1478 2635 1551 fugiunt;
2672 1483 2904 1538 timendo
2934 1485 3169 1555 scilicet,
3198 1504 3303 1542 non
3332 1491 3409 1543 la-

1819 1565 2017 1633 tendo;
2053 1582 2152 1622 nec
2190 1568 2258 1623 ab
2298 1583 2359 1623 ea
2389 1566 2524 1626 facie
2564 1587 2723 1641 quam
2765 1588 2873 1627 non
2898 1573 3099 1643 vident,
3131 1576 3224 1632 sed
3254 1577 3319 1633 ab
3343 1594 3408 1634 ea

1817 1675 1977 1730 quam
2008 1660 2189 1715 videre
2234 1672 2515 1733 coguntur.
2548 1663 2735 1720 Facies
2762 1667 2958 1739 quippe
2988 1668 3103 1740 ejus
3144 1671 3409 1742 appellata

1818 1760 1900 1806 est
1928 1754 2211 1822 prmscntia
2242 1754 2357 1824 ejus
2386 1771 2481 1826 per
2510 1756 2805 1812 Ecclesium
2834 1758 2969 1829 ejus.
2998 1759 3152 1817 Unde
3174 1764 3277 1818 illis
3301 1764 3407 1820 ini-

1816 1834 2135 1899 micantibus
2162 1843 2297 1899 dixit
2326 1863 2339 1898 :
2367 1846 2565 1900 Amodo
2597 1847 2824 1903 videbitis
2850 1846 2899 1903 F
2900 1851 3044 1904 ilium
3072 1852 3289 1909 hominis
3317 1872 3406 1911 ve-

1818 1934 2036 1989 nientem
2078 1937 2129 1990 in
2170 1937 2380 1993 nubibus
2407 1940 2425 2010 (
2452 1934 2638 1995 Matth.
2667 1959 2817 2009 xxvr,
2844 1942 2913 1999 64
2935 1943 2974 2014 ).
3002 1940 3148 2001 Sicut
3178 1949 3324 2005 venit
3351 1951 3408 2006 in

1816 2026 2052 2083 Ecclesia
2082 2044 2175 2084 sua
2201 2072 2214 2097 ,
2265 2030 2563 2088 diliundeus
2596 2050 2711 2089 cam
2741 2044 2852 2091 toto
2878 2037 3009 2093 orbe
3038 2047 3319 2111 terrarum,
3350 2043 3406 2098 in

1815 2134 1923 2195 quo
1948 2119 2174 2193 diSpersi
2205 2133 2329 2178 sunt
2356 2124 2555 2180 inimici
2577 2126 2714 2197 ejus.
2741 2120 2901 2183 Venit
2932 2140 3109 2187 autem
3134 2133 3185 2188 in
3211 2134 3406 2191 talibus

1817 2212 2066 2280 nubibus,
2104 2212 2170 2270 de
2199 2214 2442 2287 qualibus
2471 2212 2599 2272 dicit
2628 2237 2641 2276 :
2674 2217 2933 2275 Mandabo
2955 2224 3165 2279 nubibus
3196 2226 3316 2281 meis
3342 2244 3406 2283 ne

1816 2304 1997 2375 pluunt
2026 2322 2178 2378 super
2196 2325 2307 2362 eam
2328 2309 2536 2365 imbrem
2561 2309 2613 2383 (Ι
2617 2313 2714 2366 sai.
2742 2330 2798 2384 ν,
2823 2316 2901 2385 6).
2927 2314 3150 2388 Fugiunt
3178 2336 3303 2392 ergo
3319 2323 3407 2394 qui

1814 2397 2025 2452 oderunt
2044 2415 2177 2465 enni,
2202 2417 2233 2452 a
2253 2400 2385 2471 facie
2411 2403 2521 2475 ejus
2542 2420 2561 2458 :
2584 2404 2805 2462 timeant
2824 2423 2854 2462 a
2879 2413 3161 2479 praesentia
3192 2424 3406 2471 sancto-

1814 2504 1931 2545 rum
1963 2490 2305 2565 ﬁdelittmquc
2350 2496 2467 2566 ejus
2492 2537 2508 2564 ,
2549 2496 2614 2551 de
2641 2499 2832 2569 quibus
2857 2498 3015 2568 dicit,
3061 2501 3188 2558 Cum
3223 2507 3311 2560 uni
3343 2523 3408 2563 ex

1814 2582 2036 2636 minimis
2065 2584 2187 2639 meis
2214 2582 2422 2656 fecistis,
2456 2587 2579 2641 mihi
2608 2590 2797 2661 fecistis
2822 2588 3035 2661 (Matth.
3057 2609 3185 2660 xxv,
3218 2595 3333 2671 40).

1885 2666 1939 2727 3.
1970 2670 2223 2747 [vers.5.]
2255 2675 2400 2730 Sicut
2418 2678 2585 2747 deﬁcit
2599 2684 2788 2752 fumus,
2819 2683 3071 2750 deﬁciant.
3093 2666 3409 2747 Extulcruut

1817 2763 1961 2820 enim
1991 2780 2049 2820 se
2075 2765 2144 2819 ab
2179 2766 2390 2837 ignibus
2412 2769 2655 2825 odiorum
2700 2788 2915 2828 suorum
2950 2775 3002 2829 in
3028 2779 3289 2846 superbia:
3321 2791 3404 2852 ty-

1816 2857 2013 2926 pltum;
2039 2866 2091 2914 cl
2121 2870 2385 2929 ponentes
2422 2861 2475 2915 in
2502 2863 2695 2919 caelum
2731 2880 2791 2919 os
2814 2881 2967 2921 suum
2999 2866 3019 2942 (
3046 2866 3187 2923 Psul.
3217 2886 3361 2926 Lxxn
3385 2911 3401 2937 ,

1814 2948 1924 3023 9),
1950 2960 2108 3022 atque
2143 2953 2435 3011 clamantes
2455 2996 2470 3025 ,
2518 2954 2785 3029 Cruci/iga,
2813 2961 3049 3033 cmciﬁge
3077 2961 3252 3036 (Joan.
3284 2982 3399 3035 xix,

1814 3041 1885 3115 6)
1911 3085 1927 3111 ,
1960 3052 2116 3114 capto
2143 3045 2441 3116 illuseruut,
2469 3049 2790 3119 pendentem
2835 3052 3115 3110 irriserunt
3142 3072 3155 3108 :
3180 3067 3235 3113 et
3259 3058 3403 3114 unde

1814 3134 2043 3192 victores
2075 3147 2398 3208 tumuerunt,
2433 3157 2557 3198 mox
2587 3142 2710 3199 victi
2732 3157 3079 3204 evanuerunt.
3105 3150 3253 3205 Sicut
3280 3153 3398 3222 fluit

1812 3243 1928 3283 cera
1951 3246 1986 3284 a
2011 3232 2140 3302 facie
2162 3230 2294 3305 ignis
2323 3274 2338 3300 ,
2366 3234 2438 3289 sic
2490 3246 2695 3306 pereant
2735 3248 3018 3307 peccatores
3042 3258 3075 3295 α
3101 3244 3233 3313 facie
3286 3243 3399 3300 Dei.

1812 3320 2127 3394 Quanquam
2171 3324 2398 3382 fortasse
2435 3343 2529 3384 eos
2574 3330 2674 3387 hoc
2697 3330 2815 3387 loco
2839 3332 3236 3407 signiﬁcaverit,
3263 3354 3399 3410 quo-

1811 3430 1930 3469 rum
1952 3415 2145 3471 duritia
2184 3418 2238 3473 in
2266 3420 2593 3490 pmnitcntite
2628 3424 2893 3497 lacrymas
2927 3429 3188 3488 solvitur:
3223 3442 3402 3491 tamen

1811 3507 1972 3563 etiam
2024 3511 2154 3566 illud
2212 3511 2438 3585 intelligi
2486 3525 2701 3587 potest,
2755 3529 2814 3576 ut
2865 3520 3098 3579 futurum
3142 3525 3403 3595 judicium

1812 3600 2199 3668 comminatur;
2241 3604 2364 3673 quia
2389 3619 2512 3661 cum
2540 3607 2593 3662 iu
2623 3608 2726 3664 hoc
2749 3612 2943 3667 sarculo
2962 3614 3097 3670 sicut
3122 3615 3300 3674 fumus
3339 3635 3402 3678 se

1812 3691 2115 3746 extollendo
2139 3732 2155 3759 ,
2182 3694 2235 3748 id
2265 3705 2369 3761 est,
2396 3699 2754 3767 superbiendo
2794 3703 3106 3775 defecerint,
3137 3712 3312 3768 veniet
3335 3716 3402 3769 il-

1812 3780 1877 3836 lis
1897 3780 1952 3837 in
1981 3783 2087 3839 line
2110 3794 2347 3842 extrema
2376 3787 2664 3858 damnatio,
2700 3802 2758 3848 ut
2783 3795 2850 3851 ab
2877 3797 2995 3866 ejus
3019 3798 3153 3857 facie
3175 3813 3400 3873 pereant

1811 3873 1867 3929 in
1892 3884 2173 3943 aeternum,
2200 3893 2322 3935 cum
2361 3881 2418 3937 in
2440 3895 2537 3938 sua
2566 3884 2809 3943 claritate
2837 3886 2998 3945 fuerit
3025 3904 3393 3967 praesentatus,

1811 3965 1956 4022 velut
2004 3969 2161 4039 ignis,
2212 3969 2281 4026 ad
2326 3986 2541 4043 poenam
2588 3975 2876 4048 impiorum
2918 3965 3398 4056 lumenqucjustos

1811 4074 1950 4116 rum.

1882 4153 1936 4208 4.
1967 4152 2117 4227 [vers.
2158 4155 2237 4230 4.]
2284 4157 2521 4229 Denique
2558 4162 2800 4233 sequitur
2825 4183 2839 4220 :
2868 4162 2939 4219 Et
2958 4168 3088 4238 justi
3107 4170 3397 4239 jacumlen-

1813 4255 1915 4313 tur,
1944 4256 1989 4302 et
2014 4250 2264 4306 exsultent
2292 4252 2345 4307 in
2373 4264 2643 4325 conspectu
2669 4253 2800 4325 Dei,
2827 4268 2874 4314 et
2896 4259 3204 4321 delectentur
3224 4267 3278 4322 in
3298 4269 3394 4325 la:-

1811 4341 1942 4395 titia.
1969 4342 2117 4399 Tunc
2142 4345 2283 4399 enim
2297 4347 2515 4404 audient
2540 4366 2553 4401 :
2588 4348 2777 4415 Venite,
2808 4353 3050 4410 benedicti
3065 4355 3240 4415 Patris
3259 4366 3359 4419 mei
3377 4384 3399 4432 ;

1813 4434 2050 4503 percipite
2078 4451 2284 4506 regnum
2312 4438 2522 4509 (Matt/3.
2553 4457 2659 4497 xxv
2685 4482 2699 4507 ,
2727 4444 2795 4498 3t
2815 4448 2860 4516 ).
2886 4444 3242 4507 Jucundentur
3269 4470 3400 4527 ergo

1813 4526 1902 4594 qui
1940 4526 2335 4594 laboraverunt,
2382 4539 2429 4586 et
2470 4535 2718 4589 exsultent
2743 4537 2795 4590 in
2821 4551 3089 4609 conspectu
3116 4541 3232 4600 Dei.
3281 4526 3401 4607 Non

1811 4619 1953 4674 enim
1978 4621 2080 4675 erit
2106 4623 2477 4680 exsultationis
2502 4626 2659 4699 hujus
2685 4670 2700 4698 ,
2728 4638 2978 4703 tanquam
3006 4651 3186 4694 coram
3221 4637 3398 4700 homi-

1812 4711 1987 4775 nibus,
2037 4713 2209 4768 inauis
2251 4716 2360 4771 ulla
2400 4717 2692 4788 jactantia;
2736 4723 2833 4779 sed
2876 4724 2930 4781 in
2969 4741 3258 4800 conspectu
3284 4737 3397 4808 ejus

1810 4802 1901 4872 qui
1932 4801 2049 4858 sine
2075 4819 2260 4861 errore
2288 4806 2505 4877 inspicit
2547 4811 2689 4881 quod
2730 4813 2964 4872 donavit.
2995 4801 3328 4880 Dem-tentur"
3344 4830 3400 4884 in

1812 4895 1985 4950 ltetitia
2008 4914 2026 4950 :
2065 4915 2169 4954 non
2196 4900 2305 4987 jam
2332 4905 2658 4961 exsultantes
2688 4924 2810 4964 cum
2850 4920 3081 4972 tremore
3109 4917 3296 4991 (Psat.
3336 4934 3395 4991 n,

1811 4987 1873 5042 ll
1897 4987 1916 5059 )
1939 5028 1953 5055 ,
1980 4989 2122 5045 sicut
2148 4992 2199 5045 in
2238 4991 2339 5048 ltoc
2363 4996 2557 5050 sarculo
2576 5034 2591 5064 ,
2620 5002 2871 5067 quamdiu
2900 4987 3129 5063 teutatio'
3158 5018 3243 5067 est
3292 4987 3399 5071 vita

1811 5075 2044 5134 humana
2071 5096 2232 5151 super
2258 5092 2451 5139 terram
2482 5085 2602 5159 (Job
2633 5104 2722 5158 νη,
2757 5094 2839 5166 1).

1882 5170 1935 5226 5.
1962 5168 2109 5243 [ιιργε.
2135 5173 2188 5238 5,
2207 5174 2285 5248 6.]
2319 5176 2519 5233 Deinde
2538 5192 2595 5235 se
2630 5182 2695 5238 ad
2720 5184 2863 5255 ipsos
2887 5191 3170 5262 centertit,
3203 5197 3395 5266 quibus

1811 5269 2010 5317 tantam
2031 5278 2180 5333 spem
2211 5266 2377 5335 dedit,
2414 5279 2467 5324 ct
2493 5270 2578 5325 Itic
2603 5274 2847 5333 viventes
2875 5280 3160 5352 alloquitur
3190 5300 3244 5342 ct
3268 5288 3395 5346 bor-

1813 5363 1953 5411 tatur
1981 5355 2230 5413 :Cantate
2257 5359 2361 5414 Deo
2381 5402 2395 5430 ,
2422 5364 2626 5433 psallite
2660 5370 2853 5423 nomini
2876 5372 3007 5442 ejus.
3047 5373 3164 5430 Jam
3193 5378 3316 5436 hinc
3338 5382 3389 5437 in

1810 5446 1947 5502 tituli
1973 5450 2325 5520 expositione,
2371 5455 2513 5525 quod
2560 5457 3137 5533 videbaturprtclocuti
3182 5483 3387 5530 sumus.

1808 5541 1999 5597 Cantat
2045 5542 2174 5613 Deo,
2202 5547 2290 5617 qui
2336 5547 2466 5603 vivit
2492 5550 2635 5618 Deo;
2662 5553 2841 5623 psallit
2887 5558 3090 5616 nomini
3119 5562 3253 5634 ejus,
3301 5570 3393 5639 qui

1806 5642 2058 5704 cperatur
2084 5636 2135 5691 in
2165 5638 2388 5709 gloriam
2417 5642 2552 5711 ejus.
2579 5643 2655 5698 ita
2680 5648 2965 5716 cantando,
2994 5650 3067 5707 ita
3090 5636 3389 5729 psallentlo,

1806 5724 1862 5780 id
1889 5735 1989 5793 est,
2019 5728 2096 5784 sic
2115 5730 2364 5800 vivendo,
2389 5733 2465 5788 sic
2485 5735 2773 5805 operando,
2799 5738 2907 5795 Iter
2929 5724 3169 5816 facite'ei,
3200 5724 3388 5821 inquit,

1802 5819 1892 5890 qui
1911 5822 2135 5877 ascendit
2154 5840 2305 5896 super
2325 5840 2577 5881 occasum.
2611 5828 2717 5885 lter
2744 5829 2903 5891 facite
2936 5834 3182 5908 Christo;
3214 5819 3392 5916 ntpcr

1809 5915 2077 5984 speciosos
2105 5916 2270 5988 pedes
2315 5917 2786 5989 evangelizan‘tium
2823 5928 2846 6001 (
2864 5926 2993 5987 1εαί.
3021 5944 3112 6006 ιιι,
3145 5930 3240 6011 7),
3262 5915 3389 6010 pero

3280 6072 3301 6107 I
