3912 6428
573 492 679 552 815

575 606 664 662 vla
717 603 821 658 sint
873 600 921 653 ei
973 593 1131 652 corda
1176 589 1526 648 credentium.
1576 587 1693 657 Ipse
1747 593 1830 640 est
1870 584 2010 639 enim
2066 579 2155 652 qui

581 693 823 753 ascendit
864 703 1023 757 super
1059 699 1305 741 occasum
1340 701 1353 737 :
1383 682 1493 736 sive
1519 678 1640 749 quia
1666 691 1771 732 nou
1809 690 1930 730 eum
1961 672 2159 741 excipit

576 803 713 844 nova
755 784 857 837 vita
908 797 965 835 se
995 779 1061 833 ad
1102 793 1221 833 eum
1252 772 1640 837 convertentis,
1672 770 1771 825 nisi
1812 778 1959 822 vetus
2016 764 2159 820 occi-

574 879 713 936 derit
742 876 863 929 huic
909 872 1103 927 sreculo
1157 866 1547 929 renuntiantis;
1598 861 1710 916 sive
1751 860 1874 930 quia
1917 854 2158 911 ascendit

574 988 737 1043 super
783 981 1051 1030 occasum,
1101 978 1222 1019 cum
1270 956 1597 1029 resurgendo
1647 954 1770 1008 vicit
1803 950 2042 1021 corporis
2070 962 2160 1002 ca-

575 1042 716 1120 sum.
752 1059 996 1114 Dominus
1037 1055 1169 1109 enim
1193 1067 1372 1106 nomen
1402 1058 1474 1103 est
1502 1048 1567 1102 ei.
1609 1044 1760 1111 Quod
1789 1043 1864 1098 illi
1890 1042 1935 1096 si
1964 1053 2160 1110 cogno-

574 1154 819 1219 vissent,
871 1161 1141 1217 nunquam
1199 1142 1478 1199 Dominum
1528 1136 1712 1211 gloria:
1776 1131 2162 1191 cruciﬁxissent

566 1245 779 1315 (lCor.
807 1260 867 1311 ιι,
896 1241 991 1311 8).

648 1340 703 1394 6.
739 1335 1001 1391 Exsultate
1028 1332 1081 1386 in
1100 1336 1367 1399 conspectu
1396 1326 1523 1396 ejus.
1545 1321 1590 1378 Ο
1615 1336 1708 1377 vos
1737 1319 1927 1390 quibus
1957 1317 2157 1372 dictum

577 1438 680 1495 est,
703 1429 911 1484 Cantate
936 1424 1064 1491 Deo,
1096 1421 1294 1494 psallite
1319 1417 1507 1473 nomini
1555 1417 1662 1485 ejus
1679 1455 1692 1478 ,
1721 1414 1811 1467 iter
1834 1412 1984 1483 facile
2008 1411 2053 1464 ei
2077 1408 2164 1482 qui

578 1519 801 1577 ascendit
838 1534 987 1588 super
1023 1530 1274 1579 occasum,
1325 1510 1483 1566 etiam
1530 1507 1774 1562 exsultate
1817 1505 1871 1557 in
1896 1511 2163 1573 conspectu

580 1616 689 1685 ejus
710 1629 728 1666 :
757 1610 907 1682 quasi
937 1609 1113 1663 tristes
1135 1648 1151 1673 ,
1180 1618 1394 1673 semper
1421 1610 1594 1655 autem
1624 1596 1917 1669 gaudentes
1938 1595 1956 1663 (
1974 1592 2017 1649 ll
2043 1592 2159 1647 Cor.

580 1683 656 1770 vi,
690 1703 819 1773 10).
870 1701 1003 1755 Dum
1034 1696 1174 1753 enim
1217 1694 1389 1749 facitis
1429 1693 1529 1746 iter
1556 1690 1603 1745 ei
1629 1731 1644 1755 ,
1692 1688 1817 1742 dum
1851 1683 2165 1756 praeparatis

579 1810 683 1868 qua
712 1772 925 1856 veniat,
974 1796 1263 1859 gentesque
1295 1782 1584 1855 possideat,
1617 1778 1781 1834 multa
1806 1774 2013 1847 passuri
2038 1772 2166 1828 estis

580 1866 635 1941 in
663 1892 953 1955 conspectu
979 1880 1251 1935 hominum
1280 1875 1496 1931 tristitia
1530 1891 1545 1927 :
1594 1871 1687 1928 sed
1717 1885 1813 1923 vos
1861 1883 1965 1923 non
1993 1866 2165 1920 solum

578 1977 744 2034 nolite
772 1975 1021 2037 deiicere,
1050 1970 1145 2027 sed
1164 1970 1321 2025 etiam
1340 1965 1633 2028 cxsultate;
1661 1979 1767 2017 non
1798 1961 1849 2015 in
1880 1964 2167 2025 conspectu

580 2067 859 2124 hominum
889 2063 984 2119 sed
1014 2064 1066 2118 in
1087 2068 1379 2130 conspectu
1401 2057 1517 2113 Dei.
1536 2054 1643 2125 Spe
1666 2052 1978 2124 gaudentes,
1994 2049 2044 2103 iu
2071 2047 2167 2102 tri-

579 2160 850 2216 bulatione
881 2158 1165 2212 tolerantes
1202 2152 1374 2225 (Rom.
1404 2166 1475 2205 xu
1505 2190 1521 2216 ,
1556 2147 1665 2218 η).
1690 2145 1952 2199 Exsultate
1976 2144 2027 2196 in
2050 2158 2170 2196 con-

582 2260 753 2322 spectu
785 2251 914 2318 ejus.
946 2247 1024 2302 llli
1066 2246 1208 2300 enim
1248 2244 1339 2314 qui
1362 2257 1456 2297 vos
1484 2243 1535 2295 iu
1562 2247 1848 2308 conSpectu
1897 2235 2169 2290 hominum

584 2343 836 2406 turbant,
868 2339 1224 2395 Turbabuntur
1271 2353 1301 2387 a
1326 2334 1454 2403 facie
1482 2334 1612 2405 ejus,
1641 2331 1800 2402 patris
1832 2329 2171 2400 orphanorum

585 2442 631 2485 et
673 2431 866 2502 judicis
914 2429 1194 2482 viduarum.
1235 2425 1510 2479 Desolatos
1558 2422 1698 2476 enim
1735 2428 1937 2491 putant,
1983 2434 2011 2472 a
2051 2419 2171 2489 qui-

587 2521 687 2578 bus
708 2523 1017 2591 plerumque
1043 2517 1217 2589 gladio
1239 2516 1387 2571 verbi
1416 2515 1527 2581 Dei,
1552 2523 1606 2570 et
1632 2523 1877 2585 parentes
1896 2528 1927 2566 a
1949 2512 2089 2577 ﬁliis,
2120 2518 2174 2565 et

586 2612 761 2667 mariti
806 2612 872 2665 ab
911 2608 1163 2664 uxoribus
1210 2614 1522 2677 separantur
1547 2604 1770 2676 (Matth.
1802 2620 1857 2668 ι,
1885 2604 1954 2658 54
1978 2646 1993 2668 ,
2021 2602 2127 2671 55)
2154 2619 2168 2656 :

587 2699 683 2756 sed
753 2700 947 2754 habent
1008 2696 1425 2753 consolationem
1476 2695 1711 2749 destituti
1772 2706 1929 2762 atque
1975 2691 2171 2747 viduali

584 2792 743 2863 patris
788 2791 1126 2861 orphanorum
1167 2796 1211 2843 et
1246 2786 1440 2859 judicis
1489 2786 1786 2849 viduarum;
1819 2784 2016 2840 habent
2057 2784 2175 2854 ejus

585 2884 1000 2940 consolationem
1052 2880 1140 2949 qui
1193 2879 1241 2934 ei
1295 2878 1495 2943 dicunt,
1530 2876 1779 2942 Quoniam
1807 2885 1947 2946 pater
1971 2892 2110 2931 meus
2128 2883 2175 2928 et

585 2984 744 3029 mater
764 2991 874 3028 rnea
912 2971 1275 3041 dereliquerunt
1308 2983 1427 3032 me;
1450 2966 1693 3021 Dominus
1718 2976 1882 3019 autem
1901 2965 2174 3036 assumpsit

584 3083 666 3120 me
694 3066 711 3137 (
736 3064 879 3118 I’sal.
906 3077 1033 3117 xxvi
1062 3103 1077 3128 ,
1112 3059 1207 3129 l0)
1242 3077 1254 3112 :
1285 3068 1341 3115 et
1367 3059 1456 3128 qui
1477 3066 1821 3128 speraverunt
1844 3057 1895 3110 iu
1926 3057 2170 3123 Domino,

592 3159 943 3230 persistentes
997 3155 1048 3207 in
1099 3152 1427 3206 orationibus
1476 3160 1631 3204 nocte
1677 3163 1741 3204 ac
1785 3147 1872 3203 die
1917 3146 1982 3215 (l
2033 3146 2167 3201 Tim.

584 3264 641 3314 ν,
668 3247 776 3318 5);
830 3262 859 3300 a
905 3246 1056 3313 cujus
1111 3242 1241 3297 facie
1268 3241 1339 3295 illi
1373 3239 1725 3295 turbabuntur
1749 3280 1763 3303 ,
1795 3254 1915 3293 cum
1943 3237 2173 3293 viderint

586 3354 649 3395 se
688 3337 821 3391 nihil
867 3336 1123 3405 prolicere
1141 3374 1155 3398 ,
1196 3330 1446 3403 quoniam
1474 3339 1616 3385 totus
1645 3330 1875 3384 mundus
1900 3339 2021 3400 post
2050 3344 2169 3384 eum

591 3427 723 3483 abiit
749 3424 768 3494 (
791 3424 944 3479 Joan.
974 3438 1071 3486 xu,
1093 3422 1158 3477 l9
1176 3424 1215 3489 ).

587 3559 590 3562 .
671 3520 725 3573 7.
751 3516 902 3590 [ταῖς.
942 3514 1021 3588 7.]
1054 3514 1182 3568 Nam
1207 3512 1275 3567 de
1299 3512 1382 3566 his
1407 3510 1658 3582 orphanis
1684 3519 1739 3566 et
1769 3509 1942 3566 viduis
1966 3552 1981 3577 ,
2009 3510 2061 3565 id
2090 3520 2173 3566 est

591 3610 708 3681 spei
736 3607 1006 3664 saecularis
1036 3606 1288 3661 societate
1312 3604 1597 3670 destitutis,
1625 3604 1882 3658 Dominus
1906 3603 2006 3658 sibi
2036 3613 2172 3659 tem-

587 3704 733 3776 plum
761 3703 983 3758 fabricat
1010 3719 1022 3755 :
1062 3700 1129 3756 de
1154 3715 1260 3771 quo
1287 3707 1675 3769 consequenter
1701 3698 1829 3752 dicit
1852 3740 1867 3763 ,
1903 3695 2168 3765 Dominus,

590 3797 645 3851 in
674 3796 782 3850 loco
814 3804 987 3849 sancto
1029 3808 1141 3847 suo.
1175 3791 1301 3859 Quis
1334 3791 1475 3846 enim
1519 3790 1587 3843 sit
1619 3791 1763 3843 locus
1790 3788 1907 3858 ejus
1943 3788 2167 3857 aperuit,

591 3901 711 3944 cum
732 3887 823 3949 ait,
858 3884 993 3938 Deus
1016 3883 1103 3954 qui
1126 3882 1404 3936 inhabitare
1425 3882 1546 3952 facit
1571 3880 1718 3934 unius
1743 3879 1880 3932 modi
1910 3879 1963 3931 in
1987 3878 2167 3933 domo:

592 3980 869 4035 unanimes
894 4021 907 4045 ,
940 3993 1099 4033 unum
1149 3976 1438 4031 sentientes
1467 3990 1481 4026 :
1510 3973 1610 4028 iste
1654 3980 1736 4027 est
1773 3973 1922 4027 locus
1958 3980 2171 4026 sanctus

588 4070 821 4127 Domini.
850 4067 983 4124 Cum
1011 4068 1154 4123 enim
1200 4065 1461 4130 dixisset,
1493 4062 1741 4117 Dominus
1784 4063 1835 4117 in
1866 4062 1974 4116 loco
1997 4072 2170 4117 sancto

589 4178 684 4218 suo
710 4178 729 4217 :
761 4170 1008 4231 tanquam
1037 4158 1435 4229 requireremus
1461 4156 1514 4211 in
1562 4171 1669 4228 quo
1718 4156 1859 4223 loco,
1916 4171 2034 4211 cum
2078 4156 2165 4210 ille

589 4255 787 4324 ubique
812 4254 880 4308 sit
902 4261 1061 4317 totus,
1088 4261 1144 4307 et
1165 4250 1342 4304 nullus
1364 4264 1484 4304 eum
1511 4248 1780 4303 contineat
1806 4250 2162 4318 corporalium

592 4345 886 4418 spatiorum
919 4344 1087 4407 locus,
1136 4341 1276 4395 illico
1300 4339 1565 4408 subjecit;
1610 4354 1675 4393 ne
1700 4354 2000 4408 quaeramus
2046 4354 2167 4393 eum

591 4438 793 4507 absque
832 4436 1024 4501 nobis;
1074 4432 1168 4489 sed
1219 4430 1395 4503 potius
1434 4430 1587 4486 unius
1633 4431 1769 4484 modi
1796 4429 2091 4484 habitantes
2117 4432 2170 4483 in

592 4528 741 4581 domo
765 4568 780 4592 ,
807 4539 1107 4581 mereamur
1128 4534 1185 4579 ut
1228 4521 1469 4577 habitare
1510 4521 1669 4576 etiam
1706 4521 1818 4591 ipse
1844 4519 2087 4592 dignetur
2115 4519 2169 4576 in

589 4615 770 4671 nobis.
810 4616 917 4669 lstc
940 4622 1022 4669 est
1067 4614 1217 4669 locus
1243 4620 1457 4667 sanctus
1485 4611 1712 4680 Domini,
1742 4611 1884 4681 quod
1929 4612 2169 4682 plerique

588 4708 839 4765 homines
866 4715 1127 4778 quaerunt,
1165 4714 1224 4760 ut
1245 4704 1471 4760 habeant
1503 4704 1591 4759 ubi
1639 4713 1856 4759 orantes
1884 4704 2169 4759 exaudian-

589 4809 700 4856 tur.
742 4798 860 4854 Sint
898 4796 999 4868 ipsi
1024 4811 1152 4867 ergo
1195 4794 1337 4867 quod
1364 4804 1640 4866 quaerunt;
1669 4804 1723 4849 et
1763 4810 1882 4865 qure
1909 4796 2088 4850 dicunt
2115 4797 2168 4851 in

590 4888 843 4946 cordibus
866 4888 993 4951 suis,
1027 4887 1078 4943 id
1116 4896 1199 4943 est
1234 4888 1286 4941 in
1328 4885 1518 4941 talibus
1544 4884 1806 4941 cubilibus
1832 4887 1944 4940 suis
1964 4928 1979 4953 ,
2008 4901 2160 4941 com-

588 4989 892 5053 pungantur
939 4977 1122 5050 (Psal.
1163 4994 1235 5046 tv,
1262 4976 1365 5051 5),
1422 4977 1719 5032 habitantes
1759 4978 1910 5031 unius
1939 4979 2074 5032 modi
2113 4979 2167 5033 in

590 5074 763 5138 domo,
802 5080 863 5129 ut
903 5086 934 5127 a
976 5070 1201 5126 Domino
1238 5084 1443 5139 magnae
1467 5068 1657 5122 domus
1694 5067 2073 5135 iultabiteutur,
2114 5078 2170 5125 et

590 5165 732 5238 apud
748 5165 954 5236 seipsos
980 5162 1355 5220 exaudiantur.
1383 5161 1475 5216 Est
1500 5162 1640 5216 enim
1662 5160 1853 5215 domus
1876 5176 2083 5232 magna,
2114 5162 2166 5218 in

589 5273 693 5329 qua
724 5273 832 5313 non
879 5256 1048 5311 solum
1094 5269 1254 5309 aurea
1281 5268 1407 5308 vasa
1453 5260 1580 5307 sunt
1618 5261 1671 5307 et
1696 5262 1966 5322 argentea,
1994 5252 2089 5308 sed
2113 5262 2169 5309 et

588 5351 763 5422 lignea
806 5358 862 5405 et
891 5348 1104 5411 ﬁctilia;
1134 5355 1189 5402 et
1227 5346 1327 5400 alia
1355 5344 1566 5414 quidem
1618 5354 1744 5399 sunt
1786 5345 1839 5399 in
1883 5343 2162 5413 honorem,

584 5445 692 5499 alia
736 5444 789 5498 in
819 5439 1192 5497 contumeliam
1224 5455 1237 5492 :
1275 5452 1319 5492 st
1346 5437 1434 5508 qui
1473 5444 1648 5492 autem
1671 5438 2039 5492 mundaverint
2074 5454 2164 5493 se-

584 5533 716 5591 meti
724 5547 848 5603 psos
874 5548 905 5585 a
928 5531 1067 5585 vasis
1108 5527 1441 5583 contumelim
1468 5525 1547 5596 (ll
1574 5523 1709 5579 Tim.
1741 5542 1806 5591 u,
1834 5527 1943 5598 20)
1967 5570 1983 5595 ,
2010 5540 2167 5585 erunt

587 5625 738 5678 unius
763 5621 900 5676 modi
922 5620 975 5673 in
999 5620 1165 5687 domo,
1197 5626 1253 5674 et
1294 5618 1442 5673 locus
1495 5626 1708 5671 sanctus
1745 5617 1976 5673 Domini.
2026 5620 2158 5675 Nam

588 5716 729 5773 sicut
758 5716 810 5768 in
851 5727 1041 5782 magna
1074 5711 1306 5767 hominis
1326 5711 1504 5777 domo,
1559 5725 1663 5764 non
1703 5710 1755 5765 in
1796 5711 2164 5785 qualicumque

587 5808 711 5863 loco
734 5806 852 5877 ejus
879 5805 1164 5875 requiescit
1201 5804 1450 5879 dominus
1478 5804 1615 5873 ejus,
1647 5802 1741 5859 sed
1771 5804 1824 5859 in
1852 5803 2030 5877 aliquo
2054 5808 2159 5865 uti-

590 5914 696 5973 que
719 5897 1005 5955 secretiore
1029 5906 1079 5952 et
1105 5894 1444 5952 honoratiore
1490 5896 1608 5952 loco
1640 5918 1650 5954 :
1686 5912 1764 5964 sa.
1792 5917 1930 5970 non,
1975 5940 2076 5965 nm,
2105 5930 2155 5968 τη

1806 476 1863 528 s.
1903 464 2266 526 secessus:
2307 465 2605 524 EPISCOPI
3066 454 3071 457 ’
3679 473 3753 534 ut

2264 580 2510 637 omnibus
2548 579 2638 652 qui
2683 580 2738 635 in
2778 579 2941 637 domo
2980 579 3098 651 ejus
3122 588 3248 637 sunt
3282 580 3482 639 habitat
3515 583 3755 658 (nonesin

2265 672 2465 727 habitat
2494 672 2547 727 in
2574 672 2717 727 vasis
2749 671 3085 728 contumelia:
3105 672 3127 744 )
3149 690 3166 740 ;
3192 672 3285 730 sed
3309 673 3455 730 locus
3477 685 3657 733 sanctas
3677 681 3756 752 eius

2263 773 2386 817 sunt
2411 778 2544 834 quos
2573 763 2800 818 habitare
2825 764 2949 834 facit
2976 766 3127 821 unius
3155 765 3312 833 modi,
3335 765 3420 821 vel
3445 767 3580 825 unius
3597 772 3757 830 morisis

2264 855 2433 910 domo.
2458 855 2559 921 Qui
2590 855 2732 911 enim
2757 864 2931 928 τρόποι
2953 871 3128 927 grmce
3164 856 3414 913 dicuntur
3434 900 3450 924 ,
3493 869 3543 913 et
3577 862 3762 928 multh

2265 963 2447 1004 mores
2480 948 2646 1004 latine
2673 949 3011 1019 interpretari
3040 958 3280 1020 possunt.
3305 949 3421 1006 Nec
3444 949 3585 1007 habet
3598 968 3758 1025 graces,

2266 1038 2367 1105 Qui
2392 1038 2675 1094 inhabitare
2699 1040 2858 1110 facit;
2884 1039 2980 1097 sed
3014 1050 3241 1107 tantum,
3265 1041 3491 1097 habitare
3511 1042 3630 1111 facit.
3649 1044 3763 1101 lio-'-

2262 1146 2361 1185 nus
2389 1144 2517 1201 ergo
2548 1130 2601 1184 in
2638 1131 2749 1184 loco
2769 1140 2945 1186 sancto
2980 1147 3093 1186 suo.
3124 1130 3254 1201 Quis
3289 1142 3376 1188 cst
3398 1132 3542 1188 locus
3562 1132 3763 1207 isteilpse

2263 1221 2405 1278 Deus
2443 1237 2566 1278 eum
2612 1221 2713 1277 sibi
2742 1220 2891 1279 facit.
2923 1224 3063 1280 Deus
3099 1224 3241 1279 enim
3288 1223 3515 1279 habitare
3545 1225 3764 1295 facitsaiss

2263 1313 2418 1367 moris
2444 1313 2497 1366 in
2521 1313 2672 1366 domo
2693 1328 2713 1367 :
2740 1312 2828 1370 hic
2844 1322 2926 1369 est
2951 1313 3101 1369 locus
3121 1324 3340 1370 sanctus
3360 1314 3495 1384 ejus.

2334 1404 2390 1459 8.
2416 1403 2568 1473 Quod
2593 1413 2771 1462 autem
2797 1406 2965 1477 gratia
2991 1421 3087 1462 sua
3112 1406 3215 1461 sibi
3233 1406 3464 1463 :edilicet
3480 1407 3604 1465 hunc
3621 1410 3766 1481 locum

2266 1509 2372 1549 non
2418 1494 2622 1550 meritis
2661 1509 2848 1552 eorum
2899 1496 3325 1567 pra-cedentibus
3376 1512 3446 1554 ex
3492 1499 3654 1568 quibus
3684 1518 3766 1559 eun

2265 1584 2513 1650 :edillcat,
2563 1585 2685 1641 vide
2712 1585 2838 1657 quid
2864 1596 3155 1657 sequatur:
3210 1587 3314 1656 Qui
3356 1590 3521 1644 educit
3544 1595 3767 1662 conpetitor

2267 1677 2321 1731 in
2346 1677 2659 1749 fortitudine.
2686 1676 2859 1733 Solvit
2878 1680 3022 1734 enim
3048 1680 3227 1750 gravia
3254 1680 3469 1736 vincula
3495 1693 3768 1754 peccaturis,

2268 1768 2459 1839 quibus
2506 1768 2931 1839 impediebantur
2957 1786 3025 1826 ne
3059 1770 3401 1827 ambularent
3440 1773 3490 1828 in
3525 1773 3598 1828 vis
3633 1790 3769 1844 prece-

2270 1869 2480 1932 ptorum
2512 1879 2524 1915 :
2554 1861 2732 1918 educit
2756 1871 2934 1919 autem
2974 1878 3069 1919 eos
3106 1864 3163 1919 in
3196 1863 3525 1932 fortitudine,
3551 1881 3677 1937 quam
3691 1878 3771 1923 ante

2271 1953 2386 2021 ejus
2413 1954 2635 2024 gratiam
2671 1969 2775 2009 non
2803 1953 3088 2011 habebant.
3118 1953 3373 2011 Similiter
3400 1957 3691 2013 amaricostes
3717 1960 3770 2029 qui

2273 2045 2497 2100 habitant
2555 2045 2609 2100 in
2646 2047 2888 2116 sepulcris
2929 2063 2949 2101 :
2975 2046 3026 2102 id
3070 2055 3152 2102 est
3200 2048 3351 2103 omni
3396 2048 3550 2105 modo
3587 2059 3769 2116 mortuos.

2271 2144 2558 2205 occupatos
2587 2139 2639 2191 in
2662 2137 2911 2206 operibus
2934 2138 3177 2193 mortuis.
3204 2138 3266 2193 lli
3289 2138 3437 2194 enim
3464 2141 3771 2196 amariantre-

2273 2228 2511 2283 sistcudo
2553 2228 2773 2299 iustitia:
2802 2246 2817 2285 :
2846 2244 2968 2284 nam
3000 2228 3074 2284 illi
3103 2229 3396 2301 compediti
3427 2231 3626 2287 forsitan
3645 2232 3768 2288 volunt

2273 2322 2581 2387 ambulare,
2612 2337 2711 2378 nec
2736 2331 2988 2392 possunt;
3020 2322 3295 2392 Deumque
3334 2334 3605 2392 prematur
3629 2335 3770 2395 utpos-

2274 2414 2398 2479 sint,
2455 2414 2611 2483 eique
2658 2413 2841 2468 dicunt
2871 2432 2887 2470 :
2915 2413 2992 2468 De
3043 2414 3422 2471 necessitatibus
3454 2418 3569 2472 meis
3601 2418 3697 2473 edes
3723 2433 3771 2472 lt

2274 2506 2458 2577 (Psal.
2488 2521 2637 2573 xxiv,
2667 2507 2734 2561 i7
2753 2507 2793 2577 ).
2837 2508 2879 2561 Α
2906 2521 3013 2577 quo
3037 2508 3267 2563 exauditi
3293 2549 3310 2573 ,
3339 2509 3534 2580 gratias
3569 2518 3697 2580 agunt
3725 2509 3769 2563 ὦ

2276 2608 2464 2655 centes
2494 2617 2509 2655 :
2534 2598 2811 2671 Disrupisti
2848 2599 3047 2654 vincula
3087 2615 3198 2653 mea
3227 2598 3415 2670 (Psat.
3454 2615 3570 2667 csv,
3603 2598 3768 2672 ΠΜςή

2274 2700 2451 2747 autem
2514 2692 2865 2748 amaricautcs
2905 2692 2995 2763 qui
3032 2690 3271 2747 habitant
3305 2692 3361 2747 in
3392 2691 3704 2762 scpulcris,is
3727 2708 3767 2745 eo

2275 2798 2470 2853 genere
2498 2792 2620 2839 sunt
2660 2782 2800 2853 quod
2843 2784 2951 2839 alio
2986 2784 3105 2838 loco
3130 2782 3411 2853 Scriptura
3459 2782 3695 2853 signiﬁcat.
3720 2780 3768 2834 di

2275 2890 2402 2932 cens
2448 2894 2463 2931 :
2503 2877 2543 2930 Α
2588 2885 2803 2938 mortuo.
2853 2876 2987 2931 velut
3036 2876 3122 2947 qui
3169 2892 3270 2931 non
3315 2876 3401 2943 sit,
3448 2876 3570 2946 perit
3600 2872 3766 2943 confessio

2277 2970 2296 3040 (
2324 2968 2478 3024 Eccli.
2502 2984 2630 3033 xvu,
2656 2968 2727 3023 26
2750 2967 2791 3037 ).
2821 2966 2974 3024 Unde
2990 2974 3072 3021 est
3097 2966 3224 3021 illud
3257 2983 3277 3021 :
3311 2966 3554 3022 Peccator
3568 2983 3661 3021 cum
3675 2979 3765 3018 rru-

2275 3060 2341 3113 rit
2370 3061 2421 3113 in
2450 3059 2757 3129 profundum
2783 3058 3050 3120 malorum,
3072 3060 3347 3112 contemnit
3375 3056 3550 3131 (Prov.
3577 3072 3698 3118 xvtu.
3719 3054 3763 3120 5).

2276 3151 2430 3205 Aliu-l
2460 3159 2539 3205 est
2562 3150 2702 3205 enim
2733 3149 3054 3214 desiderare,
3070 3148 3210 3204 aliud
3230 3163 3539 3221 oppugnare
3555 3148 3767 3220 justitiam;

2274 3242 2418 3298 aliud
2438 3258 2469 3298 a
2500 3243 2638 3297 malo
2659 3242 2867 3299 liberari
2914 3242 3072 3311 velle,
3097 3241 3240 3298 aliud
3267 3243 3414 3298 mala
3439 3258 3531 3299 sua
3566 3238 3768 3298 delc-Merc

2276 3336 2450 3407 potius
2499 3351 2657 3408 quam
2709 3335 2904 3391 fateri:
2937 3344 3188 3407 utrosque
3229 3346 3413 3392 tamen
3452 3336 3608 3405 gratia
3631 3330 3766 3389 Cluisll

2275 3426 2439 3481 educit
2461 3426 2515 3480 in
2540 3427 2852 3499 fortitudine.
2880 3426 2996 3495 Qua
3018 3426 3354 3495 fortitudine,
3387 3428 3487 3484 nisi
3516 3435 3569 3481 ut
3589 3424 3766 3480 adversus

2275 3526 2549 3588 peccatum
2595 3532 2766 3589 usque
2792 3518 2858 3572 ad
2886 3516 3196 3588 sanguinem
3244 3517 3492 3573 certent?
3516 3515 3592 3573 Es
3616 3525 3765 3580 utrotpte

2274 3610 2415 3666 enim
2454 3624 2649 3681 genere
2691 3610 2824 3665 ﬁunt
2870 3608 3045 3666 idonei
3095 3610 3290 3682 quibus
3319 3619 3639 3667 construatur
3674 3607 3765 3661 locis

2273 3709 2490 3757 sanctus
2522 3701 2671 3772 ejus;
2703 3700 2807 3757 illis
2847 3701 3070 3769 solutis,
3116 3702 3219 3757 illis
3246 3702 3589 3759 resuscitatis.
3614 3699 3710 3767 Quia
3735 3705 3766 3750 et

2276 3792 2534 3861 mulieris,
2564 3806 2720 3863 quam
2750 3792 3289 3864 alligaveratsatanas
3320 3809 3419 3865 per
3442 3793 3765 3850 declamatorio

2275 3900 2464 3950 annos,
2491 3885 2726 3954 jubcudo
2750 3884 2954 3940 vincula
2977 3881 3138 3940 solvit
3160 3883 3328 3955 (Luc.
3358 3901 3472 3952 xui,
3503 3883 3619 3956 l6);
3645 3892 3687 3936 et
3705 3879 3766 3933 Lar

2274 3976 2381 4032 zari
2407 3984 2634 4032 mortem
2661 3974 2939 4031 clamando
2964 3976 3236 4046 superavit
3265 3974 3462 4047 (Joan.
3487 3991 3553 4041 st,
3586 3973 3659 4038 ιδ,
3684 3968 3762 4037 tl).

2273 4067 2373 4135 Qui
2403 4066 2529 4123 fecit
2547 4066 2663 4123 lucc
2690 4067 2743 4122 in
2763 4065 3099 4137 corporibus,
3128 4074 3305 4137 potest
3334 4065 3628 4122 mirabiliora
3647 4063 3765 4118 facem

2275 4159 2328 4215 in
2371 4159 2607 4216 moribus
2632 4200 2647 4225 ,
2677 4168 2730 4214 et
2756 4158 2929 4215 facere
2971 4159 3123 4214 unius
3146 4159 3284 4213 modi
3312 4159 3534 4214 habitare
3568 4157 3612 4211 in
3634 4153 3764 4208 dm:

2274 4254 2486 4310 cducens
2512 4251 2818 4323 compeditos
2841 4252 2894 4306 in
2921 4250 3251 4323 fortitudine;
3264 4251 3496 4306 similiter
3517 4247 3763 4303 arnarimttt

2272 4344 2360 4415 qui
2378 4344 2601 4398 habitant
2624 4344 2677 4397 in
2701 4343 2962 4413 sepulcris.

2344 4434 2397 4490 9.
2432 4432 2580 4506 [vers.
2625 4431 2803 4506 8-10.]
2834 4431 2969 4489 Deus
2990 4448 3105 4487 eum
3138 4434 3444 4504 egredereris
3469 4448 3614 4487 caram
3636 4425 3760 4497 palata

2273 4534 2378 4581 tuo.
2404 4524 2660 4595 EgreSsus
2687 4524 2801 4595 ejus
2830 4523 3162 4594 intelligitur,
3191 4539 3313 4578 cum
3343 4535 3555 4595 apparet
3582 4522 3624 4575 in
3641 4514 3759 4588 opsti-

2271 4616 2372 4673 bus
2390 4615 2520 4672 suis.
2542 4616 2777 4686 Apparet
2796 4623 2973 4671 autem
2994 4628 3098 4669 non
3124 4614 3395 4683 omnibus,
3427 4613 3512 4669 sed
3531 4611 3595 4667 eis
3617 4610 3682 4679 qui
3701 4620 3759 4656 m-

2272 4715 2463 4763 verunt
2516 4721 2679 4777 opera
2729 4705 2846 4776 ejus
2879 4704 3091 4760 intueri.
3113 4704 3229 4760 Non
3254 4706 3400 4760 enim
3434 4720 3493 4759 ea
3517 4715 3632 4756 llltllt‘.
3650 4709 3755 4763 opem

2271 4799 2413 4863 dico,
2428 4814 2545 4869 qua:
2564 4796 2846 4867 conspicua
2872 4804 2996 4852 sunt
3013 4796 3282 4860 omnibus,
3299 4797 3512 4861 emtum,
3536 4803 3582 4847 et
3605 4800 3753 4845 terram.

2274 4898 2331 4946 et
2353 4905 2521 4956 mare,
2547 4897 2602 4944 et
2632 4888 2875 4943 universa
2905 4903 3023 4957 quae
3049 4886 3100 4941 in
3130 4886 3208 4942 cis
3228 4897 3387 4950 sunt;
3416 4886 3502 4941 sed
3528 4896 3657 4953 oper.1
3678 4878 3753 4944 Ψθθ⁰

2273 4980 2372 5037 bus
2390 4979 2556 5035 educit
2580 4978 2882 5051 compeditos
2900 4979 2952 5032 in
2978 4976 3289 5051 fortitudine.
3308 4979 3526 5032 similiter
3542 4972 3746 5026 σιωπω-

2274 5085 2346 5131 tes
2370 5074 2457 5146 qui
2503 5073 2727 5128 habitant
2766 5072 2819 5127 in
2855 5072 3130 5142 sepulcris,
3159 5082 3205 5125 et
3232 5072 3357 5143 facit
3391 5086 3479 5126 eos
3514 5067 3638 5120 unius
3654 5060 3751 5113 nam

2276 5166 2503 5222 habitare
2525 5167 2577 5220 in
2604 5166 2775 5219 domo.
2795 5163 2885 5221 Sic
2910 5163 3182 5235 egreditur
3209 5178 3388 5219 coram
3419 5159 3591 5233 populo
3613 5169 3699 5213 suo.
3716 5148 3747 5199 il

2273 5269 2354 5317 est
2368 5273 2546 5315 coram
2567 5255 2646 5311 eis
2665 5256 2753 5327 qui
2775 5256 2929 5312 istam
2952 5256 3170 5327 gratiam
3194 5255 3309 5325 ejus
3336 5252 3616 5321 intelligunt.
3640 5239 3746 5296 Det'i'

2272 5368 2375 5423 quc
2392 5350 2630 5421 sequitur
2656 5365 2671 5402 :
2697 5345 2824 5404 Cum
2848 5348 3086 5403 transires
3110 5349 3166 5402 in
3188 5347 3379 5402 deserto
3401 5386 3417 5410 ,
3436 5353 3555 5399 terra
3574 5340 3742 5393 notant-

2277 5422 2552 5499 Desertum
2585 5447 2737 5495 erant
2770 5436 2991 5505 Gentes,
3026 5454 3146 5510 qua:
3173 5438 3474 5510 ignorabant
3498 5434 3630 5488 Deum
3654 5422 3743 5479 τιΙιι-

2273 5546 2473 5591 sertum
2494 5541 2630 5599 erat,
2658 5529 2747 5586 ubi
2783 5531 2870 5585 lex
2894 5530 3035 5585 nulla
3057 5529 3126 5585 ab
3154 5530 3269 5600 ipso
3293 5529 3399 5584 Deo
3420 5526 3529 5582 data
3549 5532 3663 5577 erat;
3685 5514 3738 5564 'th

2271 5626 2399 5681 nulli
2437 5623 2712 5694 Propheta:
2738 5621 3133 5688 habitaverunt,
3169 5619 3739 5690 Dominumqueessctﬁt‘

2270 5727 2447 5773 turum
2498 5714 2869 5787 prcedixerant.
2918 5714 3044 5769 Cum
3089 5728 3215 5784 ergo
3254 5715 3473 5768 transires
3510 5710 3555 5762 in
3587 5704 3733 5787 4W3

2270 5824 2392 5866 cum
2414 5783 2783 5880 praedicareris
2806 5807 2859 5863 in
2883 5783 3179 5871 Gentibus,
3208 5815 3336 5859 terra
3348 5812 3483 5858 suate
3504 5806 3578 5861 est,
3601 5783 3732 5880 ῑοπῑιιξ

2272 5873 2516 5959 homines
2536 5898 2601 5957 ad
2641 5897 2797 5956 ﬁdem
2825 5897 3041 5956 excitati
3076 5905 3217 5956 sunt.
3248 5895 3349 5953 Sed
3380 5893 3503 5951 unde
3526 5896 3635 5946 mota
3654 5873 3731 5936 est?
