3912 6426
112 343 207 406 817

114 458 302 519 Etenim
325 455 438 513 mli
456 454 832 510 distillaverunt
855 469 889 509 a
908 452 1039 525 facie
1063 450 1178 507 Dei.
1204 449 1450 508 Forsitan
1471 447 1561 506 hic
1585 447 1683 504 ali-

110 553 219 627 quis
260 549 462 608 recolat
490 546 618 603 illud
666 557 876 617 tempus
899 587 917 613 ,
946 543 1160 615 quando
1210 543 1263 598 in
1292 541 1510 598 deserto
1538 540 1684 595 Deus

112 644 357 704 transibat
374 657 556 698 coram
578 639 774 712 popqu
801 655 919 705 suo,
949 652 1129 695 coram
1157 635 1282 691 tiliis
1308 635 1493 699 Israel,
1523 632 1613 690 die
1633 632 1687 687 in

110 740 346 798 columna
371 734 549 801 nubis,
577 742 733 789 nocte
773 732 829 787 in
880 731 1087 802 fulgore
1138 729 1276 801 ignis
1325 725 1532 800 (Exod.
1569 741 1685 793 xm,

108 831 243 903 2i);
273 837 327 884 et
368 820 473 883 hoc
501 840 622 882 esse
664 824 862 881 sentiat
911 822 1051 892 quod
1079 821 1190 876 cali
1234 820 1605 875 distillaverunt
1655 834 1689 871 a

109 921 229 997 faeie
254 918 370 985 Dei,
401 915 653 989 quoniam
679 928 874 971 manna
899 913 1032 985 pluit
1066 912 1262 984 populo
1287 925 1388 967 suo
1421 907 1532 982 (Id.
1564 924 1681 974 xvr,

107 1017 170 1074 15
190 1016 247 1088 );
276 1011 381 1068 hoc
402 1010 566 1068 etiam
591 1024 714 1066 esse
745 1005 887 1081 quod
926 1006 1185 1078 sequitur,
1220 1003 1370 1060 Mons
1400 1003 1530 1060 Sina
1551 1020 1584 1057 a
1607 1001 1689 1073 fa-

106 1108 175 1163 eie
198 1104 290 1161 Dei
314 1102 503 1169 Israel,
556 1100 781 1174 pluviam
818 1098 1155 1155 voluntariam
1187 1111 1476 1169 segregans,
1525 1093 1684 1160 Deus,

106 1198 374 1256 hereditati
390 1205 515 1264 tuae,
542 1195 669 1267 quia
685 1194 738 1249 in
768 1201 949 1248 monte
974 1191 1102 1249 Sina
1129 1191 1337 1246 locutus
1362 1198 1445 1244 est
1467 1188 1606 1243 Deus
1618 1186 1688 1243 ad

105 1290 328 1364 Moysen,
358 1286 574 1359 quando
598 1285 795 1357 Legem
823 1282 969 1340 dedit
995 1281 1122 1355 (Id.
1165 1296 1280 1349 χιιι,
1321 1280 1409 1347 18,
1435 1276 1554 1353 etc.)
1586 1295 1600 1333 :
1630 1288 1688 1334 ut

104 1395 285 1439 manna
314 1379 384 1435 sit
436 1377 612 1449 pluvia
660 1376 957 1431 voluntaria
995 1389 1154 1447 quam
1201 1371 1498 1445 segregavit
1544 1370 1687 1428 Deus

103 1471 390 1530 lurreditati
432 1486 582 1539 suae,
621 1470 671 1525 id
713 1478 795 1525 est
841 1468 1038 1540 populo
1066 1481 1195 1522 suo:
1232 1466 1354 1539 quia
1397 1466 1542 1521 solos
1590 1480 1685 1521 eos

102 1566 164 1623 ita
186 1565 358 1637 pavit,
416 1578 528 1619 non
575 1571 630 1618 et
663 1571 887 1619 caeteras
929 1559 1130 1617 Gentes
1170 1579 1184 1614 :
1224 1569 1284 1613 ut
1326 1559 1467 1631 quod
1492 1559 1686 1616 deinde

100 1658 235 1726 dicit,
267 1654 336 1711 Et
354 1656 618 1727 inﬁrmata
651 1664 747 1721 est,
777 1654 887 1725 ipsa
916 1652 1201 1709 hmreditas
1227 1651 1493 1707 inﬁrmata
1523 1653 1683 1709 intel-

100 1747 315 1820 ligatur;
344 1745 600 1818 quoniam
632 1752 1048 1810 murmurantes,
1082 1759 1275 1799 manna
1299 1744 1558 1800 fastidiosi
1582 1759 1674 1801 re-

99 1849 365 1913 spuerunt,
393 1838 769 1896 desiderantes
800 1853 953 1893 escas
991 1837 1256 1906 carnium,
1290 1848 1345 1894 et
1381 1852 1442 1893 ea
1491 1838 1686 1909 quibus

99 1930 227 1988 vesci
257 1930 307 1985 in
337 1928 579 2003 Egypto
609 1937 997 1985 consueverant
1023 1928 1042 2000 (
1072 1926 1232 1982 Nunt.
1260 1942 1333 1992 ιι,
1361 1927 1415 1993 5.
1458 1926 1547 2000 6).
1574 1928 1682 1985 Sed

100 2024 147 2081 in
171 2024 252 2079 his
276 2024 461 2080 verbis
500 2024 543 2078 si
577 2024 875 2093 proprietas
905 2021 1272 2077 tantummodo
1313 2018 1504 2076 littera:
1528 2062 1545 2086 ,
1576 2036 1681 2077 non

102 2118 380 2190 spiritualis
439 2115 792 2189 requirendus
837 2126 921 2172 est
973 2116 1316 2178 intellectus,
1363 2123 1575 2185 oportet
1628 2124 1686 2170 ut

103 2213 402 2269 ostendatur
445 2210 738 2267 secundum
790 2209 1168 2281 proprietatem
1208 2209 1563 2278 corporalem,
1595 2207 1685 2278 qui

102 2316 217 2362 tunc
242 2305 554 2378 compediti,
600 2304 796 2374 quique
823 2303 982 2359 etiam
1028 2302 1326 2357 habitantes
1355 2302 1408 2356 iu
1427 2301 1686 2372 sepulcris

100 2397 263 2453 educti
288 2407 416 2452 sunt
464 2397 518 2453 in
541 2396 868 2452 fortitudine.
896 2393 1097 2450 Deinde
1120 2394 1163 2448 si
1193 2393 1285 2449 ille
1320 2394 1567 2464 populus,
1597 2393 1685 2448 illa

101 2488 297 2544 scilicet
320 2486 607 2543 hmreditas
629 2487 746 2551 Dei,
773 2485 988 2540 fastidio
1018 2501 1216 2540 manna
1246 2500 1509 2555 reSpueus
1537 2484 1688 2540 infir-

101 2589 228 2635 mata
257 2590 361 2645 est,
407 2594 512 2634 non
542 2578 722 2633 debuit
750 2577 924 2650 sequi,
955 2575 1034 2632 Tu
1065 2593 1180 2631 vero
1225 2577 1476 2647 perfeciin
1520 2593 1632 2631 eant
1664 2592 1681 2643 ;

99 2671 207 2739 sed,
237 2669 316 2726 Tu
343 2686 471 2727 vero
499 2670 805 2742 percussisti
831 2684 972 2725 eam.
1003 2669 1112 2723 Deo
1141 2668 1334 2738 quippe
1359 2667 1564 2723 oll‘ezzso
1593 2683 1687 2736 per

98 2760 175 2816 illa
203 2778 476 2819 murmura
498 2772 658 2832 atque
688 2760 931 2824 fastidia,
962 2761 1149 2830 ingens
1191 2758 1341 2828 plaga
1375 2767 1555 2813 secuta
1604 2766 1689 2815 εει

99 2850 293 2923 (Ibid,
314 2852 440 2925 35).
474 2852 753 2911 Postremo
794 2850 870 2907 illi
899 2865 1087 2906 omnes
1131 2850 1185 2906 in
1231 2864 1416 2905 eremo
1447 2859 1688 2904 conster-

97 2946 197 3001 nati
246 2955 370 3002 sunt
389 2987 407 3009 .
438 2961 538 3003 nec
568 2946 845 3017 quisquam
875 2959 1061 2999 eorum
1081 2984 1098 3011 ,
1137 2952 1331 3012 prmter
1368 2942 1504 2997 duos
1529 2983 1545 3011 ,
1580 2952 1688 2999 ler-

97 3049 202 3089 ram
233 3038 430 3092 meruit
477 3035 842 3107 promissionis
880 3035 1078 3089 intrare
1121 3031 1244 3107 (Id.
1293 3048 1405 3098 xlv,
1432 3031 1526 3100 29,
1554 3033 1684 3103 30).

98 3123 405 3197 Quanquam
434 3126 642 3182 etiamsi
680 3124 888 3180 dicatur
918 3124 971 3178 in
1022 3123 1144 3178 ﬁliis
1167 3138 1357 3179 eorum
1404 3121 1688 3181 brereditas

102 3212 183 3270 illa
236 3216 492 3288 perfecta,
516 3230 614 3271 nos
648 3230 864 3271 sensum
892 3212 1463 3285 spiritualemliberius
1504 3222 1687 3270 tenere

103 3305 371 3365 debemus.
415 3309 605 3365 Omnia
651 3308 847 3380 quippe
898 3307 987 3362 illa
1027 3306 1080 3361 in
1110 3305 1279 3378 ﬁgura
1307 3307 1688 3378 contingebant

104 3400 152 3456 in
200 3402 342 3473 illis(
368 3401 425 3475 (ι
465 3399 584 3459 Cor.
637 3416 695 3466 x,
730 3401 789 3456 11
819 3400 873 3471 );
930 3398 1100 3455 donec
1138 3399 1401 3468 aspiraret
1450 3397 1589 3466 dies,
1632 3408 1688 3456 et

104 3501 499 3549 removerentur
528 3490 729 3547 umbra:
754 3488 923 3561 (Cant.
956 3504 1033 3557 ιι,
1062 3487 1172 3563 17).

168 3582 253 3638 10.
283 3584 506 3654 Aperiat
552 3581 732 3652 itaque
760 3580 911 3636 nobis
940 3579 1277 3651 pulsantibus
1308 3578 1601 3646 Dominus;
1632 3589 1691 3637 et

104 3675 471 3745 mysteriorum
501 3673 654 3744 ejus,
697 3681 951 3743 quantum
997 3671 1112 3742 ipse
1151 3670 1438 3741 dignatur,
1480 3682 1687 3728 secreta

104 3767 417 3835 pandantur.
440 3766 650 3823 Etenim
677 3774 736 3821 ut
759 3775 898 3822 terra
924 3774 1065 3820 mota
1096 3775 1240 3820 esset
1264 3764 1331 3820 ad
1358 3765 1537 3833 fidem,
1564 3782 1687 3822 cum

104 3856 152 3913 in
177 3860 451 3917 desertum
481 3859 732 3917 Gentium
759 3859 1008 3915 transiret
1045 3858 1426 3930 Evangelium,
1456 3861 1569 3915 caeli
1607 3862 1690 3916 di-

102 3953 412 4009 stillaverunt
439 3971 472 4007 a
501 3954 632 4024 facie
652 3951 763 4007 Dei.
788 3951 853 4008 Hi
879 3962 1003 4008 sunt
1028 3953 1172 4019 celi,
1192 3952 1261 4008 de
1284 3953 1478 4024 quibus
1509 3954 1560 4008 in
1582 3954 1688 4011 alio

104 4045 295 4112 psalmo
320 4044 541 4103 canitur
572 4062 586 4098 :
616 4043 742 4100 Caeli
782 4052 1021 4097 enarrant
1061 4043 1278 4114 gloriam
1320 4042 1437 4098 Dei.
1483 4044 1557 4100 De
1605 4045 1689 4100 his

105 4138 285 4212 quippe
320 4139 492 4211 paulo
518 4146 640 4211 post
665 4137 735 4193 ibi
763 4136 993 4192 dicitur:
1028 4134 1149 4191 Non
1189 4147 1305 4192 stmt
1348 4136 1561 4207 loquela:
1596 4154 1688 4193 ne-

105 4244 192 4298 que
220 4248 481 4288 sermones
500 4272 517 4298 ,
562 4248 774 4303 quorum
800 4246 901 4285 non
928 4228 1201 4284 audiantur
1225 4244 1366 4283 voces
1391 4245 1566 4283 eorum
1592 4246 1612 4284 :
1636 4230 1692 4285 in

106 4336 290 4379 omnem
309 4334 502 4382 terram
528 4326 648 4380 exiit
671 4339 825 4380 sonus
847 4339 1020 4378 eorum
1039 4364 1056 4390 ,
1080 4332 1129 4378 et
1156 4322 1211 4377 in
1240 4324 1364 4392 ﬁnes
1389 4322 1523 4379 orbis
1545 4333 1695 4379 terra

108 4414 242 4468 verba
264 4433 446 4472 eorum
472 4414 644 4489 (Psal.
671 4430 801 4470 xvm
823 4455 840 4480 ,
869 4412 1010 4485 2-5).
1049 4412 1158 4470 Nec
1185 4422 1363 4469 tamen
1394 4414 1512 4470 istis
1539 4414 1690 4471 oculis

111 4512 243 4562 tanta
267 4508 445 4580 gloria
478 4504 755 4563 tribuenda
780 4515 883 4570 est,
912 4514 1161 4577 tanquam
1182 4504 1251 4560 ab
1270 4505 1574 4560 ltominibus
1602 4506 1692 4562 illa

108 4600 266 4665 gratia
296 4600 510 4657 venerit
536 4599 588 4653 iu
614 4597 884 4653 desertum
909 4595 1181 4663 Gentium,
1208 4606 1265 4651 ut
1291 4605 1432 4652 terra
1452 4611 1695 4652 movere-

112 4696 188 4743 tur
221 4690 287 4747 ad
316 4691 503 4748 ﬁdem.
536 4689 653 4746 Non
678 4689 821 4745 enim
842 4688 963 4745 co‘li
991 4702 1023 4747 a
1048 4688 1240 4757 seipsis
1264 4686 1690 4755 distillaveruut;

112 4781 197 4836 sed
221 4800 253 4838 ιι
281 4784 417 4857 faeie
455 4782 585 4850 Dei,
626 4782 806 4852 utique
844 4779 1187 4835 inbabitantis
1210 4792 1305 4834 eos
1326 4820 1341 4844 ,
1368 4785 1426 4834 et
1450 4779 1693 4835 facientis

114 4887 198 4929 eos
226 4875 526 4933 inhabitare
552 4875 707 4931 unius
727 4872 891 4929 moris
920 4872 972 4926 iu
997 4872 1175 4926 domo.
1199 4869 1302 4941 ipsi
1323 4878 1449 4924 sunt
1472 4870 1613 4925 enim
1641 4880 1696 4926 et

115 4978 314 5026 montes
337 5012 353 5037 ,
403 4968 472 5025 de
514 4967 705 5039 quibus
731 4965 925 5021 dicitur
969 4981 983 5018 :
1023 4961 1206 5018 Levavi
1248 4960 1422 5016 oculos
1464 4977 1600 5016 meos
1626 4960 1696 5015 ad

119 5071 299 5118 montes
322 5104 340 5130 ,
385 5062 520 5118 unde
563 5061 721 5116 veniet
761 5056 1011 5113 auxilium
1035 5056 1177 5110 mihi.
1212 5054 1277 5110 Et
1307 5064 1486 5108 tamen
1530 5068 1599 5108 ne
1639 5053 1693 5109 in

124 5145 415 5210 hominibus
430 5167 578 5223 spem
600 5151 842 5223 posuisse
861 5148 1146 5212 videretur,
1163 5147 1419 5202 continuo
1434 5143 1657 5215 subjecit
1674 5163 1689 5201 :

124 5238 371 5299 Auxilium
396 5259 560 5299 meum
584 5259 617 5296 a
642 5241 859 5297 Domino
881 5280 895 5305 ,
939 5240 1025 5310 qui
1067 5237 1185 5308 fecit
1211 5236 1391 5292 calum
1426 5246 1474 5291 et
1509 5244 1695 5290 terram

128 5330 285 5399 (Ρωι.
312 5354 433 5403 cxx,
458 5338 512 5403 1,
536 5334 618 5407 2).
646 5334 709 5390 Ei
742 5333 936 5403 quippe
964 5332 1069 5387 alio
1099 5330 1217 5385 loco
1240 5328 1434 5385 dicitur
1453 5370 1469 5392 ,
1497 5327 1696 5382 Illumi-

129 5438 246 5481 nam
271 5438 324 5482 tu
351 5427 719 5484 admirabiliter
737 5467 752 5491 ,
783 5441 813 5478 a
834 5424 1079 5479 montibus
1101 5420 1300 5478 (sternis
1328 5417 1499 5491 (Psal.
1533 5434 1690 5484 Lxxv,

130 5514 180 5584 5)
211 5535 224 5571 :
250 5522 487 5588 quamvis
513 5536 542 5574 ιι
583 5518 850 5575 montibus
875 5515 1084 5569 tcternis
1109 5555 1125 5579 ,
1166 5522 1343 5568 tamen
1392 5510 1695 5567 illuminans

133 5611 201 5658 tu.
227 5607 311 5663 Sic
337 5619 390 5666 et
417 5611 523 5680 hic,
549 5610 657 5666 cali
685 5607 1091 5669 distillaverunt;
1118 5603 1210 5659 sed
1230 5645 1248 5669 ,
1278 5619 1309 5656 a
1329 5602 1459 5673 facie
1485 5599 1599 5654 Dei.
1629 5601 1696 5656 Et

133 5692 228 5764 ipsi
269 5702 409 5758 enim
449 5702 580 5759 salvi
617 5700 742 5756 facti
771 5707 896 5753 sunt
921 5713 1016 5768 per
1043 5696 1200 5752 ﬁdem
1222 5734 1237 5761 ,
1266 5703 1323 5750 et
1364 5693 1466 5748 hoc
1495 5707 1599 5748 non
1624 5706 1692 5748 ex

133 5785 342 5861 Scipsis;
378 5793 470 5851 sed
518 5792 613 5849 Dei
655 5790 852 5846 donum
895 5799 969 5843 est
1005 5807 1017 5842 :
1048 5802 1154 5843 non
1193 5801 1258 5842 ex
1293 5783 1541 5857 operibus
1564 5824 1579 5851 ,
1621 5796 1692 5837 ne

1155 331 1555 392 ENARRATIO
1592 330 1657 389 IN
1697 330 2024 392 PSALMUM
2056 332 2262 393 LXVII.

3274 344 3382 405 818

1797 449 1938 530 forte
1977 454 2098 523 quis
2137 452 2435 510 extollatur.
2468 454 2635 525 Ipsius
2679 456 2819 512 enim
2850 471 3031 515 sumus
3072 458 3385 531 ﬁgmentum

1796 538 2010 611 (Epltes.
2042 558 2106 609 tt,
2154 544 2357 616 8-l0),
2397 545 2483 614 qui
2522 546 2644 617 facit
2688 547 2838 602 utrius
2883 551 3018 604 modi
3060 551 3285 608 habitare
3326 555 3384 608 in

1794 634 1964 689 domo.

1865 724 1953 779 11.
1985 724 2090 780 Sed
2113 726 2239 798 quid
2264 736 2346 783 est
2370 728 2509 798 quod
2551 730 2818 801 sequitur,
2849 731 2999 789 Mons
3035 733 3165 790 Sina
3189 754 3220 791 a
3247 738 3378 809 facie

1793 813 1889 869 Dei
1932 813 2136 870 Israel?
2178 818 2256 872 An
2302 818 2719 875 subaudiendum
2773 832 2894 890 est,
2939 824 3211 883 distillavit
3254 846 3269 883 :
3318 839 3380 887 ut

1791 908 1933 979 quod
1961 910 2167 964 vocavit
2195 911 2453 967 caelorum
2479 914 2693 970 nomine
2717 956 2732 981 ,
2766 916 2867 971 hoc
2904 916 3130 973 voluerit
3154 916 3377 991 intelligi

1794 1002 2010 1057 nomine
2037 1002 2195 1057 etiam
2222 1006 2418 1060 montis
2444 1004 2608 1073 Sina;
2653 1009 2792 1063 sicut
2815 1008 3044 1065 diximus
3082 1026 3175 1067 eos
3198 1016 3384 1071 vocari

1792 1103 2036 1161 montes,
2064 1094 2151 1164 qui
2180 1097 2347 1150 vocati
2374 1106 2497 1152 sunt
2518 1099 2672 1154 coeli?
2694 1099 2804 1156 Nec
2843 1101 2896 1156 in
2936 1103 3038 1158 isto
3066 1119 3227 1161 sensu
3254 1121 3377 1162 mo-

1791 1201 1919 1242 vere
1944 1185 2102 1243 debet
2121 1187 2263 1260 quod
2290 1189 2384 1257 ait,
2411 1207 2578 1270 mons;
2602 1208 2729 1261 non,
2760 1202 2987 1261 montes;
3015 1211 3133 1251 cum
3159 1198 3228 1253 ibi
3249 1198 3383 1256 dicti

1792 1279 1899 1335 sint
1918 1320 1932 1344 ,
1955 1281 2111 1345 cmli;
2138 1296 2243 1336 non
2265 1324 2280 1345 ,
2315 1282 2511 1337 coelum
2544 1299 2557 1337 :
2589 1285 2712 1354 quia
2735 1294 2789 1341 et
2817 1287 2869 1340 in
2892 1287 2996 1341 alio
3030 1289 3232 1359 psalmo
3255 1306 3380 1346 cum

1790 1368 1991 1424 dictum
2023 1381 2185 1438 esset,
2214 1369 2338 1427 Caeli
2363 1384 2601 1428 enarrant
2628 1374 2841 1445 gloriam
2869 1377 3003 1444 Dei;
3040 1395 3189 1436 more
3230 1381 3379 1437 Scri-

1790 1472 1960 1532 ptura:
1984 1462 2230 1517 eumdem
2271 1479 2485 1519 sensum
2512 1466 2689 1521 verbis
2726 1467 2847 1522 aliis
2871 1471 3160 1538 repetentis
3186 1473 3380 1529 subsc-

1790 1561 2014 1624 quenter
2046 1553 2245 1609 dictum
2269 1563 2352 1610 est
2374 1597 2389 1620 ,
2430 1555 2497 1609 Et
2525 1573 2679 1627 Opera
2709 1575 2949 1613 manuum
2974 1561 3085 1630 ejus
3114 1565 3379 1618 annuntiat

1790 1644 2181 1713 ﬁrmamentum.
2213 1645 2367 1700 Prius
2392 1646 2544 1713 dixit,
2574 1648 2714 1713 corli;
2749 1665 2852 1703 non
2874 1650 3088 1716 caelum;
3121 1659 3175 1706 et
3203 1662 3382 1710 tamen

1790 1744 1973 1805 postea
2002 1750 2131 1804 non,
2160 1735 2492 1793 ﬁrmamenta
2516 1756 2529 1803 ;
2560 1739 2653 1794 sed
2674 1782 2689 1807 ,
2718 1739 3133 1796 ﬁrmamentum.
3176 1742 3383 1801 Vocavit

1789 1830 1932 1885 enim
1965 1827 2101 1884 Deus
2125 1830 2498 1900 ﬁrmamentum
2518 1873 2532 1896 ,
2560 1831 2740 1885 caelum
2781 1831 2931 1904 (Gen.
2958 1850 3007 1900 ι,
3032 1834 3118 1903 8),
3151 1836 3287 1891 sicut
3324 1837 3382 1892 in

1788 1918 1986 1977 Genesi
2012 1922 2267 1992 scriptum
2294 1932 2395 1978 est.
2421 1922 2495 1977 Ita
2521 1935 2649 1994 ergo
2685 1924 2805 1979 coeli
2832 1934 2886 1979 et
2910 1926 3101 1981 etelnm
3128 1968 3144 1994 ,
3172 1937 3383 1984 montes

1789 2024 1843 2070 et
1869 2029 2022 2069 mons
2043 2054 2056 2079 ,
2089 2030 2195 2070 non
2238 2015 2378 2071 aliud
2398 2058 2414 2084 ,
2446 2017 2540 2072 sed
2582 2016 2686 2072 hoc
2714 2017 2885 2087 ipsum
2919 2036 2932 2073 :
2962 2020 3101 2073 sicut
3130 2020 3382 2077 Ecclesia:

1789 2107 1969 2162 multa:
1992 2116 2042 2164 et
2074 2124 2176 2163 una
2216 2106 2456 2165 Ecclesia
2481 2152 2497 2177 ,
2541 2126 2645 2164 non
2689 2111 2863 2178 aliud,
2905 2112 2999 2169 sed
3040 2112 3142 2169 hoc
3182 2115 3377 2185 ipsum.

1788 2197 1899 2254 Cur
1921 2215 2050 2271 ergo
2073 2242 2087 2265 ,
2116 2218 2258 2255 mons
2285 2201 2414 2256 Sina
2450 2204 2537 2273 qui
2573 2204 2626 2257 in
2666 2205 2949 2260 servitutem
2987 2219 3192 2278 generat
3234 2207 3376 2282 (Gal.

1789 2307 1841 2347 tv
1862 2335 1878 2358 ,
1902 2292 1994 2365 24)
2016 2334 2033 2361 ,
2064 2293 2201 2349 sicut
2229 2294 2356 2349 dicit
2382 2295 2709 2365 Apostolus?
2737 2297 2817 2351 An
2846 2297 2982 2354 forte
3011 2299 3119 2354 Lex
3148 2299 3258 2371 ipsa
3294 2301 3380 2356 in-

1789 2384 2070 2455 telligenda
2100 2393 2183 2441 est
2208 2386 2260 2439 in
2288 2394 2467 2441 monte
2489 2386 2615 2443 Sina
2640 2429 2653 2453 ,
2679 2404 2839 2458 quam
2870 2390 3236 2447 distillaverunt
3266 2394 3380 2448 caeli

1788 2492 1820 2529 a
1848 2476 1981 2547 facie
2010 2475 2123 2541 Dei,
2148 2484 2204 2531 ut
2229 2485 2368 2533 terra
2392 2478 2723 2533 moveretur?
2751 2490 2805 2535 et
2834 2482 2947 2551 ipse
2974 2492 3053 2536 est
3078 2492 3232 2538 terra:
3259 2500 3382 2539 mo-

1791 2577 1894 2635 tus,
1926 2585 2047 2624 cum
2070 2571 2452 2626 conturbantur
2477 2570 2723 2627 homines
2746 2614 2761 2640 ,
2786 2573 2908 2643 quia
2934 2573 3129 2644 Legem
3157 2574 3382 2646 implere

1790 2674 1894 2713 non
1924 2662 2171 2731 possunt?
2195 2661 2350 2727 Quod
2375 2662 2417 2715 si
2441 2662 2512 2715 ita
2542 2671 2643 2727 est,
2671 2662 2787 2718 lucc
2816 2674 2898 2719 est
2920 2674 2973 2719 et
2996 2666 3168 2735 pluvia
3188 2668 3383 2733 volun-

1791 2752 1944 2817 taria,
1968 2752 2034 2806 de
2059 2767 2161 2823 qua
2190 2764 2579 2823 consequenter
2603 2754 2752 2821 dicit,
2778 2754 3016 2811 Pluviam
3044 2757 3381 2815 uoluntariam

1789 2863 2085 2919 segregans,
2114 2846 2269 2912 Deus,
2295 2849 2574 2904 hmreditati
2605 2859 2707 2906 tua:
2719 2868 2740 2917 ;
2760 2853 2883 2921 quia
2908 2868 3013 2907 non
3038 2852 3161 2909 fecit
3186 2853 3263 2911 sic
3285 2856 3383 2913 ulli

1789 2938 1954 3008 genti,
1978 2938 2238 3007 etjudicia
2265 2955 2357 2993 sua
2380 2956 2484 2994 non
2512 2941 2872 2996 manifestavit
2892 2944 2971 2999 eis
2988 2942 3157 3014 (Psal.
3176 2961 3376 3017 cxuvn,

1789 3028 1904 3101 20).
1925 3030 2230 3102 Segregavit
2249 3030 2424 3103 itaque
2450 3033 2679 3104 pluviam
2702 3034 2837 3089 hanc
2858 3036 3209 3094 voluntariam
3238 3039 3382 3098 Deus

1791 3120 2085 3177 luereditati
2115 3138 2225 3178 sum
2245 3163 2260 3190 ,
2292 3125 2433 3195 quod
2463 3124 2658 3195 Legem
2685 3125 2850 3181 dedit.
2880 3125 2946 3180 Et
2970 3127 3229 3198 inﬁrmata
3256 3139 3331 3186 est
3360 3146 3381 3187 :

1791 3215 1873 3269 vel
1913 3215 2024 3284 ipsa
2061 3213 2206 3282 Lex,
2238 3218 2320 3274 vel
2359 3218 2472 3288 ipsa
2516 3219 2821 3275 haereditas.
2861 3220 2969 3277 Lex
3008 3222 3274 3280 inﬁrmata
3302 3224 3383 3284 sic

1789 3309 1957 3381 accipi
1989 3318 2184 3381 potest,
2211 3326 2276 3365 eo
2296 3310 2436 3382 quod
2465 3327 2570 3366 non
2602 3312 2949 3382 impleretur:
2978 3330 3084 3370 non
3105 3316 3242 3388 quod
3267 3315 3385 3387 ipsa

1790 3401 1997 3457 inﬁrma
2028 3403 2123 3467 sit,
2156 3403 2248 3458 Sed
2276 3403 2416 3474 quod
2448 3404 2688 3459 inﬁrmos
2715 3404 2839 3459 facit
2863 3405 3115 3462 minando
3142 3422 3380 3478 poenam,

1790 3509 1890 3548 nec
1915 3494 2218 3564 adjurando
2247 3510 2342 3565 per
2376 3497 2623 3566 gratiam.
2654 3494 2788 3551 Nam
2832 3506 2886 3551 et
2931 3497 3221 3568 Apostolus
3264 3498 3384 3569 ipso

1789 3589 1954 3643 verbo
1997 3604 2123 3644 usus
2150 3598 2260 3653 est,
2312 3590 2398 3644 ubi
2449 3591 2556 3655 ait,
2590 3589 2740 3655 Quod
2779 3591 2911 3646 enim
2938 3590 3247 3661 impossibile
3275 3602 3384 3646 erat

1790 3677 1944 3750 Legi,
1977 3681 2032 3733 in
2058 3696 2157 3750 quo
2195 3678 2548 3747 in/irmabatur
2576 3698 2666 3750 per
2704 3698 2940 3746 carnem;
2970 3682 3270 3752 signiﬁcare
3294 3696 3386 3738 v0-

1791 3769 1906 3826 lens
1940 3770 2064 3841 quia
2090 3786 2189 3842 per
2211 3770 2453 3839 spiritum
2495 3771 2744 3839 impletur
2778 3790 2790 3825 :
2820 3779 2996 3826 tamen
3042 3772 3207 3842 ipsam
3247 3772 3383 3829 dixit

1791 3859 2046 3915 inﬁrmari
2071 3902 2087 3927 ,
2117 3874 2236 3916 cum
2263 3860 2329 3914 ab
2367 3858 2588 3914 inﬁrmis
2619 3876 2723 3914 non
2751 3861 2918 3930 possit
2946 3860 3173 3931 impleri.
3223 3860 3380 3917 Inﬁr-

1791 3961 1933 4008 mata
1962 3968 2090 4007 vero
2128 3953 2239 4023 ipsa
2270 3952 2585 4017 hmreditas,
2613 3952 2667 4007 id
2704 3960 2787 4007 est
2812 3954 2924 4023 ipse
2962 3954 3191 4025 populus
3211 3996 3227 4021 ,
3256 3953 3383 4011 data

1791 4046 1895 4102 sibi
1925 4046 2086 4115 Lege,
2110 4045 2225 4100 sine
2254 4047 2356 4100 ulla
2379 4044 2721 4114 ambiguitate
2752 4044 3081 4117 intelligitur.
3112 4046 3222 4101 Lex
3247 4048 3382 4102 enim

1792 4136 2087 4191 subiutravit
2107 4178 2123 4201 ,
2150 4145 2205 4189 ut
2225 4135 2501 4189 abundaret
2528 4134 2783 4189 delictum.
2807 4134 2958 4204 Quod
2998 4144 3174 4191 autem
3204 4137 3383 4207 sequi-

1794 4234 1881 4281 tur
1899 4269 1911 4289 ,
1938 4224 2020 4280 Tu
2066 4242 2181 4280 vero
2209 4226 2460 4297 perfecisti
2487 4242 2598 4278 eam
2620 4266 2633 4287 ,
2662 4225 2730 4280 ad
2758 4226 2951 4297 Legem
3000 4226 3073 4281 ita
3118 4227 3378 4296 refertur,

1794 4318 1914 4388 quia
1940 4316 2229 4373 secundum
2258 4317 2383 4371 illud
2412 4316 2665 4387 perfecta,
2692 4317 2744 4372 id
2769 4326 2852 4373 est
2873 4319 3085 4388 impleta
3109 4328 3213 4385 est;
3238 4322 3382 4391 quod

1795 4407 2054 4463 Dominus
2081 4408 2133 4462 in
2164 4407 2450 4478 Evangelio
2476 4406 2601 4462 dicit
2629 4425 2643 4461 :
2673 4405 2796 4462 Non
2821 4410 2931 4462 veni
2958 4407 3142 4480 Legem
3169 4411 3380 4477 solvere,

1794 4499 1883 4554 sed
1906 4499 2115 4569 implere
2140 4498 2352 4567 (Matth.
2392 4514 2458 4562 ν,
2505 4497 2622 4571 17).
2665 4496 2820 4557 Unde
2863 4508 2918 4554 et
2962 4500 3248 4569 Apostolus
3291 4505 3380 4572 qui

1795 4591 2003 4646 dixerat
2029 4589 2224 4661 Legem
2257 4590 2572 4643 inﬁrmatam
2596 4603 2714 4645 esse
2737 4606 2831 4660 per
2852 4605 3088 4655 carnem,
3113 4592 3235 4661 quia
3256 4607 3382 4647 caro

1798 4698 1901 4738 non
1929 4683 2112 4753 implet
2139 4681 2278 4751 quod
2323 4696 2417 4751 per
2457 4681 2696 4751 spiritum
2734 4680 3019 4749 impletur,
3068 4680 3119 4735 id
3163 4691 3246 4738 est
3287 4699 3384 4753 per

1796 4776 2016 4847 gratiam
2047 4772 2396 4843 spirituolem;
2427 4771 2541 4841 ipse
2569 4771 2697 4825 item
2723 4769 2851 4827 dicit
2876 4789 2891 4825 :
2919 4770 2989 4827 Ut
3006 4772 3211 4842 justitia
3231 4770 3384 4845 Legis

1798 4867 2089 4936 impleretur
2115 4867 2169 4919 in
2198 4863 2360 4932 nobis,
2387 4865 2472 4937 qui
2492 4880 2591 4918 non
2616 4862 2894 4918 secundum
2924 4882 3126 4920 carnem
3153 4865 3382 4920 ambula-

1798 4972 1926 5021 mus,
1948 4954 2038 5010 sed
2065 4954 2337 5009 secundum
2364 4955 2592 5024 spiritum
2623 4952 2799 5027 (Rom.
2828 4970 2939 5022 vut,
2973 4956 3024 5021 3,
3058 4957 3136 5027 4).
3165 4957 3278 5012 Hoc
3297 4966 3382 5013 est

1798 5060 1924 5117 ergo
1947 5084 1963 5110 ,
2000 5043 2080 5098 Tu
2107 5061 2222 5098 vero
2246 5044 2498 5113 perfeciin
2521 5060 2628 5098 eam
2642 5061 2662 5110 ;
2695 5044 2815 5114 quia
2848 5043 3107 5116 plenitudo
3134 5044 3284 5117 Legis
3304 5057 3380 5101 est

1798 5136 2017 5190 charitas
2059 5134 2169 5203 (Id.
2212 5151 2338 5200 xm,
2374 5134 2500 5205 l0);
2532 5144 2585 5190 et
2623 5135 2844 5190 charitos
2878 5133 2978 5189 Dei
3006 5134 3193 5202 ili/fusa
3217 5146 3288 5191 est
3322 5138 3379 5192 in

1797 5226 2029 5284 cordibus
2049 5226 2235 5280 nostris
2258 5268 2272 5290 ,
2296 5241 2399 5279 non
2429 5241 2524 5296 per
2551 5240 2648 5281 nos
2682 5227 2824 5297 ipsos
2842 5267 2856 5291 ,
2885 5224 2980 5280 sed
3007 5241 3097 5295 per
3125 5224 3377 5295 Spiritum

1797 5326 2024 5375 sanctum
2046 5317 2132 5385 qui
2173 5316 2322 5370 datus
2361 5326 2431 5371 est
2476 5316 2615 5371 nobis
2643 5332 2661 5370 :
2691 5316 2791 5371 hoc
2817 5326 2927 5383 est,
2962 5316 3037 5369 Tu
3066 5333 3179 5371 vero
3206 5322 3376 5390 perfe-

1797 5411 1909 5466 eisti
1936 5426 2070 5477 eam,
2092 5411 2135 5465 si
2155 5407 2350 5479 Legem
2371 5407 2657 5478 perfecisse
2682 5406 3026 5477 intelligatur;
3050 5409 3092 5462 si
3116 5423 3244 5464 vero
3267 5409 3375 5465 hae-

1797 5502 2076 5558 reditatem
2101 5540 2118 5566 ,
2160 5499 2363 5556 facilior
2400 5509 2482 5553 est
2518 5497 2835 5553 intellectus.
2879 5497 2933 5551 Si
2972 5499 3112 5553 enim
3159 5510 3373 5569 preptcr
3407 5486 3414 5494 ’

1798 5593 1903 5649 hoc
1922 5593 2063 5648 dicta
2094 5599 2176 5647 est
2203 5588 2479 5645 haereditas
2515 5588 2608 5642 Dei
2635 5588 2895 5642 inﬁrmata
2916 5628 2931 5654 ,
2965 5589 3013 5642 id
3040 5600 3121 5643 est
3149 5590 3385 5659 populus

1797 5688 1894 5743 Dei
1920 5686 2215 5742 inﬁrmatus
2240 5682 2360 5738 data
2384 5679 2542 5748 Lege,
2564 5679 2686 5749 quia
2714 5679 2822 5734 Lex
2843 5681 3135 5735 subiutravit
3155 5724 3169 5748 ,
3193 5694 3248 5734 ut
3276 5682 3368 5734 ab-

1800 5778 2011 5832 undaret
2039 5775 2275 5829 delictum
2298 5788 2317 5826 :
2334 5780 2461 5838 ergo
2487 5781 2537 5823 et
2561 5770 2698 5847 quod
2721 5772 2979 5841 sequitur,
3017 5770 3089 5825 Tu
3113 5789 3225 5827 vero
3256 5790 3369 5841 per-
