3912 6430
536 496 696 573 fecisti
721 512 851 560 eam,
883 508 950 551 ex
977 491 1068 550 illo
1093 488 1401 560 intelligitur
1426 484 1565 558 quod
1593 484 1749 541 etiam
1775 482 1828 539 in
1860 477 2116 573 Apostolo

536 569 796 660 sequitur,
825 585 920 640 Ubi
940 595 1105 637 autem
1132 579 1398 635 abundavit
1420 577 1674 640 delictum,
1699 569 2123 641 superabundavit.

540 684 701 754 gratia
718 683 892 752 (Rom.
905 694 954 743 v,
978 678 1030 742 ὅ,
1048 675 1138 744 20)
1151 713 1163 726 .
1181 673 1419 741 Namque
1430 668 1731 727 abundante
1743 665 1957 731 delicto,
1976 662 2119 727 mul-

542 774 784 844 tiplicata:
801 779 923 827 sunt
939 766 1272 825 infirmitates
1288 777 1493 827 eorum;
1515 768 1570 815 et
1590 768 1767 830 postea
1785 757 2118 812 accelerave-

539 875 663 922 runt
700 864 865 936 (Psal.
911 879 979 918 xv
999 905 1014 930 ,
1041 859 1099 933 4)
1130 879 1141 914 :
1175 860 1296 930 quia
1327 859 1726 933 ingemuerunt,
1755 864 1810 909 et
1839 855 2119 909 invocave-

438 937 453 1011 ἦ
540 966 683 1023 runt,
717 966 773 1010 ut
803 956 916 1026 ipso
945 954 1227 1025 adiuvante
1254 950 1567 1021 impleretur
1589 946 1730 1019 quod
1762 945 1877 1017 ipso
1902 944 2121 1015 jubente

438 1078 452 1094 ι
540 1062 648 1102 non
675 1046 1007 1123 implebalur.

494 1145 505 1181 7
614 1141 701 1195 12.
736 1140 829 1195 Est
855 1140 905 1193 in
937 1138 1020 1194 his
1048 1136 1223 1193 verbis
1250 1144 1302 1192 et
1330 1135 1464 1190 alius
1490 1146 1680 1197 sensus
1699 1174 1715 1201 ,
1742 1131 1831 1202 qui
1871 1128 2123 1202 probabi-

541 1233 641 1287 lior
680 1232 811 1287 mihi
836 1231 1062 1286 videtur.
1106 1229 1271 1287 Multo
1300 1227 1442 1283 enim
1478 1223 1855 1301 congruentius
1880 1221 2127 1297 intelligi-

446 1356 447 1359 η
544 1337 629 1380 tur
658 1325 767 1395 ipsa
795 1324 961 1396 gratia
988 1322 1162 1392 pluvia
1188 1320 1484 1377 voluntaria
1505 1360 1520 1385 ,
1562 1316 1684 1388 quia
1721 1314 1880 1377 nullis
1921 1327 2125 1385 prince-

483 1397 497 1501 ξ
514 1400 526 1491 ξ
542 1416 789 1471 dentibus
812 1428 1031 1483 Operum
1064 1411 1265 1467 meritis
1292 1409 1455 1483 gratis
1475 1407 1649 1462 datur.
1681 1405 1741 1461 Si
1766 1406 1895 1458 enim
1925 1405 2089 1476 gratia
2106 1418 2127 1467 ;

476 1499 488 1522 ’⁷
542 1514 650 1581 iam
680 1528 779 1566 non
805 1526 867 1566 ea:
890 1510 1121 1581 aper-ibus
1151 1523 1172 1562 .'
1195 1505 1417 1579 alioquin
1435 1504 1599 1577 gratia
1621 1505 1846 1569 iamnon
1871 1510 1941 1555 est
1964 1499 2128 1570 gratia

547 1605 722 1679 (Rom.
766 1619 849 1668 ιι,
897 1601 976 1673 6).
1010 1599 1132 1655 Non
1166 1599 1295 1653 enim
1341 1596 1525 1668 dignus
1548 1611 1695 1661 sum,
1724 1590 1931 1664 inquit,
1960 1591 2129 1645 vocari

546 1694 835 1768 apostolus,
866 1694 984 1765 quia
1022 1698 1308 1762 persecutus
1343 1705 1455 1742 sum
1500 1685 1777 1741 Ecclesium
1805 1683 1895 1737 Dei
1926 1699 1944 1736 :
1966 1683 2131 1763 gratia

548 1796 718 1841 autem
746 1784 837 1839 Dei
866 1800 974 1839 sum
1002 1782 1055 1836 id
1098 1782 1230 1853 quod
1254 1796 1365 1835 sum
1403 1777 1443 1849 (l
1473 1775 1589 1833 Cor.
1620 1791 1706 1839 xv,
1735 1774 1769 1831 9
1789 1782 1836 1831 et
1866 1774 1977 1845 10).
2008 1773 2132 1837 Ilmc

548 1886 628 1932 est
672 1875 845 1946 pluvia
887 1872 1204 1931 voluntaria.
1253 1868 1547 1924 Voluntarie
1594 1867 1781 1938 quippe
1826 1865 1995 1939 genuit
2039 1880 2138 1920 nos

547 1967 694 2023 verba
725 1966 943 2021 veritatis
984 1962 1184 2036 (Jacobi
1210 1979 1227 2021 ι
1249 2005 1264 2028 ,
1297 1958 1409 2034 I8).
1449 1960 1576 2014 litec
1611 1957 1785 2029 pluvia
1814 1957 2135 2021 voluntaria.

547 2059 675 2117 Inde
703 2058 825 2114 alibi
851 2058 1045 2117 dicitur
1073 2074 1086 2111 :
1118 2055 1274 2111 Scuto
1294 2054 1437 2108 bona:
1460 2052 1730 2113 voluntatis
1762 2060 1864 2105 true
1881 2051 2134 2106 coronasti

547 2168 640 2207 nos
663 2149 831 2223 (Psal.
862 2165 915 2216 ν,
947 2149 1058 2215 15).
1087 2147 1242 2202 Istam
1273 2146 1503 2215 pluviam
1526 2186 1541 2215 ,
1573 2159 1690 2199 eum
1719 2144 1855 2199 Deus
1886 2144 2135 2201 transiret

548 2245 604 2299 in
626 2244 873 2313 deserto,
898 2241 949 2300 id
978 2249 1096 2308 est,
1125 2240 1502 2313 prmdicaretur
1526 2240 1575 2292 in
1598 2237 1854 2299 Gentibus
1874 2278 1887 2304 ,
1919 2238 2030 2293 casli
2050 2238 2133 2292 di-

549 2336 863 2390 stillarerunt
899 2340 1058 2391 :non
1096 2342 1271 2389 tamen
1310 2347 1341 2385 a
1381 2332 1571 2401 seipsis
1595 2372 1608 2397 ,
1638 2332 1735 2389 sed
1772 2349 1805 2387 a
1840 2332 1971 2402 facie
1999 2331 2133 2409 Dei,

552 2427 799 2497 quoniam
826 2436 879 2482 et
906 2426 1004 2497 ipsi
1034 2425 1200 2497 gratia
1224 2423 1315 2485 Dei
1344 2430 1469 2478 sunt
1496 2421 1549 2483 id
1572 2422 1714 2491 quod
1749 2428 1897 2483 sunt.
1923 2421 1989 2477 Et
2016 2420 2139 2488 ideo

551 2533 696 2571 mons
726 2517 873 2582 Sina,
907 2516 1029 2587 quia
1058 2525 1112 2570 et
1136 2514 1250 2584 ipse
1276 2513 1363 2584 qui
1393 2513 1511 2583 plus
1536 2512 1779 2569 omnibus
1801 2513 1903 2568 illis
1925 2512 2134 2571 labora-

550 2612 661 2676 vit,
694 2624 799 2664 non
832 2609 945 2679 ipse
974 2616 1183 2673 autem,
1216 2605 1309 2662 sed
1348 2606 1514 2678 gratia
1541 2605 1632 2661 Dei
1659 2620 1783 2661 cum
1819 2605 1908 2661 illo
1934 2604 1974 2677 (I
2014 2603 2135 2669 Cor,

550 2718 643 2770 xv,
675 2700 762 2775 lO)
786 2744 801 2775 η
832 2711 889 2756 ut
909 2700 1261 2757 abundantius
1284 2697 1568 2754 distillaret
1589 2698 1639 2751 in
1671 2698 1945 2770 gentibus,
1978 2695 2029 2750 id
2055 2704 2137 2752 est

550 2796 604 2849 in
635 2794 867 2860 deserto,
897 2793 984 2848 ubi
1009 2792 1249 2848 Christus
1278 2805 1381 2845 non
1409 2799 1523 2845 erat
1552 2790 1914 2867 annuntiatns,
1946 2803 2013 2842 ne
2042 2805 2135 2841 su-

549 2902 646 2958 per
672 2887 904 2942 alienum
936 2884 1331 2939 fundamentum
1363 2881 1649 2937 aediﬁcaret
1680 2878 1854 2952 (Rom.
1884 2895 1984 2944 xv,
2018 2878 2137 2953 20);

548 2977 684 3047 ipse,
709 2977 940 3048 inquam,
966 2975 1197 3029 Israelita
1226 2982 1342 3033 erat
1370 2988 1433 3028 ex
1465 2986 1658 3043 genere
1681 2970 1841 3026 Israel
1864 3012 1877 3036 ,
1904 2969 1970 3025 de
1997 2970 2139 3035 tribu

548 3067 824 3141 Benjamin
850 3067 1106 3142 (Philipp.
1126 3084 1183 3122 ιιι
1203 3109 1218 3135 ,
1246 3067 1300 3129 5)
1332 3083 1344 3119 :
1370 3074 1424 3121 et
1452 3065 1567 3134 ipse
1592 3080 1718 3135 ergo
1744 3063 1795 3117 in
1826 3065 2136 3119 servitutem

549 3171 832 3232 generatus
861 3169 993 3227 erat,
1024 3160 1090 3217 de
1116 3159 1407 3217 Jerusalem
1440 3167 1651 3214 terrena
1678 3174 1797 3229 quae
1825 3159 1987 3214 servit
2014 3174 2133 3217 cum

549 3253 673 3309 ﬁliis
693 3254 824 3323 suis,
848 3263 901 3308 et
929 3252 1046 3308 ideo
1065 3252 1476 3324 persequebatur
1494 3250 1802 3306 Ecclesium.
1824 3248 1977 3314 Nam,
1994 3250 2137 3321 quod

550 3346 666 3415 ipse
692 3345 1053 3413 commonuit,
1072 3345 1201 3398 sicut
1222 3354 1340 3397 tunc
1363 3343 1447 3414 qui
1474 3342 1747 3397 secundum
1773 3358 1973 3395 carnem
1990 3359 2139 3413 gene-

549 3447 691 3494 ratus
714 3447 788 3492 est
812 3437 1195 3509 persequebatur
1210 3452 1320 3489 cum
1340 3436 1424 3506 qui
1447 3434 1717 3491 sccmulum
1734 3433 1990 3506 spiritum;
2008 3435 2077 3486 ita
2093 3443 2138 3488 et

551 3547 686 3584 nunc
711 3528 848 3601 (Gal.
870 3527 1132 3600 Πάν-539)
1146 3527 1265 3587 .Sed
1280 3527 1693 3583 miscricordiam
1721 3535 2037 3583 consecutus
2058 3535 2140 3582 est

551 3622 672 3693 quia
693 3620 1140 3693 ignoranslecitin
1163 3618 1532 3675 incredulitate
1554 3618 1595 3692 (ι
1620 3617 1747 3672 Tim.
1775 3635 1821 3685 t,
1854 3617 1963 3693 15).
1984 3618 2133 3673 Mira-

550 3729 672 3769 mur
697 3729 824 3787 ergo
852 3712 992 3786 quod
1022 3711 1132 3767 coeli
1164 3711 1534 3768 distillaverunt
1563 3730 1593 3765 (ι
1628 3713 1756 3784 [acie
1792 3710 1889 3766 Dei
1921 3728 1939 3766 :
1972 3712 2138 3784 magis

550 3806 810 3863 miremur
838 3804 978 3878 quod
1009 3821 1150 3859 mons
1178 3804 1327 3873 Sina,
1352 3804 1405 3859 id
1430 3814 1534 3869 est,
1560 3805 1646 3876 qui
1672 3805 1818 3875 prius
1846 3819 2136 3876 perseque-

550 3896 727 3961 batur,
753 3895 1008 3959 Ilebrteus
1033 3911 1095 3952 ex
1116 3895 1351 3953 Ilcbrzcis
1371 3939 1384 3963 ,
1414 3896 1705 3953 secundum
1734 3895 1929 3965 Legem
1960 3894 2137 3975 phari-

551 4002 691 4042 saeus
718 3985 978 4067 (Philipp.
1000 4003 1081 4065 tu,
1099 3986 1174 4060 5).
1194 3985 1330 4056 Quid
1347 3996 1522 4043 autem
1541 3988 1832 4042 miremur?
1854 3987 1969 4042 Non
1992 3989 2134 4049 enim

549 4094 580 4133 a
608 4081 806 4151 seipse,
828 4080 919 4137 sed
939 4078 1077 4150 quod
1103 4080 1360 4151 sequitur,
1382 4096 1411 4132 a
1430 4080 1557 4149 facie
1581 4077 1679 4131 Dei
1704 4077 1871 4137 Israel
1886 4097 1907 4147 ,7
1937 4079 2002 4135 de
2029 4095 2135 4152 quo

546 4172 663 4244 ipse
689 4171 853 4238 dicit,
885 4171 953 4226 Et
976 4189 1128 4244 super
1172 4170 1338 4233 Israel
1380 4169 1476 4225 Dei
1522 4170 1660 4245 (Gal.
1692 4187 1745 4228 Vl
1769 4213 1784 4239 ,
1815 4172 1901 4243 16)
1932 4170 2002 4233 de
2028 4189 2134 4243 quo

546 4261 805 4319 Dominus
835 4262 996 4333 dicit,
1035 4262 1167 4316 Ecce
1192 4278 1302 4316 vere
1328 4260 1563 4323 Israelita
1585 4305 1600 4330 ,
1633 4263 1685 4317 in
1730 4279 1827 4333 quo
1857 4263 2004 4319 dolus
2032 4280 2132 4331 non

546 4364 619 4409 est
662 4353 838 4426 (loan.
884 4368 934 4415 ι,
983 4351 1098 4426 47).
1145 4352 1292 4417 lianc
1332 4367 1460 4426 ergo
1503 4353 1734 4424 pluviam
1779 4352 2132 4415 voluntariam

544 4448 706 4503 nullis
737 4445 1158 4517 praecedentibus
1187 4447 1389 4511 tueritis
1415 4461 1637 4516 operum
1659 4446 1919 4503 bonorum
1948 4461 2130 4518 segre-

544 4541 687 4616 gavit
715 4540 854 4595 Deus
880 4537 1177 4597 haereditati
1218 4553 1348 4593 suae.
1379 4536 1448 4591 Et
1481 4537 1740 4607 inﬁrmata
1774 4548 1867 4597 est.
1900 4540 2132 4616 Agnovit

544 4610 688 4688 etum
731 4647 839 4689 non
864 4646 984 4687 esse
1009 4645 1069 4686 se
1096 4629 1293 4700 aliquid
1339 4645 1432 4703 per
1469 4630 1736 4699 scipsum;
1782 4610 2130 4686 notrvirihus

546 4724 675 4792 suis,
710 4723 803 4780 sed
832 4723 1017 4799 gratias
1044 4722 1138 4783 Dei
1162 4722 1497 4785 tribuendum
1523 4737 1641 4777 esse
1667 4722 1805 4792 quod
1835 4732 1935 4780 est.
1958 4724 2127 4795 Agno-

543 4818 621 4874 vit
659 4816 797 4888 quod
824 4816 1020 4873 dictum
1063 4824 1184 4879 est:
1216 4814 1284 4875 1n
1313 4814 1687 4885 inﬁrmitatibus
1717 4817 1839 4875 meis
1875 4816 2128 4889 gloriabor

545 4909 614 4982 (II
644 4906 761 4965 Cor.
792 4923 890 4974 xu,
919 4906 996 4978 9).
1027 4906 1253 4985 Agnovit
1278 4906 1419 4978 quod
1443 4906 1642 4965 dictum
1670 4914 1786 4965 est:
1817 4905 1944 4961 Noli
1968 4907 2128 4963 altum

542 5018 741 5075 sapere,
768 5000 856 5056 sed
893 5000 1010 5054 time
1038 4998 1212 5077 (Rom.
1245 5015 1301 5054 χι
1322 5041 1339 5068 ,
1365 4998 1477 5070 20).
1509 4999 1737 5070 Agnovit
1761 4999 1899 5070 quod
1924 4999 2129 5062 dictum

541 5104 662 5152 cst:
698 5092 991 5155 Humilibus
1017 5099 1181 5149 autem
1215 5091 1302 5147 dat
1327 5092 1541 5164 gratiam
1581 5089 1784 5162 (Jacobi
1826 5105 1912 5157 tv,
1947 5091 2023 5161 6).
2057 5090 2127 5149 Et

538 5186 798 5255 inﬁrmata
822 5194 923 5252 est;
955 5193 1006 5237 tu
1032 5198 1145 5238 vero
1182 5183 1430 5254 perfecisti
1451 5178 1561 5237 eam
1584 5197 1602 5236 :
1632 5180 1753 5251 quia
1781 5182 1937 5241 virtus
1965 5183 2016 5237 iu
2041 5187 2124 5241 in-

541 5278 781 5347 ﬁrmitate
807 5278 1061 5347 per/icitur
1093 5276 1156 5347 (ll
1187 5272 1304 5330 Cor.
1336 5291 1412 5331 xu
1437 5318 1452 5343 ,
1479 5275 1555 5345 9).
1578 5273 1798 5342 Quidam
1826 5289 1955 5331 sane
1979 5275 2125 5333 codi-

539 5385 650 5436 ces,
679 5379 734 5425 et
761 5370 907 5427 latini
938 5377 994 5425 et
1016 5369 1200 5439 grmei,
1228 5382 1332 5425 non
1360 5366 1576 5432 habent,
1611 5382 1752 5427 mons
1781 5365 1948 5435 Sina;
1977 5366 2070 5425 sed
2091 5384 2125 5425 α

540 5468 673 5537 facie
700 5466 795 5520 Dei
826 5466 984 5532 Sina,
1012 5483 1044 5521 a
1072 5466 1201 5536 {acie
1228 5464 1319 5521 Dei
1340 5464 1523 5527 Israel.
1550 5464 1605 5525 Id
1628 5474 1749 5537 est,
1768 5465 1879 5521 coeli
1900 5466 2121 5525 distilla-

539 5570 715 5614 verunt
735 5577 765 5614 a
799 5562 929 5630 [acie
956 5559 1047 5613 Dei
1077 5575 1096 5614 :
1124 5570 1175 5616 et
1196 5562 1343 5631 quasi
1373 5568 1700 5630 qumreretnr
1738 5561 1893 5629 cuius
1929 5561 2057 5627 Dei;
2091 5579 2126 5617 α

540 5654 669 5724 facie
691 5652 807 5717 Dei,
838 5652 1035 5721 inquit,
1069 5653 1218 5720 Sina,
1241 5671 1272 5708 (ι
1300 5654 1429 5724 facie
1454 5651 1550 5708 Dei
1576 5652 1775 5718 Israel;
1802 5653 1852 5713 id
1877 5662 1957 5713 est
1987 5669 2018 5709 a
2041 5654 2122 5708 fa-

539 5744 623 5798 cie
653 5745 745 5797 Dei
788 5745 875 5813 qui
907 5745 1099 5815 Legem
1131 5745 1274 5801 dedit
1319 5745 1516 5816 populo
1546 5744 1728 5802 Israel.
1777 5746 1953 5811 Quare
1993 5761 2125 5817 ergo

539 5834 656 5888 d‘.lt'
693 5833 1057 5892 distillttverunt
1076 5853 1107 5891 a
1130 5837 1261 5907 facie
1284 5836 1382 5892 Dei
1400 5880 1415 5909 ,
1456 5852 1486 5892 a
1512 5836 1646 5892 facie
1671 5835 1825 5906 hujus
1861 5836 1989 5905 Dei,
2018 5838 2120 5893 nisi

1757 367 1816 424 s.
1857 355 2221 422 AUGUSTINI
2261 357 2569 419 EPISCOPI
3651 369 3729 432 ες,

2226 475 2348 547 quia
2391 474 2470 532 sic
2514 475 2789 547 impletum
2819 484 2901 533 est
2931 476 3073 550 quod
3102 477 3411 549 praedictum
3433 489 3510 549 est
3535 499 3548 539 :
3570 482 3737 544 Benedi-

2225 567 2438 622 ctionem
2468 567 2607 631 dabit
2641 567 2728 639 qui
2755 550 2939 641 Legem
2968 568 3105 622 dedit
3127 567 3295 642 (Psal.
3328 587 3519 628 unm
3537 618 3549 640 ,
3572 575 3649 652 8)?
3672 579 3734 636 Le

2225 676 2371 731 gem,
2406 675 2507 731 qua
2538 669 2734 717 terreat
2761 659 2828 717 de
2874 661 3117 727 humanis
3144 662 3345 721 viribus
3371 679 3739 739 przesumentetn,

2226 750 2652 815 benedictionem,
2695 765 2796 819 qua
2841 750 3028 806 liberet
3068 751 3119 805 in
3160 752 3326 808 Deum
3367 766 3657 827 sperantem.
3686 762 3741 827 τῃ

2227 857 2356 914 ergo
2396 842 2697 913 perfecisti,
2733 844 2893 909 Deus,
2925 843 3287 901 lituretlitatem
3322 822 3750 925 tttamiquiainnf.’

2228 941 2369 989 mata
2397 943 2478 989 est
2509 933 2561 991 in
2594 949 2687 1007 se,
2710 942 2766 988 ut
2796 934 3143 1005 perﬁceretur
3167 936 3259 989 abs
3282 946 3355 992 te.

2301 1026 2389 1081 13.
2416 1025 2564 1100 [rem
2600 1025 2714 1107 IL]
2742 1028 2997 1082 Animalia
3025 1038 3111 1084 tua
3136 1030 3486 1091 inhabitabant
3501 1024 3549 1088 in
3572 1051 3637 1093 ea.
3655 1036 3749 1117 In,

2231 1134 2337 1181 non
2360 1134 2489 1185 sua;
2522 1120 2613 1175 tibi
2643 1121 2885 1187 subdita,
2907 1137 3018 1178 non
3048 1122 3149 1178 sibi
3175 1122 3380 1191 libera;
3404 1124 3471 1181 ad
3499 1134 3545 1182 te
3565 1131 3748 1203 egentia,

2232 1225 2336 1265 non
2381 1211 2481 1267 sibi
2525 1211 2862 1277 sttﬂicientia.
2905 1213 3141 1286 Denique
3188 1215 3432 1297 sequitur
3471 1235 3484 1270 :
3525 1215 3689 1275 Potasti
3715 1206 3751 1283 iii

2234 1310 2322 1356 tua
2349 1303 2593 1367 suauitate
2616 1304 2777 1379 egenti
2806 1302 2962 1359 Dens.
2995 1303 3062 1359 In
3097 1314 3183 1359 tua
3220 1309 3500 1375 suauitate,
3537 1326 3624 1368 non
3655 1314 3752 1370 illius

2234 1392 2502 1449 facultate.
2535 1393 2709 1473 Egens
2734 1396 2816 1451 est
2842 1397 3007 1464 enim,
3039 1398 3292 1467 quoniam
3319 1398 3603 1459 inﬁrmatus
3624 1414 3752 1471 est,ut

2236 1486 2539 1555 perﬁciatur
2589 1504 2603 1540 :
2649 1489 2862 1561 agnovit
2916 1503 2975 1544 se
3026 1488 3395 1573 indigentem,
3441 1503 3498 1548 ut
3534 1494 3750 1565 repleatur.

2235 1580 2361 1635 Hec
2388 1591 2470 1637 est
2499 1581 2586 1638 illa
2626 1584 2863 1647 suavitas
2887 1582 2956 1639 de
2997 1600 3100 1657 qua
3136 1585 3262 1641 alibi
3304 1586 3533 1655 dicitur,
3573 1587 3758 1662 Πῳηὶηις

2237 1670 2377 1725 dabit
2405 1674 2735 1740 suavitatem,
2776 1682 2822 1728 et
2864 1683 2998 1728 terra
3027 1684 3200 1731 nostra
3241 1678 3386 1731 dabit
3423 1683 3622 1748 fructum
3653 1699 3758 1740 nunt

2240 1762 2409 1836 (l’sal.
2439 1780 2659 1829 Lxxxw,
2698 1756 2801 1836 IS)
2829 1785 2839 1819 :
2871 1775 2929 1820 ut
2956 1767 3153 1822 bonum
3180 1784 3316 1839 opus
3348 1770 3444 1825 ﬁat
3469 1787 3565 1829 non
3595 1773 3759 1847 timore,

2239 1855 2332 1911 sed
2364 1871 2583 1933 amore;
2611 1872 2716 1912 non
2757 1857 3037 1919 formidine
3075 1875 3245 1935 partae
3271 1903 3287 1934 ,
3340 1862 3437 1917 sed
3483 1863 3758 1933 delectam

2235 1948 2455 2019 iustitia:
2494 1949 2534 2002 ί.
2565 1948 2680 2023 Ipsa
2710 1958 2790 2009 est
2832 1950 2973 2005 enim
3005 1967 3126 2007 vera
3167 1963 3221 2008 et
3265 1969 3400 2008 sana
3444 1956 3653 2012 libertas.
3688 1958 3759 2029 Sed

2240 2040 2497 2097 Dominus
2527 2039 2628 2097 hoc
2652 2041 2826 2119 egenti
2852 2043 3093 2115 paravit,
3135 2059 3238 2101 non
3271 2044 3558 2101 abundanti
3577 2090 3593 2111 .
3613 2049 3678 2103 cui
3695 2063 3759 2124 op-

2242 2138 2461 2208 prohrio
2489 2148 2571 2194 est
2599 2138 2695 2193 ista
2724 2154 2909 2211 pauper
2927 2148 3041 2205 tas;
3068 2139 3136 2196 de
3161 2140 3411 2212 qualibus
3438 2143 3553 2197 alibi
3578 2141 3759 2199 dicitur:

2246 2227 2587 2301 Opprol'rium
2632 2231 2711 2284 Itis
2748 2230 2835 2302 qui
2879 2228 3169 2296 abundant,
3217 2241 3264 2285 et
3312 2230 3562 2302 despectio
3597 2234 3761 2305 superbis

2248 2316 2418 2401 (Psal.
2448 2335 2624 2384 cxxn,
2657 2320 2734 2393 4).
2765 2320 2876 2379 Hos
2902 2321 3047 2383 enim
3074 2320 3208 2381 dixit
3234 2321 3521 2407 superbos,
3546 2338 3658 2407 quos
3673 2325 3762 2380 dixit

2243 2413 2331 2483 qui
2361 2411 2653 2469 abundant.

2316 2505 2404 2561 14.
2446 2503 2611 2578 [vers.
2639 2505 2751 2580 12.]
2780 2505 3028 2571 Dominus
3056 2506 3194 2562 dabit
3221 2509 3428 2577 uerbum
3458 2525 3476 2564 :
3503 2510 3672 2565 cibaria
3691 2510 3759 2566 sci-

2244 2597 2370 2652 licet
2406 2597 2726 2653 animalibus
2772 2598 2883 2654 suis
2927 2615 3044 2668 quae
3092 2599 3471 2661 inhabitabunt
3497 2603 3548 2656 in
3587 2618 3657 2660 ea.
3691 2600 3757 2661 Sed

2246 2687 2374 2760 quid
2396 2690 2758 2762 operabuntur
2778 2689 2893 2746 hcce
2912 2691 3180 2753 animalia,
3205 2692 3404 2768 quibus
3425 2693 3565 2749 dabit
3584 2693 3759 2751 verbum?

2246 2779 2373 2850 quid
2426 2781 2527 2835 nisi
2588 2783 2730 2854 quod
2785 2783 3073 2854 sequitur?
3125 2782 3601 2868 Euangelizantibus
3638 2789 3761 2851 virtute

2246 2871 2426 2927 multa.
2457 2873 2569 2945 Qua
2601 2874 2793 2929 virtute
2815 2915 2829 2942 ,
2858 2876 2957 2929 nisi
2988 2873 3299 2934 fortitudine
3329 2878 3422 2934 illa
3452 2881 3506 2935 in
3529 2894 3620 2952 qua
3637 2881 3759 2936 uincit

2246 2963 2611 3039 compeditos?
2636 2962 2887 3035 Fortasse
2914 2968 3073 3023 etiam
3100 2970 3355 3027 virtutem
3382 2970 3469 3026 hic
3495 2971 3622 3029 dicat
3646 2972 3756 3040 illam,

2246 3070 2349 3141 qua
2377 3055 2801 3141 evangelizantes
2829 3058 3089 3117 mirabilia
3121 3062 3267 3134 signa
3296 3059 3559 3129 fecerunt.

2320 3146 2410 3203 15.
2437 3140 2591 3222 [ret-s.
2616 3148 2735 3231 I5.1
2756 3148 2885 3231 Quis
2906 3166 3032 3225 ergo
3058 3152 3194 3206 dabit
3219 3154 3427 3208 verbum
3451 3154 3761 3229 euangelizanti»

2248 3244 2338 3300 bus
2362 3244 2540 3315 virtute
2567 3245 2771 3299 multa?
2800 3244 2930 3313 Rex,
2964 3246 3418 3320 iuquit,virtutum
3446 3234 3631 3317 Dilecti.
3654 3246 3760 3315 Patet

2246 3352 2373 3410 ergo
2400 3346 2484 3401 est
2522 3353 2621 3394 rex
2648 3336 2903 3392 virtutum
2941 3336 3083 3395 Filii.
3129 3338 3370 3403 Dilectus
3408 3339 3576 3419 enim,
3609 3338 3760 3423 quando

2248 3446 2353 3485 non
2382 3431 2596 3501 ponitur
2631 3430 2749 3501 quis
2792 3430 3018 3495 dilectus
3037 3471 3055 3501 λ
3081 3445 3175 3503 per
3200 3432 3613 3499 antonomasiam
3649 3426 3761 3493 Filius

2248 3522 2433 3577 unicus
2488 3521 2813 3599 intelligitur.
2868 3522 2949 3587 An
3001 3522 3252 3577 virtutum
3311 3537 3533 3591 suarum
3571 3538 3649 3578 rex
3685 3523 3758 3590 ipse

2247 3613 2453 3681 Fifius;
2493 3614 2744 3675 virtutum
2775 3613 2977 3670 scilicet
3004 3614 3106 3670 sibi
3150 3614 3538 3670 servientium?
3573 3613 3672 3687 quia
3690 3613 3755 3679 rit-

2247 3714 2349 3758 tute
2372 3706 2535 3767 nmlta
2560 3704 3012 3776 erangelizantibus
3049 3705 3186 3769 dabit
3224 3706 3432 3760 verbum
3459 3724 3543 3775 rex
3566 3708 3755 3775 pinsum,

2246 3792 2314 3853 de
2353 3812 2458 3867 quo
2501 3795 2699 3851 dictum
2741 3805 2856 3865 est,
2898 3792 3149 3852 Dominus
3176 3796 3449 3866 virtutum,
3488 3798 3666 3873 ἕρκεα
3699 3812 3757 3849 res

2245 3889 2421 3960 glorite
2448 3888 2618 3961 (Psal.
2646 3905 2811 3967 ιιιιιιιζ
2837 3890 2961 3961 10).
3003 3890 3156 3963 Quod
3189 3899 3373 3956 autem
3403 3908 3506 3946 non
3534 3890 3664 3961 dixit,
3683 3887 3755 3945 lie:

2243 3981 2498 4043 virtutum
2529 3996 2742 4037 suarum
2765 4024 2778 4047 ,
2811 3981 2904 4036 sed
2923 4023 2941 4059 η
2971 3982 3085 4039 Rex
3109 3981 3352 4039 virtutum
3379 3981 3586 4055 Dilecti,
3615 3979 3755 4039 locutio

2244 4084 2325 4129 est
2352 4075 2406 4128 in
2433 4073 2724 4145 Scripturis
2753 4074 3117 4141 usitatissima,
3150 4075 3193 4131 si
3223 4074 3349 4155 quis
3374 4075 3599 4132 advertat
3623 4092 3635 4128 :
3657 4067 3754 4151 quod

2243 4166 2313 4222 ibi
2355 4166 2583 4221 maxime
2610 4175 2868 4251 apparet,
2896 4168 2982 4233 ubi
3014 4168 3175 4223 etiam
3200 4170 3478 4245 proprium
3509 4181 3669 4223 nomen
3692 4177 3754 4216 et-

2241 4258 2521 4337 primitur,
2553 4269 2611 4315 ut
2633 4258 2879 4317 eumdem
2911 4275 3029 4315 esse
3070 4259 3137 4314 de
3177 4274 3284 4335 quo
3331 4260 3551 4327 dicitur,
3586 4255 3751 4325 dubitan'

2240 4353 2461 4408 omnino
2486 4366 2589 4407 non
2620 4352 2805 4424 possit.
2834 4351 3015 4425 Qualis
3039 4360 3093 4409 et
3119 4351 3208 4406 illa
3232 4351 3283 4406 in
3307 4350 3641 4419 Pentateucho
3660 4344 3751 4402 ntul-

2241 4444 2309 4499 tis
2336 4444 2468 4503 locis
2497 4443 2768 4498 invenitur
2795 4460 2807 4496 :
2838 4441 2907 4497 Et
2947 4445 3062 4516 fecit
3094 4440 3300 4517 Moyses
3334 4443 3463 4499 illud
3489 4452 3627 4515 atque
3645 4436 3749 4501 illud,

2238 4534 2365 4588 sicut
2394 4534 2628 4611 prazcepit
2656 4530 2904 4589 Dominus
2920 4530 3088 4607 Moysi
3109 4531 3295 4609 (Num.
3319 4550 3445 4600 xvn,
3473 4534 3546 4595 ll,
3567 4540 3662 4599 etc,
3679 4542 3746 4582 set.

2237 4621 2426 4697 LXX).
2455 4624 2571 4679 Non
2612 4623 2746 4681 dixit
2784 4622 2925 4699 quod
2954 4626 3202 4685 usitatum
3249 4636 3330 4679 est
3373 4623 3427 4682 in
3467 4620 3747 4680 locationibus

2236 4715 2433 4770 nostris
2455 4758 2468 4782 ,
2496 4715 2564 4771 Et
2600 4713 2721 4770 fecit
2752 4715 2962 4788 Moyses
2990 4716 3127 4771 sicut
3167 4717 3422 4787 praecepit
3447 4717 3491 4774 ei
3523 4711 3742 4773 Dominus;

2236 4806 2354 4876 sed,
2380 4804 2523 4863 Fecit
2546 4806 2747 4887 Moyses
2766 4808 2891 4863 sicut
2915 4810 3149 4883 pra‘cepit
3170 4805 3421 4865 Dominus
3442 4807 3624 4881 Moysi;
3640 4800 3742 4876 quasi

2234 4903 2367 4967 alius
2413 4903 2483 4958 sit
2516 4901 2727 4976 Moyses
2770 4904 2855 4959 cui
2901 4904 3194 4986 prmcepit,
3234 4912 3289 4959 et
3329 4900 3462 4960 alius
3491 4902 3662 4972 Moyses
3682 4892 3742 4967 qui

2234 4996 2394 5071 fecit,
2433 5013 2554 5053 cum
2599 4996 2739 5054 idem
2784 4997 2897 5068 ipse
2939 4995 3029 5051 sit.
3072 4996 3231 5052 Tales
3270 4996 3548 5059 locutiones
3574 4990 3739 5048 iuNoro

2235 5089 2577 5147 Testamento
2614 5088 2933 5146 dil‘licillime
2958 5089 3316 5165 reperiuntur.
3360 5089 3482 5146 inde
3510 5096 3579 5144 est
3612 5094 3735 5139 tamen

2232 5182 2375 5257 quod
2404 5181 2692 5252 Apostolus
2732 5181 2807 5238 ait
2850 5198 2865 5234 :
2908 5180 2985 5235 De
3020 5179 3157 5236 Filio
3186 5198 3307 5251 suo,
3340 5180 3421 5263 qui
3456 5183 3600 5252 [actus
3629 5182 3683 5229 est
3706 5167 3736 5222 ti

2232 5291 2296 5329 ex
2319 5275 2506 5330 semine
2537 5273 2703 5341 David
2730 5272 3005 5333 secundum
3033 5289 3234 5327 carnem
3257 5315 3272 5335 .
3309 5274 3394 5345 qui
3430 5268 3732 5343 pradestiwtu

2233 5375 2305 5419 est
2336 5364 2503 5423 Filius
2531 5362 2628 5425 Dei
2656 5366 2709 5419 iu
2739 5366 2920 5418 virtute
2946 5361 3221 5419 secundum
3253 5362 3493 5433 Spiritum
3516 5354 3729 5423 sanctiﬁca-

2230 5452 2379 5513 tionis
2416 5474 2479 5523 ex
2514 5457 2878 5517 resurrectione
2914 5465 3222 5511 mortuorum
3244 5456 3364 5511 Iesu
3392 5454 3562 5510 Christi
3582 5440 3728 5503 [taurini

2231 5551 2385 5606 nostri
2417 5546 2609 5622 (Rom.
2632 5565 2684 5617 ι,
2712 5548 2774 5619 5,
2803 5546 2878 5619 4)
2914 5566 2927 5601 :
2962 5556 3210 5620 tanquam
3251 5548 3383 5607 alius
3422 5546 3483 5601 sit
3510 5530 3723 5599 FiliusDei

2228 5641 2316 5710 qui
2349 5638 2520 5695 factus
2547 5648 2627 5700 est
2653 5655 2717 5696 ex
2748 5638 2952 5699 semine
2980 5638 3144 5695 David
3173 5639 3454 5703 secundum
3476 5643 3666 5695 carnem.
3685 5630 3721 5678 ⁸⁸

2229 5734 2363 5789 alios
2399 5733 2555 5795 Jesus
2590 5733 2835 5801 Christus
2870 5732 3125 5805 Dominus
3166 5742 3377 5815 noster,
3409 5743 3517 5797 cuin
3549 5725 3603 5793 sit
3625 5724 3718 5789 ιριί

2295 5848 2311 5878 ι
2347 5852 2485 5897 Forte
2508 5846 2772 5911 legendum
2796 5860 2810 5897 :
2836 5842 3319 5906 diledioncjustilic.
