3912 6426
123 409 206 468 321
1170 373 1566 432 ENARRATIO
1608 371 1670 425 IN
1711 366 2035 425 PSAHlUil
2079 371 2288 427 LXVII.

126 529 268 586 atque
303 508 464 567 idem.
497 503 552 562 lu
580 500 848 558 veteribus
875 503 1051 551 autem
1081 491 1228 547 libris
1266 489 1454 545 crebra
1484 497 1567 544 est
1599 487 1697 540 ista

130 583 314 671 locutio
341 623 354 658 :
385 611 434 658 ct
462 599 584 656 ideo
612 595 822 669 quando
847 591 1176 647 subobscure
1210 588 1284 652 fit,
1310 603 1374 642 ex
1404 583 1700 639 manifestis

132 708 202 765 sui
232 698 437 773 generis
464 690 723 764 exemplis
752 685 1091 757 intelligenda
1122 693 1237 749 est;
1281 681 1417 736 sicut
1444 679 1547 734 hoc
1584 677 1702 732 loco

133 793 306 872 psalmi
351 788 508 857 hujus
535 801 690 857 quem
725 792 1008 837 tractamus
1029 821 1042 841 ,
1072 775 1401 832 subobscure
1433 772 1566 826 facta
1599 777 1698 824 est.

132 861 249 949 liam
281 885 322 940 si
364 881 634 936 diceretur
661 877 815 932 Jesus
853 874 1094 929 Christus
1119 911 1132 935 ,
1171 885 1264 923 rex
1292 868 1543 920 Virtutum
1577 861 1704 917 Jesu

133 979 334 1041 (Ihristi,
362 987 465 1028 tam
494 979 675 1040 aperta
696 975 838 1024 esset
862 982 1018 1036 quam
1048 963 1156 1028 illa,
1184 959 1328 1013 Fecit
1354 955 1553 1028 Moyses
1579 955 1707 1007 sicut

133 1068 350 1143 prmcepit
384 1064 629 1117 Dominus
666 1059 833 1131 Moysi
863 1074 880 1112 :
910 1057 1032 1127 quia
1061 1067 1186 1108 vero
1225 1051 1425 1106 dictum
1451 1056 1533 1104 est
1552 1091 1566 1115 ,
1595 1045 1708 1101 Rea:

134 1166 355 1218 virtutum
377 1154 582 1218 Dilecti,
613 1169 717 1207 non
748 1151 899 1206 facile
927 1158 1008 1204 est
1034 1155 1092 1202 ut
1115 1155 1362 1200 occurrat
1392 1145 1560 1212 ipsum
1587 1153 1708 1204 esse

133 1270 296 1326 regem
325 1253 578 1305 virtutum
598 1291 612 1314 ,
652 1245 740 1318 qui
769 1253 850 1301 est
880 1253 932 1298 et
961 1239 1214 1297 Dilectus.
1260 1237 1372 1293 Rex
1398 1250 1523 1306 ergo
1552 1235 1709 1288 virtu-

135 1357 226 1402 tum
253 1344 435 1399 Dilecti
457 1384 472 1410 ,
504 1342 581 1398 sie
623 1337 842 1408 intelligi
875 1341 1080 1407 potest,
1110 1347 1173 1388 ac
1209 1331 1251 1386 si
1283 1330 1582 1391 diceretur,
1615 1341 1708 1390 rex

133 1442 373 1496 Virtutum
409 1450 651 1494 suarum,
681 1432 800 1502 qttia
833 1440 884 1485 et
928 1429 1018 1482 rex
1049 1427 1300 1482 virtutum
1329 1431 1410 1478 est
1439 1420 1706 1485 Christus,

134 1545 181 1591 ct
206 1533 436 1588 Dilectus
464 1537 546 1584 est
576 1527 713 1582 idem
748 1527 859 1596 ipse
888 1523 1151 1578 Christus.
1199 1517 1451 1598 Quamvis
1480 1530 1586 1582 non
1616 1512 1712 1568 ha-

137 1627 247 1686 beat
290 1627 388 1680 iste
435 1637 625 1678 sensus
673 1628 873 1674 tantam
914 1613 1318 1675 necessitatem,
1350 1619 1408 1664 ιιι
1432 1607 1572 1663 aliud
1604 1620 1711 1660 non

135 1723 295 1776 t'aleat
324 1717 490 1786 accipi
525 1736 537 1770 :
577 1716 698 1785 quia
730 1722 782 1769 el.
813 1713 970 1766 l‘aler
1009 1716 1180 1780 potest
1220 1703 1442 1778 intelligi
1484 1717 1578 1757 rex
1607 1701 1714 1754 γίν-

134 1823 293 1870 ιιιιιιιιι
325 1809 442 1864 Filii
475 1807 554 1862 sui
582 1805 797 1871 dilecti,
829 1805 911 1858 cui
939 1803 1069 1857 dicit
1095 1801 1206 1871 ipse
1236 1799 1467 1854 Dilectus
1487 1839 1501 1861 ,
1529 1795 1713 1848 Omnia

132 1925 232 1962 mea
259 1916 342 1960 tua
385 1913 523 1967 smn,
574 1911 618 1956 et
668 1909 752 1954 tua
783 1915 892 1952 mea
937 1897 1114 1970 (Joan.
1141 1910 1280 1960 xrn,
1313 1891 1434 1960 10).
1483 1887 1633 1956 Quod
1668 1886 1714 1947 si

135 2000 257 2056 forte
284 1997 543 2070 qna'ritur
570 2002 744 2049 utrum
776 1991 914 2047 Deus
949 1987 1155 2043 Domini
1184 1986 1307 2042 Jesu
1336 1971 1528 2038 Christi
1558 1982 1716 2036 Pater

133 2094 282 2149 etiam
310 2106 400 2145 rex
435 2088 536 2142 dici
571 2085 770 2157 possit;
814 2082 995 2139 nescio
1023 2091 1203 2142 utrum
1224 2077 1499 2150 quisquam
1524 2073 1716 2130 audeat

136 2183 312 2240 hocab
342 2198 407 2237 ea
436 2196 631 2235 nomen
663 2176 902 2240 auferre,
937 2175 1026 2240 ubi
1063 2170 1350 2244 Apostolus
1389 2169 1515 2224 dicit
1546 2187 1559 2222 :
1591 2167 1717 2240 Regi

135 2291 289 2334 autem
316 2277 619 2333 stvrulorum
645 2270 939 2335 immortali,
972 2267 1235 2340 invisibili,
1256 2265 1352 2320 soli
1375 2263 1478 2317 Deo
1507 2260 1556 2337 (l
1579 2261 1713 2316 Tim.

133 2385 168 2437 ι,
194 2369 299 2442 17).
329 2368 464 2436 Quia
492 2367 590 2422 etsi
620 2365 720 2419 hoc
747 2363 812 2418 de
849 2364 958 2433 ipsa
989 2359 1250 2416 Trinitale
1277 2357 1480 2418 dictum,
1503 2363 1614 2419 est,
1647 2352 1718 2408 ibi

135 2471 209 2516 est
235 2470 287 2516 et
329 2462 470 2516 licus
498 2459 675 2513 Pater.
720 2455 774 2512 Si
807 2462 982 2509 autern
1012 2467 1118 2507 non
1149 2449 1436 2504 carnaliter
1465 2445 1717 2520 intelligi-

137 2572 246 2610 mus
267 2599 282 2623 ,
311 2555 448 2609 Deus
469 2597 484 2622 ,
508 2551 765 2626 judicium
793 2559 931 2602 tuum
959 2547 1065 2618 regi
1091 2545 1187 2610 da,
1217 2554 1262 2597 et
1294 2542 1548 2614 justitiam
1581 2551 1720 2594 tuam

136 2649 237 2718 ﬁlio
267 2650 396 2718 regis
431 2646 598 2721 (Psal.
627 2660 769 2712 LXXI,
791 2643 846 2712 9.)
875 2661 888 2709 ;
923 2625 1103 2707 nescio
1131 2647 1305 2692 utrum
1335 2635 1478 2690 aliud
1519 2630 1718 2708 aliquid

138 2739 331 2795 dictum
377 2749 459 2796 est
496 2753 676 2809 quam,
709 2735 842 2790 Filio
873 2745 981 2788 tuo.
1027 2733 1140 2786 ltcx
1181 2745 1307 2798 ergo
1349 2737 1432 2783 est
1462 2736 1514 2781 et
1541 2726 1718 2780 Pater.

137 2833 283 2890 Unde
314 2833 606 2888 versiculus
638 2829 734 2885 iste
765 2825 949 2897 psalmi
981 2824 1139 2895 hujus
1163 2865 1178 2889 ,
1208 2822 1319 2877 lica:
1356 2821 1594 2882 cii-tutum
1626 2814 1723 2869 Di-

136 2926 268 2991 lecti,
295 2934 522 2995 utroque
545 2921 704 2978 modo
732 2915 952 2990 intelligi
981 2925 1176 2989 potest.
1200 2915 1331 2976 Cum
1359 2912 1535 2982 itaque
1559 2910 1724 2972 dixis-

133 3028 251 3086 set,
300 3015 552 3072 Dominus
602 3015 740 3069 dabit
792 2997 1000 3066 verbum
1041 3007 1498 3086 evangelizantibus
1545 3005 1724 3058 virtute

134 3110 330 3173 multa;
362 3107 482 3180 quia
516 3107 628 3177 ipsa
656 3107 827 3160 virtus
857 3103 923 3159 ab
952 3118 1016 3157 eo
1047 3083 1266 3174 regitur,
1295 3099 1449 3169 eique
1479 3097 1670 3152 militat
1693 3110 1723 3150 a

137 3217 239 3273 quo
283 3201 459 3268 datur,
498 3199 633 3270 ipse,
681 3196 868 3273 inquit,
913 3192 1165 3256 Dominus
1208 3193 1295 3264 qui
1345 3192 1480 3244 dabit
1525 3189 1726 3244 verbum

139 3272 594 3365 cvangelizmttibus
641 3272 819 3342 virtute
862 3285 1044 3354 multa,
1090 3301 1180 3339 rex
1222 3291 1302 3342 est
1345 3282 1580 3337 virtutum
1623 3279 1720 3334 Di-

141 3383 266 3439 lecti.

211 3495 294 3552 l6.
329 3494 532 3552 Deinde
558 3494 796 3565 sequitur
820 3508 834 3546 :
862 3489 1087 3566 Dilecti,
1114 3498 1159 3550 et
1185 3488 1368 3562 speciei
1394 3489 1576 3548 damus
1599 3486 1727 3550 divis

145 3589 254 3646 dere
282 3591 474 3663 spolia.
510 3587 780 3668 Repetitio
804 3585 1035 3655 pertinet
1060 3581 1126 3642 ad
1153 3580 1674 3652 commendationem
1709 3597 1726 3636 :

141 3699 440 3756 quanquam
486 3682 644 3738 istam
699 3677 1073 3752 repetitionem
1129 3692 1240 3740 non,
1281 3689 1469 3740 omnes
1512 3672 1730 3733 codices

140 3775 406 3845 habeant,
437 3785 491 3838 et
519 3791 637 3838 cam
669 3772 1040 3847 diligentiores
1061 3769 1211 3834 stella
1242 3768 1482 3842 apposita
1514 3779 1728 3838 pramo-

139 3877 280 3937 tant,
322 3885 454 3942 qua:
494 3869 644 3942 signa
675 3874 932 3928 vocantur
970 3861 1250 3926 asterisci;
1293 3861 1485 3934 quibus
1513 3858 1732 3931 agnosci

139 3964 314 4019 volunt
354 3977 428 4024 ea
472 3977 579 4016 non
622 3975 740 4022 esse
786 3960 836 4024 in
882 3957 1326 4028 interpretatione
1362 3952 1729 4024 Septuaginta.

139 4055 228 4112 sed
256 4071 374 4114 esse
419 4054 474 4110 in
519 4053 758 4120 ltebrzco,
791 4066 909 4124 qua;
950 4049 1141 4114 talibus
1181 4048 1539 4122 insigniuntur
1569 4047 1729 4111 nolis.

146 4148 246 4207 Sed
286 4152 400 4208 sive
450 4157 758 4220 repetatur,
802 4145 916 4202 sive
973 4143 1138 4208 semel
1184 4142 1386 4204 dictum
1442 4141 1732 4210 accipiatur

147 4243 284 4316 quod
326 4242 562 4316 positum
602 4249 720 4307 est,
761 4235 948 4300 Dilecti
971 4255 988 4304 ;
1037 4235 1116 4291 sic
1156 4233 1560 4306 intelligendum
1605 4240 1734 4304 puto

149 4335 280 4406 quod
312 4334 556 4408 sequitur
577 4375 592 4399 ,
623 4342 668 4392 et
698 4329 880 4402 speciei
907 4328 1085 4384 domus
1111 4328 1333 4390 dividere
1367 4327 1532 4397 spolia
1553 4368 1567 4392 ,
1602 4340 1662 4381 ac
1688 4325 1736 4392 si

152 4423 444 4493 diceretur,
475 4423 658 4480 Dilecti
689 4423 850 4478 etiam
886 4421 1068 4490 speciei
1095 4421 1273 4482 damus
1299 4419 1518 4476 dividere
1546 4419 1736 4490 spolia,

151 4515 198 4570 id
225 4527 302 4572 est
323 4559 338 4585 ,
382 4516 569 4573 Dilecti
599 4515 761 4572 etiam
790 4514 855 4572 ad
883 4513 1168 4574 dividenda
1195 4512 1386 4583 spolia,
1428 4511 1738 4586 Speciosam

151 4609 336 4682 quippe
371 4609 614 4674 domum,
644 4605 695 4672 id
720 4614 803 4670 est
834 4605 1125 4673 Ecclesiatn
1151 4603 1395 4667 Christus
1423 4603 1565 4670 fecit,
1595 4603 1739 4668 diris.

152 4701 318 4758 dendo
353 4705 428 4760 illi
468 4700 674 4772 spolia;
715 4699 854 4756 sicut.
893 4699 1192 4774 speciosum
1225 4707 1307 4756 est
1330 4713 1528 4768 corpus
1555 4697 1740 4760 distri-t.

153 4793 360 4852 butione
383 4795 768 4850 membrorum.
790 4791 974 4864 Spolia
997 4805 1158 4862 porro
1174 4789 1422 4850 dicuntur
1442 4805 1560 4860 qua:
1582 4790 1738 4852 vietis

154 4887 388 4946 hostibus
415 4888 792 4948 detrahuntur.
837 4886 951 4944 lloc
989 4883 1116 4958 quid
1157 4885 1226 4946 sit
1257 4882 1606 4952 Evangelium
1639 4897 1741 4940 nos

156 4983 420 5050 admonet,
453 4982 539 5038 ubi
574 4981 801 5058 legimus
828 4997 843 5033 :
881 4977 1040 5034 Nemo
1066 4977 1222 5032 intrat
1251 4976 1306 5030 in
1329 4975 1536 5030 domum
1565 4975 1736 5046 fortis,

157 5085 205 5126 ut
253 5092 370 5132 vasa
422 5078 530 5145 ejus
585 5074 828 5144 diripiat,
877 5070 974 5124 nisi
1028 5068 1170 5140 prius
1221 5067 1503 5138 alligaverit
1557 5067 1742 5137 fortem

160 5165 363 5230 (.tlattlt.
398 5183 503 5227 xu,
534 5163 666 5234 9.9).
715 5160 965 5232 Alligarit
1009 5175 1138 5229 ergo
1183 5158 1450 5213 diabolum
1494 5157 1742 5216 Christus

159 5259 515 5325 spiritualibus
557 5255 816 5322 vinculis;
864 5253 1163 5323 superando
1202 5259 1466 5317 mortem,
1495 5259 1548 5308 et
1578 5265 1739 5322 super

159 5351 317 5403 oculos
357 5353 424 5410 ab
469 5347 652 5404 inieris
691 5345 1076 5402 ascendendo:
1121 5343 1356 5415 alligavit
1393 5357 1514 5398 eum
1556 5358 1737 5400 sacra-

163 5453 332 5498 mento
362 5439 744 5500 incarnationis
771 5453 910 5503 sum,
941 5437 1080 5508 quod
1110 5435 1238 5491 nihil
1283 5436 1333 5490 in
1365 5451 1432 5492 eo
1463 5437 1737 5507 reperiens

162 5545 324 5592 morte
354 5536 588 5606 dignum,
625 5543 799 5588 tamen
829 5541 908 5587 est.
935 5531 1227 5601 permissus
1255 5529 1500 5586 occidere
1526 5544 1541 5594 ;
1571 5544 1634 5585 ac
1661 5530 1740 5586 sic

161 5627 366 5698 alligato
409 5630 624 5685 abstulit
665 5637 910 5697 tanquam
942 5627 1108 5697 spolia
1139 5640 1262 5678 vasa
1298 5625 1432 5694 ejus.
1462 5623 1737 5693 Oper-aba-

164 5729 244 5778 tur
270 5725 462 5794 quippe
490 5726 541 5779 in
573 5723 697 5777 filiis
725 5720 1034 5776 diffidentia}
1065 5719 1277 5791 (Ep/tes.
1303 5735 1362 5785 Il,
1393 5718 1472 5789 ‘2),
1510 5733 1737 5789 quorum

163 5812 465 5873 inﬁdelitate
500 5815 748 5870 utebatur
776 5812 842 5869 ad
884 5814 1207 5869 voluntatem
1250 5827 1421 5868 suam.
1451 5810 1578 5867 llaec
1611 5825 1740 5868 vasa

161 5905 413 5962 Dominus
441 5905 705 5964 mundatis
729 5904 1045 5963 remissione
1068 5911 1431 5974 peccatorum,
1464 5902 1579 5958 haec
1605 5916 1736 5973 spo—

3288 371 3392 427 892

1810 485 1878 538 lia
1911 487 2245 543 sanetitieans
2275 489 2410 552 hosti
2435 501 2617 559 erepta
2652 502 2914 562 prodi-ato
2958 507 3114 568 atque
3154 503 3390 572 alligato,

1809 578 1987 634 divisit
2028 597 2086 636 ca
2115 584 2308 652 Speciei
2335 584 2524 644 domus
2555 603 2665 642 sua:
2691 606 2704 654 ;
2745 591 2878 645 alios
2904 596 3237 658 constituens
3264 613 3391 668 apo-

1809 673 1994 736 stolos,
2025 675 2156 730 alios
2193 680 2512 748 prophetas,
2542 681 2674 736 alios
2702 694 2943 753 pastores
2982 697 3032 742 et
3061 689 3309 748 doctores
3338 694 3392 756 in

1811 778 1945 832 Opus
1990 767 2308 835 ministerii,
2361 771 2412 824 itt
2459 773 2865 831 anlilicationem
2913 783 3154 848 corporis
3199 783 3394 840 Christi

1814 856 2028 932 (Ep/tes.
2049 878 2117 926 tv,
2142 863 2162 916 1
2182 863 2224 922 Ι,
2254 862 2363 936 l9).
2386 865 2529 921 Sicut
2547 868 2678 920 enim
2697 886 2848 926 unum
2867 889 3047 942 corpus
3062 885 3156 940 est,
3179 884 3223 928 et
3242 893 3398 930 utent-

1814 947 1908 1014 bra
1947 953 2106 1006 multa
2135 953 2281 1012 habet
2302 974 2320 1020 ;
2350 959 2519 1020 omnia
2557 971 2723 1014 autem
2769 963 2988 1016 membra
3026 969 3250 1038 corporis
3284 985 3399 1024 cum

1813 1044 1912 1098 sint
1940 1046 2119 1110 multa,
2155 1065 2306 1104 unum
2337 1062 2406 1106 est
2433 1070 2616 1124 corpus
2642 1070 2661 1109 :
2689 1056 2760 1109 sic
2784 1066 2830 1110 et
2854 1056 3102 1114 Christus.
3136 1060 3400 1132 Numquid

1815 1155 1986 1194 omnes
2024 1143 2284 1212 apostoli?
2328 1147 2572 1218 numquid
2611 1165 2781 1204 omnes
2820 1152 3118 1222 prapltcttv?
3161 1157 3401 1226 numquid

1817 1246 1987 1284 omnes
2031 1235 2270 1290 virtutes?
2314 1239 2556 1309 numquid
2598 1257 2767 1296 omnes
2795 1243 2928 1296 dona
2968 1244 3147 1300 habent
3175 1249 3400 1306 cur/ttio-

1819 1321 1992 1376 num?
2041 1327 2284 1396 numquid
2333 1345 2504 1384 omnes
2553 1330 2744 1403 linguis
2793 1334 3111 1404 loquuntur?
3157 1341 3403 1410 numquid

1818 1429 1988 1470 omnes
2016 1417 2448 1490 interpretantm'?
2481 1423 2664 1479 Omnia
2690 1436 2852 1481 autem
2882 1429 2988 1482 Ita'c
3016 1443 3251 1501 aperatttr
3276 1453 3404 1498 unus

1819 1519 1968 1588 atque
1997 1511 2128 1566 idem
2157 1513 2384 1584 Spiritus
2406 1560 2420 1585 ,
2467 1519 2693 1574 dividens
2727 1523 2934 1592 propria
2963 1525 3231 1598 unicuique
3258 1541 3406 1598 prout

1817 1605 1922 1656 vult
1949 1603 2002 1670 (1
2029 1603 2146 1659 Cor.
2176 1623 2282 1684 xu,
2309 1608 2410 1676 12,
2431 1609 2537 1678 ‘29,
2567 1612 2667 1680 50,
2699 1614 2756 1668 ll
2785 1614 2824 1684 ).
2859 1616 2925 1674 Et
2956 1615 3070 1671 lia-0
3093 1629 3168 1674 est
3199 1622 3409 1690 species

1819 1694 2044 1764 donms,
2079 1698 2163 1754 cui
2195 1701 2361 1770 spolia
2405 1702 2740 1771 dividuntur;
2790 1715 2847 1764 ιιι
2895 1716 3100 1764 amator
3145 1710 3265 1782 ejus
3310 1712 3409 1776 hac

1823 1791 2216 1874 pulchritudine
2242 1810 2497 1859 accensus
2523 1799 2784 1856 exclamet
2818 1819 2830 1855 :
2857 1801 3106 1872 Domine,
3136 1807 3294 1868 dilexi
3319 1810 3410 1870 de.

1821 1900 1986 1946 carem
2018 1887 2198 1944 dntuus
2223 1900 2321 1945 tute
2345 1890 2513 1964 (Psal.
2540 1909 2669 1962 xxv,
2699 1894 2776 1970 8).

1896 1979 1980 2031 17.
2017 1977 2166 2055 [vers
2197 1980 2316 2055 14.1
2335 1983 2452 2039 Jam
2483 1985 2533 2039 in
2562 2002 2626 2050 co
2655 1988 2798 2058 quod
2822 1991 3083 2066 sequitur,
3115 2009 3174 2050 se
3199 1995 3268 2056 ad
3295 1997 3407 2067 ipsa

1823 2073 2060 2142 membra
2087 2116 2110 2142 ,π
2145 2076 2222 2131 de.
2259 2079 2450 2147 quibus
2483 2079 2540 2134 fit
2584 2084 2794 2151 species.
2833 2085 3058 2156 dormis,
3093 2090 3412 2162 alloquenda

1825 2167 2091 2220 convertit
2113 2208 2128 2234 ,
2175 2169 2360 2225 dicens
2404 2189 2416 2225 :
2451 2171 2513 2226 Si
2553 2173 2814 2232 dormiatis
2845 2177 2974 2235 inter
3010 2183 3198 2248 medios
3226 2184 3410 2253 cleros.

1825 2273 2004 2328 penna:
2030 2260 2274 2315 columba:
2299 2263 2638 2335 deargcntata:
2657 2309 2671 2335 ,
2715 2279 2760 2322 ct
2790 2270 2918 2326 inter
2953 2276 3194 2346 scapulas
3219 2278 3332 2348 ejus
3358 2280 3412 2340 in

1824 2351 2079 2406 viriditate
2108 2355 2242 2416 auri.
2291 2355 2445 2411 Prius
2476 2358 2561 2414 hic
2599 2363 2919 2431 qutcrendus
2947 2377 3028 2424 est
3053 2369 3188 2431 ordo
3218 2373 3412 2434 verbm

1827 2457 1944 2497 rum
1976 2447 2245 2523 quomodo
2272 2446 2483 2506 finiatur
2509 2453 2810 2522 sententia;
2840 2471 2959 2527 qua:
2985 2459 3168 2530 utique
3195 2463 3412 2532 pandet.

1827 2553 1946 2591 eum
1976 2537 2202 2606 dicitur,
2233 2539 2295 2595 Si
2322 2543 2585 2603 dornaiatis
2622 2562 2641 2601 :
2679 2546 2877 2610 deinde
2911 2552 3052 2621 quod
3089 2554 3195 2622 ait,
3239 2573 3418 2626 patum

1829 2630 2071 2684 columba:
2100 2632 2437 2704 dcm‘gettlttltt.’
2456 2679 2469 2703 ,
2500 2645 2677 2697 utrum
2708 2641 2964 2714 singulari
2991 2660 3216 2702 numero
3252 2647 3416 2712 intelc.

1831 2719 2096 2793 ligendum
2127 2736 2238 2790 est,
2273 2727 2432 2796 hujus
2463 2743 2688 2799 penna);
2734 2748 2801 2795 an
2830 2735 3037 2805 plurali,
3084 2737 3167 2794 ha)
3207 2756 3416 2810 patrate.

1829 2809 1934 2867 Sed
1963 2813 2284 2883 singularem
2315 2834 2593 2876 numerum
2619 2838 2826 2896 grtccus
2851 2828 3102 2898 excludit,
3131 2809 3218 2888 ubi
3247 2837 3420 2898 οηιιιίς

1831 2918 1900 2958 no
1931 2904 2206 2978 pluraliter
2235 2909 2334 2965 hoc
2368 2913 2596 2981 positum
2638 2915 2848 2988 legitur.
2894 2919 2998 2974 Sed
3027 2924 3200 2980 adhuc
3241 2927 3419 2991 ineerq

1830 3006 1941 3104 tum
1974 3010 2054 3057 est
2081 3012 2253 3059 utrtnn
2276 3048 2290 3069 ,
2320 3005 2402 3060 hac
2433 3024 2658 3078 penna};
2697 3027 2795 3080 an,
2828 3029 2860 3066 ο
2891 3030 2988 3070 ros
3011 3033 3199 3087 pomuc
3220 3063 3236 3089 ,
3269 3032 3324 3082 ut
3352 3024 3420 3083 ad

1831 3099 1973 3162 ipsas
2014 3109 2214 3164 pennas
2256 3099 2402 3170 loqui.
2430 3101 2689 3160 rideatur.
2721 3104 2912 3166 Utrum
2941 3124 3070 3180 ergo
3099 3115 3278 3174 verbis
3301 3133 3422 3189 qua:

1832 3198 2222 3254 prreecsserttnt
2259 3189 2472 3250 finiatur
2499 3193 2597 3250 ista
2623 3198 2885 3256 sententia
2909 3241 2922 3262 ,
2947 3211 3004 3256 ut
3039 3203 3176 3267 ordo
3197 3206 3284 3273 sit,
3313 3207 3424 3264 Dos

1831 3278 1997 3370 minus
2028 3280 2166 3334 dabit
2209 3283 2418 3342 verbum
2453 3289 2910 3359 etwngeliwttibus
2937 3295 3118 3354 virtute
3157 3300 3335 3370 multa,
3374 3306 3422 3358 si

1832 3368 2096 3426 dormiatis
2138 3373 2270 3439 inter
2311 3378 2501 3438 medios
2540 3380 2724 3452 clerosl
2766 3399 2798 3438 ο
2827 3401 2924 3446 ros,
2965 3406 3143 3459 pennae
3180 3368 3424 3451 columba

1832 3462 2211 3556 deargentatw;
2239 3484 2308 3532 an
2345 3470 2428 3536 his
2453 3488 2571 3542 qua:
2601 3485 2927 3547 sequuntur,
2960 3457 3020 3540 ut
3053 3483 3192 3539 ordo
3222 3487 3319 3556 sit,
3360 3457 3426 3544 Si

1833 3555 2099 3613 dormiatis
2119 3560 2248 3614 inter
2272 3563 2461 3626 medios
2488 3564 2670 3640 aletes,
2704 3586 2883 3642 petente
2909 3574 3158 3631 columba}.
3178 3555 3424 3649 deat-gen.

1838 3657 1958 3710 tata:
1986 3652 2098 3705 nive
2122 3653 2486 3716 dea/babuutur
2507 3657 2558 3712 in
2586 3659 2796 3722 Seltnon
2818 3679 2837 3724 :
2864 3663 2913 3722 id
2945 3675 3046 3731 est,
3079 3667 3210 3737 ipsm
3237 3685 3427 3739 penna:

1837 3740 2257 3809 dealhabtmtnr,
2289 3747 2334 3810 si
2379 3746 2655 3809 dormiatis
2693 3753 2834 3823 inter
2878 3757 3083 3816 medios
3128 3760 3338 3822 cleros:
3368 3773 3428 3822 ut

1838 3835 1941 3891 illis
1974 3837 2073 3892 hoc
2103 3836 2288 3896 dicere
2331 3839 2680 3916 intelligatur,
2724 3847 2815 3917 qui
2855 3849 3052 3917 speciei
3081 3849 3272 3910 domus
3303 3863 3426 3911 tan-

1837 3948 1993 4004 quam
2026 3933 2192 4008 spolia
2223 3934 2574 4006 dividuntur;
2629 3939 2681 3996 id
2720 3951 2828 4010 est,
2867 3943 2922 4000 Si
2964 3944 3239 4005 dormiatis
3287 3951 3427 4007 inter.

1837 4026 2044 4084 medios
2085 4027 2258 4084 cleros
2282 4071 2298 4096 ,
2328 4046 2362 4089 0
2388 4045 2484 4087 vos
2515 4034 2606 4102 qui
2634 4033 2930 4095 dividimini
2972 4039 3169 4107 speciei
3209 4041 3421 4109 donius,

1839 4135 1934 4191 per
1978 4121 2462 4188 mattifestatiouem
2507 4122 2740 4196 Spiritus
2784 4129 2850 4186 ad
2897 4130 3197 4200 utilitatem,
3244 4144 3302 4190 ut
3338 4137 3430 4201 alii

1841 4213 2053 4287 quidem
2076 4213 2231 4272 detur
2254 4232 2348 4287 per
2373 4217 2630 4290 Spiritum
2665 4236 2844 4280 sermo
2869 4226 3162 4294 sapientia,
3193 4229 3281 4283 alii
3315 4245 3431 4285 ser-

1841 4322 1929 4363 mo
1957 4308 2198 4374 scicntim
2231 4311 2522 4380 secundum
2559 4315 2804 4377 eumdem
2835 4318 3091 4388 Spiritum
3111 4363 3127 4390 ,
3155 4322 3242 4376 alii
3272 4323 3427 4394 fidos,

1841 4403 1934 4460 alii
1971 4419 2167 4478 genera
2206 4407 2542 4470 curationum
2583 4409 2636 4468 in
2663 4409 2850 4466 eodem
2893 4411 3125 4483 Spiritu,
3155 4427 3208 4471 et
3235 4427 3430 4474 caetera

1844 4494 1894 4569 (ι
1923 4494 2044 4558 Car.
2068 4513 2166 4568 xu,
2189 4497 2241 4565 7,
2268 4496 2325 4573 9)
2351 4518 2365 4556 :
2394 4501 2440 4562 si
2465 4517 2594 4573 ergo
2622 4518 2718 4558 vos
2756 4504 3030 4562 dormiatis
3063 4508 3201 4565 inter
3224 4487 3431 4569 medios-

1843 4590 2049 4656 cleros,
2079 4601 2204 4645 tunc
2232 4606 2422 4660 penam
2450 4594 2711 4653 columine
2738 4596 3095 4669 deargentata:
3135 4603 3254 4657 nive
3281 4603 3430 4658 deal-

1844 4681 2110 4746 babunlur
2149 4683 2204 4746 in
2249 4684 2486 4750 Selmon.
2533 4688 2718 4744 Potest
2744 4698 2797 4745 et
2839 4692 2956 4746 sic:
2991 4692 3054 4748 Si
3093 4710 3212 4761 vos,
3255 4714 3434 4766 pennae

1843 4776 2089 4840 columba:
2128 4777 2500 4848 dcmrgetttutw,
2533 4780 2800 4842 dormiatis
2843 4784 2972 4838 inter
3015 4787 3204 4842 medios
3247 4789 3428 4856 cleros,

1843 4869 1954 4934 nive
1982 4868 2351 4932 dealbubuntur
2389 4871 2445 4930 in
2473 4871 2702 4938 Seltnon,
2746 4883 2803 4928 ut
2837 4875 3302 4949 subintelligantur
3331 4884 3432 4936 ho-

1843 4962 2037 5027 mines,
2066 4962 2154 5031 qui
2185 4977 2282 5032 per
2303 4963 2526 5034 gratiam
2554 4967 2924 5023 remissionem
2947 4973 3211 5040 accipiunt
3239 4989 3434 5044 pecea-

1844 5063 2040 5112 toruut.
2082 5054 2234 5114 Unde
2261 5057 2422 5116 etiam
2459 5057 2531 5114 do
2570 5059 2682 5130 ipsa
2714 5061 2951 5118 Ecclesia
2989 5066 3180 5121 dicitur
3210 5067 3262 5122 in
3290 5070 3432 5124 Cau-

1847 5147 1951 5201 tico
1977 5147 2306 5203 canticorum
2336 5167 2348 5201 :
2383 5147 2507 5213 Qum
2549 5159 2621 5205 est
2659 5153 2760 5208 ista
2793 5171 2905 5224 qum
2939 5159 3160 5210 ascendit
3198 5159 3434 5215 dealbata

1850 5241 2017 5316 (Cant.
2051 5259 2126 5306 nt.
2158 5243 2209 5306 6,
2238 5259 2340 5298 sec.
2368 5243 2580 5316 LXX)?
2625 5245 2911 5303 l-‘romissio
2941 5252 3137 5320 quippe
3165 5251 3253 5306 Dei
3289 5265 3434 5309 tene-

1848 5344 1953 5403 tur,
1977 5351 2069 5405 per
2096 5335 2416 5406 Prophelam
2446 5338 2673 5394 dicentis
2700 5359 2714 5394 :
2740 5339 2801 5394 Si
2827 5343 3010 5412 fuerint
3042 5353 3242 5411 peccata
3270 5354 3434 5399 vestra

1848 5436 2086 5498 tanquam
2111 5429 2432 5497 p.'twnicinm,
2457 5431 2582 5485 sicut
2610 5432 2774 5488 nivem
2798 5431 3040 5486 dealbabo
3064 5431 3212 5502 (lsai.
3241 5451 3278 5500 ι,
3305 5437 3436 5505 18)?

1846 5520 2030 5576 Potest
2078 5531 2130 5576 et
2173 5522 2252 5576 sic
2296 5522 2540 5593 intelligi,
2585 5533 2645 5578 ut
2693 5523 2746 5578 in
2787 5539 2854 5579 eo
2898 5528 3040 5593 quod
3088 5526 3286 5583 dictum
3331 5540 3434 5597 est,

1849 5631 2030 5686 penna:
2068 5614 2312 5670 columba:
2341 5617 2696 5689 dcargentatcc,
2741 5617 3108 5689 su'baudiatur,
3142 5623 3331 5691 eritis;
3379 5636 3439 5682 ut

1848 5708 1947 5764 iSte
1985 5708 2053 5763 sit
2092 5723 2282 5766 sensus
2323 5728 2337 5765 :
2381 5709 2424 5767 Ο
2463 5725 2557 5765 vos
2598 5709 2688 5781 qui
2730 5721 2987 5783 tanquam
3029 5714 3200 5785 spolia
3238 5719 3441 5788 speciei

1847 5807 2039 5865 domus
2078 5807 2396 5874 dividimini,
2427 5807 2473 5864 si
2510 5805 2789 5865 dormiatis
2816 5807 2958 5867 inter
2998 5810 3206 5869 medios
3234 5812 3436 5883 cleros,

1851 5918 2042 5974 penna:
2063 5902 2321 5958 columbae
2345 5901 2701 5973 deargeutatae
2735 5905 2921 5972 eritis;
2954 5905 3007 5961 id
3038 5913 3138 5977 est,
3169 5907 3222 5963 in
3250 5910 3437 5965 altiora
