3912 6502
482 363 600 419 823

490 475 853 541 elevabimim,
882 463 1181 542 compagini
1209 476 1384 523 tamen
1422 464 1678 521 Ecclesia:
1715 460 2071 517 colu-rentes.

492 569 704 624 Nullam
727 566 921 637 quippe
949 563 1103 616 aliam
1148 559 1338 614 melius
1368 556 1451 611 hic
1476 555 1697 624 intelligi
1728 562 1852 623 puto
1876 550 2080 605 colum-

495 657 615 717 bam
660 658 1055 726 deargentatam
1079 695 1093 719 ,
1124 668 1283 721 quam
1314 650 1458 703 illam
1503 648 1569 702 de
1596 662 1696 715 qua
1728 644 1925 697 dictum
1956 649 2035 695 est
2062 658 2075 693 :

500 754 617 811 Una
646 761 716 807 est
743 748 972 804 colmnt'm
1013 763 1122 799 mea
1155 743 1333 818 (Cant.
1366 758 1447 807 vt,
1480 739 1570 813 8).
1605 740 1952 807 Deargcntata
1997 741 2081 788 cst

501 855 713 908 autem,
762 842 882 913 quia
931 839 1124 894 divinis
1167 835 1391 906 eloquiis
1434 843 1516 889 est
1559 832 1764 886 erudita
1813 848 1826 882 :
1869 825 2078 895 eloquia

493 952 723 1007 namque
752 933 958 989 Domini
985 933 1090 987 aiio
1117 931 1233 985 loco
1260 929 1513 984 dicuntur
1537 936 1795 997 argentum
1818 923 1934 993 igne
1958 935 2081 973 exa-

490 1032 736 1085 minatum
767 1037 930 1089 terrm,
979 1033 1248 1095 purgatum
1294 1019 1578 1090 septuplum
1622 1014 1809 1086 (Psnl.
1853 1028 1941 1077 st,
1981 1011 2075 1080 7).

466 1122 741 1199 lMaguum
794 1120 972 1187 itaque
1016 1114 1228 1185 aliqum]
1274 1114 1471 1167 bomun
1513 1119 1614 1171 est,
1659 1107 1895 1161 dormire
1940 1104 2079 1158 inter

493 1213 698 1268 medios
745 1211 917 1267 cleros
950 1228 964 1263 :
993 1223 1111 1279 qua:
1153 1205 1391 1260 nommlli
1421 1204 1529 1258 duo
1569 1202 1911 1256 Testamenta
1956 1209 2079 1250 esse

491 1307 810 1368 voluerunt;
859 1311 917 1356 ut
960 1300 1193 1355 dormire
1235 1300 1303 1353 sit
1347 1296 1484 1351 inter
1533 1292 1739 1349 medios
1780 1290 1993 1354 cleros,
2025 1287 2077 1341 in

492 1415 678 1455 eorum
727 1397 1188 1453 Testamentorum
1238 1390 1553 1445 auctoritate
1602 1385 1977 1457 requiescere;
2026 1380 2078 1436 id

494 1504 613 1558 est,
658 1493 932 1560 utriusque
977 1486 1305 1542 Testameuti
1355 1482 1671 1538 testimoniis
1717 1478 2078 1549 acquiescere,

495 1599 556 1645 ut
585 1587 798 1659 quando
827 1583 1024 1654 aliquid
1053 1597 1117 1636 ex
1151 1580 1235 1633 bis
1262 1576 1529 1648 profertur
1555 1586 1609 1629 ct
1641 1573 1928 1642 probatur,
1960 1585 2079 1623 out-

500 1681 587 1734 nis
613 1676 885 1734 contentio
917 1674 1131 1744 pacifica
1162 1670 1337 1740 quiete
1364 1667 1593 1722 finiatur.
1624 1664 1774 1730 Quod
1802 1663 1845 1716 si
1878 1662 1946 1715 ita
1975 1670 2078 1724 est,

497 1769 625 1841 quid
657 1768 796 1822 aliud
844 1764 1117 1819 admoneri
1148 1763 1392 1815 videntur
1431 1757 1856 1826 cvangelizautes
1890 1754 2083 1808 virtute

497 1863 688 1921 multa.
734 1859 835 1914 nisi
872 1860 992 1928 quia
1038 1865 1163 1911 tunc
1207 1855 1284 1909 cis
1315 1853 1566 1907 Dominus
1592 1851 1740 1904 dabit
1779 1849 1997 1904 verluun
2027 1855 2084 1901 ut

500 1954 869 2026 cvangelizare
893 1950 1115 2021 possint.
1136 1948 1179 2002 si
1204 1946 1468 2000 dormiant
1490 1947 1628 1998 inter
1648 1942 1850 1996 medios
1874 1939 2086 1995 cleros?

501 2049 651 2104 Tum:
697 2047 838 2101 enim
883 2046 961 2099 eis
986 2043 1201 2096 verbum
1229 2041 1467 2095 veritatis
1496 2038 1672 2102 datur,
1712 2036 1754 2088 si
1798 2036 2087 2088 auctoritas

498 2139 567 2193 ab
595 2139 672 2194 eis
698 2136 922 2191 duorum
949 2134 1413 2188 Testamenturum
1460 2147 1565 2184 non
1608 2128 1937 2197 relinquatur
1970 2144 1984 2177 :
2028 2134 2086 2178 ut

499 2232 600 2300 ipsi
646 2230 754 2284 sint
798 2238 851 2283 et
901 2242 1085 2296 penna:
1129 2226 1386 2279 columba:
1434 2222 1811 2290 deargrulatae.
1859 2233 2085 2289 quorum

503 2320 885 2394 prmdicatiotie
912 2320 963 2372 in
991 2320 1183 2374 cmlum
1216 2316 1381 2385 gloria
1415 2315 1582 2369 fertur
1606 2314 1878 2369 Emit-size.

576 2415 661 2470 i8.
708 2412 850 2467 inter
888 2412 1127 2480 scapulas
1170 2420 1344 2463 autem
1376 2425 1388 2459 :
1425 2423 1545 2475 pars
1571 2416 1653 2460 est
1683 2407 1865 2475 utique
1893 2419 2088 2474 corpo-

500 2506 615 2571 ris;
662 2520 783 2573 pars
826 2515 907 2557 est
937 2502 1074 2554 circa
1107 2500 1375 2569 regionem
1406 2498 1580 2552 cordis
1602 2539 1614 2561 ,
1648 2512 1675 2548 a
1710 2497 2092 2565 posterioribus

502 2607 684 2654 tamen
705 2638 720 2661 ,
751 2595 799 2648 id
830 2604 911 2649 est
935 2608 967 2648 a
990 2594 1150 2647 dorso
1174 2611 1186 2646 :
1214 2607 1371 2661 quam
1395 2592 1653 2645 columine
1675 2592 1811 2645 illius
1834 2590 2092 2661 deargeu-

504 2701 630 2748 tata!
674 2699 876 2761 partem
922 2690 972 2742 in
1017 2688 1279 2742 viriditate
1318 2687 1432 2740 auri
1468 2702 1585 2739 esse
1612 2686 1772 2751 dicit,
1802 2685 1903 2739 huc
1929 2695 2010 2739 est
2040 2687 2091 2741 in

505 2780 686 2855 vigere
729 2782 1040 2852 sapientiae;
1084 2796 1239 2851 quem
1280 2781 1515 2849 vigorem
1548 2780 1563 2809 ¹
1607 2779 1794 2833 melius
1833 2794 1936 2833 non
1967 2788 2094 2847 puto

505 2876 725 2945 intelligi
766 2890 921 2945 posse
958 2889 1114 2942 quam
1143 2872 1476 2927 cbarilatem.
1508 2871 1610 2926 Sed
1639 2888 1803 2940 quare
1831 2888 1859 2924 a
1892 2870 2052 2924 dorso
2073 2912 2092 2939 ,

506 2980 562 3027 ct
585 2986 689 3025 non
714 2986 743 3023 a
771 2967 1025 3038 pectore?
1053 2966 1360 3035 Quanquam
1389 2965 1551 3018 mirer
1569 2963 1838 3034 quomodo
1862 2965 2089 3033 positum

508 3062 576 3118 sit
621 3061 722 3116 hoc
764 3059 983 3114 verbum
1027 3059 1081 3111 in
1120 3059 1224 3111 alio
1269 3058 1509 3127 psalmo,
1553 3056 1643 3110 ubi
1678 3056 1906 3122 dicitur,
1952 3055 2097 3111 Inter

507 3154 747 3225 scapulas
780 3168 902 3206 snas
933 3149 1243 3204 obumbrabit
1272 3149 1391 3215 tibi,
1422 3159 1467 3202 et
1494 3148 1584 3203 sub
1615 3149 1711 3202 alis
1740 3150 1849 3217 ejus
1873 3148 2097 3217 sperabis

509 3245 680 3317 (Psal.
729 3260 830 3305 xc.
862 3243 919 3314 4)
944 3285 959 3308 ,
1000 3257 1121 3296 cum
1156 3241 1254 3295 sub
1282 3241 1381 3295 alis
1408 3240 1739 3294 obrumbrari
1770 3258 1874 3294 non
1910 3241 2095 3309 possit,

510 3338 613 3392 nisi
640 3336 780 3406 quod
808 3351 835 3386 a
868 3343 1082 3403 pectore
1113 3333 1288 3387 fuerit.
1323 3332 1389 3386 Et
1418 3331 1577 3385 latine
1602 3332 1813 3398 quidem
1838 3333 1967 3386 inter
1987 3350 2099 3387 sca-

510 3427 660 3500 pulas
688 3428 909 3480 fortasse
935 3425 1111 3494 aliquo
1136 3423 1293 3479 modo
1322 3439 1385 3478 cx
1417 3433 1637 3493 utraque
1660 3435 1804 3492 parte
1829 3425 1991 3493 pnssit
2019 3426 2099 3478 ir.-

512 3521 673 3591 telligi
699 3561 712 3585 ,
744 3528 798 3573 et
826 3527 948 3573 ante
971 3560 987 3582 ,
1020 3526 1073 3573 et
1102 3525 1220 3587 post
1246 3534 1260 3581 ;
1291 3525 1349 3570 ιιι
1374 3516 1618 3587 scapulas
1639 3518 1961 3587 accipiamus
1979 3534 2099 3588 qua:

508 3614 566 3670 in
614 3613 789 3667 medio
830 3619 986 3681 caput
1031 3612 1226 3666 habent
1268 3629 1282 3664 :
1328 3620 1380 3665 ct
1420 3610 1473 3665 in
1516 3610 1728 3665 hebneo
1762 3613 1829 3666 sit
1858 3610 2100 3668 fortassis

509 3706 813 3775 ambiguum
839 3746 853 3770 ,
900 3704 1041 3775 quod
1084 3704 1250 3773 possit
1288 3712 1339 3758 et
1384 3701 1484 3757 hoc
1524 3702 1682 3757 modo
1724 3704 1975 3774 intelligi;
2005 3704 2099 3759 sed

510 3800 650 3872 quod
692 3801 745 3854 in
783 3815 957 3870 grmco
990 3806 1073 3853 cst
1097 3804 1392 3870 μετάφρινα,
1422 3796 1629 3850 nonnisi
1657 3812 1686 3850 a
1719 3797 2101 3866 posterim-ibus

450 3910 481 3943 λ,
510 3892 803 3963 significat,
845 3890 984 3958 quod
1027 3898 1108 3941 est
1151 3889 1278 3942 inter
1310 3888 1566 3957 scapulas.
1602 3886 1789 3942 Utrum
1824 3897 2101 3957 propterea

511 3984 584 4040 ibi
606 3992 687 4038 est
712 3982 824 4036 auri
849 3980 1087 4034 viriditas
1112 4022 1126 4044 ,
1152 3979 1200 4033 id
1224 3989 1305 4033 est
1330 3979 1587 4047 sapientia
1615 3986 1670 4034 et
1688 3978 1921 4033 cbaritas
1942 4023 1953 4039 .
1977 3981 2099 4050 quia

510 4074 584 4130 ibi
627 4084 749 4127 sunt
787 4070 1178 4139 quodammodo
1214 4069 1421 4125 radices
1463 4070 1712 4133 alarum;
1753 4086 1820 4123 an
1865 4072 1988 4139 quia
2029 4071 2098 4125 ibi

511 4174 754 4237 portatur
796 4165 879 4218 illa
918 4164 1123 4217 sarcina
1165 4162 1295 4217 levis
1321 4162 1345 4215 ?
1374 4162 1507 4228 Quid
1535 4162 1677 4215 enim
1707 4171 1832 4216 sunt
1856 4163 1939 4216 vel
1973 4163 2103 4232 ipsa:

510 4256 612 4312 ala:
634 4297 649 4320 ,
678 4256 777 4310 nisi
808 4254 912 4307 duo
945 4261 1201 4322 prurcepta
1224 4252 1530 4317 charitalis,
1563 4252 1613 4305 in
1645 4252 1837 4321 quibus
1860 4261 1963 4306 tota
1992 4252 2101 4308 Lex

512 4349 711 4422 pendet
734 4359 788 4402 et
814 4347 1089 4418 l’mphetze
1118 4347 1325 4421 (.ilull/t.
1356 4363 1463 4402 χχιι
1489 4388 1504 4411 ,
1530 4348 1666 4417 40)?
1695 4348 1827 4416 Quid
1851 4351 1960 4417 ipsa
1983 4365 2100 4403 sar-

513 4443 632 4498 cina
664 4441 825 4503 levis,
860 4440 958 4494 nisi
992 4440 1101 4508 ipsa
1129 4439 1360 4494 charitas
1389 4454 1504 4507 qum
1534 4422 1584 4492 in
1615 4437 1698 4494 his
1723 4439 1931 4493 duobus
1960 4456 2099 4509 pne-

513 4534 683 4604 ceptis
706 4533 995 4603 impletur?
1023 4532 1282 4601 Quidquid
1310 4532 1451 4585 enim
1473 4530 1686 4585 difficile
1712 4538 1795 4584 est
1825 4532 1873 4583 in
1901 4547 2102 4601 praece-

514 4634 608 4696 pto
631 4667 647 4690 ,
693 4625 809 4679 leve
846 4633 929 4677 est
968 4622 1187 4676 amanti.
1221 4622 1330 4676 Nec
1355 4621 1424 4675 ob
1449 4621 1589 4674 aliud
1620 4632 1762 4675 recte
1789 4622 2102 4693 intelligitur

515 4716 749 4778 dictum,
795 4712 936 4767 Onus
980 4730 1141 4766 meum
1185 4713 1286 4767 leve
1321 4723 1395 4767 est
1424 4712 1531 4787 (Id.
1571 4729 1621 4767 xl
1646 4756 1660 4778 ,
1695 4715 1820 4785 50);
1855 4717 1952 4769 nisi
1980 4718 2101 4784 quia

514 4806 606 4863 dat
646 4805 897 4874 Spiritum
928 4813 1198 4868 sanctam,
1232 4820 1324 4874 per
1351 4820 1508 4873 quem
1538 4804 1848 4860 diffunditur
1871 4806 2102 4864 charitas

514 4902 568 4957 in
591 4901 841 4957 cordibus
868 4900 1060 4953 tio-tris
1091 4899 1262 4963 (Rom.
1287 4914 1318 4951 v
1337 4941 1350 4962 ,
1377 4899 1467 4967 5),
1491 4907 1548 4952 ut
1567 4898 1793 4954 amando
1815 4900 2105 4958 liberaliter

515 4992 808 5056 faciamus,
852 4992 991 5061 quod
1036 4992 1269 5046 timendo
1309 4992 1394 5061 qui
1438 4991 1599 5058 facit,
1645 4993 1906 5047 serviliter
1932 4993 2100 5049 facit:

513 5100 614 5141 nec
651 5094 733 5140 est
767 5085 967 5138 amicus
999 5083 1164 5150 recti,
1191 5082 1400 5154 quando
1425 5082 1635 5150 mallet,
1668 5084 1711 5137 si
1743 5084 1856 5139 fieri
1886 5093 2098 5155 posset,

514 5175 568 5232 id
594 5175 734 5246 quod
764 5184 964 5229 rectum
994 5182 1076 5229 est
1103 5190 1206 5229 non
1230 5174 1427 5244 jnberi.

589 5269 673 5324 19.
720 5267 897 5336 Quaeri
938 5267 1098 5321 etiam
1142 5277 1355 5336 potest,
1394 5281 1512 5320 cum
1544 5281 1648 5321 non
1680 5267 1750 5321 sit
1776 5266 2014 5333 dictum,
2045 5268 2102 5325 Si

513 5361 791 5418 dormiatis
822 5361 872 5415 in
903 5360 1093 5420 cleris,
1126 5358 1220 5413 sed
1243 5399 1256 5423 ,
1289 5360 1417 5413 inter
1441 5359 1630 5414 medios
1657 5360 1819 5413 cleros
1839 5403 1852 5423 ,
1880 5361 2004 5431 quid
2036 5362 2125 5417 sit

513 5454 648 5519 hoc,
689 5454 818 5507 inter
860 5454 1048 5506 medios
1081 5453 1260 5507 cleros.
1305 5450 1456 5519 Quod
1483 5452 1694 5521 quidem
1725 5453 1769 5507 si
1799 5454 2104 5523 esprcssius

514 5545 894 5601 transferretur
918 5559 982 5598 ex
1008 5559 1180 5614 grazco
1203 5584 1218 5609 ,
1253 5544 1390 5598 inter
1420 5545 1649 5598 medium
1672 5545 1935 5599 clerorum
1964 5546 2107 5601 dice-

515 5651 701 5703 retur;
752 5637 890 5706 quod
937 5637 989 5690 in
1032 5637 1175 5690 nullo
1222 5636 1565 5706 interpretum
1612 5638 1713 5705 legi
1767 5657 1778 5691 :
1827 5648 2103 5708 propterea

515 5730 677 5784 credo
716 5731 837 5798 quia
882 5729 1204 5782 tantmudem
1248 5730 1384 5782 valet
1422 5729 1561 5797 quoi
1601 5728 1799 5782 dictum
1830 5740 1942 5789 est,
1975 5732 2105 5784 inter

581 5842 596 5871 ³
634 5845 707 5889 Er.
735 5848 787 5892 et
820 5840 1003 5905 aliquot
1026 5849 1155 5903 Mss,
1177 5840 1230 5893 in
1252 5840 1408 5895 virore
1428 5841 1693 5906 sapientiae,
1719 5856 1861 5906 quem
1878 5843 2100 5897 tirorem.

1728 347 1787 403 S.
1826 339 2193 402 AUGUSTINI
2231 340 2533 399 EPISCOPI
3640 363 3720 423 ω

2187 457 2376 512 medios
2403 457 2583 514 cleros.
2612 458 2746 516 [line
2767 475 2896 532 ergo
2918 463 3044 533 quid
3071 464 3200 521 mihi
3226 464 3476 525 videatur
3490 486 3718 544 umnam.

2188 549 2343 617 Saepe
2386 550 2487 605 hoc
2522 552 2740 608 verbum
2780 553 2848 609 ad
2891 554 3064 626 aliqua
3103 560 3476 615 eonnectenda
3499 575 3636 637 atque
3652 586 3724 642 μ.

2188 643 2357 698 cauda
2377 684 2391 708 ,
2437 660 2503 699 ne
2544 645 2681 701 inter
2716 661 2776 702 se
2803 647 3096 703 dissideant
3119 692 3133 713 ,
3161 651 3298 721 poni
3329 654 3467 709 Solet
3493 673 3507 707 :
3535 658 3648 713 sicut
3670 674 3726 717 te.

2188 745 2517 807 stamentum)
2539 737 2674 791 inter
2691 752 2750 792 se
2773 748 2827 794 et
2856 741 3109 811 populum
3133 742 3248 798 Deo
3267 745 3612 807 constituente
3626 794 3639 815 .
3658 753 3728 812 hoc

2189 825 2411 881 verbum
2447 827 2715 897 Scriptura
2754 830 2899 898 ponit
2924 847 2939 893 ;
2967 848 3089 887 nam
3122 848 3220 903 pro
3249 850 3321 889 eo
3349 837 3490 904 quod
3517 848 3589 894 cst
3609 843 3650 895 in
3674 846 3730 899 la-

2190 921 2301 974 linu
2323 962 2338 983 ,
2385 921 2516 974 inter
2560 936 2640 975 me
2673 934 2722 976 et
2758 938 2879 988 vos,
2922 941 3129 992 μίνθης
3168 927 3374 993 habet,
3411 929 3536 985 inter
3562 937 3729 991 ιιιαΓιιιιιι

2189 1028 2355 1066 meum
2392 1022 2439 1067 et
2472 1025 2710 1069 vestrmn.
2740 1015 2829 1070 Sic
2857 1025 2913 1072 et
2937 1017 3005 1072 de
3030 1019 3182 1088 signa
3209 1020 3624 1079 circumcisionis
3643 1043 3730 1083 CIIII

2189 1103 2419 1174 loquitur
2459 1104 2598 1160 Deus
2635 1107 2702 1161 ad
2743 1106 3043 1173 Abraham,
3085 1110 3254 1176 dicit,
3304 1109 3422 1165 Erit
3445 1122 3731 1176 testamenta-

2186 1198 2317 1252 inter
2343 1215 2422 1252 me
2445 1210 2490 1253 et
2520 1209 2592 1264 te,
2620 1209 2666 1253 et
2695 1217 2843 1256 omne
2860 1218 3026 1257 semen
3053 1213 3192 1257 tuum
3223 1204 3368 1275 (Gen
3420 1221 3526 1261 xvn
3545 1251 3559 1273 ,
3580 1209 3641 1277 2,
3660 1212 3730 1284 ηε

2189 1290 2329 1359 quod
2373 1289 2593 1347 Crzerus
2634 1291 2792 1349 habet
2810 1336 2826 1356 ,
2858 1294 2989 1349 inter
3012 1296 3234 1351 medium
3262 1313 3437 1351 meum
3464 1309 3510 1353 et
3536 1311 3678 1365 Ιιιιιιιι,
3696 1320 3733 1363 α

2187 1383 2319 1438 inter
2338 1384 2556 1438 nrrdium
2583 1387 2786 1439 seminis
2813 1388 2908 1440 tui.
2942 1387 3068 1443 item
3090 1405 3209 1445 cum
3243 1391 3559 1461 loqueretur
3580 1397 3630 1451 ad
3650 1398 3733 1457 Noe

2190 1474 2257 1529 de
2280 1491 2407 1531 arcu
2438 1476 2488 1530 in
2515 1478 2743 1534 nubibus
2770 1479 2837 1534 ad
2861 1481 3070 1549 signum
3096 1485 3540 1541 constituendum
3565 1486 3731 1559 (iam,

2190 1567 2316 1635 12),
2358 1565 2462 1621 hoc
2512 1568 2730 1623 verbmu
2772 1572 3067 1642 Sapis-sime
3095 1578 3287 1645 repetit
3318 1587 3407 1631 :ct
3432 1580 3566 1648 quod
3591 1581 3736 1640 habent

2191 1658 2337 1713 latini
2375 1660 2586 1716 codices
2614 1702 2630 1726 ,
2662 1663 2789 1716 inter
2818 1681 2898 1718 me
2922 1677 2966 1719 et
2995 1683 3079 1722 ras
3098 1710 3113 1730 ,
3147 1668 3225 1722 vel
3261 1670 3406 1722 inter
3430 1687 3508 1724 me
3527 1682 3570 1726 et
3590 1689 3733 1732 onem

2191 1752 2416 1805 animum
2458 1752 2617 1806 rivom
2638 1796 2653 1818 ,
2685 1764 2738 1807 et
2765 1756 2811 1808 si
2836 1773 2937 1823 qua
2968 1758 3036 1812 ibi
3065 1759 3188 1814 talia
3215 1760 3511 1825 dicuntur;
3538 1765 3646 1819 inter
3664 1785 3737 1823 me.

2191 1844 2330 1898 dium
2356 1862 2520 1900 meum
2545 1857 2591 1901 et
2615 1859 2830 1902 vestrum
2848 1891 2864 1913 ,
2896 1852 3161 1907 invenitur
3187 1855 3237 1908 in
3262 1853 3463 1911 Cra-cn
3480 1897 3496 1913 .
3516 1860 3638 1925 quod
3653 1870 3735 1928 est,

2190 1940 2284 1991 ἆυά
2316 1947 2473 2007 μέσον.
2518 1941 2683 1995 David
2721 1959 2933 2013 quoque
2960 1956 3010 1999 et
3038 1946 3309 2002 Juuathan
3338 1950 3544 2015 signum
3572 1952 3739 2009 iutrrse

2193 2034 2560 2099 constituunt,
2594 2052 2662 2092 ne
2683 2037 2826 2092 aliud
2857 2040 3124 2110 opiuaudo
3148 2042 3455 2099 dissideant
3487 2044 3527 2100 (Ι
3552 2045 3733 2116 Begu,

2193 2123 2386 2199 20-23)
2416 2143 2430 2177 :
2462 2139 2513 2179 et
2534 2128 2675 2197 quod
2709 2131 2871 2185 latine
2897 2132 3120 2195 dicitur,
3147 2134 3283 2188 inter
3301 2135 3518 2200 ambos;
3537 2137 3648 2190 διιεῖ
3662 2156 3738 2192 tue-

2194 2217 2334 2270 dium
2375 2219 2672 2286 mnborum,
2719 2220 2877 2277 habet
2922 2222 3142 2280 Cra-cus
3183 2225 3384 2281 eodem
3429 2227 3738 2299 verbo,quud

2194 2320 2276 2363 est
2295 2351 2310 2373 ,
2350 2314 2443 2365 οὶιά
2465 2321 2621 2379 piem.
2649 2312 2860 2382 Optime
2885 2327 3063 2369 autem
3093 2316 3293 2372 factum
3321 2326 3437 2374 est.
3469 2328 3523 2373 ut
3548 2318 3633 2374 hoc
3656 2320 3739 2374 locu

2199 2405 2384 2472 psalmi
2429 2404 2587 2474 hujus
2633 2406 2946 2476 interpretes
2988 2411 3154 2463 nostri
3198 2425 3311 2465 non
3357 2410 3617 2475 dicerent,
3643 2412 3741 2465 inter

2195 2498 2374 2551 cleros
2393 2539 2408 2559 ,
2448 2497 2586 2563 quod
2628 2497 2806 2552 latina:
2835 2499 3083 2554 locutioni
3111 2503 3372 2558 usitatum
3403 2514 3480 2558 est
3504 2520 3520 2568 ;
3548 2502 3629 2558 sed
3648 2506 3737 2558 ista

2197 2591 2390 2644 medias
2445 2590 2607 2645 cleros
2634 2632 2650 2657 ,
2709 2602 2957 2663 tanquam
3009 2595 3146 2652 inter
3190 2598 3435 2652 medium
3485 2599 3735 2663 clerorum,

2198 2684 2338 2754 (titul
2381 2685 2551 2752 potius
2593 2687 2644 2740 iu
2686 2703 2863 2758 gra'co
2900 2689 3124 2760 legitur,
3167 2701 3222 2748 et
3266 2693 3415 2763 qum!
3453 2692 3735 2749 dicisoielin

2199 2777 2279 2833 (is
2309 2776 2502 2845 rebus,
2533 2788 2590 2833 ut
2617 2780 2726 2834 dixi
2745 2822 2761 2847 ,
2790 2798 2910 2852 quae
2935 2783 3074 2838 inter
3098 2798 3157 2838 se
3184 2784 3423 2842 debeant
3454 2784 3738 2841 haberem—

2200 2885 2439 2926 seusum.
2481 2870 2639 2927 iubet
2681 2888 2809 2944 ergo
2834 2874 3108 2945 Scriptura
3139 2887 3198 2932 ut
3222 2877 3373 2934 inter
3398 2876 3593 2933 medios
3613 2877 3736 2933 cleros

2201 2962 2468 3019 dormiant
2493 3007 2509 3032 ,
2534 2965 2622 3036 qui
2651 2967 2732 3021 vel
2760 2976 2883 3021 sunt
2905 2982 3092 3037 penna:
3113 2970 3384 3025 columba:
3408 2969 3733 3040 deargentsta,

2202 3058 2285 3111 vel
2334 3072 2398 3113 ex
2442 3057 2543 3112 hoc
2583 3057 2663 3113 eis
2707 3069 2989 3127 pnrstatur
3028 3068 3085 3115 ut
3125 3060 3253 3116 sint.
3296 3061 3464 3117 Porro
3487 3062 3530 3118 si
3554 3061 3627 3116 isti
3645 3059 3735 3115 cieri

2202 3147 2310 3202 duo
2340 3148 2678 3203 Testamenta
2708 3150 3007 3221 significant
3032 3193 3047 3216 ,
3077 3151 3202 3222 quid
3232 3151 3383 3207 aliud
3412 3151 3733 3213 admonemur,

2205 3240 2305 3294 nisi
2332 3248 2392 3294 ut
2410 3239 2767 3296 'i‘eSIameutis
2798 3242 2935 3298 inter
2958 3257 3018 3298 se
3040 3242 3499 3299 consentientibus
3519 3256 3734 3312 nolit-epu-

2204 3345 2430 3402 gnemus
2472 3332 2527 3394 ‘;
2581 3332 2677 3387 sed
2721 3331 3067 3403 intelligendo
3110 3336 3547 3405 rit-quiescamus,
3587 3343 3734 3401 ηωιιιιο

2204 3424 2372 3477 simus
2409 3438 2593 3478 eorum
2633 3425 2934 3480 concordia:
2958 3426 3164 3496 signum
3194 3435 3359 3496 atque
3386 3425 3730 3487 documentum,

2205 3529 2326 3568 cum
2355 3514 2579 3569 alterum
2601 3515 2857 3571 adversus
2874 3506 3109 3571 alterum
3124 3518 3253 3572 nihil
3281 3518 3481 3573 dixisse
3505 3515 3729 3577 sentimus,

2206 3615 2262 3660 ct
2299 3622 2419 3660 cum
2465 3607 2681 3677 pacifica
2719 3608 3068 3664 admiratione
3091 3650 3108 3675 ,
3146 3611 3300 3679 quasi
3328 3611 3542 3666 ecstasis
3561 3620 3727 3675 sopore.

2208 3700 2606 3756 monSIramus?
2632 3701 2740 3757 Cur
2764 3712 2941 3756 aulum
2973 3702 3024 3757 iu
3051 3701 3208 3758 elciis
3234 3701 3564 3759 Testamenta
3585 3696 3727 3754 intelli-

2206 3801 2400 3863 gantur
2418 3834 2432 3857 ,
2460 3807 2579 3847 cum
2608 3792 2711 3849 hoc
2732 3808 2926 3847 nomen
2946 3808 3178 3864 grzecum
3204 3795 3276 3849 sit
3305 3795 3512 3867 quidem
3530 3834 3543 3857 ,
3564 3790 3640 3845 Sed
3655 3787 3724 3843 Te-

2206 3893 2528 3940 stamentum
2578 3900 2680 3941 non
2726 3886 2795 3940 ita
2821 3884 3059 3951 dicatur;
3092 3887 3204 3941 inec
3228 3902 3392 3941 causa
3418 3895 3521 3952 est,
3545 3882 3644 3952 quia
3664 3892 3726 3949 per

2210 3986 2582 4034 testamentum
2611 3976 2769 4033 datur
2790 3979 3074 4034 haeredilas
3095 4022 3107 4039 .
3137 3995 3256 4051 qua!
3280 3996 3455 4052 graece
3477 3976 3720 4048 appellatur,
3800 3994 3807 4007 ι

2208 4083 2512 4141 κληρονομία,
2524 4082 2579 4128 et
2591 4072 2784 4138 ha‘res,
2799 4082 3095 4143 κληρονὸμσς.
3112 4080 3178 4128 Κ)
3189 4090 3296 4143 ἦρος
3311 4085 3481 4129 autem
3493 4085 3593 4127 Stth
3604 4077 3724 4135 ειπτο

2207 4164 2403 4221 dicitur
2425 4207 2438 4229 ,
2477 4175 2534 4221 et
2572 4177 2744 4220 sortes
2773 4182 2840 4221 ex
2869 4167 3219 4236 promissione
3252 4167 3346 4221 Dei
3373 4208 3387 4229 ,
3420 4174 3577 4237 partes
3599 4162 3720 4213 turre-

2208 4258 2388 4313 ditatis
2428 4267 2723 4321 vocantur,
2768 4274 2887 4328 qua:
2929 4258 3126 4328 populo
3153 4269 3276 4313 sunt
3301 4258 3590 4313 distribute.
3618 4248 3721 4305 Unde

2209 4351 2378 4407 trilms
2420 4350 2546 4406 Levi
2598 4358 2860 4420 [arascepta
2906 4360 2987 4405 est
3032 4366 3135 4404 non
3184 4349 3383 4406 habere
3423 4356 3594 4404 sortem
3627 4344 3720 4394 inter

2211 4445 2400 4500 fratres
2441 4459 2602 4506 suos.
2642 4444 2783 4514 quod
2829 4459 2895 4498 ex
2937 4458 3123 4497 eorum
3162 4442 3389 4498 decimis
3413 4442 3719 4495 sustentaretur

2213 4536 2398 4609 (Num.
2446 4552 2575 4591 xvm
2601 4578 2616 4601 ,
2660 4534 2777 4607 ΞΟ).
2822 4533 2953 4590 Nam
3000 4544 3054 4590 et
3092 4533 3277 4590 Cieros
3320 4547 3377 4590 et
3410 4532 3607 4589 Clericos
3634 4523 3717 4578 hinc

2209 4632 2503 4703 appellatos
2543 4640 2711 4701 puto,
2753 4632 2843 4701 qui
2883 4639 3007 4685 sunt
3050 4631 3103 4685 in
3144 4628 3481 4686 ecclesiastici
3509 4610 3714 4679 ministerii

2209 4724 2459 4797 gradibus
2500 4723 2761 4789 ordinati,
2801 4725 2920 4793 quia
2963 4723 3210 4779 Matthias
3251 4734 3403 4778 sorte
3439 4720 3609 4777 electus
3631 4718 3709 4767 est.

2210 4832 2367 4887 quem
2396 4816 2624 4884 primum
2653 4830 2747 4884 per
2771 4814 3056 4882 Apostolos
3085 4815 3309 4885 legimus
3335 4814 3599 4871 ordinatum
3617 4801 3710 4868 (Ad.

2212 4922 2265 4975 ι,
2307 4907 2423 4975 9.6).
2473 4905 2703 4962 Proinde
2742 4916 2959 4977 propter
2998 4906 3360 4961 hmreditalem
3400 4921 3505 4976 qua:
3530 4902 3709 4954 [itu-sta-

2212 5009 2392 5055 mento
2416 5040 2430 5065 ,
2479 5009 2724 5069 tauquam
2768 5014 2864 5068 per
2906 4999 2956 5052 id
2994 4997 3135 5069 quod
3172 4997 3401 5053 efficitur
3435 4997 3479 5053 id
3504 4981 3708 5063 quodcf“-

2212 5092 2319 5157 cit,
2375 5091 2590 5146 nomine
2632 5091 2895 5146 clerorum
2945 5090 3286 5147 Testamenta
3344 5091 3450 5162 ipsa
3495 5079 3704 5154 significat!

2212 5195 2355 5240 sunt.

2282 5281 2373 5337 ΞΟ.
2414 5281 2726 5351 Quanquam
2766 5278 2893 5334 mihi
2933 5287 2987 5333 ct
3023 5277 3157 5332 alius
3185 5275 3273 5331 hic
3300 5287 3475 5332 sensus
3499 5264 3699 5351 occurrth

2213 5375 2316 5430 nisi
2360 5346 2545 5439 fallor,
2586 5346 3021 5440 anteponendas,
3063 5379 3121 5424 ut
3148 5370 3325 5425 cleros
3353 5368 3501 5423 multo
3523 5346 3698 5432 prolnbi'

2214 5470 2317 5525 lius
2354 5469 2492 5537 ipsas
2530 5466 2867 5521 haereditates
2897 5463 3251 5534 intelligamus
3284 5481 3298 5517 :
3331 5473 3386 5518 ut
3409 5451 3607 5532 quoniam

2214 5562 2410 5617 reditas
2438 5559 2644 5615 Veteris
2673 5556 3000 5614 Testamenti
3027 5565 3111 5610 est
3132 5596 3146 5619 ,
3170 5555 3408 5626 quamvis
3425 5529 3477 5606 in
3503 5541 3637 5599 umbra
3650 5529 3691 5585 5i-

2278 5722 2296 5753 ι
2329 5729 2507 5767 (naues
2530 5729 2680 5779 rrope
2706 5722 2831 5772 Vss,
2853 5723 2901 5764 ut
2926 5726 2983 5779 «fa
3012 5717 3300 5763 Tertumeuta
3316 5710 3433 5761 inter

2212 5796 2315 5855 non!
2325 5759 2667 5855 ,ίὶὲᾖῗῇιὶιῖγὶιιιέζ
2688 5759 2982 5842 .i.4;;;.1.-"z.~a;;
2993 5759 3061 5845 ⁸υἱ
3072 5759 3149 5825 ἐπ’
3160 5759 3442 5828 unum
3460 5764 3555 5821 inter
3569 5769 3605 5810 ει
3618 5759 3688 5805 τωο

2217 5850 2411 5902 sentire,
2433 5855 2527 5891 non
2550 5852 2819 5904 repugnare
2844 5850 3127 5889 uouemnus.
