  <div class='ocr_page' id='page_1' title='image "/cluster/home/n/w/nwhite01/storage/ocr_20150623/36/uva.x000827105/426.png"; bbox 0 0 3912 6446; ppageno 0'>
   <div class='ocr_carea' id='block_1_1' title="bbox 152 393 246 452">
    <p class='ocr_par' dir='ltr' id='par_1_1' title="bbox 152 393 246 452">
     <span class='ocr_line' id='line_1_1' title="bbox 152 393 246 452; baseline 0 0"><span class='ocrx_word' id='word_1_1' title='bbox 152 393 246 452; x_wconf 73' lang='lat'><strong>825</strong></span> 
     </span>
    </p>
   </div>
   <div class='ocr_carea' id='block_1_2' title="bbox 155 488 1719 579">
    <p class='ocr_par' dir='ltr' id='par_1_2' title="bbox 155 488 1719 579">
     <span class='ocr_line' id='line_1_2' title="bbox 155 488 1719 579; baseline -0.014 -17"><span class='ocrx_word' id='word_1_2' title='bbox 155 501 432 579; x_wconf 69' lang='lat' dir='ltr'><strong>gniﬁcativa</strong></span> <span class='ocrx_word' id='word_1_3' title='bbox 478 498 634 553; x_wconf 91' lang='lat' dir='ltr'><strong>futuri</strong></span> <span class='ocrx_word' id='word_1_4' title='bbox 661 541 678 563; x_wconf 92' lang='lat'><strong>,</strong></span> <span class='ocrx_word' id='word_1_5' title='bbox 726 505 934 551; x_wconf 87' lang='lat' dir='ltr'><strong>terrena</strong></span> <span class='ocrx_word' id='word_1_6' title='bbox 983 491 1240 555; x_wconf 86' lang='lat' dir='ltr'><strong>felicitas;</strong></span> <span class='ocrx_word' id='word_1_7' title='bbox 1287 488 1568 545; x_wconf 79' lang='lat' dir='ltr'><strong>lnereditas</strong></span> <span class='ocrx_word' id='word_1_8' title='bbox 1590 500 1719 540; x_wconf 75' lang='lat' dir='ltr'><strong>vero</strong></span> 
     </span>
    </p>
   </div>
   <div class='ocr_carea' id='block_1_3' title="bbox 155 578 1722 654">
    <p class='ocr_par' dir='ltr' id='par_1_3' title="bbox 155 578 1722 654">
     <span class='ocr_line' id='line_1_3' title="bbox 155 578 1722 654; baseline -0.013 -1"><span class='ocrx_word' id='word_1_9' title='bbox 155 578 272 654; x_wconf 68' lang='lat' dir='ltr'><strong>Novi</strong></span> <span class='ocrx_word' id='word_1_10' title='bbox 308 590 628 648; x_wconf 72' lang='lat' dir='ltr'><strong>&#39;l&#39;estamenti</strong></span> <span class='ocrx_word' id='word_1_11' title='bbox 674 598 754 643; x_wconf 84' lang='lat' dir='ltr'><strong>est</strong></span> <span class='ocrx_word' id='word_1_12' title='bbox 799 600 994 642; x_wconf 67' lang='lat' dir='ltr'><strong>:eterna</strong></span> <span class='ocrx_word' id='word_1_13' title='bbox 1039 581 1445 645; x_wconf 81' lang='lat' dir='ltr'><strong>immortalitas;</strong></span> <span class='ocrx_word' id='word_1_14' title='bbox 1488 578 1722 634; x_wconf 81' lang='lat' dir='ltr'><strong>dormire</strong></span> 
     </span>
    </p>
   </div>
   <div class='ocr_carea' id='block_1_4' title="bbox 157 677 1725 746">
    <p class='ocr_par' dir='ltr' id='par_1_4' title="bbox 157 677 1725 746">
     <span class='ocr_line' id='line_1_4' title="bbox 157 677 1725 746; baseline -0.012 -1"><span class='ocrx_word' id='word_1_15' title='bbox 157 693 216 746; x_wconf 80' lang='lat' dir='ltr'><strong>sit</strong></span> <span class='ocrx_word' id='word_1_16' title='bbox 255 689 385 742; x_wconf 81' lang='lat' dir='ltr'><strong>inter</strong></span> <span class='ocrx_word' id='word_1_17' title='bbox 423 682 626 738; x_wconf 88' lang='lat' dir='ltr'><strong>medios</strong></span> <span class='ocrx_word' id='word_1_18' title='bbox 665 682 836 735; x_wconf 78' lang='lat' dir='ltr'><strong>clerus</strong></span> <span class='ocrx_word' id='word_1_19' title='bbox 859 721 875 746; x_wconf 94' lang='lat'><strong>,</strong></span> <span class='ocrx_word' id='word_1_20' title='bbox 926 695 1022 734; x_wconf 76' lang='lat' dir='ltr'><strong>nec</strong></span> <span class='ocrx_word' id='word_1_21' title='bbox 1065 677 1208 732; x_wconf 87' lang='lat' dir='ltr'><strong>illam</strong></span> <span class='ocrx_word' id='word_1_22' title='bbox 1235 677 1342 746; x_wconf 85' lang='lat' dir='ltr'><strong>jam</strong></span> <span class='ocrx_word' id='word_1_23' title='bbox 1372 689 1612 745; x_wconf 70' lang='lat' dir='ltr'><strong>quan-ere</strong></span> <span class='ocrx_word' id='word_1_24' title='bbox 1638 687 1725 726; x_wconf 83' lang='lat' dir='ltr'><strong>ar-</strong></span> 
     </span>
    </p>
   </div>
   <div class='ocr_carea' id='block_1_5' title="bbox 155 763 1722 843">
    <p class='ocr_par' dir='ltr' id='par_1_5' title="bbox 155 763 1722 843">
     <span class='ocr_line' id='line_1_5' title="bbox 155 763 1722 843; baseline -0.012 -7"><span class='ocrx_word' id='word_1_25' title='bbox 155 786 359 843; x_wconf 75' lang='lat' dir='ltr'><strong>denter,</strong></span> <span class='ocrx_word' id='word_1_26' title='bbox 406 785 459 832; x_wconf 88' lang='lat' dir='ltr'><strong>et</strong></span> <span class='ocrx_word' id='word_1_27' title='bbox 501 775 673 830; x_wconf 85' lang='lat' dir='ltr'><strong>adhuc</strong></span> <span class='ocrx_word' id='word_1_28' title='bbox 713 774 866 828; x_wconf 60' lang='lat' dir='ltr'><strong>istam</strong></span> <span class='ocrx_word' id='word_1_29' title='bbox 907 779 1216 839; x_wconf 71' lang='lat' dir='ltr'><strong>exspectare</strong></span> <span class='ocrx_word' id='word_1_30' title='bbox 1267 769 1542 838; x_wconf 86' lang='lat' dir='ltr'><strong>patienter.</strong></span> <span class='ocrx_word' id='word_1_31' title='bbox 1590 763 1722 819; x_wconf 79' lang='lat' dir='ltr'><strong>Nam</strong></span> 
     </span>
    </p>
   </div>
   <div class='ocr_carea' id='block_1_6' title="bbox 157 864 1727 945">
    <p class='ocr_par' dir='ltr' id='par_1_6' title="bbox 157 864 1727 945">
     <span class='ocr_line' id='line_1_6' title="bbox 157 864 1727 945; baseline -0.012 -16"><span class='ocrx_word' id='word_1_32' title='bbox 157 876 235 945; x_wconf 87' lang='lat' dir='ltr'><strong>qui</strong></span> <span class='ocrx_word' id='word_1_33' title='bbox 264 874 370 927; x_wconf 83' lang='lat' dir='ltr'><strong>Deo</strong></span> <span class='ocrx_word' id='word_1_34' title='bbox 394 878 670 939; x_wconf 77' lang='lat' dir='ltr'><strong>propterea</strong></span> <span class='ocrx_word' id='word_1_35' title='bbox 697 868 968 930; x_wconf 78' lang='lat' dir='ltr'><strong>serviunt,</strong></span> <span class='ocrx_word' id='word_1_36' title='bbox 994 865 1074 918; x_wconf 89' lang='lat' dir='ltr'><strong>vel</strong></span> <span class='ocrx_word' id='word_1_37' title='bbox 1108 864 1281 934; x_wconf 81' lang='lat' dir='ltr'><strong>pmius</strong></span> <span class='ocrx_word' id='word_1_38' title='bbox 1312 872 1590 932; x_wconf 88' lang='lat' dir='ltr'><strong>propterea</strong></span> <span class='ocrx_word' id='word_1_39' title='bbox 1612 873 1727 912; x_wconf 82' lang='lat' dir='ltr'><strong>ser-</strong></span> 
     </span>
    </p>
   </div>
   <div class='ocr_carea' id='block_1_7' title="bbox 156 952 1724 1028">
    <p class='ocr_par' dir='ltr' id='par_1_7' title="bbox 156 952 1724 1028">
     <span class='ocr_line' id='line_1_7' title="bbox 156 952 1724 1028; baseline -0.011 -11"><span class='ocrx_word' id='word_1_40' title='bbox 156 967 257 1017; x_wconf 73' lang='lat' dir='ltr'><strong>vire</strong></span> <span class='ocrx_word' id='word_1_41' title='bbox 281 965 461 1017; x_wconf 88' lang='lat' dir='ltr'><strong>uolant</strong></span> <span class='ocrx_word' id='word_1_42' title='bbox 481 1000 496 1021; x_wconf 89' lang='lat'><strong>,</strong></span> <span class='ocrx_word' id='word_1_43' title='bbox 529 959 652 1012; x_wconf 87' lang='lat' dir='ltr'><strong>dum</strong></span> <span class='ocrx_word' id='word_1_44' title='bbox 679 966 923 1028; x_wconf 70' lang='lat' dir='ltr'><strong>quierant</strong></span> <span class='ocrx_word' id='word_1_45' title='bbox 950 957 999 1010; x_wconf 91' lang='lat' dir='ltr'><strong>iu</strong></span> <span class='ocrx_word' id='word_1_46' title='bbox 1033 955 1129 1008; x_wconf 89' lang='lat' dir='ltr'><strong>hac</strong></span> <span class='ocrx_word' id='word_1_47' title='bbox 1159 955 1261 1007; x_wconf 83' lang='lat' dir='ltr'><strong>vita</strong></span> <span class='ocrx_word' id='word_1_48' title='bbox 1293 963 1348 1008; x_wconf 87' lang='lat' dir='ltr'><strong>et</strong></span> <span class='ocrx_word' id='word_1_49' title='bbox 1378 954 1428 1007; x_wconf 90' lang='lat' dir='ltr'><strong>itt</strong></span> <span class='ocrx_word' id='word_1_50' title='bbox 1458 952 1555 1007; x_wconf 79' lang='lat' dir='ltr'><strong>hic</strong></span> <span class='ocrx_word' id='word_1_51' title='bbox 1584 960 1724 1005; x_wconf 82' lang='lat' dir='ltr'><strong>terra</strong></span> 
     </span>
    </p>
   </div>
   <div class='ocr_carea' id='block_1_8' title="bbox 156 1042 1728 1113">
    <p class='ocr_par' dir='ltr' id='par_1_8' title="bbox 156 1042 1728 1113">
     <span class='ocr_line' id='line_1_8' title="bbox 156 1042 1728 1113; baseline -0.01 -3"><span class='ocrx_word' id='word_1_52' title='bbox 156 1056 475 1113; x_wconf 70' lang='lat' dir='ltr'><strong>felicitatem,</strong></span> <span class='ocrx_word' id='word_1_53' title='bbox 521 1050 729 1104; x_wconf 87' lang='lat' dir='ltr'><strong>ablatus</strong></span> <span class='ocrx_word' id='word_1_54' title='bbox 773 1059 854 1104; x_wconf 84' lang='lat' dir='ltr'><strong>cst</strong></span> <span class='ocrx_word' id='word_1_55' title='bbox 893 1062 1112 1102; x_wconf 85' lang='lat' dir='ltr'><strong>somnus</strong></span> <span class='ocrx_word' id='word_1_56' title='bbox 1153 1045 1220 1098; x_wconf 89' lang='lat' dir='ltr'><strong>ab</strong></span> <span class='ocrx_word' id='word_1_57' title='bbox 1257 1045 1368 1109; x_wconf 87' lang='lat' dir='ltr'><strong>eis,</strong></span> <span class='ocrx_word' id='word_1_58' title='bbox 1397 1054 1447 1097; x_wconf 86' lang='lat' dir='ltr'><strong>et</strong></span> <span class='ocrx_word' id='word_1_59' title='bbox 1475 1059 1577 1096; x_wconf 88' lang='lat' dir='ltr'><strong>non</strong></span> <span class='ocrx_word' id='word_1_60' title='bbox 1604 1042 1728 1096; x_wconf 87' lang='lat' dir='ltr'><strong>dor-</strong></span> 
     </span>
    </p>
   </div>
   <div class='ocr_carea' id='block_1_9' title="bbox 154 1132 1726 1206">
    <p class='ocr_par' dir='ltr' id='par_1_9' title="bbox 154 1132 1726 1206">
     <span class='ocr_line' id='line_1_9' title="bbox 154 1132 1726 1206; baseline -0.01 -6"><span class='ocrx_word' id='word_1_61' title='bbox 154 1147 329 1200; x_wconf 88' lang='lat' dir='ltr'><strong>tniunt.</strong></span> <span class='ocrx_word' id='word_1_62' title='bbox 369 1140 821 1197; x_wconf 83' lang='lat' dir='ltr'><strong>Inﬂammautibus</strong></span> <span class='ocrx_word' id='word_1_63' title='bbox 853 1137 994 1193; x_wconf 90' lang='lat' dir='ltr'><strong>enim</strong></span> <span class='ocrx_word' id='word_1_64' title='bbox 1025 1135 1398 1206; x_wconf 86' lang='lat' dir='ltr'><strong>cupiditatibus</strong></span> <span class='ocrx_word' id='word_1_65' title='bbox 1427 1133 1604 1204; x_wconf 74' lang='lat' dir='ltr'><strong>agitati</strong></span> <span class='ocrx_word' id='word_1_66' title='bbox 1628 1174 1641 1194; x_wconf 82' lang='lat'><strong>,</strong></span> <span class='ocrx_word' id='word_1_67' title='bbox 1674 1132 1726 1186; x_wconf 90' lang='lat' dir='ltr'><strong>in</strong></span> 
     </span>
    </p>
   </div>
   <div class='ocr_carea' id='block_1_10' title="bbox 153 1228 1726 1305">
    <p class='ocr_par' dir='ltr' id='par_1_10' title="bbox 153 1228 1726 1305">
     <span class='ocr_line' id='line_1_10' title="bbox 153 1228 1726 1305; baseline -0.006 -15"><span class='ocrx_word' id='word_1_68' title='bbox 153 1237 336 1305; x_wconf 76' lang='lat' dir='ltr'><strong>ﬂagitia</strong></span> <span class='ocrx_word' id='word_1_69' title='bbox 383 1243 438 1287; x_wconf 79' lang='lat' dir='ltr'><strong>rt</strong></span> <span class='ocrx_word' id='word_1_70' title='bbox 466 1234 694 1287; x_wconf 77' lang='lat' dir='ltr'><strong>facinora</strong></span> <span class='ocrx_word' id='word_1_71' title='bbox 720 1231 1085 1302; x_wconf 74' lang='lat' dir='ltr'><strong>[impelluntur</strong></span> <span class='ocrx_word' id='word_1_72' title='bbox 1108 1272 1122 1294; x_wconf 90' lang='lat'><strong>,</strong></span> <span class='ocrx_word' id='word_1_73' title='bbox 1155 1244 1251 1283; x_wconf 88' lang='lat' dir='ltr'><strong>nec</strong></span> <span class='ocrx_word' id='word_1_74' title='bbox 1275 1228 1496 1281; x_wconf 83' lang='lat' dir='ltr'><strong>omnino</strong></span> <span class='ocrx_word' id='word_1_75' title='bbox 1521 1228 1726 1297; x_wconf 51' lang='lat' dir='ltr'><strong>requie-</strong></span> 
     </span>
    </p>
   </div>
   <div class='ocr_carea' id='block_1_11' title="bbox 153 1317 1729 1392">
    <p class='ocr_par' dir='ltr' id='par_1_11' title="bbox 153 1317 1729 1392">
     <span class='ocr_line' id='line_1_11' title="bbox 153 1317 1729 1392; baseline -0.006 -12"><span class='ocrx_word' id='word_1_76' title='bbox 153 1335 296 1381; x_wconf 83' lang='lat' dir='ltr'><strong>scunt</strong></span> <span class='ocrx_word' id='word_1_77' title='bbox 320 1342 335 1388; x_wconf 87' lang='lat'><strong>;</strong></span> <span class='ocrx_word' id='word_1_78' title='bbox 365 1323 720 1378; x_wconf 88' lang='lat' dir='ltr'><strong>desiderando</strong></span> <span class='ocrx_word' id='word_1_79' title='bbox 749 1333 804 1376; x_wconf 92' lang='lat' dir='ltr'><strong>ut</strong></span> <span class='ocrx_word' id='word_1_80' title='bbox 830 1322 1141 1392; x_wconf 75' lang='lat' dir='ltr'><strong>acquirunt,</strong></span> <span class='ocrx_word' id='word_1_81' title='bbox 1170 1319 1455 1374; x_wconf 83' lang='lat' dir='ltr'><strong>metuendo</strong></span> <span class='ocrx_word' id='word_1_82' title='bbox 1484 1334 1551 1372; x_wconf 88' lang='lat' dir='ltr'><strong>ne</strong></span> <span class='ocrx_word' id='word_1_83' title='bbox 1575 1317 1729 1371; x_wconf 55' lang='lat' dir='ltr'><strong>amitv</strong></span> 
     </span>
    </p>
   </div>
   <div class='ocr_carea' id='block_1_12' title="bbox 153 1407 1730 1480">
    <p class='ocr_par' dir='ltr' id='par_1_12' title="bbox 153 1407 1730 1480">
     <span class='ocr_line' id='line_1_12' title="bbox 153 1407 1730 1480; baseline -0.009 -6"><span class='ocrx_word' id='word_1_84' title='bbox 153 1429 277 1474; x_wconf 82' lang='lat' dir='ltr'><strong>tant.</strong></span> <span class='ocrx_word' id='word_1_85' title='bbox 312 1418 412 1480; x_wconf 75' lang='lat' dir='ltr'><strong>Qui</strong></span> <span class='ocrx_word' id='word_1_86' title='bbox 439 1428 605 1470; x_wconf 87' lang='lat' dir='ltr'><strong>autem</strong></span> <span class='ocrx_word' id='word_1_87' title='bbox 631 1433 709 1468; x_wconf 88' lang='lat' dir='ltr'><strong>me</strong></span> <span class='ocrx_word' id='word_1_88' title='bbox 732 1416 873 1469; x_wconf 88' lang='lat' dir='ltr'><strong>audit</strong></span> <span class='ocrx_word' id='word_1_89' title='bbox 895 1455 910 1479; x_wconf 93' lang='lat'><strong>,</strong></span> <span class='ocrx_word' id='word_1_90' title='bbox 937 1416 1012 1467; x_wconf 90' lang='lat' dir='ltr'><strong>ait</strong></span> <span class='ocrx_word' id='word_1_91' title='bbox 1037 1412 1326 1480; x_wconf 76' lang='lat' dir='ltr'><strong>Sapientia,</strong></span> <span class='ocrx_word' id='word_1_92' title='bbox 1360 1407 1655 1463; x_wconf 78' lang='lat' dir='ltr'><strong>inhabitabit</strong></span> <span class='ocrx_word' id='word_1_93' title='bbox 1677 1409 1730 1461; x_wconf 88' lang='lat' dir='ltr'><strong>in</strong></span> 
     </span>
    </p>
   </div>
   <div class='ocr_carea' id='block_1_13' title="bbox 150 1499 1727 1582">
    <p class='ocr_par' dir='ltr' id='par_1_13' title="bbox 150 1499 1727 1582">
     <span class='ocr_line' id='line_1_13' title="bbox 150 1499 1727 1582; baseline -0.009 -15"><span class='ocrx_word' id='word_1_94' title='bbox 150 1530 251 1582; x_wconf 72' lang='lat' dir='ltr'><strong>spe.</strong></span> <span class='ocrx_word' id='word_1_95' title='bbox 278 1521 323 1563; x_wconf 84' lang='lat' dir='ltr'><strong>et</strong></span> <span class='ocrx_word' id='word_1_96' title='bbox 349 1511 618 1580; x_wconf 76' lang='lat' dir='ltr'><strong>requiescet</strong></span> <span class='ocrx_word' id='word_1_97' title='bbox 644 1509 753 1560; x_wconf 78' lang='lat' dir='ltr'><strong>sine</strong></span> <span class='ocrx_word' id='word_1_98' title='bbox 780 1507 957 1560; x_wconf 84' lang='lat' dir='ltr'><strong>timore</strong></span> <span class='ocrx_word' id='word_1_99' title='bbox 974 1505 1036 1559; x_wconf 84' lang='lat' dir='ltr'><strong>ab</strong></span> <span class='ocrx_word' id='word_1_100' title='bbox 1056 1505 1193 1559; x_wconf 92' lang='lat' dir='ltr'><strong>omni</strong></span> <span class='ocrx_word' id='word_1_101' title='bbox 1214 1503 1524 1572; x_wconf 77' lang='lat' dir='ltr'><strong>malignitate</strong></span> <span class='ocrx_word' id='word_1_102' title='bbox 1544 1499 1727 1570; x_wconf 82' lang='lat' dir='ltr'><strong>(Prov.</strong></span> 
     </span>
    </p>
   </div>
   <div class='ocr_carea' id='block_1_14' title="bbox 184 1593 1733 1673">
    <p class='ocr_par' dir='ltr' id='par_1_14' title="bbox 184 1593 1733 1673">
     <span class='ocr_line' id='line_1_14' title="bbox 184 1593 1733 1673; baseline -0.008 -16"><span class='ocrx_word' id='word_1_103' title='bbox 184 1644 199 1666; x_wconf 91' lang='lat'><strong>,</strong></span> <span class='ocrx_word' id='word_1_104' title='bbox 234 1602 343 1673; x_wconf 78' lang='grc'><strong>55).</strong></span> <span class='ocrx_word' id='word_1_105' title='bbox 378 1601 495 1656; x_wconf 85' lang='lat' dir='ltr'><strong>Hoc</strong></span> <span class='ocrx_word' id='word_1_106' title='bbox 523 1609 606 1655; x_wconf 86' lang='lat' dir='ltr'><strong>est</strong></span> <span class='ocrx_word' id='word_1_107' title='bbox 628 1640 644 1665; x_wconf 94' lang='lat'><strong>,</strong></span> <span class='ocrx_word' id='word_1_108' title='bbox 675 1608 928 1668; x_wconf 90' lang='lat' dir='ltr'><strong>quantum</strong></span> <span class='ocrx_word' id='word_1_109' title='bbox 965 1596 1091 1650; x_wconf 87' lang='lat' dir='ltr'><strong>mihi</strong></span> <span class='ocrx_word' id='word_1_110' title='bbox 1115 1595 1321 1649; x_wconf 82' lang='lat' dir='ltr'><strong>videtur</strong></span> <span class='ocrx_word' id='word_1_111' title='bbox 1343 1635 1358 1657; x_wconf 94' lang='lat'><strong>,</strong></span> <span class='ocrx_word' id='word_1_112' title='bbox 1389 1593 1624 1646; x_wconf 89' lang='lat' dir='ltr'><strong>dormire</strong></span> <span class='ocrx_word' id='word_1_113' title='bbox 1651 1593 1733 1646; x_wconf 82' lang='lat' dir='ltr'><strong>iu-</strong></span> 
     </span>
    </p>
   </div>
   <div class='ocr_carea' id='block_1_15' title="bbox 151 1684 1730 1755">
    <p class='ocr_par' dir='ltr' id='par_1_15' title="bbox 151 1684 1730 1755">
     <span class='ocr_line' id='line_1_15' title="bbox 151 1684 1730 1755; baseline -0.007 -6"><span class='ocrx_word' id='word_1_114' title='bbox 151 1704 226 1751; x_wconf 89' lang='lat' dir='ltr'><strong>ter</strong></span> <span class='ocrx_word' id='word_1_115' title='bbox 267 1693 476 1750; x_wconf 82' lang='lat' dir='ltr'><strong>medios</strong></span> <span class='ocrx_word' id='word_1_116' title='bbox 517 1693 690 1747; x_wconf 83' lang='lat' dir='ltr'><strong>cleros</strong></span> <span class='ocrx_word' id='word_1_117' title='bbox 712 1733 728 1755; x_wconf 88' lang='lat'><strong>,</strong></span> <span class='ocrx_word' id='word_1_118' title='bbox 772 1689 822 1744; x_wconf 94' lang='lat' dir='ltr'><strong>id</strong></span> <span class='ocrx_word' id='word_1_119' title='bbox 849 1699 932 1745; x_wconf 86' lang='lat' dir='ltr'><strong>est</strong></span> <span class='ocrx_word' id='word_1_120' title='bbox 960 1691 1099 1744; x_wconf 86' lang='lat' dir='ltr'><strong>inter</strong></span> <span class='ocrx_word' id='word_1_121' title='bbox 1125 1688 1324 1742; x_wconf 83' lang='lat' dir='ltr'><strong>medias</strong></span> <span class='ocrx_word' id='word_1_122' title='bbox 1353 1684 1688 1740; x_wconf 73' lang='lat' dir='ltr'><strong>harrcditatcs</strong></span> <span class='ocrx_word' id='word_1_123' title='bbox 1713 1700 1730 1748; x_wconf 84' lang='lat'><strong>;</strong></span> 
     </span>
    </p>
   </div>
   <div class='ocr_carea' id='block_1_16' title="bbox 153 1769 1734 1850">
    <p class='ocr_par' dir='ltr' id='par_1_16' title="bbox 153 1769 1734 1850">
     <span class='ocr_line' id='line_1_16' title="bbox 153 1769 1734 1850; baseline -0.008 -8"><span class='ocrx_word' id='word_1_124' title='bbox 153 1788 377 1844; x_wconf 84' lang='lat' dir='ltr'><strong>nomium</strong></span> <span class='ocrx_word' id='word_1_125' title='bbox 412 1786 467 1839; x_wconf 93' lang='lat' dir='ltr'><strong>iu</strong></span> <span class='ocrx_word' id='word_1_126' title='bbox 501 1801 558 1839; x_wconf 90' lang='lat' dir='ltr'><strong>re</strong></span> <span class='ocrx_word' id='word_1_127' title='bbox 579 1825 596 1849; x_wconf 96' lang='lat'><strong>,</strong></span> <span class='ocrx_word' id='word_1_128' title='bbox 628 1783 720 1838; x_wconf 88' lang='lat' dir='ltr'><strong>sed</strong></span> <span class='ocrx_word' id='word_1_129' title='bbox 753 1792 926 1836; x_wconf 84' lang='lat' dir='ltr'><strong>tamen</strong></span> <span class='ocrx_word' id='word_1_130' title='bbox 953 1783 1003 1835; x_wconf 91' lang='lat' dir='ltr'><strong>in</strong></span> <span class='ocrx_word' id='word_1_131' title='bbox 1032 1769 1127 1850; x_wconf 82' lang='lat' dir='ltr'><strong>spe</strong></span> <span class='ocrx_word' id='word_1_132' title='bbox 1155 1778 1389 1834; x_wconf 74' lang='lat' dir='ltr'><strong>cmlestis</strong></span> <span class='ocrx_word' id='word_1_133' title='bbox 1411 1776 1734 1832; x_wconf 79' lang='lat' dir='ltr'><strong>haereditatis</strong></span> 
     </span>
    </p>
   </div>
   <div class='ocr_carea' id='block_1_17' title="bbox 153 1868 1734 1940">
    <p class='ocr_par' dir='ltr' id='par_1_17' title="bbox 153 1868 1734 1940">
     <span class='ocr_line' id='line_1_17' title="bbox 153 1868 1734 1940; baseline -0.008 -6"><span class='ocrx_word' id='word_1_134' title='bbox 153 1881 386 1934; x_wconf 85' lang='lat' dir='ltr'><strong>habitare</strong></span> <span class='ocrx_word' id='word_1_135' title='bbox 405 1919 422 1940; x_wconf 90' lang='lat'><strong>,</strong></span> <span class='ocrx_word' id='word_1_136' title='bbox 465 1886 520 1932; x_wconf 91' lang='lat' dir='ltr'><strong>et</strong></span> <span class='ocrx_word' id='word_1_137' title='bbox 557 1891 584 1928; x_wconf 92' lang='lat' dir='ltr'><strong>a</strong></span> <span class='ocrx_word' id='word_1_138' title='bbox 618 1885 840 1929; x_wconf 73' lang='lat' dir='ltr'><strong>terrena:</strong></span> <span class='ocrx_word' id='word_1_139' title='bbox 868 1872 1131 1928; x_wconf 84' lang='lat' dir='ltr'><strong>felicitatis</strong></span> <span class='ocrx_word' id='word_1_140' title='bbox 1151 1871 1259 1940; x_wconf 89' lang='lat' dir='ltr'><strong>jam</strong></span> <span class='ocrx_word' id='word_1_141' title='bbox 1287 1868 1576 1940; x_wconf 78' lang='lat' dir='ltr'><strong>cupiditate</strong></span> <span class='ocrx_word' id='word_1_142' title='bbox 1604 1883 1734 1922; x_wconf 88' lang='lat' dir='ltr'><strong>con-</strong></span> 
     </span>
    </p>
   </div>
   <div class='ocr_carea' id='block_1_18' title="bbox 152 1965 1737 2044">
    <p class='ocr_par' dir='ltr' id='par_1_18' title="bbox 152 1965 1737 2044">
     <span class='ocr_line' id='line_1_18' title="bbox 152 1965 1737 2044; baseline -0.008 -16"><span class='ocrx_word' id='word_1_143' title='bbox 152 1977 444 2044; x_wconf 66' lang='lat' dir='ltr'><strong>quiescere.</strong></span> <span class='ocrx_word' id='word_1_144' title='bbox 484 1970 615 2025; x_wconf 87' lang='lat' dir='ltr'><strong>Cum</strong></span> <span class='ocrx_word' id='word_1_145' title='bbox 658 1978 836 2022; x_wconf 90' lang='lat' dir='ltr'><strong>autem</strong></span> <span class='ocrx_word' id='word_1_146' title='bbox 881 1967 1083 2021; x_wconf 90' lang='lat' dir='ltr'><strong>venerit</strong></span> <span class='ocrx_word' id='word_1_147' title='bbox 1113 1965 1253 2034; x_wconf 89' lang='lat' dir='ltr'><strong>quod</strong></span> <span class='ocrx_word' id='word_1_148' title='bbox 1284 1977 1562 2032; x_wconf 86' lang='lat' dir='ltr'><strong>speramus</strong></span> <span class='ocrx_word' id='word_1_149' title='bbox 1585 2003 1600 2025; x_wconf 90' lang='lat'><strong>,</strong></span> <span class='ocrx_word' id='word_1_150' title='bbox 1630 1977 1737 2015; x_wconf 89' lang='lat' dir='ltr'><strong>non</strong></span> 
     </span>
    </p>
   </div>
   <div class='ocr_carea' id='block_1_19' title="bbox 148 2054 1737 2133">
    <p class='ocr_par' dir='ltr' id='par_1_19' title="bbox 148 2054 1737 2133">
     <span class='ocr_line' id='line_1_19' title="bbox 148 2054 1737 2133; baseline -0.006 -18"><span class='ocrx_word' id='word_1_151' title='bbox 148 2064 250 2133; x_wconf 83' lang='lat' dir='ltr'><strong>jattt</strong></span> <span class='ocrx_word' id='word_1_152' title='bbox 276 2066 415 2118; x_wconf 90' lang='lat' dir='ltr'><strong>inter</strong></span> <span class='ocrx_word' id='word_1_153' title='bbox 439 2062 574 2116; x_wconf 89' lang='lat' dir='ltr'><strong>duas</strong></span> <span class='ocrx_word' id='word_1_154' title='bbox 596 2059 929 2115; x_wconf 81' lang='lat' dir='ltr'><strong>Inereditates</strong></span> <span class='ocrx_word' id='word_1_155' title='bbox 949 2058 1346 2127; x_wconf 87' lang='lat' dir='ltr'><strong>requieseemus</strong></span> <span class='ocrx_word' id='word_1_156' title='bbox 1371 2071 1383 2118; x_wconf 92' lang='lat'>;</span> <span class='ocrx_word' id='word_1_157' title='bbox 1406 2054 1497 2108; x_wconf 87' lang='lat' dir='ltr'><strong>sed</strong></span> <span class='ocrx_word' id='word_1_158' title='bbox 1522 2054 1574 2107; x_wconf 90' lang='lat' dir='ltr'><strong>in</strong></span> <span class='ocrx_word' id='word_1_159' title='bbox 1599 2066 1737 2106; x_wconf 88' lang='lat' dir='ltr'><strong>nova</strong></span> 
     </span>
    </p>
   </div>
   <div class='ocr_carea' id='block_1_20' title="bbox 154 2146 1739 2223">
    <p class='ocr_par' dir='ltr' id='par_1_20' title="bbox 154 2146 1739 2223">
     <span class='ocr_line' id='line_1_20' title="bbox 154 2146 1739 2223; baseline -0.007 -15"><span class='ocrx_word' id='word_1_160' title='bbox 154 2172 272 2210; x_wconf 90' lang='lat' dir='ltr'><strong>vera</strong></span> <span class='ocrx_word' id='word_1_161' title='bbox 296 2196 313 2221; x_wconf 88' lang='lat'><strong>,</strong></span> <span class='ocrx_word' id='word_1_162' title='bbox 354 2154 511 2223; x_wconf 82' lang='lat' dir='ltr'><strong>cujus</strong></span> <span class='ocrx_word' id='word_1_163' title='bbox 540 2162 688 2208; x_wconf 85' lang='lat' dir='ltr'><strong>vetus</strong></span> <span class='ocrx_word' id='word_1_164' title='bbox 717 2161 833 2205; x_wconf 89' lang='lat' dir='ltr'><strong>erat</strong></span> <span class='ocrx_word' id='word_1_165' title='bbox 861 2149 1078 2210; x_wconf 89' lang='lat' dir='ltr'><strong>umbra.</strong></span> <span class='ocrx_word' id='word_1_166' title='bbox 1109 2148 1464 2217; x_wconf 78' lang='lat' dir='ltr'><strong>regnahimus.</strong></span> <span class='ocrx_word' id='word_1_167' title='bbox 1496 2146 1739 2214; x_wconf 85' lang='lat' dir='ltr'><strong>Quapro-</strong></span> 
     </span>
    </p>
   </div>
   <div class='ocr_carea' id='block_1_21' title="bbox 156 2239 1741 2318">
    <p class='ocr_par' dir='ltr' id='par_1_21' title="bbox 156 2239 1741 2318">
     <span class='ocr_line' id='line_1_21' title="bbox 156 2239 1741 2318; baseline -0.008 -16"><span class='ocrx_word' id='word_1_168' title='bbox 156 2258 264 2318; x_wconf 86' lang='lat' dir='ltr'><strong>pter</strong></span> <span class='ocrx_word' id='word_1_169' title='bbox 300 2247 512 2302; x_wconf 87' lang='lat' dir='ltr'><strong>etiamsi</strong></span> <span class='ocrx_word' id='word_1_170' title='bbox 551 2243 966 2300; x_wconf 76' lang='lat' dir='ltr'><strong>intellexerimus</strong></span> <span class='ocrx_word' id='word_1_171' title='bbox 990 2242 1128 2313; x_wconf 91' lang='lat' dir='ltr'><strong>quod</strong></span> <span class='ocrx_word' id='word_1_172' title='bbox 1155 2241 1353 2295; x_wconf 89' lang='lat' dir='ltr'><strong>dictum</strong></span> <span class='ocrx_word' id='word_1_173' title='bbox 1383 2248 1465 2293; x_wconf 85' lang='lat' dir='ltr'><strong>est</strong></span> <span class='ocrx_word' id='word_1_174' title='bbox 1485 2281 1498 2303; x_wconf 90' lang='lat'><strong>,</strong></span> <span class='ocrx_word' id='word_1_175' title='bbox 1536 2240 1594 2292; x_wconf 83' lang='lat' dir='ltr'><strong>Si</strong></span> <span class='ocrx_word' id='word_1_176' title='bbox 1623 2239 1741 2291; x_wconf 85' lang='lat' dir='ltr'><strong>dor-</strong></span> 
     </span>
    </p>
   </div>
   <div class='ocr_carea' id='block_1_22' title="bbox 156 2329 1740 2402">
    <p class='ocr_par' dir='ltr' id='par_1_22' title="bbox 156 2329 1740 2402">
     <span class='ocr_line' id='line_1_22' title="bbox 156 2329 1740 2402; baseline -0.006 -10"><span class='ocrx_word' id='word_1_177' title='bbox 156 2338 318 2392; x_wconf 88' lang='lat' dir='ltr'><strong>miatis</strong></span> <span class='ocrx_word' id='word_1_178' title='bbox 356 2339 489 2391; x_wconf 84' lang='lat' dir='ltr'><strong>inter</strong></span> <span class='ocrx_word' id='word_1_179' title='bbox 531 2338 720 2390; x_wconf 87' lang='lat' dir='ltr'><strong>medios</strong></span> <span class='ocrx_word' id='word_1_180' title='bbox 763 2337 922 2389; x_wconf 86' lang='lat' dir='ltr'><strong>cleros</strong></span> <span class='ocrx_word' id='word_1_181' title='bbox 945 2374 960 2398; x_wconf 89' lang='lat'><strong>,</strong></span> <span class='ocrx_word' id='word_1_182' title='bbox 1006 2343 1254 2402; x_wconf 87' lang='lat' dir='ltr'><strong>tanquam</strong></span> <span class='ocrx_word' id='word_1_183' title='bbox 1277 2332 1322 2386; x_wconf 86' lang='lat' dir='ltr'><strong>si</strong></span> <span class='ocrx_word' id='word_1_184' title='bbox 1349 2331 1618 2385; x_wconf 73' lang='lat' dir='ltr'><strong>diceretur</strong></span> <span class='ocrx_word' id='word_1_185' title='bbox 1639 2371 1655 2395; x_wconf 97' lang='lat'><strong>,</strong></span> <span class='ocrx_word' id='word_1_186' title='bbox 1685 2329 1740 2385; x_wconf 90' lang='lat' dir='ltr'><strong>Si</strong></span> 
     </span>
    </p>
   </div>
   <div class='ocr_carea' id='block_1_23' title="bbox 155 2424 1741 2491">
    <p class='ocr_par' dir='ltr' id='par_1_23' title="bbox 155 2424 1741 2491">
     <span class='ocr_line' id='line_1_23' title="bbox 155 2424 1741 2491; baseline -0.005 -9"><span class='ocrx_word' id='word_1_187' title='bbox 155 2428 456 2482; x_wconf 85' lang='lat' dir='ltr'><strong>moriamiui</strong></span> <span class='ocrx_word' id='word_1_188' title='bbox 484 2428 619 2482; x_wconf 92' lang='lat' dir='ltr'><strong>inter</strong></span> <span class='ocrx_word' id='word_1_189' title='bbox 641 2426 846 2482; x_wconf 87' lang='lat' dir='ltr'><strong>medios</strong></span> <span class='ocrx_word' id='word_1_190' title='bbox 871 2427 1043 2479; x_wconf 81' lang='lat' dir='ltr'><strong>cteros</strong></span> <span class='ocrx_word' id='word_1_191' title='bbox 1069 2465 1084 2491; x_wconf 95' lang='lat'><strong>,</strong></span> <span class='ocrx_word' id='word_1_192' title='bbox 1113 2433 1169 2478; x_wconf 91' lang='lat' dir='ltr'><strong>ut</strong></span> <span class='ocrx_word' id='word_1_193' title='bbox 1192 2424 1346 2476; x_wconf 88' lang='lat' dir='ltr'><strong>istam</strong></span> <span class='ocrx_word' id='word_1_194' title='bbox 1371 2431 1599 2475; x_wconf 89' lang='lat' dir='ltr'><strong>tnortcm</strong></span> <span class='ocrx_word' id='word_1_195' title='bbox 1621 2435 1741 2474; x_wconf 87' lang='lat' dir='ltr'><strong>car-</strong></span> 
     </span>
    </p>
   </div>
   <div class='ocr_carea' id='block_1_24' title="bbox 157 2518 1745 2591">
    <p class='ocr_par' dir='ltr' id='par_1_24' title="bbox 157 2518 1745 2591">
     <span class='ocr_line' id='line_1_24' title="bbox 157 2518 1745 2591; baseline -0.003 -15"><span class='ocrx_word' id='word_1_196' title='bbox 157 2523 234 2576; x_wconf 88' lang='lat' dir='ltr'><strong>nis</strong></span> <span class='ocrx_word' id='word_1_197' title='bbox 273 2537 424 2576; x_wconf 90' lang='lat' dir='ltr'><strong>tuore</strong></span> <span class='ocrx_word' id='word_1_198' title='bbox 471 2536 568 2575; x_wconf 89' lang='lat' dir='ltr'><strong>suo</strong></span> <span class='ocrx_word' id='word_1_199' title='bbox 595 2519 862 2591; x_wconf 73' lang='lat' dir='ltr'><strong>Scriptura</strong></span> <span class='ocrx_word' id='word_1_200' title='bbox 892 2519 1266 2574; x_wconf 88' lang='lat' dir='ltr'><strong>dormitionem</strong></span> <span class='ocrx_word' id='word_1_201' title='bbox 1295 2519 1596 2581; x_wconf 76' lang='lat' dir='ltr'><strong>vocaverit;</strong></span> <span class='ocrx_word' id='word_1_202' title='bbox 1633 2518 1745 2571; x_wconf 70' lang='lat' dir='ltr'><strong>hinc</strong></span> 
     </span>
    </p>
   </div>
   <div class='ocr_carea' id='block_1_25' title="bbox 156 2612 1748 2685">
    <p class='ocr_par' dir='ltr' id='par_1_25' title="bbox 156 2612 1748 2685">
     <span class='ocr_line' id='line_1_25' title="bbox 156 2612 1748 2685; baseline -0.003 -16"><span class='ocrx_word' id='word_1_203' title='bbox 156 2624 235 2670; x_wconf 87' lang='lat' dir='ltr'><strong>est</strong></span> <span class='ocrx_word' id='word_1_204' title='bbox 262 2631 410 2670; x_wconf 86' lang='lat' dir='ltr'><strong>mors</strong></span> <span class='ocrx_word' id='word_1_205' title='bbox 440 2616 667 2685; x_wconf 82' lang='lat' dir='ltr'><strong>optima,</strong></span> <span class='ocrx_word' id='word_1_206' title='bbox 697 2623 754 2668; x_wconf 90' lang='lat' dir='ltr'><strong>ut</strong></span> <span class='ocrx_word' id='word_1_207' title='bbox 780 2613 833 2667; x_wconf 91' lang='lat' dir='ltr'><strong>in</strong></span> <span class='ocrx_word' id='word_1_208' title='bbox 859 2613 1203 2682; x_wconf 90' lang='lat' dir='ltr'><strong>cupiditatmn</strong></span> <span class='ocrx_word' id='word_1_209' title='bbox 1231 2612 1558 2665; x_wconf 87' lang='lat' dir='ltr'><strong>cohibitione</strong></span> <span class='ocrx_word' id='word_1_210' title='bbox 1583 2626 1612 2663; x_wconf 91' lang='lat' dir='ltr'><strong>a</strong></span> <span class='ocrx_word' id='word_1_211' title='bbox 1641 2619 1748 2664; x_wconf 83' lang='lat' dir='ltr'><strong>ter-</strong></span> 
     </span>
    </p>
   </div>
   <div class='ocr_carea' id='block_1_26' title="bbox 157 2701 1744 2775">
    <p class='ocr_par' dir='ltr' id='par_1_26' title="bbox 157 2701 1744 2775">
     <span class='ocr_line' id='line_1_26' title="bbox 157 2701 1744 2775; baseline -0.004 -15"><span class='ocrx_word' id='word_1_212' title='bbox 157 2706 298 2761; x_wconf 86' lang='lat' dir='ltr'><strong>renis</strong></span> <span class='ocrx_word' id='word_1_213' title='bbox 321 2748 338 2772; x_wconf 93' lang='lat'><strong>,</strong></span> <span class='ocrx_word' id='word_1_214' title='bbox 381 2707 433 2760; x_wconf 93' lang='lat' dir='ltr'><strong>in</strong></span> <span class='ocrx_word' id='word_1_215' title='bbox 473 2720 568 2775; x_wconf 86' lang='lat' dir='ltr'><strong>spe</strong></span> <span class='ocrx_word' id='word_1_216' title='bbox 600 2704 831 2760; x_wconf 78' lang='lat' dir='ltr'><strong>cmlestis</strong></span> <span class='ocrx_word' id='word_1_217' title='bbox 859 2703 1182 2758; x_wconf 76' lang='lat' dir='ltr'><strong>ittl&#39;t‘cditatis</strong></span> <span class='ocrx_word' id='word_1_218' title='bbox 1214 2704 1374 2756; x_wconf 91' lang='lat' dir='ltr'><strong>homo</strong></span> <span class='ocrx_word' id='word_1_219' title='bbox 1403 2715 1569 2770; x_wconf 88' lang='lat' dir='ltr'><strong>usque</strong></span> <span class='ocrx_word' id='word_1_220' title='bbox 1598 2702 1649 2754; x_wconf 91' lang='lat' dir='ltr'><strong>in</strong></span> <span class='ocrx_word' id='word_1_221' title='bbox 1680 2701 1744 2753; x_wconf 82' lang='lat' dir='ltr'><strong>li-</strong></span> 
     </span>
    </p>
   </div>
   <div class='ocr_carea' id='block_1_27' title="bbox 156 2791 1745 2868">
    <p class='ocr_par' dir='ltr' id='par_1_27' title="bbox 156 2791 1745 2868">
     <span class='ocr_line' id='line_1_27' title="bbox 156 2791 1745 2868; baseline -0.004 -18"><span class='ocrx_word' id='word_1_222' title='bbox 156 2813 276 2851; x_wconf 79' lang='lat' dir='ltr'><strong>nem</strong></span> <span class='ocrx_word' id='word_1_223' title='bbox 316 2810 698 2868; x_wconf 72' lang='lat' dir='ltr'><strong>perseverans,</strong></span> <span class='ocrx_word' id='word_1_224' title='bbox 739 2795 878 2849; x_wconf 89' lang='lat' dir='ltr'><strong>dietn</strong></span> <span class='ocrx_word' id='word_1_225' title='bbox 910 2794 1030 2848; x_wconf 79' lang='lat' dir='ltr'><strong>vita:</strong></span> <span class='ocrx_word' id='word_1_226' title='bbox 1062 2793 1218 2862; x_wconf 84' lang='lat' dir='ltr'><strong>hujus</strong></span> <span class='ocrx_word' id='word_1_227' title='bbox 1246 2793 1488 2846; x_wconf 91' lang='lat' dir='ltr'><strong>ultimum</strong></span> <span class='ocrx_word' id='word_1_228' title='bbox 1516 2791 1745 2846; x_wconf 84' lang='lat' dir='ltr'><strong>claudat.</strong></span> 
     </span>
    </p>
   </div>
   <div class='ocr_carea' id='block_1_28' title="bbox 154 2884 1749 2952">
    <p class='ocr_par' dir='ltr' id='par_1_28' title="bbox 154 2884 1749 2952">
     <span class='ocr_line' id='line_1_28' title="bbox 154 2884 1749 2952; baseline -0.005 -8"><span class='ocrx_word' id='word_1_229' title='bbox 154 2887 240 2944; x_wconf 87' lang='lat' dir='ltr'><strong>Sic</strong></span> <span class='ocrx_word' id='word_1_230' title='bbox 260 2889 406 2945; x_wconf 84' lang='lat' dir='ltr'><strong>enim</strong></span> <span class='ocrx_word' id='word_1_231' title='bbox 433 2888 761 2943; x_wconf 88' lang='lat' dir='ltr'><strong>dormientes</strong></span> <span class='ocrx_word' id='word_1_232' title='bbox 781 2885 918 2940; x_wconf 88' lang='lat' dir='ltr'><strong>inter</strong></span> <span class='ocrx_word' id='word_1_233' title='bbox 942 2884 1143 2939; x_wconf 89' lang='lat' dir='ltr'><strong>medios</strong></span> <span class='ocrx_word' id='word_1_234' title='bbox 1163 2884 1356 2949; x_wconf 84' lang='lat' dir='ltr'><strong>cleros,</strong></span> <span class='ocrx_word' id='word_1_235' title='bbox 1379 2892 1540 2938; x_wconf 90' lang='lat' dir='ltr'><strong>erunt</strong></span> <span class='ocrx_word' id='word_1_236' title='bbox 1561 2897 1749 2952; x_wconf 77' lang='lat' dir='ltr'><strong>petutze</strong></span> 
     </span>
    </p>
   </div>
   <div class='ocr_carea' id='block_1_29' title="bbox 153 2979 1747 3048">
    <p class='ocr_par' dir='ltr' id='par_1_29' title="bbox 153 2979 1747 3048">
     <span class='ocr_line' id='line_1_29' title="bbox 153 2979 1747 3048; baseline -0.005 -13"><span class='ocrx_word' id='word_1_237' title='bbox 153 2979 422 3035; x_wconf 74' lang='lat' dir='ltr'><strong>columba:</strong></span> <span class='ocrx_word' id='word_1_238' title='bbox 462 2979 863 3048; x_wconf 75' lang='lat' dir='ltr'><strong>deargentatzc;</strong></span> <span class='ocrx_word' id='word_1_239' title='bbox 909 2985 966 3031; x_wconf 91' lang='lat' dir='ltr'><strong>ut</strong></span> <span class='ocrx_word' id='word_1_240' title='bbox 1008 2985 1245 3044; x_wconf 79' lang='lat' dir='ltr'><strong>tempore</strong></span> <span class='ocrx_word' id='word_1_241' title='bbox 1290 2990 1396 3044; x_wconf 92' lang='lat' dir='ltr'><strong>quo</strong></span> <span class='ocrx_word' id='word_1_242' title='bbox 1433 2984 1747 3043; x_wconf 82' lang='lat' dir='ltr'><strong>rcsurgcnt,</strong></span> 
     </span>
    </p>
   </div>
   <div class='ocr_carea' id='block_1_30' title="bbox 151 3065 1750 3140">
    <p class='ocr_par' dir='ltr' id='par_1_30' title="bbox 151 3065 1750 3140">
     <span class='ocr_line' id='line_1_30' title="bbox 151 3065 1750 3140; baseline -0.006 -14"><span class='ocrx_word' id='word_1_243' title='bbox 151 3071 434 3140; x_wconf 86' lang='lat' dir='ltr'><strong>rapiantur</strong></span> <span class='ocrx_word' id='word_1_244' title='bbox 460 3071 510 3124; x_wconf 90' lang='lat' dir='ltr'><strong>in</strong></span> <span class='ocrx_word' id='word_1_245' title='bbox 538 3069 764 3124; x_wconf 87' lang='lat' dir='ltr'><strong>nubibus</strong></span> <span class='ocrx_word' id='word_1_246' title='bbox 791 3066 998 3121; x_wconf 87' lang='lat' dir='ltr'><strong>obviam</strong></span> <span class='ocrx_word' id='word_1_247' title='bbox 1029 3066 1242 3122; x_wconf 88' lang='lat' dir='ltr'><strong>Christo</strong></span> <span class='ocrx_word' id='word_1_248' title='bbox 1264 3065 1315 3120; x_wconf 90' lang='lat' dir='ltr'><strong>in</strong></span> <span class='ocrx_word' id='word_1_249' title='bbox 1341 3081 1501 3129; x_wconf 89' lang='lat' dir='ltr'><strong>aera,</strong></span> <span class='ocrx_word' id='word_1_250' title='bbox 1527 3077 1579 3119; x_wconf 88' lang='lat' dir='ltr'><strong>et</strong></span> <span class='ocrx_word' id='word_1_251' title='bbox 1605 3080 1750 3120; x_wconf 84' lang='lat' dir='ltr'><strong>sem-</strong></span> 
     </span>
    </p>
   </div>
   <div class='ocr_carea' id='block_1_31' title="bbox 153 3155 1755 3232">
    <p class='ocr_par' dir='ltr' id='par_1_31' title="bbox 153 3155 1755 3232">
     <span class='ocr_line' id='line_1_31' title="bbox 153 3155 1755 3232; baseline -0.002 -16"><span class='ocrx_word' id='word_1_252' title='bbox 153 3176 251 3232; x_wconf 87' lang='lat' dir='ltr'><strong>per</strong></span> <span class='ocrx_word' id='word_1_253' title='bbox 288 3161 403 3231; x_wconf 87' lang='lat' dir='ltr'><strong>jam</strong></span> <span class='ocrx_word' id='word_1_254' title='bbox 443 3175 563 3214; x_wconf 90' lang='lat' dir='ltr'><strong>cum</strong></span> <span class='ocrx_word' id='word_1_255' title='bbox 608 3158 830 3212; x_wconf 90' lang='lat' dir='ltr'><strong>Domino</strong></span> <span class='ocrx_word' id='word_1_256' title='bbox 866 3159 1044 3211; x_wconf 87' lang='lat' dir='ltr'><strong>vivant</strong></span> <span class='ocrx_word' id='word_1_257' title='bbox 1084 3155 1125 3227; x_wconf 93' lang='grc' dir='ltr'><strong>(Ι</strong></span> <span class='ocrx_word' id='word_1_258' title='bbox 1173 3155 1346 3210; x_wconf 82' lang='lat' dir='ltr'><strong>Thess.</strong></span> <span class='ocrx_word' id='word_1_259' title='bbox 1385 3171 1463 3222; x_wconf 85' lang='lat' dir='ltr'><strong>iv,</strong></span> <span class='ocrx_word' id='word_1_260' title='bbox 1495 3155 1584 3227; x_wconf 73' lang='grc'><strong>16)</strong></span> <span class='ocrx_word' id='word_1_261' title='bbox 1615 3173 1627 3208; x_wconf 91' lang='lat'><strong>:</strong></span> <span class='ocrx_word' id='word_1_262' title='bbox 1660 3163 1755 3212; x_wconf 86' lang='lat' dir='ltr'><strong>aut</strong></span> 
     </span>
    </p>
   </div>
   <div class='ocr_carea' id='block_1_32' title="bbox 155 3247 1756 3323">
    <p class='ocr_par' dir='ltr' id='par_1_32' title="bbox 155 3247 1756 3323">
     <span class='ocr_line' id='line_1_32' title="bbox 155 3247 1756 3323; baseline -0.005 -14"><span class='ocrx_word' id='word_1_263' title='bbox 155 3261 302 3309; x_wconf 88' lang='lat' dir='ltr'><strong>certe</strong></span> <span class='ocrx_word' id='word_1_264' title='bbox 323 3295 338 3316; x_wconf 95' lang='lat'><strong>,</strong></span> <span class='ocrx_word' id='word_1_265' title='bbox 383 3251 506 3323; x_wconf 91' lang='lat' dir='ltr'><strong>quia</strong></span> <span class='ocrx_word' id='word_1_266' title='bbox 551 3265 646 3318; x_wconf 82' lang='lat' dir='ltr'><strong>per</strong></span> <span class='ocrx_word' id='word_1_267' title='bbox 670 3265 763 3304; x_wconf 90' lang='lat' dir='ltr'><strong>eos</strong></span> <span class='ocrx_word' id='word_1_268' title='bbox 791 3248 876 3319; x_wconf 85' lang='lat' dir='ltr'><strong>qui</strong></span> <span class='ocrx_word' id='word_1_269' title='bbox 907 3249 986 3304; x_wconf 90' lang='lat' dir='ltr'><strong>sic</strong></span> <span class='ocrx_word' id='word_1_270' title='bbox 1014 3247 1340 3311; x_wconf 88' lang='lat' dir='ltr'><strong>moriuntur,</strong></span> <span class='ocrx_word' id='word_1_271' title='bbox 1370 3255 1573 3317; x_wconf 88' lang='lat' dir='ltr'><strong>quanto</strong></span> <span class='ocrx_word' id='word_1_272' title='bbox 1601 3263 1756 3302; x_wconf 92' lang='lat' dir='ltr'><strong>secn-</strong></span> 
     </span>
    </p>
   </div>
   <div class='ocr_carea' id='block_1_33' title="bbox 156 3337 1751 3409">
    <p class='ocr_par' dir='ltr' id='par_1_33' title="bbox 156 3337 1751 3409">
     <span class='ocr_line' id='line_1_33' title="bbox 156 3337 1751 3409; baseline -0.004 -9"><span class='ocrx_word' id='word_1_273' title='bbox 156 3346 302 3409; x_wconf 89' lang='lat' dir='ltr'><strong>rius,</strong></span> <span class='ocrx_word' id='word_1_274' title='bbox 351 3351 502 3397; x_wconf 90' lang='lat' dir='ltr'><strong>tauto</strong></span> <span class='ocrx_word' id='word_1_275' title='bbox 538 3341 818 3397; x_wconf 87' lang='lat' dir='ltr'><strong>sublimius</strong></span> <span class='ocrx_word' id='word_1_276' title='bbox 856 3339 1096 3396; x_wconf 86' lang='lat' dir='ltr'><strong>Ecclesia</strong></span> <span class='ocrx_word' id='word_1_277' title='bbox 1139 3337 1477 3402; x_wconf 76' lang='lat' dir='ltr'><strong>dilfamatur,</strong></span> <span class='ocrx_word' id='word_1_278' title='bbox 1518 3347 1574 3394; x_wconf 88' lang='lat' dir='ltr'><strong>et</strong></span> <span class='ocrx_word' id='word_1_279' title='bbox 1601 3339 1751 3409; x_wconf 86' lang='lat' dir='ltr'><strong>quasi</strong></span> 
     </span>
    </p>
   </div>
   <div class='ocr_carea' id='block_1_34' title="bbox 158 3429 1754 3506">
    <p class='ocr_par' dir='ltr' id='par_1_34' title="bbox 158 3429 1754 3506">
     <span class='ocr_line' id='line_1_34' title="bbox 158 3429 1754 3506; baseline -0.002 -17"><span class='ocrx_word' id='word_1_280' title='bbox 158 3433 478 3506; x_wconf 86' lang='lat' dir='ltr'><strong>quibusdam</strong></span> <span class='ocrx_word' id='word_1_281' title='bbox 527 3433 716 3503; x_wconf 89' lang='lat' dir='ltr'><strong>pennis</strong></span> <span class='ocrx_word' id='word_1_282' title='bbox 758 3432 985 3487; x_wconf 73' lang='lat' dir='ltr'><strong>excelsa:</strong></span> <span class='ocrx_word' id='word_1_283' title='bbox 1028 3429 1200 3484; x_wconf 88' lang='lat' dir='ltr'><strong>laudis</strong></span> <span class='ocrx_word' id='word_1_284' title='bbox 1244 3431 1521 3485; x_wconf 88' lang='lat' dir='ltr'><strong>attollitur.</strong></span> <span class='ocrx_word' id='word_1_285' title='bbox 1568 3430 1754 3501; x_wconf 81' lang='lat' dir='ltr'><strong>Neque</strong></span> 
     </span>
    </p>
   </div>
   <div class='ocr_carea' id='block_1_35' title="bbox 157 3520 1754 3581">
    <p class='ocr_par' dir='ltr' id='par_1_35' title="bbox 157 3520 1754 3581">
     <span class='ocr_line' id='line_1_35' title="bbox 157 3520 1754 3581; baseline -0.004 0"><span class='ocrx_word' id='word_1_286' title='bbox 157 3527 297 3581; x_wconf 85' lang='lat' dir='ltr'><strong>enim</strong></span> <span class='ocrx_word' id='word_1_287' title='bbox 324 3525 522 3579; x_wconf 91' lang='lat' dir='ltr'><strong>frustra</strong></span> <span class='ocrx_word' id='word_1_288' title='bbox 547 3523 745 3578; x_wconf 90' lang='lat' dir='ltr'><strong>dictum</strong></span> <span class='ocrx_word' id='word_1_289' title='bbox 772 3532 854 3578; x_wconf 89' lang='lat' dir='ltr'><strong>est</strong></span> <span class='ocrx_word' id='word_1_290' title='bbox 883 3539 896 3575; x_wconf 91' lang='lat'><strong>:</strong></span> <span class='ocrx_word' id='word_1_291' title='bbox 928 3520 1059 3575; x_wconf 79' lang='lat' dir='ltr'><strong>Ante</strong></span> <span class='ocrx_word' id='word_1_292' title='bbox 1076 3530 1284 3576; x_wconf 81' lang='lat' dir='ltr'><strong>mortem</strong></span> <span class='ocrx_word' id='word_1_293' title='bbox 1305 3538 1366 3575; x_wconf 89' lang='lat' dir='ltr'><strong>ne</strong></span> <span class='ocrx_word' id='word_1_294' title='bbox 1390 3522 1564 3576; x_wconf 82' lang='lat' dir='ltr'><strong>laudes</strong></span> <span class='ocrx_word' id='word_1_295' title='bbox 1586 3522 1754 3575; x_wconf 78' lang='lat' dir='ltr'><strong>homi-</strong></span> 
     </span>
    </p>
   </div>
   <div class='ocr_carea' id='block_1_36' title="bbox 158 3610 1754 3689">
    <p class='ocr_par' dir='ltr' id='par_1_36' title="bbox 158 3610 1754 3689">
     <span class='ocr_line' id='line_1_36' title="bbox 158 3610 1754 3689; baseline -0.001 -19"><span class='ocrx_word' id='word_1_296' title='bbox 158 3633 268 3670; x_wconf 87' lang='lat' dir='ltr'><strong>nent</strong></span> <span class='ocrx_word' id='word_1_297' title='bbox 315 3631 623 3689; x_wconf 81' lang='lat' dir='ltr'><strong>quemquam</strong></span> <span class='ocrx_word' id='word_1_298' title='bbox 672 3611 856 3685; x_wconf 76' lang='lat' dir='ltr'><strong>(Eccli.</strong></span> <span class='ocrx_word' id='word_1_299' title='bbox 900 3627 984 3678; x_wconf 73' lang='lat' dir='ltr'><strong>st,</strong></span> <span class='ocrx_word' id='word_1_300' title='bbox 1034 3610 1148 3683; x_wconf 83' lang='grc'><strong>50).</strong></span> <span class='ocrx_word' id='word_1_301' title='bbox 1193 3612 1392 3668; x_wconf 89' lang='lat' dir='ltr'><strong>Omnes</strong></span> <span class='ocrx_word' id='word_1_302' title='bbox 1433 3628 1562 3684; x_wconf 78' lang='lat' dir='ltr'><strong>ergo</strong></span> <span class='ocrx_word' id='word_1_303' title='bbox 1586 3613 1754 3669; x_wconf 87' lang='lat' dir='ltr'><strong>sancti</strong></span> 
     </span>
    </p>
   </div>
   <div class='ocr_carea' id='block_1_37' title="bbox 156 3705 1754 3777">
    <p class='ocr_par' dir='ltr' id='par_1_37' title="bbox 156 3705 1754 3777">
     <span class='ocr_line' id='line_1_37' title="bbox 156 3705 1754 3777; baseline -0.003 -13"><span class='ocrx_word' id='word_1_304' title='bbox 156 3708 251 3764; x_wconf 89' lang='lat' dir='ltr'><strong>Dei</strong></span> <span class='ocrx_word' id='word_1_305' title='bbox 289 3710 360 3764; x_wconf 90' lang='lat' dir='ltr'><strong>ab</strong></span> <span class='ocrx_word' id='word_1_306' title='bbox 390 3708 546 3763; x_wconf 91' lang='lat' dir='ltr'><strong>initio</strong></span> <span class='ocrx_word' id='word_1_307' title='bbox 573 3707 782 3777; x_wconf 78' lang='lat' dir='ltr'><strong>generis</strong></span> <span class='ocrx_word' id='word_1_308' title='bbox 807 3705 1056 3770; x_wconf 89' lang='lat' dir='ltr'><strong>humani,</strong></span> <span class='ocrx_word' id='word_1_309' title='bbox 1089 3721 1254 3776; x_wconf 89' lang='lat' dir='ltr'><strong>usque</strong></span> <span class='ocrx_word' id='word_1_310' title='bbox 1281 3706 1346 3759; x_wconf 90' lang='lat' dir='ltr'><strong>ad</strong></span> <span class='ocrx_word' id='word_1_311' title='bbox 1376 3715 1581 3774; x_wconf 83' lang='lat' dir='ltr'><strong>tempus</strong></span> <span class='ocrx_word' id='word_1_312' title='bbox 1609 3707 1754 3776; x_wconf 79' lang='lat' dir='ltr'><strong>Apo-</strong></span> 
     </span>
    </p>
   </div>
   <div class='ocr_carea' id='block_1_38' title="bbox 155 3797 1758 3872">
    <p class='ocr_par' dir='ltr' id='par_1_38' title="bbox 155 3797 1758 3872">
     <span class='ocr_line' id='line_1_38' title="bbox 155 3797 1758 3872; baseline -0.001 -17"><span class='ocrx_word' id='word_1_313' title='bbox 155 3803 422 3856; x_wconf 85' lang='lat' dir='ltr'><strong>stolorum</strong></span> <span class='ocrx_word' id='word_1_314' title='bbox 452 3798 607 3872; x_wconf 89' lang='lat' dir='ltr'><strong>(quia</strong></span> <span class='ocrx_word' id='word_1_315' title='bbox 636 3809 690 3854; x_wconf 91' lang='lat' dir='ltr'><strong>et</strong></span> <span class='ocrx_word' id='word_1_316' title='bbox 717 3799 815 3868; x_wconf 91' lang='lat' dir='ltr'><strong>ipsi</strong></span> <span class='ocrx_word' id='word_1_317' title='bbox 843 3807 1102 3853; x_wconf 78' lang='lat' dir='ltr'><strong>noverant</strong></span> <span class='ocrx_word' id='word_1_318' title='bbox 1127 3799 1306 3853; x_wconf 85' lang='lat' dir='ltr'><strong>dicere</strong></span> <span class='ocrx_word' id='word_1_319' title='bbox 1325 3839 1340 3863; x_wconf 96' lang='lat'><strong>,</strong></span> <span class='ocrx_word' id='word_1_320' title='bbox 1370 3797 1514 3852; x_wconf 87' lang='lat' dir='ltr'><strong>Diem</strong></span> <span class='ocrx_word' id='word_1_321' title='bbox 1540 3798 1758 3854; x_wconf 84' lang='lat' dir='ltr'><strong>hominis</strong></span> 
     </span>
    </p>
   </div>
   <div class='ocr_carea' id='block_1_39' title="bbox 155 3885 1759 3962">
    <p class='ocr_par' dir='ltr' id='par_1_39' title="bbox 155 3885 1759 3962">
     <span class='ocr_line' id='line_1_39' title="bbox 155 3885 1759 3962; baseline -0.002 -16"><span class='ocrx_word' id='word_1_322' title='bbox 155 3910 254 3946; x_wconf 89' lang='lat' dir='ltr'><strong>uou</strong></span> <span class='ocrx_word' id='word_1_323' title='bbox 280 3891 585 3961; x_wconf 74' lang='lat' dir='ltr'><strong>concupiui,</strong></span> <span class='ocrx_word' id='word_1_324' title='bbox 616 3901 669 3944; x_wconf 88' lang='lat' dir='ltr'><strong>tu</strong></span> <span class='ocrx_word' id='word_1_325' title='bbox 694 3889 790 3944; x_wconf 81' lang='lat' dir='ltr'><strong>scis</strong></span> <span class='ocrx_word' id='word_1_326' title='bbox 814 3887 1025 3962; x_wconf 61' lang='lat' dir='ltr'><strong>Herem.</strong></span> <span class='ocrx_word' id='word_1_327' title='bbox 1057 3903 1194 3950; x_wconf 75' lang='lat' dir='ltr'><strong>xvu,</strong></span> <span class='ocrx_word' id='word_1_328' title='bbox 1227 3885 1352 3960; x_wconf 76' lang='lat'><strong>16];</strong></span> <span class='ocrx_word' id='word_1_329' title='bbox 1382 3897 1456 3955; x_wconf 87' lang='lat' dir='ltr'><strong>et,</strong></span> <span class='ocrx_word' id='word_1_330' title='bbox 1491 3887 1659 3944; x_wconf 84' lang='lat' dir='ltr'><strong>Unam</strong></span> <span class='ocrx_word' id='word_1_331' title='bbox 1679 3906 1759 3960; x_wconf 84' lang='lat' dir='ltr'><strong>pe-</strong></span> 
     </span>
    </p>
   </div>
   <div class='ocr_carea' id='block_1_40' title="bbox 157 3978 1758 4054">
    <p class='ocr_par' dir='ltr' id='par_1_40' title="bbox 157 3978 1758 4054">
     <span class='ocr_line' id='line_1_40' title="bbox 157 3978 1758 4054; baseline 0.001 -17"><span class='ocrx_word' id='word_1_332' title='bbox 157 3985 210 4037; x_wconf 91' lang='lat' dir='ltr'><strong>tii</strong></span> <span class='ocrx_word' id='word_1_333' title='bbox 236 4001 267 4037; x_wconf 91' lang='lat' dir='ltr'><strong>a</strong></span> <span class='ocrx_word' id='word_1_334' title='bbox 303 3981 575 4047; x_wconf 86' lang='lat' dir='ltr'><strong>Domino,</strong></span> <span class='ocrx_word' id='word_1_335' title='bbox 620 3983 750 4036; x_wconf 83' lang='lat' dir='ltr'><strong>Itane</strong></span> <span class='ocrx_word' id='word_1_336' title='bbox 799 3981 1047 4051; x_wconf 77' lang='lat' dir='ltr'><strong>requirant</strong></span> <span class='ocrx_word' id='word_1_337' title='bbox 1088 3978 1257 4053; x_wconf 84' lang='lat' dir='ltr'><strong>[PsaL</strong></span> <span class='ocrx_word' id='word_1_338' title='bbox 1293 3997 1448 4046; x_wconf 78' lang='lat' dir='ltr'><strong>xxtu,</strong></span> <span class='ocrx_word' id='word_1_339' title='bbox 1483 3980 1575 4054; x_wconf 66' lang='lat'><strong>4])</strong></span> <span class='ocrx_word' id='word_1_340' title='bbox 1604 4023 1618 4046; x_wconf 90' lang='lat'><strong>,</strong></span> <span class='ocrx_word' id='word_1_341' title='bbox 1645 3992 1700 4038; x_wconf 87' lang='lat' dir='ltr'><strong>et</strong></span> <span class='ocrx_word' id='word_1_342' title='bbox 1727 3997 1758 4037; x_wconf 83' lang='lat' dir='ltr'><strong>a</strong></span> 
     </span>
    </p>
   </div>
   <div class='ocr_carea' id='block_1_41' title="bbox 157 4072 1759 4145">
    <p class='ocr_par' dir='ltr' id='par_1_41' title="bbox 157 4072 1759 4145">
     <span class='ocr_line' id='line_1_41' title="bbox 157 4072 1759 4145; baseline -0.002 -14"><span class='ocrx_word' id='word_1_343' title='bbox 157 4087 398 4145; x_wconf 83' lang='lat' dir='ltr'><strong>tempore</strong></span> <span class='ocrx_word' id='word_1_344' title='bbox 451 4074 824 4142; x_wconf 84' lang='lat' dir='ltr'><strong>Apostolorum</strong></span> <span class='ocrx_word' id='word_1_345' title='bbox 845 4112 860 4136; x_wconf 91' lang='lat'><strong>,</strong></span> <span class='ocrx_word' id='word_1_346' title='bbox 899 4087 968 4127; x_wconf 80' lang='lat' dir='ltr'><strong>ex</strong></span> <span class='ocrx_word' id='word_1_347' title='bbox 1007 4086 1112 4142; x_wconf 90' lang='lat' dir='ltr'><strong>quo</strong></span> <span class='ocrx_word' id='word_1_348' title='bbox 1136 4072 1359 4126; x_wconf 90' lang='lat' dir='ltr'><strong>duorum</strong></span> <span class='ocrx_word' id='word_1_349' title='bbox 1389 4072 1759 4128; x_wconf 83' lang='lat' dir='ltr'><strong>Testamento-</strong></span> 
     </span>
    </p>
   </div>
   <div class='ocr_carea' id='block_1_42' title="bbox 157 4163 1763 4233">
    <p class='ocr_par' dir='ltr' id='par_1_42' title="bbox 157 4163 1763 4233">
     <span class='ocr_line' id='line_1_42' title="bbox 157 4163 1763 4233; baseline 0.001 -15"><span class='ocrx_word' id='word_1_350' title='bbox 157 4180 273 4220; x_wconf 91' lang='lat' dir='ltr'><strong>rum</strong></span> <span class='ocrx_word' id='word_1_351' title='bbox 314 4163 626 4221; x_wconf 70' lang='lat' dir='ltr'><strong>differentia</strong></span> <span class='ocrx_word' id='word_1_352' title='bbox 665 4164 860 4218; x_wconf 89' lang='lat' dir='ltr'><strong>clarius</strong></span> <span class='ocrx_word' id='word_1_353' title='bbox 900 4163 1132 4218; x_wconf 83' lang='lat' dir='ltr'><strong>revelata</strong></span> <span class='ocrx_word' id='word_1_354' title='bbox 1167 4171 1282 4226; x_wconf 88' lang='lat' dir='ltr'><strong>est,</strong></span> <span class='ocrx_word' id='word_1_355' title='bbox 1312 4163 1410 4233; x_wconf 89' lang='lat' dir='ltr'><strong>ipsi</strong></span> <span class='ocrx_word' id='word_1_356' title='bbox 1439 4164 1679 4233; x_wconf 66' lang='lat' dir='ltr'><strong>Apostoli</strong></span> <span class='ocrx_word' id='word_1_357' title='bbox 1706 4172 1763 4220; x_wconf 80' lang='lat' dir='ltr'><strong>et</strong></span> 
     </span>
    </p>
   </div>
   <div class='ocr_carea' id='block_1_43' title="bbox 155 4254 1764 4327">
    <p class='ocr_par' dir='ltr' id='par_1_43' title="bbox 155 4254 1764 4327">
     <span class='ocr_line' id='line_1_43' title="bbox 155 4254 1764 4327; baseline 0.001 -16"><span class='ocrx_word' id='word_1_358' title='bbox 155 4256 295 4311; x_wconf 78' lang='lat' dir='ltr'><strong>beati</strong></span> <span class='ocrx_word' id='word_1_359' title='bbox 342 4265 618 4327; x_wconf 77' lang='lat' dir='ltr'><strong>martyres</strong></span> <span class='ocrx_word' id='word_1_360' title='bbox 653 4255 940 4324; x_wconf 70' lang='lat' dir='ltr'><strong>caeterique</strong></span> <span class='ocrx_word' id='word_1_361' title='bbox 977 4254 1136 4323; x_wconf 82' lang='lat' dir='ltr'><strong>justi,</strong></span> <span class='ocrx_word' id='word_1_362' title='bbox 1183 4263 1432 4324; x_wconf 87' lang='lat' dir='ltr'><strong>tauquam</strong></span> <span class='ocrx_word' id='word_1_363' title='bbox 1477 4257 1670 4311; x_wconf 85' lang='lat' dir='ltr'><strong>arietes</strong></span> <span class='ocrx_word' id='word_1_364' title='bbox 1708 4265 1764 4312; x_wconf 89' lang='lat' dir='ltr'><strong>et</strong></span> 
     </span>
    </p>
   </div>
   <div class='ocr_carea' id='block_1_44' title="bbox 157 4346 1763 4417">
    <p class='ocr_par' dir='ltr' id='par_1_44' title="bbox 157 4346 1763 4417">
     <span class='ocr_line' id='line_1_44' title="bbox 157 4346 1763 4417; baseline 0.001 -15"><span class='ocrx_word' id='word_1_365' title='bbox 157 4349 386 4403; x_wconf 84' lang='lat' dir='ltr'><strong>arietum</strong></span> <span class='ocrx_word' id='word_1_366' title='bbox 443 4346 533 4401; x_wconf 85' lang='lat' dir='ltr'><strong>lilii</strong></span> <span class='ocrx_word' id='word_1_367' title='bbox 574 4361 740 4417; x_wconf 90' lang='lat' dir='ltr'><strong>usque</strong></span> <span class='ocrx_word' id='word_1_368' title='bbox 773 4346 840 4401; x_wconf 87' lang='lat' dir='ltr'><strong>ad</strong></span> <span class='ocrx_word' id='word_1_369' title='bbox 867 4347 982 4416; x_wconf 38' lang='lat' dir='ltr'><strong>.hoc</strong></span> <span class='ocrx_word' id='word_1_370' title='bbox 1021 4356 1227 4416; x_wconf 85' lang='lat' dir='ltr'><strong>tempus</strong></span> <span class='ocrx_word' id='word_1_371' title='bbox 1258 4346 1590 4403; x_wconf 89' lang='lat' dir='ltr'><strong>dormierunt</strong></span> <span class='ocrx_word' id='word_1_372' title='bbox 1624 4347 1763 4404; x_wconf 86' lang='lat' dir='ltr'><strong>inter</strong></span> 
     </span>
    </p>
   </div>
   <div class='ocr_carea' id='block_1_45' title="bbox 158 4437 1764 4508">
    <p class='ocr_par' dir='ltr' id='par_1_45' title="bbox 158 4437 1764 4508">
     <span class='ocr_line' id='line_1_45' title="bbox 158 4437 1764 4508; baseline 0.001 -14"><span class='ocrx_word' id='word_1_373' title='bbox 158 4439 367 4494; x_wconf 82' lang='lat' dir='ltr'><strong>medios</strong></span> <span class='ocrx_word' id='word_1_374' title='bbox 423 4437 635 4500; x_wconf 88' lang='lat' dir='ltr'><strong>clerus;</strong></span> <span class='ocrx_word' id='word_1_375' title='bbox 681 4438 831 4507; x_wconf 83' lang='lat' dir='ltr'><strong>regni</strong></span> <span class='ocrx_word' id='word_1_376' title='bbox 876 4439 1072 4493; x_wconf 84' lang='lat' dir='ltr'><strong>terreni</strong></span> <span class='ocrx_word' id='word_1_377' title='bbox 1112 4437 1414 4494; x_wconf 76' lang='lat' dir='ltr'><strong>felicitatem</strong></span> <span class='ocrx_word' id='word_1_378' title='bbox 1445 4440 1554 4508; x_wconf 90' lang='lat' dir='ltr'><strong>jam</strong></span> <span class='ocrx_word' id='word_1_379' title='bbox 1582 4450 1764 4496; x_wconf 83' lang='lat' dir='ltr'><strong>conte-</strong></span> 
     </span>
    </p>
   </div>
   <div class='ocr_carea' id='block_1_46' title="bbox 160 4527 1765 4600">
    <p class='ocr_par' dir='ltr' id='par_1_46' title="bbox 160 4527 1765 4600">
     <span class='ocr_line' id='line_1_46' title="bbox 160 4527 1765 4600; baseline 0.005 -18"><span class='ocrx_word' id='word_1_380' title='bbox 160 4538 422 4584; x_wconf 82' lang='lat' dir='ltr'><strong>mnentes</strong></span> <span class='ocrx_word' id='word_1_381' title='bbox 446 4569 462 4594; x_wconf 91' lang='lat'><strong>,</strong></span> <span class='ocrx_word' id='word_1_382' title='bbox 490 4534 545 4580; x_wconf 90' lang='lat' dir='ltr'><strong>et</strong></span> <span class='ocrx_word' id='word_1_383' title='bbox 567 4527 991 4596; x_wconf 72' lang='lat' dir='ltr'><strong>regnicmlorum</strong></span> <span class='ocrx_word' id='word_1_384' title='bbox 1011 4529 1360 4584; x_wconf 70' lang='lat' dir='ltr'><strong>mteruitatem</strong></span> <span class='ocrx_word' id='word_1_385' title='bbox 1389 4541 1683 4600; x_wconf 86' lang='lat' dir='ltr'><strong>sperantes,</strong></span> <span class='ocrx_word' id='word_1_386' title='bbox 1709 4544 1765 4590; x_wconf 89' lang='lat' dir='ltr'><strong>et</strong></span> 
     </span>
    </p>
   </div>
   <div class='ocr_carea' id='block_1_47' title="bbox 160 4618 1765 4689">
    <p class='ocr_par' dir='ltr' id='par_1_47' title="bbox 160 4618 1765 4689">
     <span class='ocr_line' id='line_1_47' title="bbox 160 4618 1765 4689; baseline 0.004 -15"><span class='ocrx_word' id='word_1_387' title='bbox 160 4621 408 4676; x_wconf 86' lang='lat' dir='ltr'><strong>uoudum</strong></span> <span class='ocrx_word' id='word_1_388' title='bbox 453 4625 711 4673; x_wconf 84' lang='lat' dir='ltr'><strong>tenentes.</strong></span> <span class='ocrx_word' id='word_1_389' title='bbox 752 4618 819 4672; x_wconf 87' lang='lat' dir='ltr'><strong>Et</strong></span> <span class='ocrx_word' id='word_1_390' title='bbox 845 4619 968 4688; x_wconf 88' lang='lat' dir='ltr'><strong>quia</strong></span> <span class='ocrx_word' id='word_1_391' title='bbox 995 4627 1101 4674; x_wconf 90' lang='lat' dir='ltr'><strong>tam</strong></span> <span class='ocrx_word' id='word_1_392' title='bbox 1133 4620 1267 4676; x_wconf 85' lang='lat' dir='ltr'><strong>bene</strong></span> <span class='ocrx_word' id='word_1_393' title='bbox 1293 4621 1657 4689; x_wconf 86' lang='lat' dir='ltr'><strong>dormierunt,</strong></span> <span class='ocrx_word' id='word_1_394' title='bbox 1686 4625 1765 4681; x_wconf 89' lang='lat' dir='ltr'><strong>eis</strong></span> 
     </span>
    </p>
   </div>
   <div class='ocr_carea' id='block_1_48' title="bbox 161 4709 1764 4782">
    <p class='ocr_par' dir='ltr' id='par_1_48' title="bbox 161 4709 1764 4782">
     <span class='ocr_line' id='line_1_48' title="bbox 161 4709 1764 4782; baseline 0.004 -18"><span class='ocrx_word' id='word_1_395' title='bbox 161 4714 306 4768; x_wconf 81' lang='lat' dir='ltr'><strong>velut</strong></span> <span class='ocrx_word' id='word_1_396' title='bbox 349 4711 550 4782; x_wconf 80' lang='lat' dir='ltr'><strong>pcuuis</strong></span> <span class='ocrx_word' id='word_1_397' title='bbox 593 4724 732 4764; x_wconf 89' lang='lat' dir='ltr'><strong>nunc</strong></span> <span class='ocrx_word' id='word_1_398' title='bbox 768 4709 991 4775; x_wconf 80' lang='lat' dir='ltr'><strong>volitat,</strong></span> <span class='ocrx_word' id='word_1_399' title='bbox 1017 4720 1072 4764; x_wconf 93' lang='lat' dir='ltr'><strong>et</strong></span> <span class='ocrx_word' id='word_1_400' title='bbox 1099 4710 1340 4767; x_wconf 84' lang='lat' dir='ltr'><strong>laudibus</strong></span> <span class='ocrx_word' id='word_1_401' title='bbox 1369 4715 1633 4770; x_wconf 81' lang='lat' dir='ltr'><strong>exaltatur</strong></span> <span class='ocrx_word' id='word_1_402' title='bbox 1658 4715 1764 4771; x_wconf 84' lang='lat' dir='ltr'><strong>Ec-</strong></span> 
     </span>
    </p>
   </div>
   <div class='ocr_carea' id='block_1_49' title="bbox 159 4803 1766 4873">
    <p class='ocr_par' dir='ltr' id='par_1_49' title="bbox 159 4803 1766 4873">
     <span class='ocr_line' id='line_1_49' title="bbox 159 4803 1766 4873; baseline 0.002 -12"><span class='ocrx_word' id='word_1_403' title='bbox 159 4807 359 4869; x_wconf 61' lang='lat' dir='ltr'><strong>clesia,</strong></span> <span class='ocrx_word' id='word_1_404' title='bbox 415 4803 659 4860; x_wconf 88' lang='lat' dir='ltr'><strong>columba</strong></span> <span class='ocrx_word' id='word_1_405' title='bbox 703 4803 907 4859; x_wconf 86' lang='lat' dir='ltr'><strong>scilicet</strong></span> <span class='ocrx_word' id='word_1_406' title='bbox 936 4803 1311 4873; x_wconf 83' lang='lat' dir='ltr'><strong>deargentata;</strong></span> <span class='ocrx_word' id='word_1_407' title='bbox 1354 4815 1412 4859; x_wconf 91' lang='lat' dir='ltr'><strong>ut</strong></span> <span class='ocrx_word' id='word_1_408' title='bbox 1449 4805 1546 4862; x_wconf 89' lang='lat' dir='ltr'><strong>hac</strong></span> <span class='ocrx_word' id='word_1_409' title='bbox 1579 4823 1766 4865; x_wconf 87' lang='lat' dir='ltr'><strong>eorum</strong></span> 
     </span>
    </p>
   </div>
   <div class='ocr_carea' id='block_1_50' title="bbox 162 4895 1765 4966">
    <p class='ocr_par' dir='ltr' id='par_1_50' title="bbox 162 4895 1765 4966">
     <span class='ocr_line' id='line_1_50' title="bbox 162 4895 1765 4966; baseline 0.003 -14"><span class='ocrx_word' id='word_1_410' title='bbox 162 4899 300 4953; x_wconf 84' lang='lat' dir='ltr'><strong>fama</strong></span> <span class='ocrx_word' id='word_1_411' title='bbox 341 4897 418 4953; x_wconf 85' lang='lat' dir='ltr'><strong>ad</strong></span> <span class='ocrx_word' id='word_1_412' title='bbox 459 4895 774 4952; x_wconf 88' lang='lat' dir='ltr'><strong>imitandum</strong></span> <span class='ocrx_word' id='word_1_413' title='bbox 801 4895 1026 4966; x_wconf 89' lang='lat' dir='ltr'><strong>posteris</strong></span> <span class='ocrx_word' id='word_1_414' title='bbox 1053 4896 1286 4953; x_wconf 83' lang='lat' dir='ltr'><strong>invitatis</strong></span> <span class='ocrx_word' id='word_1_415' title='bbox 1309 4940 1324 4964; x_wconf 92' lang='lat'><strong>,</strong></span> <span class='ocrx_word' id='word_1_416' title='bbox 1351 4898 1478 4954; x_wconf 88' lang='lat' dir='ltr'><strong>dum</strong></span> <span class='ocrx_word' id='word_1_417' title='bbox 1503 4901 1579 4955; x_wconf 88' lang='lat' dir='ltr'><strong>sic</strong></span> <span class='ocrx_word' id='word_1_418' title='bbox 1605 4903 1765 4957; x_wconf 88' lang='lat' dir='ltr'><strong>etiam</strong></span> 
     </span>
    </p>
   </div>
   <div class='ocr_carea' id='block_1_51' title="bbox 162 4987 1764 5062">
    <p class='ocr_par' dir='ltr' id='par_1_51' title="bbox 162 4987 1764 5062">
     <span class='ocr_line' id='line_1_51' title="bbox 162 4987 1764 5062; baseline 0.004 -19"><span class='ocrx_word' id='word_1_419' title='bbox 162 4991 344 5044; x_wconf 60' lang='lat' dir='ltr'><strong>czrti-ri</strong></span> <span class='ocrx_word' id='word_1_420' title='bbox 391 4987 708 5054; x_wconf 87' lang='lat' dir='ltr'><strong>dormiunt,</strong></span> <span class='ocrx_word' id='word_1_421' title='bbox 752 4987 1012 5042; x_wconf 87' lang='lat' dir='ltr'><strong>addantur</strong></span> <span class='ocrx_word' id='word_1_422' title='bbox 1050 5003 1238 5058; x_wconf 76' lang='lat' dir='ltr'><strong>penna:</strong></span> <span class='ocrx_word' id='word_1_423' title='bbox 1283 4989 1474 5059; x_wconf 88' lang='lat' dir='ltr'><strong>quibus</strong></span> <span class='ocrx_word' id='word_1_424' title='bbox 1509 5008 1674 5062; x_wconf 85' lang='lat' dir='ltr'><strong>usque</strong></span> <span class='ocrx_word' id='word_1_425' title='bbox 1711 4995 1764 5049; x_wconf 92' lang='lat' dir='ltr'><strong>in</strong></span> 
     </span>
    </p>
   </div>
   <div class='ocr_carea' id='block_1_52' title="bbox 168 5077 1234 5149">
    <p class='ocr_par' dir='ltr' id='par_1_52' title="bbox 168 5077 1234 5149">
     <span class='ocr_line' id='line_1_52' title="bbox 168 5077 1234 5149; baseline -0.002 -14"><span class='ocrx_word' id='word_1_426' title='bbox 168 5083 328 5135; x_wconf 72' lang='lat' dir='ltr'><strong>finem</strong></span> <span class='ocrx_word' id='word_1_427' title='bbox 359 5080 548 5135; x_wconf 72' lang='lat' dir='ltr'><strong>smenli</strong></span> <span class='ocrx_word' id='word_1_428' title='bbox 576 5080 873 5135; x_wconf 87' lang='lat' dir='ltr'><strong>sublimiter</strong></span> <span class='ocrx_word' id='word_1_429' title='bbox 902 5077 1234 5149; x_wconf 58' lang='lat' dir='ltr'><strong>pradicetur.</strong></span> 
     </span>
    </p>
   </div>
   <div class='ocr_carea' id='block_1_53' title="bbox 237 5171 1766 5248">
    <p class='ocr_par' dir='ltr' id='par_1_53' title="bbox 237 5171 1766 5248">
     <span class='ocr_line' id='line_1_53' title="bbox 237 5171 1766 5248; baseline 0.001 -19"><span class='ocrx_word' id='word_1_430' title='bbox 237 5175 334 5230; x_wconf 75' lang='grc'><strong>21.</strong></span> <span class='ocrx_word' id='word_1_431' title='bbox 368 5173 539 5248; x_wconf 83' lang='lat' dir='ltr'><strong>[rers.</strong></span> <span class='ocrx_word' id='word_1_432' title='bbox 573 5171 686 5246; x_wconf 69' lang='lat'><strong>15.]</strong></span> <span class='ocrx_word' id='word_1_433' title='bbox 719 5172 853 5228; x_wconf 88' lang='lat' dir='ltr'><strong>Dum</strong></span> <span class='ocrx_word' id='word_1_434' title='bbox 874 5175 1108 5227; x_wconf 76' lang='lat' dir='ltr'><strong>discernit</strong></span> <span class='ocrx_word' id='word_1_435' title='bbox 1137 5176 1497 5245; x_wconf 81' lang='lat' dir='ltr'><strong>superccelestis</strong></span> <span class='ocrx_word' id='word_1_436' title='bbox 1516 5192 1658 5248; x_wconf 81' lang='lat' dir='ltr'><strong>reges</strong></span> <span class='ocrx_word' id='word_1_437' title='bbox 1675 5195 1766 5231; x_wconf 85' lang='lat' dir='ltr'><strong>su-</strong></span> 
     </span>
    </p>
   </div>
   <div class='ocr_carea' id='block_1_54' title="bbox 171 5263 1766 5338">
    <p class='ocr_par' dir='ltr' id='par_1_54' title="bbox 171 5263 1766 5338">
     <span class='ocr_line' id='line_1_54' title="bbox 171 5263 1766 5338; baseline 0.004 -19"><span class='ocrx_word' id='word_1_438' title='bbox 171 5283 260 5335; x_wconf 79' lang='lat' dir='ltr'><strong>per</strong></span> <span class='ocrx_word' id='word_1_439' title='bbox 289 5282 428 5330; x_wconf 77' lang='lat' dir='ltr'><strong>eam,</strong></span> <span class='ocrx_word' id='word_1_440' title='bbox 456 5263 949 5320; x_wconf 67' lang='lat' dir='ltr'><strong>nivedealbabuntur</strong></span> <span class='ocrx_word' id='word_1_441' title='bbox 975 5266 1029 5320; x_wconf 90' lang='lat' dir='ltr'><strong>iu</strong></span> <span class='ocrx_word' id='word_1_442' title='bbox 1056 5263 1262 5320; x_wconf 83' lang='lat' dir='ltr'><strong>Selmon</strong></span> <span class='ocrx_word' id='word_1_443' title='bbox 1290 5282 1308 5320; x_wconf 89' lang='lat'><strong><em>:</em></strong></span> <span class='ocrx_word' id='word_1_444' title='bbox 1335 5266 1420 5321; x_wconf 90' lang='lat' dir='ltr'><strong>illc</strong></span> <span class='ocrx_word' id='word_1_445' title='bbox 1440 5271 1766 5338; x_wconf 74' lang='lat' dir='ltr'><strong>superemic-</strong></span> 
     </span>
    </p>
   </div>
   <div class='ocr_carea' id='block_1_55' title="bbox 172 5358 1766 5431">
    <p class='ocr_par' dir='ltr' id='par_1_55' title="bbox 172 5358 1766 5431">
     <span class='ocr_line' id='line_1_55' title="bbox 172 5358 1766 5431; baseline 0.002 -18"><span class='ocrx_word' id='word_1_446' title='bbox 172 5361 292 5422; x_wconf 75' lang='lat' dir='ltr'><strong>stis,</strong></span> <span class='ocrx_word' id='word_1_447' title='bbox 336 5359 430 5413; x_wconf 91' lang='lat' dir='ltr'><strong>ille</strong></span> <span class='ocrx_word' id='word_1_448' title='bbox 466 5358 552 5427; x_wconf 86' lang='lat' dir='ltr'><strong>qui</strong></span> <span class='ocrx_word' id='word_1_449' title='bbox 579 5359 799 5411; x_wconf 77' lang='lat' dir='ltr'><strong>ascendit</strong></span> <span class='ocrx_word' id='word_1_450' title='bbox 823 5375 973 5426; x_wconf 81' lang='lat' dir='ltr'><strong>super</strong></span> <span class='ocrx_word' id='word_1_451' title='bbox 1000 5374 1169 5412; x_wconf 83' lang='lat' dir='ltr'><strong>omnes</strong></span> <span class='ocrx_word' id='word_1_452' title='bbox 1192 5360 1361 5423; x_wconf 73' lang='lat' dir='ltr'><strong>ctelos,</strong></span> <span class='ocrx_word' id='word_1_453' title='bbox 1391 5370 1446 5413; x_wconf 89' lang='lat' dir='ltr'><strong>ut</strong></span> <span class='ocrx_word' id='word_1_454' title='bbox 1473 5359 1766 5431; x_wconf 85' lang='lat' dir='ltr'><strong>adimpleret</strong></span> 
     </span>
    </p>
   </div>
   <div class='ocr_carea' id='block_1_56' title="bbox 174 5449 1766 5523">
    <p class='ocr_par' dir='ltr' id='par_1_56' title="bbox 174 5449 1766 5523">
     <span class='ocr_line' id='line_1_56' title="bbox 174 5449 1766 5523; baseline 0.004 -21"><span class='ocrx_word' id='word_1_455' title='bbox 174 5451 348 5503; x_wconf 86' lang='lat' dir='ltr'><strong>omnia</strong></span> <span class='ocrx_word' id='word_1_456' title='bbox 369 5491 386 5512; x_wconf 91' lang='lat'><strong>,</strong></span> <span class='ocrx_word' id='word_1_457' title='bbox 431 5449 551 5502; x_wconf 85' lang='lat' dir='ltr'><strong>dum</strong></span> <span class='ocrx_word' id='word_1_458' title='bbox 591 5449 824 5502; x_wconf 85' lang='lat' dir='ltr'><strong>discernit</strong></span> <span class='ocrx_word' id='word_1_459' title='bbox 868 5465 1005 5516; x_wconf 78' lang='lat' dir='ltr'><strong>reges</strong></span> <span class='ocrx_word' id='word_1_460' title='bbox 1047 5465 1198 5518; x_wconf 80' lang='lat' dir='ltr'><strong>super</strong></span> <span class='ocrx_word' id='word_1_461' title='bbox 1235 5466 1343 5504; x_wconf 86' lang='lat' dir='ltr'><strong>eam</strong></span> <span class='ocrx_word' id='word_1_462' title='bbox 1366 5491 1382 5515; x_wconf 92' lang='lat'><strong>,</strong></span> <span class='ocrx_word' id='word_1_463' title='bbox 1419 5449 1472 5504; x_wconf 87' lang='lat' dir='ltr'><strong>id</strong></span> <span class='ocrx_word' id='word_1_464' title='bbox 1501 5461 1582 5506; x_wconf 88' lang='lat' dir='ltr'><strong>est</strong></span> <span class='ocrx_word' id='word_1_465' title='bbox 1607 5468 1766 5523; x_wconf 85' lang='lat' dir='ltr'><strong>super</strong></span> 
     </span>
    </p>
   </div>
   <div class='ocr_carea' id='block_1_57' title="bbox 172 5537 1767 5612">
    <p class='ocr_par' dir='ltr' id='par_1_57' title="bbox 172 5537 1767 5612">
     <span class='ocr_line' id='line_1_57' title="bbox 172 5537 1767 5612; baseline 0.001 -16"><span class='ocrx_word' id='word_1_466' title='bbox 172 5542 426 5596; x_wconf 71' lang='lat' dir='ltr'><strong>eamdem</strong></span> <span class='ocrx_word' id='word_1_467' title='bbox 448 5538 745 5593; x_wconf 88' lang='lat' dir='ltr'><strong>columbam</strong></span> <span class='ocrx_word' id='word_1_468' title='bbox 767 5537 1179 5605; x_wconf 71' lang='lat' dir='ltr'><strong>denrgi-nzataut.</strong></span> <span class='ocrx_word' id='word_1_469' title='bbox 1199 5539 1450 5610; x_wconf 87' lang='lat' dir='ltr'><strong>Sequitur</strong></span> <span class='ocrx_word' id='word_1_470' title='bbox 1464 5543 1607 5596; x_wconf 91' lang='lat' dir='ltr'><strong>enim</strong></span> <span class='ocrx_word' id='word_1_471' title='bbox 1621 5545 1736 5612; x_wconf 79' lang='lat' dir='ltr'><strong>Apo</strong></span> <span class='ocrx_word' id='word_1_472' title='bbox 1750 5574 1767 5586; x_wconf 89' lang='lat'><strong>-</strong></span> 
     </span>
    </p>
   </div>
   <div class='ocr_carea' id='block_1_58' title="bbox 174 5627 1767 5706">
    <p class='ocr_par' dir='ltr' id='par_1_58' title="bbox 174 5627 1767 5706">
     <span class='ocr_line' id='line_1_58' title="bbox 174 5627 1767 5706; baseline 0.003 -22"><span class='ocrx_word' id='word_1_473' title='bbox 174 5635 389 5698; x_wconf 85' lang='lat' dir='ltr'><strong>stolus,</strong></span> <span class='ocrx_word' id='word_1_474' title='bbox 432 5647 495 5688; x_wconf 89' lang='lat' dir='ltr'><strong>ac</strong></span> <span class='ocrx_word' id='word_1_475' title='bbox 535 5631 662 5686; x_wconf 88' lang='lat' dir='ltr'><strong>dicit</strong></span> <span class='ocrx_word' id='word_1_476' title='bbox 705 5646 720 5685; x_wconf 89' lang='lat'><strong>:</strong></span> <span class='ocrx_word' id='word_1_477' title='bbox 760 5627 828 5682; x_wconf 75' lang='lat' dir='ltr'><strong>Et</strong></span> <span class='ocrx_word' id='word_1_478' title='bbox 857 5628 965 5697; x_wconf 82' lang='lat' dir='ltr'><strong>ipse</strong></span> <span class='ocrx_word' id='word_1_479' title='bbox 991 5630 1124 5683; x_wconf 82' lang='lat' dir='ltr'><strong>dedit</strong></span> <span class='ocrx_word' id='word_1_480' title='bbox 1151 5636 1392 5704; x_wconf 86' lang='lat' dir='ltr'><strong>quosdam</strong></span> <span class='ocrx_word' id='word_1_481' title='bbox 1415 5635 1616 5705; x_wconf 81' lang='lat' dir='ltr'><strong>quidem</strong></span> <span class='ocrx_word' id='word_1_482' title='bbox 1641 5653 1767 5706; x_wconf 77' lang='lat' dir='ltr'><strong>apo-</strong></span> 
     </span>
    </p>
   </div>
   <div class='ocr_carea' id='block_1_59' title="bbox 175 5723 1766 5794">
    <p class='ocr_par' dir='ltr' id='par_1_59' title="bbox 175 5723 1766 5794">
     <span class='ocr_line' id='line_1_59' title="bbox 175 5723 1766 5794; baseline 0.003 -17"><span class='ocrx_word' id='word_1_483' title='bbox 175 5726 338 5778; x_wconf 77' lang='lat' dir='ltr'><strong>stolos</strong></span> <span class='ocrx_word' id='word_1_484' title='bbox 357 5765 375 5787; x_wconf 93' lang='lat'><strong>,</strong></span> <span class='ocrx_word' id='word_1_485' title='bbox 417 5723 656 5794; x_wconf 86' lang='lat' dir='ltr'><strong>quosdam</strong></span> <span class='ocrx_word' id='word_1_486' title='bbox 691 5731 856 5776; x_wconf 85' lang='lat' dir='ltr'><strong>autem</strong></span> <span class='ocrx_word' id='word_1_487' title='bbox 884 5723 1180 5791; x_wconf 71' lang='lat' dir='ltr'><strong>prophetas,</strong></span> <span class='ocrx_word' id='word_1_488' title='bbox 1207 5727 1448 5792; x_wconf 85' lang='lat' dir='ltr'><strong>quosdam</strong></span> <span class='ocrx_word' id='word_1_489' title='bbox 1479 5743 1592 5782; x_wconf 81' lang='lat' dir='ltr'><strong>vero</strong></span> <span class='ocrx_word' id='word_1_490' title='bbox 1617 5745 1766 5782; x_wconf 82' lang='lat' dir='ltr'><strong>eran-</strong></span> 
     </span>
    </p>
   </div>
   <div class='ocr_carea' id='block_1_60' title="bbox 173 5818 1767 5893">
    <p class='ocr_par' dir='ltr' id='par_1_60' title="bbox 173 5818 1767 5893">
     <span class='ocr_line' id='line_1_60' title="bbox 173 5818 1767 5893; baseline 0.005 -20"><span class='ocrx_word' id='word_1_491' title='bbox 173 5818 388 5888; x_wconf 75' lang='lat' dir='ltr'><strong>gelistas</strong></span> <span class='ocrx_word' id='word_1_492' title='bbox 404 5855 423 5885; x_wconf 89' lang='lat'><strong>,</strong></span> <span class='ocrx_word' id='word_1_493' title='bbox 444 5818 686 5890; x_wconf 78' lang='lat' dir='ltr'><strong>quosdam</strong></span> <span class='ocrx_word' id='word_1_494' title='bbox 710 5826 878 5874; x_wconf 75' lang='lat' dir='ltr'><strong>autem</strong></span> <span class='ocrx_word' id='word_1_495' title='bbox 903 5825 1127 5888; x_wconf 77' lang='lat' dir='ltr'><strong>pastores</strong></span> <span class='ocrx_word' id='word_1_496' title='bbox 1150 5827 1196 5874; x_wconf 88' lang='lat' dir='ltr'><strong>et</strong></span> <span class='ocrx_word' id='word_1_497' title='bbox 1223 5821 1468 5878; x_wconf 69' lang='lat' dir='ltr'><strong>doctores.</strong></span> <span class='ocrx_word' id='word_1_498' title='bbox 1489 5821 1621 5881; x_wconf 63' lang='lat' dir='ltr'><strong>Nam</strong></span> <span class='ocrx_word' id='word_1_499' title='bbox 1639 5822 1767 5893; x_wconf 86' lang='lat' dir='ltr'><strong>quid</strong></span> 
     </span>
    </p>
   </div>
   <div class='ocr_carea' id='block_1_61' title="bbox 1215 367 2322 433">
    <p class='ocr_par' dir='ltr' id='par_1_61' title="bbox 1215 367 2322 433">
     <span class='ocr_line' id='line_1_61' title="bbox 1215 367 2322 433; baseline -0.001 0"><span class='ocrx_word' id='word_1_500' title='bbox 1215 371 1614 433; x_wconf 75' lang='lat' dir='ltr'><strong>ENARRATIO</strong></span> <span class='ocrx_word' id='word_1_501' title='bbox 1653 369 1720 426; x_wconf 82' lang='lat' dir='ltr'><strong>IN</strong></span> <span class='ocrx_word' id='word_1_502' title='bbox 1755 367 2081 428; x_wconf 58' lang='lat' dir='ltr'><strong>PSSLMUM</strong></span> <span class='ocrx_word' id='word_1_503' title='bbox 2120 370 2322 432; x_wconf 55' lang='lat' dir='ltr'><strong>LXVB.</strong></span> 
     </span>
    </p>
   </div>
   <div class='ocr_carea' id='block_1_62' title="bbox 1827 486 3416 558">
    <p class='ocr_par' dir='ltr' id='par_1_62' title="bbox 1827 486 3416 558">
     <span class='ocr_line' id='line_1_62' title="bbox 1827 486 3416 558; baseline 0.002 -16"><span class='ocrx_word' id='word_1_504' title='bbox 1827 497 1909 542; x_wconf 88' lang='lat' dir='ltr'><strong>est</strong></span> <span class='ocrx_word' id='word_1_505' title='bbox 1950 486 2092 542; x_wconf 88' lang='lat' dir='ltr'><strong>aliud</strong></span> <span class='ocrx_word' id='word_1_506' title='bbox 2133 502 2284 558; x_wconf 78' lang='lat' dir='ltr'><strong>reges</strong></span> <span class='ocrx_word' id='word_1_507' title='bbox 2320 486 2624 543; x_wconf 79' lang='lat' dir='ltr'><strong>discernere</strong></span> <span class='ocrx_word' id='word_1_508' title='bbox 2659 501 2824 558; x_wconf 81' lang='lat' dir='ltr'><strong>super</strong></span> <span class='ocrx_word' id='word_1_509' title='bbox 2857 502 3012 552; x_wconf 79' lang='lat' dir='ltr'><strong>eam.</strong></span> <span class='ocrx_word' id='word_1_510' title='bbox 3056 486 3158 543; x_wconf 82' lang='lat' dir='ltr'><strong>nisi</strong></span> <span class='ocrx_word' id='word_1_511' title='bbox 3194 488 3247 541; x_wconf 86' lang='lat' dir='ltr'><strong>in</strong></span> <span class='ocrx_word' id='word_1_512' title='bbox 3287 504 3416 557; x_wconf 86' lang='lat' dir='ltr'><strong>opus</strong></span> 
     </span>
    </p>
   </div>
   <div class='ocr_carea' id='block_1_63' title="bbox 1828 581 3416 654">
    <p class='ocr_par' dir='ltr' id='par_1_63' title="bbox 1828 581 3416 654">
     <span class='ocr_line' id='line_1_63' title="bbox 1828 581 3416 654; baseline 0.001 -20"><span class='ocrx_word' id='word_1_513' title='bbox 1828 583 2120 647; x_wconf 88' lang='lat' dir='ltr'><strong>ministerii,</strong></span> <span class='ocrx_word' id='word_1_514' title='bbox 2148 583 2201 635; x_wconf 87' lang='lat' dir='ltr'><strong>in</strong></span> <span class='ocrx_word' id='word_1_515' title='bbox 2221 582 2605 649; x_wconf 72' lang='lat' dir='ltr'><strong>(edi/irationem</strong></span> <span class='ocrx_word' id='word_1_516' title='bbox 2630 584 2855 651; x_wconf 84' lang='lat' dir='ltr'><strong>corporis</strong></span> <span class='ocrx_word' id='word_1_517' title='bbox 2880 583 3066 638; x_wconf 82' lang='lat' dir='ltr'><strong>Christi</strong></span> <span class='ocrx_word' id='word_1_518' title='bbox 3094 581 3308 654; x_wconf 75' lang='lat' dir='ltr'><strong>(Ep/tes.</strong></span> <span class='ocrx_word' id='word_1_519' title='bbox 3343 599 3416 648; x_wconf 91' lang='lat' dir='ltr'><strong>tv,</strong></span> 
     </span>
    </p>
   </div>
   <div class='ocr_carea' id='block_1_64' title="bbox 1829 671 3418 745">
    <p class='ocr_par' dir='ltr' id='par_1_64' title="bbox 1829 671 3418 745">
     <span class='ocr_line' id='line_1_64' title="bbox 1829 671 3418 745; baseline 0.002 -18"><span class='ocrx_word' id='word_1_520' title='bbox 1829 671 2044 741; x_wconf 68' lang='lat'><strong>10-12);</strong></span> <span class='ocrx_word' id='word_1_521' title='bbox 2095 675 2521 744; x_wconf 79' lang='lat' dir='ltr'><strong>quamloquideut</strong></span> <span class='ocrx_word' id='word_1_522' title='bbox 2569 691 2677 745; x_wconf 82' lang='lat' dir='ltr'><strong>Ipsa</strong></span> <span class='ocrx_word' id='word_1_523' title='bbox 2717 686 2798 730; x_wconf 82' lang='lat' dir='ltr'><strong>est</strong></span> <span class='ocrx_word' id='word_1_524' title='bbox 2840 692 3032 743; x_wconf 79' lang='lat' dir='ltr'><strong>corpus</strong></span> <span class='ocrx_word' id='word_1_525' title='bbox 3062 676 3297 729; x_wconf 82' lang='lat' dir='ltr'><strong>Christi&quot;</strong></span> <span class='ocrx_word' id='word_1_526' title='bbox 3329 675 3418 730; x_wconf 77' lang='lat' dir='ltr'><strong>lti-</strong></span> 
     </span>
    </p>
   </div>
   <div class='ocr_carea' id='block_1_65' title="bbox 1828 767 3417 838">
    <p class='ocr_par' dir='ltr' id='par_1_65' title="bbox 1828 767 3417 838">
     <span class='ocr_line' id='line_1_65' title="bbox 1828 767 3417 838; baseline 0.003 -20"><span class='ocrx_word' id='word_1_527' title='bbox 1828 776 2019 818; x_wconf 89' lang='lat' dir='ltr'><strong>cuntnr</strong></span> <span class='ocrx_word' id='word_1_528' title='bbox 2066 777 2242 820; x_wconf 92' lang='lat' dir='ltr'><strong>autem</strong></span> <span class='ocrx_word' id='word_1_529' title='bbox 2289 767 2361 820; x_wconf 87' lang='lat' dir='ltr'><strong>illi</strong></span> <span class='ocrx_word' id='word_1_530' title='bbox 2405 785 2579 838; x_wconf 74' lang='lat' dir='ltr'><strong>reges,</strong></span> <span class='ocrx_word' id='word_1_531' title='bbox 2631 771 2809 836; x_wconf 78' lang='lat' dir='ltr'><strong>utique</strong></span> <span class='ocrx_word' id='word_1_532' title='bbox 2847 784 2875 821; x_wconf 95' lang='lat' dir='ltr'><strong>a</strong></span> <span class='ocrx_word' id='word_1_533' title='bbox 2909 769 3140 838; x_wconf 75' lang='lat' dir='ltr'><strong>regendo</strong></span> <span class='ocrx_word' id='word_1_534' title='bbox 3168 785 3180 821; x_wconf 73' lang='grc' dir='ltr'>ε</span> <span class='ocrx_word' id='word_1_535' title='bbox 3211 779 3262 823; x_wconf 81' lang='lat' dir='ltr'><strong>et</strong></span> <span class='ocrx_word' id='word_1_536' title='bbox 3294 767 3417 835; x_wconf 77' lang='lat' dir='ltr'><strong>quid</strong></span> 
     </span>
    </p>
   </div>
   <div class='ocr_carea' id='block_1_66' title="bbox 1831 857 3424 929">
    <p class='ocr_par' dir='ltr' id='par_1_66' title="bbox 1831 857 3424 929">
     <span class='ocr_line' id='line_1_66' title="bbox 1831 857 3424 929; baseline 0.004 -19"><span class='ocrx_word' id='word_1_537' title='bbox 1831 857 1994 926; x_wconf 74' lang='lat' dir='ltr'><strong>magis</strong></span> <span class='ocrx_word' id='word_1_538' title='bbox 2015 874 2172 927; x_wconf 90' lang='lat' dir='ltr'><strong>quam</strong></span> <span class='ocrx_word' id='word_1_539' title='bbox 2199 859 2374 913; x_wconf 70' lang='lat' dir='ltr'><strong>carnis</strong></span> <span class='ocrx_word' id='word_1_540' title='bbox 2401 861 2857 928; x_wconf 62' lang='grc' dir='ltr'>ιευιιιξιιιιῐεοςιιιιίτις</span> <span class='ocrx_word' id='word_1_541' title='bbox 2880 902 2894 917; x_wconf 91' lang='grc'><strong>.</strong></span> <span class='ocrx_word' id='word_1_542' title='bbox 2930 878 2995 914; x_wconf 76' lang='lat' dir='ltr'><strong>ne.</strong></span> <span class='ocrx_word' id='word_1_543' title='bbox 3025 871 3206 928; x_wconf 72' lang='lat' dir='ltr'><strong>rrgtu&#39;t</strong></span> <span class='ocrx_word' id='word_1_544' title='bbox 3235 876 3424 929; x_wconf 74' lang='lat' dir='ltr'><strong>pecca-</strong></span> 
     </span>
    </p>
   </div>
   <div class='ocr_carea' id='block_1_67' title="bbox 1832 948 3421 1020">
    <p class='ocr_par' dir='ltr' id='par_1_67' title="bbox 1832 948 3421 1020">
     <span class='ocr_line' id='line_1_67' title="bbox 1832 948 3421 1020; baseline 0.002 -18"><span class='ocrx_word' id='word_1_545' title='bbox 1832 957 1942 1002; x_wconf 90' lang='lat' dir='ltr'><strong>tum</strong></span> <span class='ocrx_word' id='word_1_546' title='bbox 1987 948 2040 1002; x_wconf 91' lang='lat' dir='ltr'><strong>in</strong></span> <span class='ocrx_word' id='word_1_547' title='bbox 2079 964 2260 1003; x_wconf 88' lang='lat' dir='ltr'><strong>eorum</strong></span> <span class='ocrx_word' id='word_1_548' title='bbox 2305 951 2513 1006; x_wconf 83' lang='lat' dir='ltr'><strong>mortali</strong></span> <span class='ocrx_word' id='word_1_549' title='bbox 2553 968 2581 1001; x_wconf 84' lang='lat' dir='ltr'><strong>r</strong></span> <span class='ocrx_word' id='word_1_550' title='bbox 2621 967 2774 1020; x_wconf 79' lang='lat' dir='ltr'><strong>rporc</strong></span> <span class='ocrx_word' id='word_1_551' title='bbox 2803 951 2867 1004; x_wconf 89' lang='lat' dir='ltr'><strong>ad</strong></span> <span class='ocrx_word' id='word_1_552' title='bbox 2894 952 3248 1006; x_wconf 56' lang='lat' dir='ltr'><strong>uhcdieunlum</strong></span> <span class='ocrx_word' id='word_1_553' title='bbox 3277 951 3421 1006; x_wconf 64' lang='lat' dir='ltr'><strong>desi-</strong></span> 
     </span>
    </p>
   </div>
   <div class='ocr_carea' id='block_1_68' title="bbox 1831 1041 3426 1114">
    <p class='ocr_par' dir='ltr' id='par_1_68' title="bbox 1831 1041 3426 1114">
     <span class='ocr_line' id='line_1_68' title="bbox 1831 1041 3426 1114; baseline 0.002 -19"><span class='ocrx_word' id='word_1_554' title='bbox 1831 1041 1992 1096; x_wconf 85' lang='lat' dir='ltr'><strong>deriis</strong></span> <span class='ocrx_word' id='word_1_555' title='bbox 2016 1041 2132 1110; x_wconf 85' lang='lat' dir='ltr'><strong>ejus</strong></span> <span class='ocrx_word' id='word_1_556' title='bbox 2156 1085 2171 1104; x_wconf 89' lang='lat'><strong>,</strong></span> <span class='ocrx_word' id='word_1_557' title='bbox 2200 1059 2266 1096; x_wconf 92' lang='lat' dir='ltr'><strong>ne</strong></span> <span class='ocrx_word' id='word_1_558' title='bbox 2288 1044 2566 1098; x_wconf 83' lang='lat' dir='ltr'><strong>exhibeant</strong></span> <span class='ocrx_word' id='word_1_559' title='bbox 2592 1044 2827 1098; x_wconf 84' lang='lat' dir='ltr'><strong>un-mhra</strong></span> <span class='ocrx_word' id='word_1_560' title='bbox 2849 1061 2942 1098; x_wconf 79' lang='lat' dir='ltr'><strong>sua</strong></span> <span class='ocrx_word' id='word_1_561' title='bbox 2965 1061 3108 1098; x_wconf 80' lang='lat' dir='ltr'><strong>al‘tttn</strong></span> <span class='ocrx_word' id='word_1_562' title='bbox 3135 1045 3426 1114; x_wconf 79' lang='lat' dir='ltr'><strong>iniquitatis</strong></span> 
     </span>
    </p>
   </div>
   <div class='ocr_carea' id='block_1_69' title="bbox 1832 1133 3426 1204">
    <p class='ocr_par' dir='ltr' id='par_1_69' title="bbox 1832 1133 3426 1204">
     <span class='ocr_line' id='line_1_69' title="bbox 1832 1133 3426 1204; baseline 0.002 -19"><span class='ocrx_word' id='word_1_563' title='bbox 1832 1142 2052 1201; x_wconf 86' lang='lat' dir='ltr'><strong>peccato</strong></span> <span class='ocrx_word' id='word_1_564' title='bbox 2075 1175 2088 1194; x_wconf 86' lang='lat'><strong><em>.</em></strong></span> <span class='ocrx_word' id='word_1_565' title='bbox 2121 1133 2214 1186; x_wconf 82' lang='lat' dir='ltr'><strong>sed</strong></span> <span class='ocrx_word' id='word_1_566' title='bbox 2246 1133 2528 1188; x_wconf 64' lang='lat' dir='ltr'><strong>exhibeant</strong></span> <span class='ocrx_word' id='word_1_567' title='bbox 2558 1150 2615 1189; x_wconf 66' lang='lat' dir='ltr'><strong>se</strong></span> <span class='ocrx_word' id='word_1_568' title='bbox 2648 1135 2758 1190; x_wconf 74' lang='lat' dir='ltr'><strong>Deo</strong></span> <span class='ocrx_word' id='word_1_569' title='bbox 2781 1177 2796 1199; x_wconf 93' lang='lat'><strong>,</strong></span> <span class='ocrx_word' id='word_1_570' title='bbox 2832 1147 3075 1204; x_wconf 85' lang='lat' dir='ltr'><strong>tauquam</strong></span> <span class='ocrx_word' id='word_1_571' title='bbox 3109 1153 3170 1189; x_wconf 73' lang='lat' dir='ltr'><strong>ex</strong></span> <span class='ocrx_word' id='word_1_572' title='bbox 3202 1137 3426 1190; x_wconf 77' lang='lat' dir='ltr'><strong>mortuis</strong></span> 
     </span>
    </p>
   </div>
   <div class='ocr_carea' id='block_1_70' title="bbox 1833 1222 3420 1296">
    <p class='ocr_par' dir='ltr' id='par_1_70' title="bbox 1833 1222 3420 1296">
     <span class='ocr_line' id='line_1_70' title="bbox 1833 1222 3420 1296; baseline 0.004 -21"><span class='ocrx_word' id='word_1_573' title='bbox 1833 1222 2110 1289; x_wconf 71' lang='lat' dir='ltr'><strong>viventes,</strong></span> <span class='ocrx_word' id='word_1_574' title='bbox 2158 1235 2208 1278; x_wconf 85' lang='lat' dir='ltr'><strong>et</strong></span> <span class='ocrx_word' id='word_1_575' title='bbox 2255 1225 2489 1279; x_wconf 73' lang='lat' dir='ltr'><strong>membra</strong></span> <span class='ocrx_word' id='word_1_576' title='bbox 2533 1240 2626 1279; x_wconf 89' lang='lat' dir='ltr'><strong>sua</strong></span> <span class='ocrx_word' id='word_1_577' title='bbox 2667 1242 2811 1280; x_wconf 90' lang='lat' dir='ltr'><strong>arma</strong></span> <span class='ocrx_word' id='word_1_578' title='bbox 2847 1227 3064 1296; x_wconf 70' lang='lat' dir='ltr'><strong>justitin</strong></span> <span class='ocrx_word' id='word_1_579' title='bbox 3109 1228 3217 1278; x_wconf 70' lang='lat' dir='ltr'><strong>ltro</strong></span> <span class='ocrx_word' id='word_1_580' title='bbox 3245 1225 3420 1295; x_wconf 81' lang='lat' dir='ltr'><strong>(Rom.</strong></span> 
     </span>
    </p>
   </div>
   <div class='ocr_carea' id='block_1_71' title="bbox 1834 1314 3428 1388">
    <p class='ocr_par' dir='ltr' id='par_1_71' title="bbox 1834 1314 3428 1388">
     <span class='ocr_line' id='line_1_71' title="bbox 1834 1314 3428 1388; baseline 0.004 -23"><span class='ocrx_word' id='word_1_581' title='bbox 1834 1329 1884 1368; x_wconf 86' lang='lat' dir='ltr'><strong>vt</strong></span> <span class='ocrx_word' id='word_1_582' title='bbox 1910 1356 1924 1378; x_wconf 90' lang='lat'><strong>,</strong></span> <span class='ocrx_word' id='word_1_583' title='bbox 1961 1314 2025 1368; x_wconf 72' lang='lat'><strong>12</strong></span> <span class='ocrx_word' id='word_1_584' title='bbox 2054 1327 2098 1368; x_wconf 76' lang='lat' dir='ltr'><strong>et</strong></span> <span class='ocrx_word' id='word_1_585' title='bbox 2127 1316 2251 1383; x_wconf 75' lang='lat' dir='ltr'><strong>l5)?</strong></span> <span class='ocrx_word' id='word_1_586' title='bbox 2277 1316 2365 1369; x_wconf 75' lang='lat' dir='ltr'><strong>Sic</strong></span> <span class='ocrx_word' id='word_1_587' title='bbox 2404 1317 2545 1372; x_wconf 89' lang='lat' dir='ltr'><strong>enim</strong></span> <span class='ocrx_word' id='word_1_588' title='bbox 2574 1329 2731 1371; x_wconf 90' lang='lat' dir='ltr'><strong>erunt</strong></span> <span class='ocrx_word' id='word_1_589' title='bbox 2757 1333 2910 1388; x_wconf 79' lang='lat' dir='ltr'><strong>reges</strong></span> <span class='ocrx_word' id='word_1_590' title='bbox 2941 1318 3183 1388; x_wconf 86' lang='lat' dir='ltr'><strong>primitus</strong></span> <span class='ocrx_word' id='word_1_591' title='bbox 3210 1316 3428 1372; x_wconf 72' lang='lat' dir='ltr'><strong>discreti</strong></span> 
     </span>
    </p>
   </div>
   <div class='ocr_carea' id='block_1_72' title="bbox 1835 1406 3429 1479">
    <p class='ocr_par' dir='ltr' id='par_1_72' title="bbox 1835 1406 3429 1479">
     <span class='ocr_line' id='line_1_72' title="bbox 1835 1406 3429 1479; baseline 0.004 -21"><span class='ocrx_word' id='word_1_592' title='bbox 1835 1406 1902 1459; x_wconf 89' lang='lat' dir='ltr'><strong>ab</strong></span> <span class='ocrx_word' id='word_1_593' title='bbox 1940 1407 2250 1474; x_wconf 72' lang='lat' dir='ltr'><strong>alienigenis</strong></span> <span class='ocrx_word' id='word_1_594' title='bbox 2273 1449 2289 1473; x_wconf 92' lang='lat'><strong>,</strong></span> <span class='ocrx_word' id='word_1_595' title='bbox 2333 1409 2452 1478; x_wconf 84' lang='lat' dir='ltr'><strong>quia</strong></span> <span class='ocrx_word' id='word_1_596' title='bbox 2501 1426 2603 1462; x_wconf 86' lang='lat' dir='ltr'><strong>non</strong></span> <span class='ocrx_word' id='word_1_597' title='bbox 2640 1418 2759 1463; x_wconf 77' lang='lat' dir='ltr'><strong>sunt</strong></span> <span class='ocrx_word' id='word_1_598' title='bbox 2797 1410 2978 1479; x_wconf 82' lang='lat' dir='ltr'><strong>jugum</strong></span> <span class='ocrx_word' id='word_1_599' title='bbox 3019 1409 3277 1464; x_wconf 75' lang='lat' dir='ltr'><strong>dtu-eules</strong></span> <span class='ocrx_word' id='word_1_600' title='bbox 3305 1423 3429 1464; x_wconf 79' lang='lat' dir='ltr'><strong>cum</strong></span> 
     </span>
    </p>
   </div>
   <div class='ocr_carea' id='block_1_73' title="bbox 1839 1499 3431 1564">
    <p class='ocr_par' dir='ltr' id='par_1_73' title="bbox 1839 1499 3431 1564">
     <span class='ocr_line' id='line_1_73' title="bbox 1839 1499 3431 1564; baseline 0.001 -12"><span class='ocrx_word' id='word_1_601' title='bbox 1839 1499 2176 1564; x_wconf 73' lang='lat' dir='ltr'><strong>infidelibus;</strong></span> <span class='ocrx_word' id='word_1_602' title='bbox 2220 1499 2414 1555; x_wconf 79' lang='lat' dir='ltr'><strong>deinde</strong></span> <span class='ocrx_word' id='word_1_603' title='bbox 2456 1500 2670 1557; x_wconf 79' lang='lat' dir='ltr'><strong>discreti</strong></span> <span class='ocrx_word' id='word_1_604' title='bbox 2702 1502 3038 1556; x_wconf 82' lang='lat' dir='ltr'><strong>concorditer</strong></span> <span class='ocrx_word' id='word_1_605' title='bbox 3065 1504 3203 1555; x_wconf 85' lang='lat' dir='ltr'><strong>inter</strong></span> <span class='ocrx_word' id='word_1_606' title='bbox 3229 1516 3286 1556; x_wconf 83' lang='lat' dir='ltr'><strong>se</strong></span> <span class='ocrx_word' id='word_1_607' title='bbox 3314 1517 3431 1555; x_wconf 87' lang='lat' dir='ltr'><strong>tutt-</strong></span> 
     </span>
    </p>
   </div>
   <div class='ocr_carea' id='block_1_74' title="bbox 1839 1592 3434 1666">
    <p class='ocr_par' dir='ltr' id='par_1_74' title="bbox 1839 1592 3434 1666">
     <span class='ocr_line' id='line_1_74' title="bbox 1839 1592 3434 1666; baseline 0.003 -20"><span class='ocrx_word' id='word_1_608' title='bbox 1839 1593 2057 1646; x_wconf 90' lang='lat' dir='ltr'><strong>neribus</strong></span> <span class='ocrx_word' id='word_1_609' title='bbox 2085 1594 2334 1663; x_wconf 87' lang='lat' dir='ltr'><strong>propriis.</strong></span> <span class='ocrx_word' id='word_1_610' title='bbox 2373 1592 2488 1647; x_wconf 68' lang='lat' dir='ltr'><strong>Non</strong></span> <span class='ocrx_word' id='word_1_611' title='bbox 2518 1595 2649 1648; x_wconf 87' lang='lat' dir='ltr'><strong>enim</strong></span> <span class='ocrx_word' id='word_1_612' title='bbox 2679 1612 2849 1649; x_wconf 83' lang='lat' dir='ltr'><strong>omnes</strong></span> <span class='ocrx_word' id='word_1_613' title='bbox 2877 1595 3123 1666; x_wconf 73' lang='lat' dir='ltr'><strong>apostoli,</strong></span> <span class='ocrx_word' id='word_1_614' title='bbox 3151 1603 3236 1648; x_wconf 85' lang='lat' dir='ltr'><strong>aut</strong></span> <span class='ocrx_word' id='word_1_615' title='bbox 3262 1610 3434 1650; x_wconf 87' lang='lat' dir='ltr'><strong>omnes</strong></span> 
     </span>
    </p>
   </div>
   <div class='ocr_carea' id='block_1_75' title="bbox 1841 1685 3436 1754">
    <p class='ocr_par' dir='ltr' id='par_1_75' title="bbox 1841 1685 3436 1754">
     <span class='ocr_line' id='line_1_75' title="bbox 1841 1685 3436 1754; baseline 0 -17"><span class='ocrx_word' id='word_1_616' title='bbox 1841 1685 2098 1754; x_wconf 74' lang='lat' dir='ltr'><strong>pmplieta:</strong></span> <span class='ocrx_word' id='word_1_617' title='bbox 2121 1727 2132 1747; x_wconf 92' lang='lat'><strong>,</strong></span> <span class='ocrx_word' id='word_1_618' title='bbox 2165 1694 2252 1737; x_wconf 90' lang='lat' dir='ltr'><strong>aut</strong></span> <span class='ocrx_word' id='word_1_619' title='bbox 2282 1701 2452 1739; x_wconf 79' lang='lat' dir='ltr'><strong>omnes</strong></span> <span class='ocrx_word' id='word_1_620' title='bbox 2482 1686 2706 1739; x_wconf 75' lang='lat' dir='ltr'><strong>doctores</strong></span> <span class='ocrx_word' id='word_1_621' title='bbox 2728 1728 2741 1745; x_wconf 91' lang='lat'><strong>.</strong></span> <span class='ocrx_word' id='word_1_622' title='bbox 2771 1696 2859 1740; x_wconf 89' lang='lat' dir='ltr'><strong>aut</strong></span> <span class='ocrx_word' id='word_1_623' title='bbox 2885 1703 3056 1740; x_wconf 85' lang='lat' dir='ltr'><strong>omnes</strong></span> <span class='ocrx_word' id='word_1_624' title='bbox 3086 1686 3219 1739; x_wconf 85' lang='lat' dir='ltr'><strong>dona</strong></span> <span class='ocrx_word' id='word_1_625' title='bbox 3250 1685 3436 1740; x_wconf 80' lang='lat' dir='ltr'><strong>habent</strong></span> 
     </span>
    </p>
   </div>
   <div class='ocr_carea' id='block_1_76' title="bbox 1839 1777 3432 1849">
    <p class='ocr_par' dir='ltr' id='par_1_76' title="bbox 1839 1777 3432 1849">
     <span class='ocr_line' id='line_1_76' title="bbox 1839 1777 3432 1849; baseline 0.001 -19"><span class='ocrx_word' id='word_1_626' title='bbox 1839 1777 2188 1841; x_wconf 87' lang='lat' dir='ltr'><strong>curationum,</strong></span> <span class='ocrx_word' id='word_1_627' title='bbox 2229 1787 2318 1831; x_wconf 87' lang='lat' dir='ltr'><strong>aut</strong></span> <span class='ocrx_word' id='word_1_628' title='bbox 2355 1795 2527 1832; x_wconf 87' lang='lat' dir='ltr'><strong>omnes</strong></span> <span class='ocrx_word' id='word_1_629' title='bbox 2565 1779 2752 1849; x_wconf 75' lang='lat' dir='ltr'><strong>linguis</strong></span> <span class='ocrx_word' id='word_1_630' title='bbox 2793 1780 3095 1849; x_wconf 79' lang='lat' dir='ltr'><strong>loquuntur,</strong></span> <span class='ocrx_word' id='word_1_631' title='bbox 3141 1788 3230 1832; x_wconf 88' lang='lat' dir='ltr'><strong>aut</strong></span> <span class='ocrx_word' id='word_1_632' title='bbox 3257 1793 3432 1832; x_wconf 89' lang='lat' dir='ltr'><strong>onmes</strong></span> 
     </span>
    </p>
   </div>
   <div class='ocr_carea' id='block_1_77' title="bbox 1841 1868 3440 1941">
    <p class='ocr_par' dir='ltr' id='par_1_77' title="bbox 1841 1868 3440 1941">
     <span class='ocr_line' id='line_1_77' title="bbox 1841 1868 3440 1941; baseline 0.002 -21"><span class='ocrx_word' id='word_1_633' title='bbox 1841 1869 2253 1938; x_wconf 82' lang='lat' dir='ltr'><strong>interpretantur.</strong></span> <span class='ocrx_word' id='word_1_634' title='bbox 2298 1868 2483 1924; x_wconf 89' lang='lat' dir='ltr'><strong>Omnia</strong></span> <span class='ocrx_word' id='word_1_635' title='bbox 2523 1878 2689 1924; x_wconf 86' lang='lat' dir='ltr'><strong>autent</strong></span> <span class='ocrx_word' id='word_1_636' title='bbox 2727 1871 2834 1924; x_wconf 77' lang='lat' dir='ltr'><strong>ltwc</strong></span> <span class='ocrx_word' id='word_1_637' title='bbox 2873 1881 3110 1941; x_wconf 81' lang='lat' dir='ltr'><strong>operatur</strong></span> <span class='ocrx_word' id='word_1_638' title='bbox 3139 1887 3267 1924; x_wconf 85' lang='lat' dir='ltr'><strong>unus</strong></span> <span class='ocrx_word' id='word_1_639' title='bbox 3291 1880 3440 1939; x_wconf 82' lang='lat' dir='ltr'><strong>atque</strong></span> 
     </span>
    </p>
   </div>
   <div class='ocr_carea' id='block_1_78' title="bbox 1842 1961 3439 2034">
    <p class='ocr_par' dir='ltr' id='par_1_78' title="bbox 1842 1961 3439 2034">
     <span class='ocr_line' id='line_1_78' title="bbox 1842 1961 3439 2034; baseline 0.003 -22"><span class='ocrx_word' id='word_1_640' title='bbox 1842 1961 1975 2013; x_wconf 72' lang='lat' dir='ltr'><strong>idem</strong></span> <span class='ocrx_word' id='word_1_641' title='bbox 2019 1961 2276 2030; x_wconf 85' lang='lat' dir='ltr'><strong>Spiritus,</strong></span> <span class='ocrx_word' id='word_1_642' title='bbox 2325 1963 2552 2016; x_wconf 76' lang='lat' dir='ltr'><strong>dividens</strong></span> <span class='ocrx_word' id='word_1_643' title='bbox 2592 1964 2798 2033; x_wconf 88' lang='lat' dir='ltr'><strong>propria</strong></span> <span class='ocrx_word' id='word_1_644' title='bbox 2837 1965 3107 2034; x_wconf 78' lang='lat' dir='ltr'><strong>unicuique</strong></span> <span class='ocrx_word' id='word_1_645' title='bbox 3144 1973 3294 2034; x_wconf 79' lang='lat' dir='ltr'><strong>prout</strong></span> <span class='ocrx_word' id='word_1_646' title='bbox 3332 1962 3439 2018; x_wconf 84' lang='lat' dir='ltr'><strong>rult</strong></span> 
     </span>
    </p>
   </div>
   <div class='ocr_carea' id='block_1_79' title="bbox 1844 2053 3440 2126">
    <p class='ocr_par' dir='ltr' id='par_1_79' title="bbox 1844 2053 3440 2126">
     <span class='ocr_line' id='line_1_79' title="bbox 1844 2053 3440 2126; baseline -0.001 -17"><span class='ocrx_word' id='word_1_647' title='bbox 1844 2055 1887 2126; x_wconf 87' lang='grc' dir='ltr'><strong>(Ι</strong></span> <span class='ocrx_word' id='word_1_648' title='bbox 1919 2053 2036 2109; x_wconf 84' lang='lat' dir='ltr'><strong>Cor.</strong></span> <span class='ocrx_word' id='word_1_649' title='bbox 2067 2071 2144 2110; x_wconf 77' lang='lat' dir='ltr'><strong>xu</strong></span> <span class='ocrx_word' id='word_1_650' title='bbox 2167 2097 2183 2120; x_wconf 89' lang='lat'><strong>,</strong></span> <span class='ocrx_word' id='word_1_651' title='bbox 2211 2055 2282 2111; x_wconf 75' lang='lat'><strong>‘29</strong></span> <span class='ocrx_word' id='word_1_652' title='bbox 2304 2097 2320 2122; x_wconf 94' lang='lat'><strong>,</strong></span> <span class='ocrx_word' id='word_1_653' title='bbox 2349 2056 2418 2110; x_wconf 80' lang='lat'><strong>30</strong></span> <span class='ocrx_word' id='word_1_654' title='bbox 2449 2098 2460 2119; x_wconf 89' lang='lat'><strong>,</strong></span> <span class='ocrx_word' id='word_1_655' title='bbox 2493 2053 2582 2125; x_wconf 80' lang='grc'><strong>11)</strong></span> <span class='ocrx_word' id='word_1_656' title='bbox 2614 2074 2628 2110; x_wconf 90' lang='lat'><strong>:</strong></span> <span class='ocrx_word' id='word_1_657' title='bbox 2658 2071 2814 2126; x_wconf 91' lang='lat' dir='ltr'><strong>quem</strong></span> <span class='ocrx_word' id='word_1_658' title='bbox 2845 2055 3018 2110; x_wconf 84' lang='lat' dir='ltr'><strong>dando</strong></span> <span class='ocrx_word' id='word_1_659' title='bbox 3049 2055 3137 2109; x_wconf 76' lang='lat' dir='ltr'><strong>illo</strong></span> <span class='ocrx_word' id='word_1_660' title='bbox 3164 2069 3440 2124; x_wconf 75' lang='lat' dir='ltr'><strong>superue-</strong></span> 
     </span>
    </p>
   </div>
   <div class='ocr_carea' id='block_1_80' title="bbox 1845 2145 3436 2217">
    <p class='ocr_par' dir='ltr' id='par_1_80' title="bbox 1845 2145 3436 2217">
     <span class='ocr_line' id='line_1_80' title="bbox 1845 2145 3436 2217; baseline 0 -18"><span class='ocrx_word' id='word_1_661' title='bbox 1845 2145 1992 2200; x_wconf 90' lang='lat' dir='ltr'><strong>lestis</strong></span> <span class='ocrx_word' id='word_1_662' title='bbox 2011 2189 2026 2209; x_wconf 86' lang='lat'><strong>,</strong></span> <span class='ocrx_word' id='word_1_663' title='bbox 2053 2146 2308 2201; x_wconf 82' lang='lat' dir='ltr'><strong>discernit</strong></span> <span class='ocrx_word' id='word_1_664' title='bbox 2332 2162 2487 2217; x_wconf 80' lang='lat' dir='ltr'><strong>reges</strong></span> <span class='ocrx_word' id='word_1_665' title='bbox 2511 2163 2673 2216; x_wconf 85' lang='lat' dir='ltr'><strong>super</strong></span> <span class='ocrx_word' id='word_1_666' title='bbox 2691 2147 2990 2201; x_wconf 80' lang='lat' dir='ltr'><strong>columbam</strong></span> <span class='ocrx_word' id='word_1_667' title='bbox 3013 2145 3360 2217; x_wconf 70' lang='lat' dir='ltr'><strong>deargi-ntata</strong></span> <span class='ocrx_word' id='word_1_668' title='bbox 3382 2163 3436 2199; x_wconf 86' lang='grc' dir='ltr'>ιι.</span> 
     </span>
    </p>
   </div>
   <div class='ocr_carea' id='block_1_81' title="bbox 1847 2236 3446 2307">
    <p class='ocr_par' dir='ltr' id='par_1_81' title="bbox 1847 2236 3446 2307">
     <span class='ocr_line' id='line_1_81' title="bbox 1847 2236 3446 2307; baseline 0.002 -17"><span class='ocrx_word' id='word_1_669' title='bbox 1847 2236 1924 2291; x_wconf 87' lang='lat' dir='ltr'><strong>De</strong></span> <span class='ocrx_word' id='word_1_670' title='bbox 1943 2253 2048 2307; x_wconf 88' lang='lat' dir='ltr'><strong>quo</strong></span> <span class='ocrx_word' id='word_1_671' title='bbox 2072 2236 2270 2306; x_wconf 87' lang='lat' dir='ltr'><strong>Spiritu</strong></span> <span class='ocrx_word' id='word_1_672' title='bbox 2299 2248 2484 2292; x_wconf 86' lang='lat' dir='ltr'><strong>saneto</strong></span> <span class='ocrx_word' id='word_1_673' title='bbox 2509 2254 2628 2293; x_wconf 90' lang='lat' dir='ltr'><strong>cum</strong></span> <span class='ocrx_word' id='word_1_674' title='bbox 2656 2237 2720 2292; x_wconf 90' lang='lat' dir='ltr'><strong>ad</strong></span> <span class='ocrx_word' id='word_1_675' title='bbox 2741 2239 2858 2307; x_wconf 88' lang='lat' dir='ltr'><strong>ejus</strong></span> <span class='ocrx_word' id='word_1_676' title='bbox 2886 2248 3107 2292; x_wconf 90' lang='lat' dir='ltr'><strong>matrem</strong></span> <span class='ocrx_word' id='word_1_677' title='bbox 3135 2240 3299 2307; x_wconf 78' lang='lat' dir='ltr'><strong>gratia</strong></span> <span class='ocrx_word' id='word_1_678' title='bbox 3335 2237 3446 2306; x_wconf 75' lang='lat' dir='ltr'><strong>ple-</strong></span> 
     </span>
    </p>
   </div>
   <div class='ocr_carea' id='block_1_82' title="bbox 1848 2327 3447 2400">
    <p class='ocr_par' dir='ltr' id='par_1_82' title="bbox 1848 2327 3447 2400">
     <span class='ocr_line' id='line_1_82' title="bbox 1848 2327 3447 2400; baseline -0.001 -18"><span class='ocrx_word' id='word_1_679' title='bbox 1848 2343 1970 2382; x_wconf 91' lang='lat' dir='ltr'><strong>nam</strong></span> <span class='ocrx_word' id='word_1_680' title='bbox 2015 2329 2210 2383; x_wconf 88' lang='lat' dir='ltr'><strong>missus</strong></span> <span class='ocrx_word' id='word_1_681' title='bbox 2249 2330 2482 2400; x_wconf 79' lang='lat' dir='ltr'><strong>Angelus</strong></span> <span class='ocrx_word' id='word_1_682' title='bbox 2511 2329 2854 2398; x_wconf 84' lang='lat' dir='ltr'><strong>inqueretur,</strong></span> <span class='ocrx_word' id='word_1_683' title='bbox 2886 2329 3146 2398; x_wconf 62' lang='lat' dir='ltr'><strong>quairenti</strong></span> <span class='ocrx_word' id='word_1_684' title='bbox 3174 2327 3447 2396; x_wconf 87' lang='lat' dir='ltr'><strong>quomodo</strong></span> 
     </span>
    </p>
   </div>
   <div class='ocr_carea' id='block_1_83' title="bbox 1848 2419 3446 2490">
    <p class='ocr_par' dir='ltr' id='par_1_83' title="bbox 1848 2419 3446 2490">
     <span class='ocr_line' id='line_1_83' title="bbox 1848 2419 3446 2490; baseline -0.002 -16"><span class='ocrx_word' id='word_1_685' title='bbox 1848 2419 2002 2475; x_wconf 83' lang='lat' dir='ltr'><strong>ﬁeret</strong></span> <span class='ocrx_word' id='word_1_686' title='bbox 2028 2419 2168 2490; x_wconf 86' lang='lat' dir='ltr'><strong>quod</strong></span> <span class='ocrx_word' id='word_1_687' title='bbox 2196 2421 2427 2489; x_wconf 87' lang='lat' dir='ltr'><strong>paritura</strong></span> <span class='ocrx_word' id='word_1_688' title='bbox 2457 2419 2816 2482; x_wconf 86' lang='lat' dir='ltr'><strong>nuntiabatur,</strong></span> <span class='ocrx_word' id='word_1_689' title='bbox 2842 2419 3092 2488; x_wconf 89' lang='lat' dir='ltr'><strong>qttouiam</strong></span> <span class='ocrx_word' id='word_1_690' title='bbox 3120 2435 3223 2472; x_wconf 85' lang='lat' dir='ltr'><strong>non</strong></span> <span class='ocrx_word' id='word_1_691' title='bbox 3247 2434 3446 2486; x_wconf 73' lang='lat' dir='ltr'><strong>cogno-</strong></span> 
     </span>
    </p>
   </div>
   <div class='ocr_carea' id='block_1_84' title="bbox 1849 2513 3450 2583">
    <p class='ocr_par' dir='ltr' id='par_1_84' title="bbox 1849 2513 3450 2583">
     <span class='ocr_line' id='line_1_84' title="bbox 1849 2513 3450 2583; baseline -0.002 -13"><span class='ocrx_word' id='word_1_692' title='bbox 1849 2518 2028 2572; x_wconf 73' lang='lat' dir='ltr'><strong>scohal</strong></span> <span class='ocrx_word' id='word_1_693' title='bbox 2050 2515 2220 2570; x_wconf 77' lang='lat' dir='ltr'><strong>virum</strong></span> <span class='ocrx_word' id='word_1_694' title='bbox 2252 2533 2264 2569; x_wconf 92' lang='lat'><strong>:</strong></span> <span class='ocrx_word' id='word_1_695' title='bbox 2299 2514 2524 2583; x_wconf 87' lang='lat' dir='ltr'><strong>Spiritus</strong></span> <span class='ocrx_word' id='word_1_696' title='bbox 2551 2523 2754 2568; x_wconf 79' lang='lat' dir='ltr'><strong>sanctus</strong></span> <span class='ocrx_word' id='word_1_697' title='bbox 2773 2555 2788 2577; x_wconf 94' lang='lat'><strong>,</strong></span> <span class='ocrx_word' id='word_1_698' title='bbox 2824 2513 2986 2583; x_wconf 86' lang='lat' dir='ltr'><strong>inquit</strong></span> <span class='ocrx_word' id='word_1_699' title='bbox 3010 2555 3024 2575; x_wconf 81' lang='lat'><strong>,</strong></span> <span class='ocrx_word' id='word_1_700' title='bbox 3057 2513 3366 2582; x_wconf 67' lang='lat' dir='ltr'><strong>suprrreuirt</strong></span> <span class='ocrx_word' id='word_1_701' title='bbox 3396 2513 3450 2567; x_wconf 84' lang='lat' dir='ltr'><strong>in</strong></span> 
     </span>
    </p>
   </div>
   <div class='ocr_carea' id='block_1_85' title="bbox 1850 2605 3450 2675">
    <p class='ocr_par' dir='ltr' id='par_1_85' title="bbox 1850 2605 3450 2675">
     <span class='ocr_line' id='line_1_85' title="bbox 1850 2605 3450 2675; baseline -0.003 -13"><span class='ocrx_word' id='word_1_702' title='bbox 1850 2618 1932 2673; x_wconf 90' lang='lat' dir='ltr'><strong>te,</strong></span> <span class='ocrx_word' id='word_1_703' title='bbox 1965 2618 2014 2662; x_wconf 86' lang='lat' dir='ltr'><strong>et</strong></span> <span class='ocrx_word' id='word_1_704' title='bbox 2040 2610 2194 2661; x_wconf 74' lang='lat' dir='ltr'><strong>virtus</strong></span> <span class='ocrx_word' id='word_1_705' title='bbox 2223 2607 2470 2662; x_wconf 77' lang='lat' dir='ltr'><strong>Altissimi</strong></span> <span class='ocrx_word' id='word_1_706' title='bbox 2491 2608 2802 2662; x_wconf 87' lang='lat' dir='ltr'><strong>obumbrabit</strong></span> <span class='ocrx_word' id='word_1_707' title='bbox 2829 2607 2934 2660; x_wconf 83' lang='lat' dir='ltr'><strong>tibi.</strong></span> <span class='ocrx_word' id='word_1_708' title='bbox 2965 2605 3098 2675; x_wconf 84' lang='lat' dir='ltr'><strong>Quid</strong></span> <span class='ocrx_word' id='word_1_709' title='bbox 3127 2615 3205 2660; x_wconf 72' lang='lat' dir='ltr'><strong>est</strong></span> <span class='ocrx_word' id='word_1_710' title='bbox 3230 2646 3246 2670; x_wconf 94' lang='lat'><strong>,</strong></span> <span class='ocrx_word' id='word_1_711' title='bbox 3275 2605 3450 2658; x_wconf 78' lang='lat' dir='ltr'><strong>obam-</strong></span> 
     </span>
    </p>
   </div>
   <div class='ocr_carea' id='block_1_86' title="bbox 1850 2699 3447 2769">
    <p class='ocr_par' dir='ltr' id='par_1_86' title="bbox 1850 2699 3447 2769">
     <span class='ocr_line' id='line_1_86' title="bbox 1850 2699 3447 2769; baseline -0.004 -13"><span class='ocrx_word' id='word_1_712' title='bbox 1850 2702 2011 2756; x_wconf 82' lang='lat' dir='ltr'><strong>brabit</strong></span> <span class='ocrx_word' id='word_1_713' title='bbox 2049 2703 2169 2766; x_wconf 89' lang='lat' dir='ltr'><strong>tibi,</strong></span> <span class='ocrx_word' id='word_1_714' title='bbox 2208 2701 2307 2756; x_wconf 77' lang='lat' dir='ltr'><strong>nisi</strong></span> <span class='ocrx_word' id='word_1_715' title='bbox 2328 2743 2343 2767; x_wconf 90' lang='lat'><strong>,</strong></span> <span class='ocrx_word' id='word_1_716' title='bbox 2375 2703 2616 2756; x_wconf 74' lang='lat' dir='ltr'><strong>umbram</strong></span> <span class='ocrx_word' id='word_1_717' title='bbox 2646 2701 2843 2756; x_wconf 79' lang='lat' dir='ltr'><strong>faciet?</strong></span> <span class='ocrx_word' id='word_1_718' title='bbox 2879 2699 3027 2756; x_wconf 86' lang='lat' dir='ltr'><strong>Unde</strong></span> <span class='ocrx_word' id='word_1_719' title='bbox 3057 2710 3109 2753; x_wconf 81' lang='lat' dir='ltr'><strong>et</strong></span> <span class='ocrx_word' id='word_1_720' title='bbox 3144 2701 3223 2752; x_wconf 86' lang='lat' dir='ltr'><strong>isti</strong></span> <span class='ocrx_word' id='word_1_721' title='bbox 3255 2715 3406 2769; x_wconf 77' lang='lat' dir='ltr'><strong>reges</strong></span> <span class='ocrx_word' id='word_1_722' title='bbox 3430 2739 3447 2765; x_wconf 86' lang='lat'><strong>,</strong></span> 
     </span>
    </p>
   </div>
   <div class='ocr_carea' id='block_1_87' title="bbox 1851 2791 3453 2864">
    <p class='ocr_par' dir='ltr' id='par_1_87' title="bbox 1851 2791 3453 2864">
     <span class='ocr_line' id='line_1_87' title="bbox 1851 2791 3453 2864; baseline -0.002 -15"><span class='ocrx_word' id='word_1_723' title='bbox 1851 2794 1976 2849; x_wconf 87' lang='lat' dir='ltr'><strong>dttttt</strong></span> <span class='ocrx_word' id='word_1_724' title='bbox 1997 2793 2163 2864; x_wconf 76' lang='lat' dir='ltr'><strong>gratia</strong></span> <span class='ocrx_word' id='word_1_725' title='bbox 2190 2794 2420 2863; x_wconf 88' lang='lat' dir='ltr'><strong>Spiritus</strong></span> <span class='ocrx_word' id='word_1_726' title='bbox 2442 2793 2647 2848; x_wconf 84' lang='lat' dir='ltr'><strong>Domini</strong></span> <span class='ocrx_word' id='word_1_727' title='bbox 2674 2792 2866 2848; x_wconf 67' lang='lat' dir='ltr'><strong>Christi</strong></span> <span class='ocrx_word' id='word_1_728' title='bbox 2890 2791 3266 2846; x_wconf 70' lang='lat' dir='ltr'><strong>disci-rnuutur</strong></span> <span class='ocrx_word' id='word_1_729' title='bbox 3285 2806 3453 2862; x_wconf 79' lang='lat' dir='ltr'><strong>super</strong></span> 
     </span>
    </p>
   </div>
   <div class='ocr_carea' id='block_1_88' title="bbox 1853 2881 3454 2955">
    <p class='ocr_par' dir='ltr' id='par_1_88' title="bbox 1853 2881 3454 2955">
     <span class='ocr_line' id='line_1_88' title="bbox 1853 2881 3454 2955; baseline -0.002 -16"><span class='ocrx_word' id='word_1_730' title='bbox 1853 2885 2152 2940; x_wconf 88' lang='lat' dir='ltr'><strong>columbam</strong></span> <span class='ocrx_word' id='word_1_731' title='bbox 2199 2883 2626 2955; x_wconf 76' lang='lat' dir='ltr'><strong>deargeutatam,</strong></span> <span class='ocrx_word' id='word_1_732' title='bbox 2675 2885 2789 2938; x_wconf 77' lang='lat' dir='ltr'><strong>uiue</strong></span> <span class='ocrx_word' id='word_1_733' title='bbox 2831 2883 3197 2937; x_wconf 79' lang='lat' dir='ltr'><strong>dealbabuutur</strong></span> <span class='ocrx_word' id='word_1_734' title='bbox 3239 2885 3289 2936; x_wconf 91' lang='lat' dir='ltr'><strong>iu</strong></span> <span class='ocrx_word' id='word_1_735' title='bbox 3336 2881 3454 2936; x_wconf 87' lang='lat' dir='ltr'><strong>Sel-</strong></span> 
     </span>
    </p>
   </div>
   <div class='ocr_carea' id='block_1_89' title="bbox 1853 2975 3447 3047">
    <p class='ocr_par' dir='ltr' id='par_1_89' title="bbox 1853 2975 3447 3047">
     <span class='ocr_line' id='line_1_89' title="bbox 1853 2975 3447 3047; baseline -0.001 -16"><span class='ocrx_word' id='word_1_736' title='bbox 1853 2994 1990 3031; x_wconf 88' lang='lat' dir='ltr'><strong>mon.</strong></span> <span class='ocrx_word' id='word_1_737' title='bbox 2029 2977 2244 3032; x_wconf 87' lang='lat' dir='ltr'><strong>Selmon</strong></span> <span class='ocrx_word' id='word_1_738' title='bbox 2277 2977 2471 3047; x_wconf 87' lang='lat' dir='ltr'><strong>quippe</strong></span> <span class='ocrx_word' id='word_1_739' title='bbox 2503 2979 2882 3046; x_wconf 76' lang='lat' dir='ltr'><strong>interpretatur</strong></span> <span class='ocrx_word' id='word_1_740' title='bbox 2911 2975 3124 3032; x_wconf 84' lang='lat' dir='ltr'><strong>Umbra.</strong></span> <span class='ocrx_word' id='word_1_741' title='bbox 3159 2975 3271 3029; x_wconf 79' lang='lat' dir='ltr'><strong>Nutt</strong></span> <span class='ocrx_word' id='word_1_742' title='bbox 3301 2976 3447 3030; x_wconf 84' lang='lat' dir='ltr'><strong>enim</strong></span> 
     </span>
    </p>
   </div>
   <div class='ocr_carea' id='block_1_90' title="bbox 1855 3067 3450 3140">
    <p class='ocr_par' dir='ltr' id='par_1_90' title="bbox 1855 3067 3450 3140">
     <span class='ocr_line' id='line_1_90' title="bbox 1855 3067 3450 3140; baseline -0.003 -15"><span class='ocrx_word' id='word_1_743' title='bbox 1855 3071 2057 3125; x_wconf 86' lang='lat' dir='ltr'><strong>meritis</strong></span> <span class='ocrx_word' id='word_1_744' title='bbox 2083 3082 2174 3125; x_wconf 86' lang='lat' dir='ltr'><strong>aut</strong></span> <span class='ocrx_word' id='word_1_745' title='bbox 2204 3070 2398 3125; x_wconf 82' lang='lat' dir='ltr'><strong>virtute</strong></span> <span class='ocrx_word' id='word_1_746' title='bbox 2424 3067 2634 3140; x_wconf 89' lang='lat' dir='ltr'><strong>proptia</strong></span> <span class='ocrx_word' id='word_1_747' title='bbox 2664 3069 3055 3122; x_wconf 64' lang='lat' dir='ltr'><strong>discernuntur.</strong></span> <span class='ocrx_word' id='word_1_748' title='bbox 3087 3068 3212 3134; x_wconf 69' lang='lat' dir='ltr'><strong>Quis</strong></span> <span class='ocrx_word' id='word_1_749' title='bbox 3232 3071 3362 3121; x_wconf 80' lang='lat' dir='ltr'><strong>enim</strong></span> <span class='ocrx_word' id='word_1_750' title='bbox 3382 3077 3450 3131; x_wconf 87' lang='lat' dir='ltr'><strong>te,</strong></span> 
     </span>
    </p>
   </div>
   <div class='ocr_carea' id='block_1_91' title="bbox 1856 3158 3454 3231">
    <p class='ocr_par' dir='ltr' id='par_1_91' title="bbox 1856 3158 3454 3231">
     <span class='ocr_line' id='line_1_91' title="bbox 1856 3158 3454 3231; baseline -0.004 -15"><span class='ocrx_word' id='word_1_751' title='bbox 1856 3162 2060 3231; x_wconf 74' lang='lat' dir='ltr'><strong>inquit,</strong></span> <span class='ocrx_word' id='word_1_752' title='bbox 2105 3161 2388 3216; x_wconf 78' lang='lat' dir='ltr'><strong>discernit?</strong></span> <span class='ocrx_word' id='word_1_753' title='bbox 2433 3161 2568 3229; x_wconf 83' lang='lat' dir='ltr'><strong>Quid</strong></span> <span class='ocrx_word' id='word_1_754' title='bbox 2597 3171 2765 3214; x_wconf 88' lang='lat' dir='ltr'><strong>autem</strong></span> <span class='ocrx_word' id='word_1_755' title='bbox 2795 3160 2946 3213; x_wconf 77' lang='lat' dir='ltr'><strong>habes</strong></span> <span class='ocrx_word' id='word_1_756' title='bbox 2971 3160 3105 3230; x_wconf 84' lang='lat' dir='ltr'><strong>quod</strong></span> <span class='ocrx_word' id='word_1_757' title='bbox 3132 3177 3232 3212; x_wconf 89' lang='lat' dir='ltr'><strong>non</strong></span> <span class='ocrx_word' id='word_1_758' title='bbox 3256 3158 3454 3229; x_wconf 63' lang='lat' dir='ltr'><strong>accepi.</strong></span> 
     </span>
    </p>
   </div>
   <div class='ocr_carea' id='block_1_92' title="bbox 1855 3249 3452 3326">
    <p class='ocr_par' dir='ltr' id='par_1_92' title="bbox 1855 3249 3452 3326">
     <span class='ocr_line' id='line_1_92' title="bbox 1855 3249 3452 3326; baseline -0.001 -18"><span class='ocrx_word' id='word_1_759' title='bbox 1855 3254 1918 3308; x_wconf 84' lang='lat' dir='ltr'><strong>sti</strong></span> <span class='ocrx_word' id='word_1_760' title='bbox 1963 3254 1981 3326; x_wconf 97' lang='lat'>(</span> <span class='ocrx_word' id='word_1_761' title='bbox 2014 3253 2100 3307; x_wconf 88' lang='lat' dir='ltr'><strong>Id.</strong></span> <span class='ocrx_word' id='word_1_762' title='bbox 2153 3269 2204 3308; x_wconf 85' lang='lat' dir='ltr'><strong>tv</strong></span> <span class='ocrx_word' id='word_1_763' title='bbox 2225 3296 2239 3319; x_wconf 87' lang='lat'><strong>,</strong></span> <span class='ocrx_word' id='word_1_764' title='bbox 2285 3251 2380 3322; x_wconf 81' lang='lat'><strong>7)?</strong></span> <span class='ocrx_word' id='word_1_765' title='bbox 2405 3251 2474 3309; x_wconf 87' lang='lat' dir='ltr'><strong>Ut</strong></span> <span class='ocrx_word' id='word_1_766' title='bbox 2502 3267 2630 3322; x_wconf 77' lang='lat' dir='ltr'><strong>ergo</strong></span> <span class='ocrx_word' id='word_1_767' title='bbox 2659 3251 3031 3307; x_wconf 79' lang='lat' dir='ltr'><strong>discernantur</strong></span> <span class='ocrx_word' id='word_1_768' title='bbox 3057 3252 3122 3304; x_wconf 87' lang='lat' dir='ltr'><strong>ab</strong></span> <span class='ocrx_word' id='word_1_769' title='bbox 3145 3249 3452 3320; x_wconf 78' lang='lat' dir='ltr'><strong>impiis,ac-</strong></span> 
     </span>
    </p>
   </div>
   <div class='ocr_carea' id='block_1_93' title="bbox 1856 3339 3452 3415">
    <p class='ocr_par' dir='ltr' id='par_1_93' title="bbox 1856 3339 3452 3415">
     <span class='ocr_line' id='line_1_93' title="bbox 1856 3339 3452 3415; baseline -0.003 -15"><span class='ocrx_word' id='word_1_770' title='bbox 1856 3345 2058 3415; x_wconf 91' lang='lat' dir='ltr'><strong>cipiunt</strong></span> <span class='ocrx_word' id='word_1_771' title='bbox 2101 3345 2468 3400; x_wconf 86' lang='lat' dir='ltr'><strong>remissionem</strong></span> <span class='ocrx_word' id='word_1_772' title='bbox 2519 3353 2856 3413; x_wconf 64' lang='lat' dir='ltr'><strong>peccatorum</strong></span> <span class='ocrx_word' id='word_1_773' title='bbox 2899 3343 2964 3394; x_wconf 89' lang='lat' dir='ltr'><strong>ah</strong></span> <span class='ocrx_word' id='word_1_774' title='bbox 3003 3342 3090 3394; x_wconf 86' lang='lat' dir='ltr'><strong>illo</strong></span> <span class='ocrx_word' id='word_1_775' title='bbox 3118 3341 3207 3410; x_wconf 87' lang='lat' dir='ltr'><strong>qui</strong></span> <span class='ocrx_word' id='word_1_776' title='bbox 3236 3341 3310 3394; x_wconf 87' lang='lat' dir='ltr'><strong>ait</strong></span> <span class='ocrx_word' id='word_1_777' title='bbox 3341 3359 3354 3394; x_wconf 76' lang='grc' dir='ltr'>ε</span> <span class='ocrx_word' id='word_1_778' title='bbox 3387 3339 3452 3395; x_wconf 86' lang='lat' dir='ltr'><strong>Si</strong></span> 
     </span>
    </p>
   </div>
   <div class='ocr_carea' id='block_1_94' title="bbox 1857 3435 3454 3508">
    <p class='ocr_par' dir='ltr' id='par_1_94' title="bbox 1857 3435 3454 3508">
     <span class='ocr_line' id='line_1_94' title="bbox 1857 3435 3454 3508; baseline -0.003 -16"><span class='ocrx_word' id='word_1_779' title='bbox 1857 3438 2044 3508; x_wconf 78' lang='lat' dir='ltr'><strong>fuerint</strong></span> <span class='ocrx_word' id='word_1_780' title='bbox 2083 3447 2284 3508; x_wconf 81' lang='lat' dir='ltr'><strong>peccata</strong></span> <span class='ocrx_word' id='word_1_781' title='bbox 2311 3447 2472 3491; x_wconf 82' lang='lat' dir='ltr'><strong>vestra</strong></span> <span class='ocrx_word' id='word_1_782' title='bbox 2499 3438 2622 3492; x_wconf 85' lang='lat' dir='ltr'><strong>sicut</strong></span> <span class='ocrx_word' id='word_1_783' title='bbox 2655 3437 2957 3505; x_wconf 73' lang='lat' dir='ltr'><strong>pltazuicium</strong></span> <span class='ocrx_word' id='word_1_784' title='bbox 2982 3477 2996 3500; x_wconf 89' lang='lat'><strong>,</strong></span> <span class='ocrx_word' id='word_1_785' title='bbox 3028 3446 3264 3506; x_wconf 85' lang='lat' dir='ltr'><strong>tauquam</strong></span> <span class='ocrx_word' id='word_1_786' title='bbox 3292 3435 3454 3490; x_wconf 72' lang='lat' dir='ltr'><strong>nivem</strong></span> 
     </span>
    </p>
   </div>
   <div class='ocr_carea' id='block_1_95' title="bbox 1858 3524 3453 3601">
    <p class='ocr_par' dir='ltr' id='par_1_95' title="bbox 1858 3524 3453 3601">
     <span class='ocr_line' id='line_1_95' title="bbox 1858 3524 3453 3601; baseline -0.003 -17"><span class='ocrx_word' id='word_1_787' title='bbox 1858 3530 2097 3585; x_wconf 87' lang='lat' dir='ltr'><strong>dealbabo</strong></span> <span class='ocrx_word' id='word_1_788' title='bbox 2121 3529 2275 3601; x_wconf 85' lang='lat' dir='ltr'><strong>(Isai.</strong></span> <span class='ocrx_word' id='word_1_789' title='bbox 2304 3545 2349 3595; x_wconf 87' lang='grc' dir='ltr'>ι,</span> <span class='ocrx_word' id='word_1_790' title='bbox 2381 3531 2488 3597; x_wconf 82' lang='grc'><strong>18).</strong></span> <span class='ocrx_word' id='word_1_791' title='bbox 2517 3529 2649 3583; x_wconf 80' lang='lat' dir='ltr'><strong>Ecce</strong></span> <span class='ocrx_word' id='word_1_792' title='bbox 2671 3528 2938 3598; x_wconf 86' lang='lat' dir='ltr'><strong>quomodo</strong></span> <span class='ocrx_word' id='word_1_793' title='bbox 2958 3527 3067 3582; x_wconf 82' lang='lat' dir='ltr'><strong>uiue</strong></span> <span class='ocrx_word' id='word_1_794' title='bbox 3087 3524 3453 3580; x_wconf 85' lang='lat' dir='ltr'><strong>dealbabuntur</strong></span> 
     </span>
    </p>
   </div>
   <div class='ocr_carea' id='block_1_96' title="bbox 1857 3619 3449 3691">
    <p class='ocr_par' dir='ltr' id='par_1_96' title="bbox 1857 3619 3449 3691">
     <span class='ocr_line' id='line_1_96' title="bbox 1857 3619 3449 3691; baseline -0.003 -14"><span class='ocrx_word' id='word_1_795' title='bbox 1857 3622 1912 3677; x_wconf 89' lang='lat' dir='ltr'><strong>in</strong></span> <span class='ocrx_word' id='word_1_796' title='bbox 1953 3623 2201 3686; x_wconf 88' lang='lat' dir='ltr'><strong>Selmon;</strong></span> <span class='ocrx_word' id='word_1_797' title='bbox 2247 3624 2297 3676; x_wconf 81' lang='lat' dir='ltr'><strong>in</strong></span> <span class='ocrx_word' id='word_1_798' title='bbox 2335 3621 2503 3691; x_wconf 82' lang='lat' dir='ltr'><strong>gratia</strong></span> <span class='ocrx_word' id='word_1_799' title='bbox 2531 3621 2758 3690; x_wconf 87' lang='lat' dir='ltr'><strong>Spiritus</strong></span> <span class='ocrx_word' id='word_1_800' title='bbox 2787 3620 2983 3674; x_wconf 68' lang='lat' dir='ltr'><strong>Chrisd</strong></span> <span class='ocrx_word' id='word_1_801' title='bbox 3004 3660 3019 3684; x_wconf 95' lang='lat'><strong>,</strong></span> <span class='ocrx_word' id='word_1_802' title='bbox 3052 3635 3156 3688; x_wconf 90' lang='lat' dir='ltr'><strong>quo</strong></span> <span class='ocrx_word' id='word_1_803' title='bbox 3182 3619 3261 3672; x_wconf 83' lang='lat' dir='ltr'><strong>eis</strong></span> <span class='ocrx_word' id='word_1_804' title='bbox 3290 3621 3449 3674; x_wconf 90' lang='lat' dir='ltr'><strong>etiam</strong></span> 
     </span>
    </p>
   </div>
   <div class='ocr_carea' id='block_1_97' title="bbox 1861 3707 3454 3784">
    <p class='ocr_par' dir='ltr' id='par_1_97' title="bbox 1861 3707 3454 3784">
     <span class='ocr_line' id='line_1_97' title="bbox 1861 3707 3454 3784; baseline -0.003 -16"><span class='ocrx_word' id='word_1_805' title='bbox 1861 3714 2071 3784; x_wconf 88' lang='lat' dir='ltr'><strong>propria</strong></span> <span class='ocrx_word' id='word_1_806' title='bbox 2114 3713 2252 3767; x_wconf 81' lang='lat' dir='ltr'><strong>dona</strong></span> <span class='ocrx_word' id='word_1_807' title='bbox 2297 3711 2526 3765; x_wconf 85' lang='lat' dir='ltr'><strong>discreta</strong></span> <span class='ocrx_word' id='word_1_808' title='bbox 2558 3720 2678 3764; x_wconf 82' lang='lat' dir='ltr'><strong>sunt</strong></span> <span class='ocrx_word' id='word_1_809' title='bbox 2708 3729 2720 3762; x_wconf 88' lang='lat'><strong>:</strong></span> <span class='ocrx_word' id='word_1_810' title='bbox 2753 3710 2820 3764; x_wconf 88' lang='lat' dir='ltr'><strong>de</strong></span> <span class='ocrx_word' id='word_1_811' title='bbox 2846 3727 2949 3779; x_wconf 83' lang='lat' dir='ltr'><strong>quo</strong></span> <span class='ocrx_word' id='word_1_812' title='bbox 2979 3709 3178 3763; x_wconf 82' lang='lat' dir='ltr'><strong>dictum</strong></span> <span class='ocrx_word' id='word_1_813' title='bbox 3205 3717 3289 3761; x_wconf 83' lang='lat' dir='ltr'><strong>est</strong></span> <span class='ocrx_word' id='word_1_814' title='bbox 3311 3707 3454 3778; x_wconf 83' lang='lat' dir='ltr'><strong>quod</strong></span> 
     </span>
    </p>
   </div>
   <div class='ocr_carea' id='block_1_98' title="bbox 1861 3807 3452 3880">
    <p class='ocr_par' dir='ltr' id='par_1_98' title="bbox 1861 3807 3452 3880">
     <span class='ocr_line' id='line_1_98' title="bbox 1861 3807 3452 3880; baseline -0.001 -14"><span class='ocrx_word' id='word_1_815' title='bbox 1861 3826 2019 3880; x_wconf 85' lang='lat' dir='ltr'><strong>supra</strong></span> <span class='ocrx_word' id='word_1_816' title='bbox 2047 3811 2480 3871; x_wconf 77' lang='lat' dir='ltr'><strong>commemoravi,</strong></span> <span class='ocrx_word' id='word_1_817' title='bbox 2514 3808 2737 3878; x_wconf 80' lang='lat' dir='ltr'><strong>Spiritus</strong></span> <span class='ocrx_word' id='word_1_818' title='bbox 2758 3818 2959 3861; x_wconf 80' lang='lat' dir='ltr'><strong>sanctus</strong></span> <span class='ocrx_word' id='word_1_819' title='bbox 2983 3807 3290 3878; x_wconf 83' lang='lat' dir='ltr'><strong>superveniet</strong></span> <span class='ocrx_word' id='word_1_820' title='bbox 3311 3809 3362 3861; x_wconf 88' lang='lat' dir='ltr'><strong>iu</strong></span> <span class='ocrx_word' id='word_1_821' title='bbox 3382 3819 3452 3873; x_wconf 86' lang='lat' dir='ltr'><strong>te,</strong></span> 
     </span>
    </p>
   </div>
   <div class='ocr_carea' id='block_1_99' title="bbox 1862 3899 3452 3966">
    <p class='ocr_par' dir='ltr' id='par_1_99' title="bbox 1862 3899 3452 3966">
     <span class='ocr_line' id='line_1_99' title="bbox 1862 3899 3452 3966; baseline -0.002 -8"><span class='ocrx_word' id='word_1_822' title='bbox 1862 3913 1909 3958; x_wconf 90' lang='lat' dir='ltr'><strong>et</strong></span> <span class='ocrx_word' id='word_1_823' title='bbox 1951 3904 2106 3956; x_wconf 79' lang='lat' dir='ltr'><strong>uirtus</strong></span> <span class='ocrx_word' id='word_1_824' title='bbox 2131 3902 2377 3956; x_wconf 82' lang='lat' dir='ltr'><strong>Altissimi</strong></span> <span class='ocrx_word' id='word_1_825' title='bbox 2415 3901 2726 3956; x_wconf 82' lang='lat' dir='ltr'><strong>obinnbrabit</strong></span> <span class='ocrx_word' id='word_1_826' title='bbox 2761 3900 2884 3965; x_wconf 88' lang='lat' dir='ltr'><strong>tibi,</strong></span> <span class='ocrx_word' id='word_1_827' title='bbox 2928 3899 3030 3954; x_wconf 88' lang='lat' dir='ltr'><strong>hoc</strong></span> <span class='ocrx_word' id='word_1_828' title='bbox 3064 3909 3180 3966; x_wconf 84' lang='lat' dir='ltr'><strong>est,</strong></span> <span class='ocrx_word' id='word_1_829' title='bbox 3212 3900 3452 3955; x_wconf 90' lang='lat' dir='ltr'><strong>umbram</strong></span> 
     </span>
    </p>
   </div>
   <div class='ocr_carea' id='block_1_100' title="bbox 1862 3992 3456 4064">
    <p class='ocr_par' dir='ltr' id='par_1_100' title="bbox 1862 3992 3456 4064">
     <span class='ocr_line' id='line_1_100' title="bbox 1862 3992 3456 4064; baseline -0.002 -15"><span class='ocrx_word' id='word_1_830' title='bbox 1862 3993 2022 4049; x_wconf 85' lang='lat' dir='ltr'><strong>faciet</strong></span> <span class='ocrx_word' id='word_1_831' title='bbox 2052 3993 2141 4047; x_wconf 89' lang='lat' dir='ltr'><strong>tibi</strong></span> <span class='ocrx_word' id='word_1_832' title='bbox 2173 4011 2187 4047; x_wconf 90' lang='lat'><strong>:</strong></span> <span class='ocrx_word' id='word_1_833' title='bbox 2215 4002 2480 4064; x_wconf 81' lang='lat' dir='ltr'><strong>prapterea</strong></span> <span class='ocrx_word' id='word_1_834' title='bbox 2501 3992 2636 4063; x_wconf 86' lang='lat' dir='ltr'><strong>quod</strong></span> <span class='ocrx_word' id='word_1_835' title='bbox 2663 4002 2895 4045; x_wconf 76' lang='lat' dir='ltr'><strong>nascetur</strong></span> <span class='ocrx_word' id='word_1_836' title='bbox 2919 4007 2982 4044; x_wconf 81' lang='lat' dir='ltr'><strong>ea:</strong></span> <span class='ocrx_word' id='word_1_837' title='bbox 3007 4003 3054 4044; x_wconf 90' lang='lat' dir='ltr'><strong>te</strong></span> <span class='ocrx_word' id='word_1_838' title='bbox 3079 3999 3339 4057; x_wconf 88' lang='lat' dir='ltr'><strong>sanctum,</strong></span> <span class='ocrx_word' id='word_1_839' title='bbox 3368 4008 3456 4046; x_wconf 86' lang='lat' dir='ltr'><strong>ro-</strong></span> 
     </span>
    </p>
   </div>
   <div class='ocr_carea' id='block_1_101' title="bbox 1863 4079 3455 4153">
    <p class='ocr_par' dir='ltr' id='par_1_101' title="bbox 1863 4079 3455 4153">
     <span class='ocr_line' id='line_1_101' title="bbox 1863 4079 3455 4153; baseline -0.002 -14"><span class='ocrx_word' id='word_1_840' title='bbox 1863 4084 2059 4139; x_wconf 86' lang='lat' dir='ltr'><strong>cabitur</strong></span> <span class='ocrx_word' id='word_1_841' title='bbox 2088 4083 2255 4136; x_wconf 82' lang='lat' dir='ltr'><strong>Filius</strong></span> <span class='ocrx_word' id='word_1_842' title='bbox 2287 4082 2380 4136; x_wconf 81' lang='lat' dir='ltr'><strong>Dei</strong></span> <span class='ocrx_word' id='word_1_843' title='bbox 2408 4082 2556 4153; x_wconf 86' lang='lat' dir='ltr'><strong>(Luc.</strong></span> <span class='ocrx_word' id='word_1_844' title='bbox 2590 4100 2640 4148; x_wconf 80' lang='grc' dir='ltr'>ι,</span> <span class='ocrx_word' id='word_1_845' title='bbox 2673 4083 2784 4144; x_wconf 76' lang='lat'><strong>35).</strong></span> <span class='ocrx_word' id='word_1_846' title='bbox 2825 4080 3020 4136; x_wconf 86' lang='lat' dir='ltr'><strong>Umbra</strong></span> <span class='ocrx_word' id='word_1_847' title='bbox 3053 4097 3210 4150; x_wconf 88' lang='lat' dir='ltr'><strong>porro</strong></span> <span class='ocrx_word' id='word_1_848' title='bbox 3237 4081 3334 4134; x_wconf 86' lang='lat' dir='ltr'><strong>ista</strong></span> <span class='ocrx_word' id='word_1_849' title='bbox 3360 4079 3455 4136; x_wconf 88' lang='lat' dir='ltr'><strong>de-</strong></span> 
     </span>
    </p>
   </div>
   <div class='ocr_carea' id='block_1_102' title="bbox 1864 4173 3458 4244">
    <p class='ocr_par' dir='ltr' id='par_1_102' title="bbox 1864 4173 3458 4244">
     <span class='ocr_line' id='line_1_102' title="bbox 1864 4173 3458 4244; baseline -0.001 -15"><span class='ocrx_word' id='word_1_850' title='bbox 1864 4173 2188 4230; x_wconf 87' lang='lat' dir='ltr'><strong>fensaculum</strong></span> <span class='ocrx_word' id='word_1_851' title='bbox 2213 4175 2517 4244; x_wconf 80' lang='lat' dir='ltr'><strong>intelligitur</strong></span> <span class='ocrx_word' id='word_1_852' title='bbox 2533 4176 2599 4228; x_wconf 78' lang='lat' dir='ltr'><strong>ab</strong></span> <span class='ocrx_word' id='word_1_853' title='bbox 2620 4185 2750 4228; x_wconf 81' lang='lat' dir='ltr'><strong>:cstu</strong></span> <span class='ocrx_word' id='word_1_854' title='bbox 2772 4173 3317 4243; x_wconf 83' lang='lat' dir='ltr'><strong>concupiscentiarmn</strong></span> <span class='ocrx_word' id='word_1_855' title='bbox 3339 4188 3458 4228; x_wconf 82' lang='lat' dir='ltr'><strong>car-</strong></span> 
     </span>
    </p>
   </div>
   <div class='ocr_carea' id='block_1_103' title="bbox 1866 4263 3456 4335">
    <p class='ocr_par' dir='ltr' id='par_1_103' title="bbox 1866 4263 3456 4335">
     <span class='ocr_line' id='line_1_103' title="bbox 1866 4263 3456 4335; baseline -0.002 -15"><span class='ocrx_word' id='word_1_856' title='bbox 1866 4266 2067 4320; x_wconf 90' lang='lat' dir='ltr'><strong>nalium</strong></span> <span class='ocrx_word' id='word_1_857' title='bbox 2101 4283 2114 4320; x_wconf 91' lang='lat'><strong>:</strong></span> <span class='ocrx_word' id='word_1_858' title='bbox 2145 4264 2283 4319; x_wconf 92' lang='lat' dir='ltr'><strong>unde</strong></span> <span class='ocrx_word' id='word_1_859' title='bbox 2308 4265 2392 4320; x_wconf 79' lang='lat' dir='ltr'><strong>illa</strong></span> <span class='ocrx_word' id='word_1_860' title='bbox 2421 4266 2568 4335; x_wconf 81' lang='lat' dir='ltr'><strong>virgo</strong></span> <span class='ocrx_word' id='word_1_861' title='bbox 2595 4265 2863 4319; x_wconf 86' lang='lat' dir='ltr'><strong>Christqu</strong></span> <span class='ocrx_word' id='word_1_862' title='bbox 2893 4280 2997 4316; x_wconf 89' lang='lat' dir='ltr'><strong>non</strong></span> <span class='ocrx_word' id='word_1_863' title='bbox 3022 4263 3306 4318; x_wconf 83' lang='lat' dir='ltr'><strong>cnrnaliter</strong></span> <span class='ocrx_word' id='word_1_864' title='bbox 3323 4278 3456 4317; x_wconf 85' lang='lat' dir='ltr'><strong>con-</strong></span> 
     </span>
    </p>
   </div>
   <div class='ocr_carea' id='block_1_104' title="bbox 1866 4354 3456 4427">
    <p class='ocr_par' dir='ltr' id='par_1_104' title="bbox 1866 4354 3456 4427">
     <span class='ocr_line' id='line_1_104' title="bbox 1866 4354 3456 4427; baseline -0.003 -15"><span class='ocrx_word' id='word_1_865' title='bbox 1866 4356 2188 4427; x_wconf 88' lang='lat' dir='ltr'><strong>cupiscendo</strong></span> <span class='ocrx_word' id='word_1_866' title='bbox 2208 4398 2221 4419; x_wconf 89' lang='lat'><strong>,</strong></span> <span class='ocrx_word' id='word_1_867' title='bbox 2251 4357 2343 4411; x_wconf 87' lang='lat' dir='ltr'><strong>sed</strong></span> <span class='ocrx_word' id='word_1_868' title='bbox 2365 4355 2709 4426; x_wconf 78' lang='lat' dir='ltr'><strong>Spiritualiter</strong></span> <span class='ocrx_word' id='word_1_869' title='bbox 2733 4354 3001 4410; x_wconf 86' lang='lat' dir='ltr'><strong>credendo</strong></span> <span class='ocrx_word' id='word_1_870' title='bbox 3027 4355 3288 4424; x_wconf 82' lang='lat' dir='ltr'><strong>ceneepit.</strong></span> <span class='ocrx_word' id='word_1_871' title='bbox 3319 4354 3456 4408; x_wconf 87' lang='lat' dir='ltr'><strong>Cou-</strong></span> 
     </span>
    </p>
   </div>
   <div class='ocr_carea' id='block_1_105' title="bbox 1866 4446 3456 4514">
    <p class='ocr_par' dir='ltr' id='par_1_105' title="bbox 1866 4446 3456 4514">
     <span class='ocr_line' id='line_1_105' title="bbox 1866 4446 3456 4514; baseline -0.002 -11"><span class='ocrx_word' id='word_1_872' title='bbox 1866 4457 1974 4504; x_wconf 86' lang='lat' dir='ltr'><strong>stat</strong></span> <span class='ocrx_word' id='word_1_873' title='bbox 2018 4457 2192 4502; x_wconf 85' lang='lat' dir='ltr'><strong>autem</strong></span> <span class='ocrx_word' id='word_1_874' title='bbox 2237 4446 2421 4500; x_wconf 88' lang='lat' dir='ltr'><strong>umbra</strong></span> <span class='ocrx_word' id='word_1_875' title='bbox 2461 4447 2659 4502; x_wconf 89' lang='lat' dir='ltr'><strong>lumine</strong></span> <span class='ocrx_word' id='word_1_876' title='bbox 2696 4455 2751 4500; x_wconf 86' lang='lat' dir='ltr'><strong>et</strong></span> <span class='ocrx_word' id='word_1_877' title='bbox 2783 4461 3006 4508; x_wconf 81' lang='lat' dir='ltr'><strong>corpore</strong></span> <span class='ocrx_word' id='word_1_878' title='bbox 3036 4463 3049 4498; x_wconf 91' lang='lat'><strong>:</strong></span> <span class='ocrx_word' id='word_1_879' title='bbox 3085 4447 3304 4514; x_wconf 86' lang='lat' dir='ltr'><strong>proinde</strong></span> <span class='ocrx_word' id='word_1_880' title='bbox 3329 4447 3456 4500; x_wconf 83' lang='lat' dir='ltr'><strong>illud</strong></span> 
     </span>
    </p>
   </div>
   <div class='ocr_carea' id='block_1_106' title="bbox 1868 4539 3455 4612">
    <p class='ocr_par' dir='ltr' id='par_1_106' title="bbox 1868 4539 3455 4612">
     <span class='ocr_line' id='line_1_106' title="bbox 1868 4539 3455 4612; baseline -0.001 -16"><span class='ocrx_word' id='word_1_881' title='bbox 1868 4540 2010 4611; x_wconf 88' lang='lat' dir='ltr'><strong>quod</strong></span> <span class='ocrx_word' id='word_1_882' title='bbox 2054 4542 2104 4595; x_wconf 92' lang='lat' dir='ltr'><strong>in</strong></span> <span class='ocrx_word' id='word_1_883' title='bbox 2133 4539 2393 4612; x_wconf 88' lang='lat' dir='ltr'><strong>principio</strong></span> <span class='ocrx_word' id='word_1_884' title='bbox 2429 4551 2542 4594; x_wconf 86' lang='lat' dir='ltr'><strong>erat</strong></span> <span class='ocrx_word' id='word_1_885' title='bbox 2575 4539 2801 4595; x_wconf 75' lang='lat' dir='ltr'><strong>Verbum</strong></span> <span class='ocrx_word' id='word_1_886' title='bbox 2823 4582 2838 4606; x_wconf 91' lang='lat'><strong>,</strong></span> <span class='ocrx_word' id='word_1_887' title='bbox 2873 4549 3047 4594; x_wconf 90' lang='lat' dir='ltr'><strong>lumen</strong></span> <span class='ocrx_word' id='word_1_888' title='bbox 3076 4539 3202 4593; x_wconf 90' lang='lat' dir='ltr'><strong>illud</strong></span> <span class='ocrx_word' id='word_1_889' title='bbox 3235 4555 3455 4606; x_wconf 85' lang='lat' dir='ltr'><strong>verum,</strong></span> 
     </span>
    </p>
   </div>
   <div class='ocr_carea' id='block_1_107' title="bbox 1870 4629 3457 4695">
    <p class='ocr_par' dir='ltr' id='par_1_107' title="bbox 1870 4629 3457 4695">
     <span class='ocr_line' id='line_1_107' title="bbox 1870 4629 3457 4695; baseline -0.001 -8"><span class='ocrx_word' id='word_1_890' title='bbox 1870 4640 1928 4687; x_wconf 86' lang='lat' dir='ltr'><strong>ut</strong></span> <span class='ocrx_word' id='word_1_891' title='bbox 1965 4631 2335 4686; x_wconf 90' lang='lat' dir='ltr'><strong>umbraculum</strong></span> <span class='ocrx_word' id='word_1_892' title='bbox 2379 4630 2728 4686; x_wconf 89' lang='lat' dir='ltr'><strong>meridianum</strong></span> <span class='ocrx_word' id='word_1_893' title='bbox 2775 4629 2924 4686; x_wconf 81' lang='lat' dir='ltr'><strong>ﬁeret</strong></span> <span class='ocrx_word' id='word_1_894' title='bbox 2971 4630 3125 4684; x_wconf 84' lang='lat' dir='ltr'><strong>nobis</strong></span> <span class='ocrx_word' id='word_1_895' title='bbox 3158 4672 3174 4695; x_wconf 93' lang='lat'><strong>,</strong></span> <span class='ocrx_word' id='word_1_896' title='bbox 3229 4629 3457 4685; x_wconf 79' lang='lat' dir='ltr'><strong>Verbum</strong></span> 
     </span>
    </p>
   </div>
   <div class='ocr_carea' id='block_1_108' title="bbox 1869 4719 3458 4790">
    <p class='ocr_par' dir='ltr' id='par_1_108' title="bbox 1869 4719 3458 4790">
     <span class='ocr_line' id='line_1_108' title="bbox 1869 4719 3458 4790; baseline -0.002 -11"><span class='ocrx_word' id='word_1_897' title='bbox 1869 4738 1996 4779; x_wconf 87' lang='lat' dir='ltr'><strong>caro</strong></span> <span class='ocrx_word' id='word_1_898' title='bbox 2037 4722 2234 4778; x_wconf 86' lang='lat' dir='ltr'><strong>factum</strong></span> <span class='ocrx_word' id='word_1_899' title='bbox 2278 4731 2395 4788; x_wconf 88' lang='lat' dir='ltr'><strong>est,</strong></span> <span class='ocrx_word' id='word_1_900' title='bbox 2441 4732 2494 4777; x_wconf 89' lang='lat' dir='ltr'><strong>et</strong></span> <span class='ocrx_word' id='word_1_901' title='bbox 2535 4721 2790 4776; x_wconf 88' lang='lat' dir='ltr'><strong>habitavit</strong></span> <span class='ocrx_word' id='word_1_902' title='bbox 2825 4721 2876 4776; x_wconf 90' lang='lat' dir='ltr'><strong>in</strong></span> <span class='ocrx_word' id='word_1_903' title='bbox 2905 4720 3060 4777; x_wconf 89' lang='lat' dir='ltr'><strong>nobis</strong></span> <span class='ocrx_word' id='word_1_904' title='bbox 3086 4719 3266 4790; x_wconf 81' lang='lat' dir='ltr'><strong>(Joan.</strong></span> <span class='ocrx_word' id='word_1_905' title='bbox 3300 4738 3352 4785; x_wconf 85' lang='grc' dir='ltr'>ι,</span> <span class='ocrx_word' id='word_1_906' title='bbox 3389 4722 3409 4776; x_wconf 81' lang='lat' dir='ltr'><strong>l</strong></span> <span class='ocrx_word' id='word_1_907' title='bbox 3439 4763 3458 4788; x_wconf 92' lang='lat'><strong>,</strong></span> 
     </span>
    </p>
   </div>
   <div class='ocr_carea' id='block_1_109' title="bbox 1871 4813 3458 4887">
    <p class='ocr_par' dir='ltr' id='par_1_109' title="bbox 1871 4813 3458 4887">
     <span class='ocr_line' id='line_1_109' title="bbox 1871 4813 3458 4887; baseline -0.002 -18"><span class='ocrx_word' id='word_1_908' title='bbox 1871 4815 1983 4887; x_wconf 79' lang='grc'><strong>14).</strong></span> <span class='ocrx_word' id='word_1_909' title='bbox 2014 4815 2122 4870; x_wconf 89' lang='lat' dir='ltr'><strong>Deo</strong></span> <span class='ocrx_word' id='word_1_910' title='bbox 2155 4815 2355 4869; x_wconf 77' lang='lat' dir='ltr'><strong>scilicet</strong></span> <span class='ocrx_word' id='word_1_911' title='bbox 2384 4813 2546 4868; x_wconf 90' lang='lat' dir='ltr'><strong>homo</strong></span> <span class='ocrx_word' id='word_1_912' title='bbox 2568 4856 2583 4878; x_wconf 90' lang='lat'><strong>,</strong></span> <span class='ocrx_word' id='word_1_913' title='bbox 2616 4824 2863 4884; x_wconf 89' lang='lat' dir='ltr'><strong>tanquam</strong></span> <span class='ocrx_word' id='word_1_914' title='bbox 2891 4814 3077 4870; x_wconf 90' lang='lat' dir='ltr'><strong>lumini</strong></span> <span class='ocrx_word' id='word_1_915' title='bbox 3107 4829 3302 4884; x_wconf 87' lang='lat' dir='ltr'><strong>corpus</strong></span> <span class='ocrx_word' id='word_1_916' title='bbox 3322 4857 3335 4875; x_wconf 88' lang='lat'><strong>.</strong></span> <span class='ocrx_word' id='word_1_917' title='bbox 3369 4830 3458 4866; x_wconf 86' lang='lat' dir='ltr'><strong>ac-</strong></span> 
     </span>
    </p>
   </div>
   <div class='ocr_carea' id='block_1_110' title="bbox 1869 4905 3459 4975">
    <p class='ocr_par' dir='ltr' id='par_1_110' title="bbox 1869 4905 3459 4975">
     <span class='ocr_line' id='line_1_110' title="bbox 1869 4905 3459 4975; baseline -0.001 -15"><span class='ocrx_word' id='word_1_918' title='bbox 1869 4907 2068 4970; x_wconf 89' lang='lat' dir='ltr'><strong>cessit,</strong></span> <span class='ocrx_word' id='word_1_919' title='bbox 2111 4915 2166 4960; x_wconf 94' lang='lat' dir='ltr'><strong>et</strong></span> <span class='ocrx_word' id='word_1_920' title='bbox 2203 4906 2252 4959; x_wconf 91' lang='lat' dir='ltr'><strong>in</strong></span> <span class='ocrx_word' id='word_1_921' title='bbox 2287 4922 2407 4960; x_wconf 90' lang='lat' dir='ltr'><strong>eum</strong></span> <span class='ocrx_word' id='word_1_922' title='bbox 2437 4905 2716 4960; x_wconf 89' lang='lat' dir='ltr'><strong>credentes</strong></span> <span class='ocrx_word' id='word_1_923' title='bbox 2741 4905 2923 4960; x_wconf 86' lang='lat' dir='ltr'><strong>umbra</strong></span> <span class='ocrx_word' id='word_1_924' title='bbox 2957 4907 3298 4975; x_wconf 78' lang='lat' dir='ltr'><strong>protecuonis</strong></span> <span class='ocrx_word' id='word_1_925' title='bbox 3329 4922 3459 4975; x_wconf 80' lang='lat' dir='ltr'><strong>ope-</strong></span> 
     </span>
    </p>
   </div>
   <div class='ocr_carea' id='block_1_111' title="bbox 1871 4996 3456 5067">
    <p class='ocr_par' dir='ltr' id='par_1_111' title="bbox 1871 4996 3456 5067">
     <span class='ocr_line' id='line_1_111' title="bbox 1871 4996 3456 5067; baseline -0.001 -15"><span class='ocrx_word' id='word_1_926' title='bbox 1871 4999 1994 5052; x_wconf 88' lang='lat' dir='ltr'><strong>ruit.</strong></span> <span class='ocrx_word' id='word_1_927' title='bbox 2038 4996 2154 5052; x_wconf 86' lang='lat' dir='ltr'><strong>Non</strong></span> <span class='ocrx_word' id='word_1_928' title='bbox 2194 4997 2335 5052; x_wconf 89' lang='lat' dir='ltr'><strong>enim</strong></span> <span class='ocrx_word' id='word_1_929' title='bbox 2373 4996 2442 5051; x_wconf 88' lang='lat' dir='ltr'><strong>de</strong></span> <span class='ocrx_word' id='word_1_930' title='bbox 2475 4997 2615 5067; x_wconf 89' lang='lat' dir='ltr'><strong>quali</strong></span> <span class='ocrx_word' id='word_1_931' title='bbox 2649 4998 2832 5052; x_wconf 80' lang='lat' dir='ltr'><strong>umbra</strong></span> <span class='ocrx_word' id='word_1_932' title='bbox 2863 4997 3057 5052; x_wconf 91' lang='lat' dir='ltr'><strong>dicitur</strong></span> <span class='ocrx_word' id='word_1_933' title='bbox 3080 5041 3094 5060; x_wconf 90' lang='lat'><strong>,</strong></span> <span class='ocrx_word' id='word_1_934' title='bbox 3127 4997 3456 5052; x_wconf 82' lang='lat' dir='ltr'><strong>Transierunt</strong></span> 
     </span>
    </p>
   </div>
   <div class='ocr_carea' id='block_1_112' title="bbox 1870 5090 3456 5162">
    <p class='ocr_par' dir='ltr' id='par_1_112' title="bbox 1870 5090 3456 5162">
     <span class='ocr_line' id='line_1_112' title="bbox 1870 5090 3456 5162; baseline 0.001 -17"><span class='ocrx_word' id='word_1_935' title='bbox 1870 5092 2040 5145; x_wconf 86' lang='lat' dir='ltr'><strong>omnia</strong></span> <span class='ocrx_word' id='word_1_936' title='bbox 2075 5091 2164 5145; x_wconf 85' lang='lat' dir='ltr'><strong>illa</strong></span> <span class='ocrx_word' id='word_1_937' title='bbox 2207 5099 2443 5160; x_wconf 86' lang='lat' dir='ltr'><strong>tanquam</strong></span> <span class='ocrx_word' id='word_1_938' title='bbox 2476 5090 2654 5144; x_wconf 86' lang='lat' dir='ltr'><strong>umbra</strong></span> <span class='ocrx_word' id='word_1_939' title='bbox 2692 5091 2848 5162; x_wconf 86' lang='lat' dir='ltr'><strong>(Sap.</strong></span> <span class='ocrx_word' id='word_1_940' title='bbox 2879 5107 2908 5144; x_wconf 81' lang='grc' dir='ltr'><strong>ν</strong></span> <span class='ocrx_word' id='word_1_941' title='bbox 2931 5134 2948 5156; x_wconf 83' lang='grc'><em>,</em></span> <span class='ocrx_word' id='word_1_942' title='bbox 2979 5091 3071 5149; x_wconf 83' lang='grc'><strong>9);</strong></span> <span class='ocrx_word' id='word_1_943' title='bbox 3101 5102 3199 5148; x_wconf 70' lang='lat' dir='ltr'><strong>net“</strong></span> <span class='ocrx_word' id='word_1_944' title='bbox 3223 5091 3288 5145; x_wconf 85' lang='lat' dir='ltr'><strong>de</strong></span> <span class='ocrx_word' id='word_1_945' title='bbox 3317 5091 3456 5159; x_wconf 85' lang='lat' dir='ltr'><strong>quali</strong></span> 
     </span>
    </p>
   </div>
   <div class='ocr_carea' id='block_1_113' title="bbox 1871 5182 3457 5256">
    <p class='ocr_par' dir='ltr' id='par_1_113' title="bbox 1871 5182 3457 5256">
     <span class='ocr_line' id='line_1_113' title="bbox 1871 5182 3457 5256; baseline -0.001 -19"><span class='ocrx_word' id='word_1_946' title='bbox 1871 5183 2056 5238; x_wconf 88' lang='lat' dir='ltr'><strong>umbra</strong></span> <span class='ocrx_word' id='word_1_947' title='bbox 2099 5182 2224 5237; x_wconf 84' lang='lat' dir='ltr'><strong>dicit</strong></span> <span class='ocrx_word' id='word_1_948' title='bbox 2259 5182 2545 5252; x_wconf 82' lang='lat' dir='ltr'><strong>Apostolus</strong></span> <span class='ocrx_word' id='word_1_949' title='bbox 2564 5221 2579 5246; x_wconf 90' lang='lat'><strong>,</strong></span> <span class='ocrx_word' id='word_1_950' title='bbox 2610 5183 2776 5238; x_wconf 85' lang='lat' dir='ltr'><strong>Nemo</strong></span> <span class='ocrx_word' id='word_1_951' title='bbox 2802 5200 2887 5237; x_wconf 75' lang='lat' dir='ltr'><strong>vos</strong></span> <span class='ocrx_word' id='word_1_952' title='bbox 2903 5184 3098 5256; x_wconf 74' lang='lat' dir='ltr'><strong>judicet</strong></span> <span class='ocrx_word' id='word_1_953' title='bbox 3120 5184 3172 5236; x_wconf 85' lang='lat' dir='ltr'><strong>in</strong></span> <span class='ocrx_word' id='word_1_954' title='bbox 3202 5183 3342 5248; x_wconf 88' lang='lat' dir='ltr'><strong>cibo,</strong></span> <span class='ocrx_word' id='word_1_955' title='bbox 3373 5194 3457 5236; x_wconf 87' lang='lat' dir='ltr'><strong>aut</strong></span> 
     </span>
    </p>
   </div>
   <div class='ocr_carea' id='block_1_114' title="bbox 1871 5272 3458 5344">
    <p class='ocr_par' dir='ltr' id='par_1_114' title="bbox 1871 5272 3458 5344">
     <span class='ocr_line' id='line_1_114' title="bbox 1871 5272 3458 5344; baseline 0 -18"><span class='ocrx_word' id='word_1_956' title='bbox 1871 5276 1923 5328; x_wconf 87' lang='lat' dir='ltr'><strong>in</strong></span> <span class='ocrx_word' id='word_1_957' title='bbox 1952 5285 2070 5344; x_wconf 85' lang='lat' dir='ltr'><strong>potu</strong></span> <span class='ocrx_word' id='word_1_958' title='bbox 2090 5316 2104 5338; x_wconf 92' lang='lat'><strong>,</strong></span> <span class='ocrx_word' id='word_1_959' title='bbox 2135 5283 2221 5326; x_wconf 87' lang='lat' dir='ltr'><strong>aut</strong></span> <span class='ocrx_word' id='word_1_960' title='bbox 2245 5273 2298 5326; x_wconf 86' lang='lat' dir='ltr'><strong>in</strong></span> <span class='ocrx_word' id='word_1_961' title='bbox 2324 5282 2466 5340; x_wconf 85' lang='lat' dir='ltr'><strong>parte</strong></span> <span class='ocrx_word' id='word_1_962' title='bbox 2490 5272 2589 5327; x_wconf 83' lang='lat' dir='ltr'><strong>dici</strong></span> <span class='ocrx_word' id='word_1_963' title='bbox 2619 5275 2765 5342; x_wconf 78' lang='lat' dir='ltr'><strong>festi,</strong></span> <span class='ocrx_word' id='word_1_964' title='bbox 2796 5283 2884 5326; x_wconf 86' lang='lat' dir='ltr'><strong>aut</strong></span> <span class='ocrx_word' id='word_1_965' title='bbox 2913 5273 3198 5338; x_wconf 71' lang='lat' dir='ltr'><strong>neomeuiw,</strong></span> <span class='ocrx_word' id='word_1_966' title='bbox 3234 5283 3321 5326; x_wconf 87' lang='lat' dir='ltr'><strong>aut</strong></span> <span class='ocrx_word' id='word_1_967' title='bbox 3340 5273 3458 5326; x_wconf 78' lang='lat' dir='ltr'><strong>sab-</strong></span> 
     </span>
    </p>
   </div>
   <div class='ocr_carea' id='block_1_115' title="bbox 1871 5362 3457 5435">
    <p class='ocr_par' dir='ltr' id='par_1_115' title="bbox 1871 5362 3457 5435">
     <span class='ocr_line' id='line_1_115' title="bbox 1871 5362 3457 5435; baseline 0 -17"><span class='ocrx_word' id='word_1_968' title='bbox 1871 5366 2098 5418; x_wconf 87' lang='lat' dir='ltr'><strong>batorunt</strong></span> <span class='ocrx_word' id='word_1_969' title='bbox 2120 5405 2135 5430; x_wconf 94' lang='lat'><strong>,</strong></span> <span class='ocrx_word' id='word_1_970' title='bbox 2176 5363 2312 5433; x_wconf 84' lang='lat' dir='ltr'><strong>quod</strong></span> <span class='ocrx_word' id='word_1_971' title='bbox 2353 5374 2424 5417; x_wconf 83' lang='lat' dir='ltr'><strong>est</strong></span> <span class='ocrx_word' id='word_1_972' title='bbox 2460 5366 2636 5417; x_wconf 86' lang='lat' dir='ltr'><strong>umbra</strong></span> <span class='ocrx_word' id='word_1_973' title='bbox 2677 5369 2961 5435; x_wconf 76' lang='lat' dir='ltr'><strong>futurorum</strong></span> <span class='ocrx_word' id='word_1_974' title='bbox 2999 5362 3214 5431; x_wconf 81' lang='lat' dir='ltr'><strong>(Coloss.</strong></span> <span class='ocrx_word' id='word_1_975' title='bbox 3251 5379 3320 5426; x_wconf 91' lang='lat' dir='ltr'><strong>tt,</strong></span> <span class='ocrx_word' id='word_1_976' title='bbox 3355 5365 3457 5432; x_wconf 80' lang='lat' dir='ltr'><strong>l6,</strong></span> 
     </span>
    </p>
   </div>
   <div class='ocr_carea' id='block_1_116' title="bbox 1873 5454 3461 5527">
    <p class='ocr_par' dir='ltr' id='par_1_116' title="bbox 1873 5454 3461 5527">
     <span class='ocr_line' id='line_1_116' title="bbox 1873 5454 3461 5527; baseline -0.001 -16"><span class='ocrx_word' id='word_1_977' title='bbox 1873 5457 2001 5527; x_wconf 70' lang='lat' dir='ltr'><strong>l7);</strong></span> <span class='ocrx_word' id='word_1_978' title='bbox 2047 5454 2140 5509; x_wconf 77' lang='lat' dir='ltr'><strong>sed</strong></span> <span class='ocrx_word' id='word_1_979' title='bbox 2182 5456 2248 5508; x_wconf 84' lang='lat' dir='ltr'><strong>de</strong></span> <span class='ocrx_word' id='word_1_980' title='bbox 2289 5456 2427 5524; x_wconf 88' lang='lat' dir='ltr'><strong>quali</strong></span> <span class='ocrx_word' id='word_1_981' title='bbox 2468 5457 2721 5522; x_wconf 63' lang='lat' dir='ltr'><strong>scriptum</strong></span> <span class='ocrx_word' id='word_1_982' title='bbox 2761 5465 2879 5519; x_wconf 79' lang='lat' dir='ltr'><strong>est,</strong></span> <span class='ocrx_word' id='word_1_983' title='bbox 2923 5456 3031 5510; x_wconf 82' lang='lat' dir='ltr'><strong>Sub</strong></span> <span class='ocrx_word' id='word_1_984' title='bbox 3061 5457 3236 5510; x_wconf 86' lang='lat' dir='ltr'><strong>umbra</strong></span> <span class='ocrx_word' id='word_1_985' title='bbox 3261 5456 3461 5510; x_wconf 86' lang='lat' dir='ltr'><strong>alarum</strong></span> 
     </span>
    </p>
   </div>
   <div class='ocr_carea' id='block_1_117' title="bbox 1873 5546 3456 5618">
    <p class='ocr_par' dir='ltr' id='par_1_117' title="bbox 1873 5546 3456 5618">
     <span class='ocr_line' id='line_1_117' title="bbox 1873 5546 3456 5618; baseline 0.003 -19"><span class='ocrx_word' id='word_1_986' title='bbox 1873 5559 2071 5600; x_wconf 85' lang='lat' dir='ltr'><strong>tuarum</strong></span> <span class='ocrx_word' id='word_1_987' title='bbox 2115 5557 2314 5616; x_wconf 83' lang='lat' dir='ltr'><strong>protege</strong></span> <span class='ocrx_word' id='word_1_988' title='bbox 2347 5563 2424 5600; x_wconf 88' lang='lat' dir='ltr'><strong>mc</strong></span> <span class='ocrx_word' id='word_1_989' title='bbox 2462 5546 2632 5613; x_wconf 82' lang='lat' dir='ltr'><strong>(Psal.</strong></span> <span class='ocrx_word' id='word_1_990' title='bbox 2667 5563 2748 5602; x_wconf 72' lang='lat' dir='ltr'><strong>tm</strong></span> <span class='ocrx_word' id='word_1_991' title='bbox 2774 5589 2788 5610; x_wconf 90' lang='lat'><strong>,</strong></span> <span class='ocrx_word' id='word_1_992' title='bbox 2821 5549 2900 5618; x_wconf 78' lang='grc'><strong>8).</strong></span> <span class='ocrx_word' id='word_1_993' title='bbox 2935 5548 3064 5601; x_wconf 90' lang='lat' dir='ltr'><strong>Dum</strong></span> <span class='ocrx_word' id='word_1_994' title='bbox 3094 5564 3222 5618; x_wconf 78' lang='lat' dir='ltr'><strong>ergo</strong></span> <span class='ocrx_word' id='word_1_995' title='bbox 3251 5549 3456 5603; x_wconf 86' lang='lat' dir='ltr'><strong>discer-</strong></span> 
     </span>
    </p>
   </div>
   <div class='ocr_carea' id='block_1_118' title="bbox 1872 5638 3461 5710">
    <p class='ocr_par' dir='ltr' id='par_1_118' title="bbox 1872 5638 3461 5710">
     <span class='ocr_line' id='line_1_118' title="bbox 1872 5638 3461 5710; baseline 0.003 -17"><span class='ocrx_word' id='word_1_996' title='bbox 1872 5638 1948 5693; x_wconf 92' lang='lat' dir='ltr'><strong>nit</strong></span> <span class='ocrx_word' id='word_1_997' title='bbox 1975 5639 2063 5694; x_wconf 90' lang='lat' dir='ltr'><strong>ille</strong></span> <span class='ocrx_word' id='word_1_998' title='bbox 2082 5639 2478 5708; x_wconf 69' lang='lat' dir='ltr'><strong>superi-mlestis</strong></span> <span class='ocrx_word' id='word_1_999' title='bbox 2497 5655 2647 5708; x_wconf 76' lang='lat' dir='ltr'><strong>reges</strong></span> <span class='ocrx_word' id='word_1_1000' title='bbox 2661 5654 2818 5708; x_wconf 79' lang='lat' dir='ltr'><strong>super</strong></span> <span class='ocrx_word' id='word_1_1001' title='bbox 2833 5641 3130 5694; x_wconf 74' lang='lat' dir='ltr'><strong>columbarii</strong></span> <span class='ocrx_word' id='word_1_1002' title='bbox 3149 5640 3461 5710; x_wconf 68' lang='lat' dir='ltr'><strong>deargvnta-</strong></span> 
     </span>
    </p>
   </div>
   <div class='ocr_carea' id='block_1_119' title="bbox 1873 5731 3462 5803">
    <p class='ocr_par' dir='ltr' id='par_1_119' title="bbox 1873 5731 3462 5803">
     <span class='ocr_line' id='line_1_119' title="bbox 1873 5731 3462 5803; baseline 0.005 -20"><span class='ocrx_word' id='word_1_1003' title='bbox 1873 5739 1976 5783; x_wconf 89' lang='lat' dir='ltr'><strong>tam</strong></span> <span class='ocrx_word' id='word_1_1004' title='bbox 2001 5773 2012 5790; x_wconf 87' lang='grc'>,</span> <span class='ocrx_word' id='word_1_1005' title='bbox 2055 5747 2158 5784; x_wconf 86' lang='lat' dir='ltr'><strong>non</strong></span> <span class='ocrx_word' id='word_1_1006' title='bbox 2199 5747 2290 5783; x_wconf 84' lang='lat' dir='ltr'><strong>sna</strong></span> <span class='ocrx_word' id='word_1_1007' title='bbox 2333 5732 2518 5785; x_wconf 77' lang='lat' dir='ltr'><strong>merita</strong></span> <span class='ocrx_word' id='word_1_1008' title='bbox 2558 5731 2846 5794; x_wconf 73' lang='lat' dir='ltr'><strong>extollant,</strong></span> <span class='ocrx_word' id='word_1_1009' title='bbox 2892 5749 2995 5788; x_wconf 91' lang='lat' dir='ltr'><strong>nou</strong></span> <span class='ocrx_word' id='word_1_1010' title='bbox 3021 5732 3090 5788; x_wconf 88' lang='lat' dir='ltr'><strong>de</strong></span> <span class='ocrx_word' id='word_1_1011' title='bbox 3117 5737 3327 5803; x_wconf 88' lang='lat' dir='ltr'><strong>propria</strong></span> <span class='ocrx_word' id='word_1_1012' title='bbox 3354 5735 3462 5791; x_wconf 81' lang='lat' dir='ltr'><strong>vir-</strong></span> 
     </span>
    </p>
   </div>
   <div class='ocr_carea' id='block_1_120' title="bbox 1875 5823 3463 5899">
    <p class='ocr_par' dir='ltr' id='par_1_120' title="bbox 1875 5823 3463 5899">
     <span class='ocr_line' id='line_1_120' title="bbox 1875 5823 3463 5899; baseline 0.005 -20"><span class='ocrx_word' id='word_1_1013' title='bbox 1875 5832 1985 5881; x_wconf 85' lang='lat' dir='ltr'><strong>tute</strong></span> <span class='ocrx_word' id='word_1_1014' title='bbox 2020 5823 2291 5885; x_wconf 82' lang='lat' dir='ltr'><strong>conlidaut</strong></span> <span class='ocrx_word' id='word_1_1015' title='bbox 2326 5842 2340 5879; x_wconf 93' lang='lat'><strong>:</strong></span> <span class='ocrx_word' id='word_1_1016' title='bbox 2379 5823 2489 5880; x_wconf 80' lang='lat' dir='ltr'><strong>nire</strong></span> <span class='ocrx_word' id='word_1_1017' title='bbox 2515 5824 2710 5896; x_wconf 84' lang='lat' dir='ltr'><strong>quippe</strong></span> <span class='ocrx_word' id='word_1_1018' title='bbox 2737 5825 3104 5885; x_wconf 76' lang='lat' dir='ltr'><strong>dealbabuntur</strong></span> <span class='ocrx_word' id='word_1_1019' title='bbox 3127 5829 3184 5886; x_wconf 85' lang='lat' dir='ltr'><strong>in</strong></span> <span class='ocrx_word' id='word_1_1020' title='bbox 3211 5829 3423 5890; x_wconf 79' lang='lat' dir='ltr'><strong>Sehnon</strong></span> <span class='ocrx_word' id='word_1_1021' title='bbox 3438 5847 3463 5899; x_wconf 74' lang='lat'><strong>,-</strong></span> 
     </span>
    </p>
   </div>
  </div>
