  <div class='ocr_page' id='page_1' title='image "/cluster/home/n/w/nwhite01/storage/ocr_20150623/36/uva.x000827105/427.png"; bbox 0 0 3912 6428; ppageno 0'>
   <div class='ocr_carea' id='block_1_1' title="bbox 523 379 628 438">
    <p class='ocr_par' dir='ltr' id='par_1_1' title="bbox 523 379 628 438">
     <span class='ocr_line' id='line_1_1' title="bbox 523 379 628 438; baseline -0.019 0"><span class='ocrx_word' id='word_1_1' title='bbox 523 379 628 438; x_wconf 70' lang='lat'><strong><em>827</em></strong></span> 
     </span>
    </p>
   </div>
   <div class='ocr_carea' id='block_1_2' title="bbox 521 476 2101 574">
    <p class='ocr_par' dir='ltr' id='par_1_2' title="bbox 521 476 2101 574">
     <span class='ocr_line' id='line_1_2' title="bbox 521 476 2101 574; baseline -0.015 -19"><span class='ocrx_word' id='word_1_2' title='bbox 521 499 687 574; x_wconf 77' lang='lat' dir='ltr'><strong><em>gratia</em></strong></span> <span class='ocrx_word' id='word_1_3' title='bbox 714 491 1168 552; x_wconf 84' lang='lat' dir='ltr'><strong><em>candiﬁcabuntur</em></strong></span> <span class='ocrx_word' id='word_1_4' title='bbox 1193 487 1243 543; x_wconf 89' lang='lat' dir='ltr'><strong><em>in</em></strong></span> <span class='ocrx_word' id='word_1_5' title='bbox 1269 483 1599 559; x_wconf 71' lang='lat' dir='ltr'><strong><em>proiectione</em></strong></span> <span class='ocrx_word' id='word_1_6' title='bbox 1624 479 1864 551; x_wconf 83' lang='lat' dir='ltr'><strong><em>corporis</em></strong></span> <span class='ocrx_word' id='word_1_7' title='bbox 1886 476 2101 533; x_wconf 69' lang='lat' dir='ltr'><strong><em>Christi.</em></strong></span> 
     </span>
    </p>
   </div>
   <div class='ocr_carea' id='block_1_3' title="bbox 594 579 2113 663">
    <p class='ocr_par' dir='ltr' id='par_1_3' title="bbox 594 579 2113 663">
     <span class='ocr_line' id='line_1_3' title="bbox 594 579 2113 663; baseline -0.016 -14"><span class='ocrx_word' id='word_1_8' title='bbox 594 591 683 648; x_wconf 68' lang='lat'><strong><em>22.</em></strong></span> <span class='ocrx_word' id='word_1_9' title='bbox 716 592 867 663; x_wconf 53' lang='lat' dir='ltr'><strong><em>[vers</em></strong></span> <span class='ocrx_word' id='word_1_10' title='bbox 896 585 1006 658; x_wconf 74' lang='lat'><strong><em>16.]</em></strong></span> <span class='ocrx_word' id='word_1_11' title='bbox 1041 584 1192 639; x_wconf 70' lang='lat' dir='ltr'><strong><em>&quot;nuc</em></strong></span> <span class='ocrx_word' id='word_1_12' title='bbox 1233 591 1409 636; x_wconf 83' lang='lat' dir='ltr'><strong><em>autem</em></strong></span> <span class='ocrx_word' id='word_1_13' title='bbox 1457 586 1692 632; x_wconf 91' lang='lat' dir='ltr'><strong><em>montem</em></strong></span> <span class='ocrx_word' id='word_1_14' title='bbox 1722 579 2113 642; x_wconf 85' lang='lat' dir='ltr'><strong><em>consequenter</em></strong></span> 
     </span>
    </p>
   </div>
   <div class='ocr_carea' id='block_1_4' title="bbox 522 668 2109 742">
    <p class='ocr_par' dir='ltr' id='par_1_4' title="bbox 522 668 2109 742">
     <span class='ocr_line' id='line_1_4' title="bbox 522 668 2109 742; baseline -0.018 0"><span class='ocrx_word' id='word_1_15' title='bbox 522 685 651 742; x_wconf 87' lang='lat' dir='ltr'><strong><em>dicit</em></strong></span> <span class='ocrx_word' id='word_1_16' title='bbox 682 694 897 737; x_wconf 87' lang='lat' dir='ltr'><strong><em>montem</em></strong></span> <span class='ocrx_word' id='word_1_17' title='bbox 923 679 1032 742; x_wconf 88' lang='lat' dir='ltr'><strong><em>Dei,</em></strong></span> <span class='ocrx_word' id='word_1_18' title='bbox 1060 683 1275 730; x_wconf 90' lang='lat' dir='ltr'><strong><em>montem</em></strong></span> <span class='ocrx_word' id='word_1_19' title='bbox 1301 676 1520 737; x_wconf 88' lang='lat' dir='ltr'><strong><em>uberem,</em></strong></span> <span class='ocrx_word' id='word_1_20' title='bbox 1543 679 1756 723; x_wconf 91' lang='lat' dir='ltr'><strong><em>montem</em></strong></span> <span class='ocrx_word' id='word_1_21' title='bbox 1779 668 2109 730; x_wconf 85' lang='lat' dir='ltr'><strong><em>ineaseutum,</em></strong></span> 
     </span>
    </p>
   </div>
   <div class='ocr_carea' id='block_1_5' title="bbox 522 759 2108 842">
    <p class='ocr_par' dir='ltr' id='par_1_5' title="bbox 522 759 2108 842">
     <span class='ocr_line' id='line_1_5' title="bbox 522 759 2108 842; baseline -0.015 -9"><span class='ocrx_word' id='word_1_22' title='bbox 522 778 604 833; x_wconf 86' lang='lat' dir='ltr'><strong><em>vel</em></strong></span> <span class='ocrx_word' id='word_1_23' title='bbox 634 784 849 830; x_wconf 90' lang='lat' dir='ltr'><strong><em>montem</em></strong></span> <span class='ocrx_word' id='word_1_24' title='bbox 880 771 1134 842; x_wconf 75' lang='lat' dir='ltr'><strong><em>pinguem.</em></strong></span> <span class='ocrx_word' id='word_1_25' title='bbox 1165 765 1300 836; x_wconf 82' lang='lat' dir='ltr'><strong><em>Quid</em></strong></span> <span class='ocrx_word' id='word_1_26' title='bbox 1333 767 1416 819; x_wconf 90' lang='lat' dir='ltr'><strong><em>hic</em></strong></span> <span class='ocrx_word' id='word_1_27' title='bbox 1457 775 1631 816; x_wconf 88' lang='lat' dir='ltr'><strong><em>autem</em></strong></span> <span class='ocrx_word' id='word_1_28' title='bbox 1665 759 1807 814; x_wconf 90' lang='lat' dir='ltr'><strong><em>aliud</em></strong></span> <span class='ocrx_word' id='word_1_29' title='bbox 1839 761 2108 829; x_wconf 77' lang='lat' dir='ltr'><strong><em>pinguem,</em></strong></span> 
     </span>
    </p>
   </div>
   <div class='ocr_carea' id='block_1_6' title="bbox 522 854 2111 942">
    <p class='ocr_par' dir='ltr' id='par_1_6' title="bbox 522 854 2111 942">
     <span class='ocr_line' id='line_1_6' title="bbox 522 854 2111 942; baseline -0.01 -21"><span class='ocrx_word' id='word_1_30' title='bbox 522 886 678 942; x_wconf 83' lang='lat' dir='ltr'><strong><em>quam</em></strong></span> <span class='ocrx_word' id='word_1_31' title='bbox 734 867 950 921; x_wconf 89' lang='lat' dir='ltr'><strong><em>uberem</em></strong></span> <span class='ocrx_word' id='word_1_32' title='bbox 996 862 1231 918; x_wconf 86' lang='lat' dir='ltr'><strong><em>diceret?</em></strong></span> <span class='ocrx_word' id='word_1_33' title='bbox 1280 861 1370 913; x_wconf 74' lang='lat' dir='ltr'><strong><em>Est</em></strong></span> <span class='ocrx_word' id='word_1_34' title='bbox 1427 861 1566 912; x_wconf 90' lang='lat' dir='ltr'><strong><em>enim</em></strong></span> <span class='ocrx_word' id='word_1_35' title='bbox 1599 865 1650 910; x_wconf 85' lang='lat' dir='ltr'><strong><em>et</em></strong></span> <span class='ocrx_word' id='word_1_36' title='bbox 1692 869 1844 908; x_wconf 90' lang='lat' dir='ltr'><strong><em>mons</em></strong></span> <span class='ocrx_word' id='word_1_37' title='bbox 1869 854 1970 907; x_wconf 87' lang='lat' dir='ltr'><strong><em>isto</em></strong></span> <span class='ocrx_word' id='word_1_38' title='bbox 2012 867 2111 905; x_wconf 90' lang='lat' dir='ltr'><strong><em>no-</em></strong></span> 
     </span>
    </p>
   </div>
   <div class='ocr_carea' id='block_1_7' title="bbox 523 950 2112 1029">
    <p class='ocr_par' dir='ltr' id='par_1_7' title="bbox 523 950 2112 1029">
     <span class='ocr_line' id='line_1_7' title="bbox 523 950 2112 1029; baseline -0.012 -11"><span class='ocrx_word' id='word_1_39' title='bbox 523 967 665 1020; x_wconf 86' lang='lat' dir='ltr'><strong><em>mine</em></strong></span> <span class='ocrx_word' id='word_1_40' title='bbox 696 968 1049 1029; x_wconf 89' lang='lat' dir='ltr'><strong><em>nuncupatus,</em></strong></span> <span class='ocrx_word' id='word_1_41' title='bbox 1083 956 1134 1010; x_wconf 90' lang='lat' dir='ltr'><strong><em>id</em></strong></span> <span class='ocrx_word' id='word_1_42' title='bbox 1166 964 1247 1010; x_wconf 87' lang='lat' dir='ltr'><strong><em>est</em></strong></span> <span class='ocrx_word' id='word_1_43' title='bbox 1290 954 1519 1009; x_wconf 83' lang='lat' dir='ltr'><strong><em>Sclmon.</em></strong></span> <span class='ocrx_word' id='word_1_44' title='bbox 1552 950 1654 1005; x_wconf 83' lang='lat' dir='ltr'><strong><em>Sed</em></strong></span> <span class='ocrx_word' id='word_1_45' title='bbox 1688 965 1842 1020; x_wconf 83' lang='lat' dir='ltr'><strong><em>quem</em></strong></span> <span class='ocrx_word' id='word_1_46' title='bbox 1877 953 2112 1001; x_wconf 82' lang='lat' dir='ltr'><strong><em>montem</em></strong></span> 
     </span>
    </p>
   </div>
   <div class='ocr_carea' id='block_1_8' title="bbox 522 1039 2110 1124">
    <p class='ocr_par' dir='ltr' id='par_1_8' title="bbox 522 1039 2110 1124">
     <span class='ocr_line' id='line_1_8' title="bbox 522 1039 2110 1124; baseline -0.013 -14"><span class='ocrx_word' id='word_1_47' title='bbox 522 1054 818 1124; x_wconf 78' lang='lat' dir='ltr'><strong><em>intelligere</em></strong></span> <span class='ocrx_word' id='word_1_48' title='bbox 888 1049 1143 1106; x_wconf 84' lang='lat' dir='ltr'><strong><em>debemus</em></strong></span> <span class='ocrx_word' id='word_1_49' title='bbox 1201 1055 1415 1101; x_wconf 72' lang='lat' dir='ltr'><strong><em>montem</em></strong></span> <span class='ocrx_word' id='word_1_50' title='bbox 1457 1044 1566 1104; x_wconf 83' lang='lat' dir='ltr'><strong><em>Dei,</em></strong></span> <span class='ocrx_word' id='word_1_51' title='bbox 1620 1053 1836 1094; x_wconf 89' lang='lat' dir='ltr'><strong><em>montem</em></strong></span> <span class='ocrx_word' id='word_1_52' title='bbox 1890 1039 2110 1104; x_wconf 87' lang='lat' dir='ltr'><strong><em>uberem,</em></strong></span> 
     </span>
    </p>
   </div>
   <div class='ocr_carea' id='block_1_9' title="bbox 521 1130 2108 1205">
    <p class='ocr_par' dir='ltr' id='par_1_9' title="bbox 521 1130 2108 1205">
     <span class='ocr_line' id='line_1_9' title="bbox 521 1130 2108 1205; baseline -0.012 -5"><span class='ocrx_word' id='word_1_53' title='bbox 521 1157 736 1201; x_wconf 88' lang='lat' dir='ltr'><strong><em>montem</em></strong></span> <span class='ocrx_word' id='word_1_54' title='bbox 757 1147 1084 1205; x_wconf 84' lang='lat' dir='ltr'><strong><em>incaseatmn,</em></strong></span> <span class='ocrx_word' id='word_1_55' title='bbox 1108 1140 1207 1194; x_wconf 87' lang='lat' dir='ltr'><strong><em>uisi</em></strong></span> <span class='ocrx_word' id='word_1_56' title='bbox 1231 1138 1479 1194; x_wconf 90' lang='lat' dir='ltr'><strong><em>eumdem</em></strong></span> <span class='ocrx_word' id='word_1_57' title='bbox 1507 1134 1785 1189; x_wconf 89' lang='lat' dir='ltr'><strong><em>Dominum</em></strong></span> <span class='ocrx_word' id='word_1_58' title='bbox 1815 1130 2108 1194; x_wconf 84' lang='lat' dir='ltr'><strong><em>Christum,</em></strong></span> 
     </span>
    </p>
   </div>
   <div class='ocr_carea' id='block_1_10' title="bbox 527 1225 2114 1310">
    <p class='ocr_par' dir='ltr' id='par_1_10' title="bbox 527 1225 2114 1310">
     <span class='ocr_line' id='line_1_10' title="bbox 527 1225 2114 1310; baseline -0.013 -16"><span class='ocrx_word' id='word_1_59' title='bbox 527 1241 593 1295; x_wconf 90' lang='lat' dir='ltr'><strong><em>de</em></strong></span> <span class='ocrx_word' id='word_1_60' title='bbox 623 1255 731 1310; x_wconf 91' lang='lat' dir='ltr'><strong><em>quo</em></strong></span> <span class='ocrx_word' id='word_1_61' title='bbox 753 1248 804 1294; x_wconf 91' lang='lat' dir='ltr'><strong><em>et</em></strong></span> <span class='ocrx_word' id='word_1_62' title='bbox 830 1238 960 1292; x_wconf 87' lang='lat' dir='ltr'><strong><em>alius</em></strong></span> <span class='ocrx_word' id='word_1_63' title='bbox 985 1234 1243 1308; x_wconf 88' lang='lat' dir='ltr'><strong><em>pr0pbcta</em></strong></span> <span class='ocrx_word' id='word_1_64' title='bbox 1272 1231 1399 1285; x_wconf 80' lang='lat' dir='ltr'><strong>dicit</strong></span> <span class='ocrx_word' id='word_1_65' title='bbox 1424 1249 1436 1284; x_wconf 93' lang='lat'>:</span> <span class='ocrx_word' id='word_1_66' title='bbox 1467 1229 1575 1282; x_wconf 82' lang='lat' dir='ltr'><strong><em>Erit</em></strong></span> <span class='ocrx_word' id='word_1_67' title='bbox 1607 1228 1657 1281; x_wconf 89' lang='lat' dir='ltr'><strong><em>in</em></strong></span> <span class='ocrx_word' id='word_1_68' title='bbox 1681 1225 1961 1280; x_wconf 70' lang='lat' dir='ltr'><strong><em>novissimis</em></strong></span> <span class='ocrx_word' id='word_1_69' title='bbox 1991 1234 2114 1275; x_wconf 82' lang='lat' dir='ltr'><strong><em>tent-</em></strong></span> 
     </span>
    </p>
   </div>
   <div class='ocr_carea' id='block_1_11' title="bbox 523 1317 2114 1405">
    <p class='ocr_par' dir='ltr' id='par_1_11' title="bbox 523 1317 2114 1405">
     <span class='ocr_line' id='line_1_11' title="bbox 523 1317 2114 1405; baseline -0.013 -18"><span class='ocrx_word' id='word_1_70' title='bbox 523 1335 728 1405; x_wconf 81' lang='lat' dir='ltr'><strong><em>poribus</em></strong></span> <span class='ocrx_word' id='word_1_71' title='bbox 758 1331 1058 1402; x_wconf 77' lang='lat' dir='ltr'><strong><em>manifestus</em></strong></span> <span class='ocrx_word' id='word_1_72' title='bbox 1087 1344 1229 1380; x_wconf 87' lang='lat' dir='ltr'><strong><em>mons</em></strong></span> <span class='ocrx_word' id='word_1_73' title='bbox 1259 1323 1484 1388; x_wconf 80' lang='lat' dir='ltr'><strong><em>Domini,</em></strong></span> <span class='ocrx_word' id='word_1_74' title='bbox 1519 1330 1728 1393; x_wconf 84' lang='lat' dir='ltr'><strong><em>paratus</em></strong></span> <span class='ocrx_word' id='word_1_75' title='bbox 1772 1318 1824 1371; x_wconf 88' lang='lat' dir='ltr'><strong><em>in</em></strong></span> <span class='ocrx_word' id='word_1_76' title='bbox 1852 1317 2114 1370; x_wconf 81' lang='lat' dir='ltr'><strong><em>cacumine</em></strong></span> 
     </span>
    </p>
   </div>
   <div class='ocr_carea' id='block_1_12' title="bbox 524 1416 2114 1501">
    <p class='ocr_par' dir='ltr' id='par_1_12' title="bbox 524 1416 2114 1501">
     <span class='ocr_line' id='line_1_12' title="bbox 524 1416 2114 1501; baseline -0.011 -19"><span class='ocrx_word' id='word_1_77' title='bbox 524 1427 768 1482; x_wconf 83' lang='lat' dir='ltr'><strong><em>montium</em></strong></span> <span class='ocrx_word' id='word_1_78' title='bbox 800 1424 955 1501; x_wconf 85' lang='lat' dir='ltr'><strong><em>(lsai.</em></strong></span> <span class='ocrx_word' id='word_1_79' title='bbox 986 1439 1044 1488; x_wconf 82' lang='grc' dir='ltr'><strong><em>ιι,</em></strong></span> <span class='ocrx_word' id='word_1_80' title='bbox 1073 1422 1155 1492; x_wconf 73' lang='lat'><strong><em>9.)?</em></strong></span> <span class='ocrx_word' id='word_1_81' title='bbox 1188 1421 1303 1491; x_wconf 85' lang='lat' dir='ltr'><strong><em>ipse</em></strong></span> <span class='ocrx_word' id='word_1_82' title='bbox 1330 1428 1410 1474; x_wconf 83' lang='lat' dir='ltr'><strong><em>est</em></strong></span> <span class='ocrx_word' id='word_1_83' title='bbox 1449 1432 1602 1470; x_wconf 91' lang='lat' dir='ltr'><strong><em>mons</em></strong></span> <span class='ocrx_word' id='word_1_84' title='bbox 1629 1416 1950 1475; x_wconf 85' lang='lat' dir='ltr'><strong><em>incaseatus,</em></strong></span> <span class='ocrx_word' id='word_1_85' title='bbox 1986 1426 2114 1481; x_wconf 87' lang='lat' dir='ltr'><strong><em>pro-</em></strong></span> 
     </span>
    </p>
   </div>
   <div class='ocr_carea' id='block_1_13' title="bbox 524 1506 2114 1594">
    <p class='ocr_par' dir='ltr' id='par_1_13' title="bbox 524 1506 2114 1594">
     <span class='ocr_line' id='line_1_13' title="bbox 524 1506 2114 1594; baseline -0.011 -16"><span class='ocrx_word' id='word_1_86' title='bbox 524 1533 643 1594; x_wconf 74' lang='lat' dir='ltr'><strong><em>pter</em></strong></span> <span class='ocrx_word' id='word_1_87' title='bbox 670 1519 918 1592; x_wconf 82' lang='lat' dir='ltr'><strong><em>parvulos</em></strong></span> <span class='ocrx_word' id='word_1_88' title='bbox 936 1518 1104 1590; x_wconf 78' lang='lat' dir='ltr'><strong><em>gratia</em></strong></span> <span class='ocrx_word' id='word_1_89' title='bbox 1137 1524 1384 1585; x_wconf 86' lang='lat' dir='ltr'><strong><em>tauquam</em></strong></span> <span class='ocrx_word' id='word_1_90' title='bbox 1417 1514 1548 1565; x_wconf 85' lang='lat' dir='ltr'><strong><em>lacte</em></strong></span> <span class='ocrx_word' id='word_1_91' title='bbox 1582 1506 1925 1572; x_wconf 83' lang='lat' dir='ltr'><strong><em>nutriendos;</em></strong></span> <span class='ocrx_word' id='word_1_92' title='bbox 1960 1522 2114 1561; x_wconf 88' lang='lat' dir='ltr'><strong><em>mons</em></strong></span> 
     </span>
    </p>
   </div>
   <div class='ocr_carea' id='block_1_14' title="bbox 526 1599 2115 1680">
    <p class='ocr_par' dir='ltr' id='par_1_14' title="bbox 526 1599 2115 1680">
     <span class='ocr_line' id='line_1_14' title="bbox 526 1599 2115 1680; baseline -0.013 -9"><span class='ocrx_word' id='word_1_93' title='bbox 526 1617 678 1680; x_wconf 84' lang='lat' dir='ltr'><strong><em>uber,</em></strong></span> <span class='ocrx_word' id='word_1_94' title='bbox 711 1614 777 1668; x_wconf 89' lang='lat' dir='ltr'><strong><em>ad</em></strong></span> <span class='ocrx_word' id='word_1_95' title='bbox 806 1610 1134 1668; x_wconf 89' lang='lat' dir='ltr'><strong><em>roborandos</em></strong></span> <span class='ocrx_word' id='word_1_96' title='bbox 1164 1617 1321 1679; x_wconf 90' lang='lat' dir='ltr'><strong><em>atque</em></strong></span> <span class='ocrx_word' id='word_1_97' title='bbox 1347 1605 1588 1660; x_wconf 79' lang='lat' dir='ltr'><strong><em>dilaudas</em></strong></span> <span class='ocrx_word' id='word_1_98' title='bbox 1633 1601 1894 1656; x_wconf 83' lang='lat' dir='ltr'><strong><em>donorum</em></strong></span> <span class='ocrx_word' id='word_1_99' title='bbox 1928 1599 2115 1654; x_wconf 83' lang='lat' dir='ltr'><strong><em>excel-</em></strong></span> 
     </span>
    </p>
   </div>
   <div class='ocr_carea' id='block_1_15' title="bbox 527 1692 2114 1775">
    <p class='ocr_par' dir='ltr' id='par_1_15' title="bbox 527 1692 2114 1775">
     <span class='ocr_line' id='line_1_15' title="bbox 527 1692 2114 1775; baseline -0.011 -12"><span class='ocrx_word' id='word_1_100' title='bbox 527 1709 683 1763; x_wconf 90' lang='lat' dir='ltr'><strong><em>lentia</em></strong></span> <span class='ocrx_word' id='word_1_101' title='bbox 715 1726 728 1762; x_wconf 92' lang='lat'>:</span> <span class='ocrx_word' id='word_1_102' title='bbox 761 1722 880 1760; x_wconf 90' lang='lat' dir='ltr'><strong><em>nam</em></strong></span> <span class='ocrx_word' id='word_1_103' title='bbox 909 1714 960 1760; x_wconf 91' lang='lat' dir='ltr'><strong><em>et</em></strong></span> <span class='ocrx_word' id='word_1_104' title='bbox 987 1706 1157 1775; x_wconf 88' lang='lat' dir='ltr'><strong><em>ipsum</em></strong></span> <span class='ocrx_word' id='word_1_105' title='bbox 1180 1702 1280 1764; x_wconf 80' lang='lat' dir='ltr'><strong><em>lac,</em></strong></span> <span class='ocrx_word' id='word_1_106' title='bbox 1313 1698 1453 1753; x_wconf 86' lang='lat' dir='ltr'><strong><em>unde</em></strong></span> <span class='ocrx_word' id='word_1_107' title='bbox 1480 1696 1536 1751; x_wconf 87' lang='lat' dir='ltr'><strong><em>ﬁt</em></strong></span> <span class='ocrx_word' id='word_1_108' title='bbox 1563 1711 1772 1759; x_wconf 81' lang='lat' dir='ltr'><strong><em>caseus,</em></strong></span> <span class='ocrx_word' id='word_1_109' title='bbox 1797 1695 1930 1747; x_wconf 89' lang='lat' dir='ltr'><strong><em>miro</em></strong></span> <span class='ocrx_word' id='word_1_110' title='bbox 1955 1692 2114 1747; x_wconf 79' lang='lat' dir='ltr'><strong><em>mmlo</em></strong></span> 
     </span>
    </p>
   </div>
   <div class='ocr_carea' id='block_1_16' title="bbox 526 1785 2114 1870">
    <p class='ocr_par' dir='ltr' id='par_1_16' title="bbox 526 1785 2114 1870">
     <span class='ocr_line' id='line_1_16' title="bbox 526 1785 2114 1870; baseline -0.01 -16"><span class='ocrx_word' id='word_1_111' title='bbox 526 1799 784 1870; x_wconf 72' lang='lat' dir='ltr'><strong><em>signiﬁcat</em></strong></span> <span class='ocrx_word' id='word_1_112' title='bbox 809 1795 1067 1868; x_wconf 74' lang='lat' dir='ltr'><strong><em>gratiam;</em></strong></span> <span class='ocrx_word' id='word_1_113' title='bbox 1113 1802 1294 1848; x_wconf 91' lang='lat' dir='ltr'><strong><em>manat</em></strong></span> <span class='ocrx_word' id='word_1_114' title='bbox 1332 1792 1525 1860; x_wconf 89' lang='lat' dir='ltr'><strong><em>quippe</em></strong></span> <span class='ocrx_word' id='word_1_115' title='bbox 1553 1805 1623 1844; x_wconf 78' lang='lat' dir='ltr'><strong><em>ex</em></strong></span> <span class='ocrx_word' id='word_1_116' title='bbox 1671 1786 1992 1841; x_wconf 89' lang='lat' dir='ltr'><strong><em>abundantia</em></strong></span> <span class='ocrx_word' id='word_1_117' title='bbox 2033 1785 2114 1839; x_wconf 86' lang='lat' dir='ltr'><strong><em>vi-</em></strong></span> 
     </span>
    </p>
   </div>
   <div class='ocr_carea' id='block_1_17' title="bbox 525 1879 2116 1950">
    <p class='ocr_par' dir='ltr' id='par_1_17' title="bbox 525 1879 2116 1950">
     <span class='ocr_line' id='line_1_17' title="bbox 525 1879 2116 1950; baseline -0.011 -1"><span class='ocrx_word' id='word_1_118' title='bbox 525 1909 731 1949; x_wconf 85' lang='lat' dir='ltr'><strong><em>scerum</em></strong></span> <span class='ocrx_word' id='word_1_119' title='bbox 762 1904 1142 1950; x_wconf 87' lang='lat' dir='ltr'><strong><em>maternorum,</em></strong></span> <span class='ocrx_word' id='word_1_120' title='bbox 1173 1896 1226 1942; x_wconf 90' lang='lat' dir='ltr'><strong><em>et</em></strong></span> <span class='ocrx_word' id='word_1_121' title='bbox 1269 1882 1630 1938; x_wconf 87' lang='lat' dir='ltr'><strong><em>misericordia</em></strong></span> <span class='ocrx_word' id='word_1_122' title='bbox 1663 1879 1959 1936; x_wconf 85' lang='lat' dir='ltr'><strong><em>delectabili</em></strong></span> <span class='ocrx_word' id='word_1_123' title='bbox 1994 1895 2116 1949; x_wconf 86' lang='lat' dir='ltr'><strong><em>par-</em></strong></span> 
     </span>
    </p>
   </div>
   <div class='ocr_carea' id='block_1_18' title="bbox 524 1972 2115 2056">
    <p class='ocr_par' dir='ltr' id='par_1_18' title="bbox 524 1972 2115 2056">
     <span class='ocr_line' id='line_1_18' title="bbox 524 1972 2115 2056; baseline -0.009 -16"><span class='ocrx_word' id='word_1_124' title='bbox 524 1987 658 2040; x_wconf 63' lang='lat' dir='ltr'><strong><em>V&#39;ulis</em></strong></span> <span class='ocrx_word' id='word_1_125' title='bbox 680 1985 841 2056; x_wconf 79' lang='lat' dir='ltr'><strong><em>gratis</em></strong></span> <span class='ocrx_word' id='word_1_126' title='bbox 872 1981 1183 2035; x_wconf 78' lang='lat' dir='ltr'><strong><em>infunditur.</em></strong></span> <span class='ocrx_word' id='word_1_127' title='bbox 1217 1978 1510 2046; x_wconf 77' lang='lat' dir='ltr'><strong><em>Ambiguus</em></strong></span> <span class='ocrx_word' id='word_1_128' title='bbox 1541 1983 1622 2028; x_wconf 84' lang='lat' dir='ltr'><strong><em>est</em></strong></span> <span class='ocrx_word' id='word_1_129' title='bbox 1649 1981 1824 2026; x_wconf 85' lang='lat' dir='ltr'><strong><em>autem</em></strong></span> <span class='ocrx_word' id='word_1_130' title='bbox 1857 1972 1907 2025; x_wconf 92' lang='lat' dir='ltr'><strong><em>iu</em></strong></span> <span class='ocrx_word' id='word_1_131' title='bbox 1937 1985 2115 2042; x_wconf 65' lang='lat' dir='ltr'><strong><em>grieco</em></strong></span> 
     </span>
    </p>
   </div>
   <div class='ocr_carea' id='block_1_19' title="bbox 525 2065 2118 2141">
    <p class='ocr_par' dir='ltr' id='par_1_19' title="bbox 525 2065 2118 2141">
     <span class='ocr_line' id='line_1_19' title="bbox 525 2065 2118 2141; baseline -0.011 -9"><span class='ocrx_word' id='word_1_132' title='bbox 525 2093 698 2141; x_wconf 80' lang='lat' dir='ltr'><strong><em>Casus,</em></strong></span> <span class='ocrx_word' id='word_1_133' title='bbox 749 2088 923 2128; x_wconf 88' lang='lat' dir='ltr'><strong><em>utrum</em></strong></span> <span class='ocrx_word' id='word_1_134' title='bbox 974 2075 1042 2126; x_wconf 82' lang='lat' dir='ltr'><strong><em>sit</em></strong></span> <span class='ocrx_word' id='word_1_135' title='bbox 1086 2071 1467 2133; x_wconf 87' lang='lat' dir='ltr'><strong><em>nominativus,</em></strong></span> <span class='ocrx_word' id='word_1_136' title='bbox 1501 2083 1566 2119; x_wconf 89' lang='lat' dir='ltr'><strong><em>an</em></strong></span> <span class='ocrx_word' id='word_1_137' title='bbox 1595 2065 1952 2128; x_wconf 75' lang='lat' dir='ltr'><strong><em>accusativus;</em></strong></span> <span class='ocrx_word' id='word_1_138' title='bbox 1983 2079 2118 2136; x_wconf 83' lang='lat' dir='ltr'><strong><em>quo-</em></strong></span> 
     </span>
    </p>
   </div>
   <div class='ocr_carea' id='block_1_20' title="bbox 526 2157 2116 2236">
    <p class='ocr_par' dir='ltr' id='par_1_20' title="bbox 526 2157 2116 2236">
     <span class='ocr_line' id='line_1_20' title="bbox 526 2157 2116 2236; baseline -0.011 -11"><span class='ocrx_word' id='word_1_139' title='bbox 526 2172 665 2225; x_wconf 86' lang='lat' dir='ltr'><strong><em>niam</em></strong></span> <span class='ocrx_word' id='word_1_140' title='bbox 696 2169 744 2222; x_wconf 91' lang='lat' dir='ltr'><strong><em>in</em></strong></span> <span class='ocrx_word' id='word_1_141' title='bbox 773 2184 832 2221; x_wconf 88' lang='lat' dir='ltr'><strong><em>ea</em></strong></span> <span class='ocrx_word' id='word_1_142' title='bbox 859 2167 1030 2236; x_wconf 77' lang='lat' dir='ltr'><strong><em>lingua</em></strong></span> <span class='ocrx_word' id='word_1_143' title='bbox 1079 2180 1232 2218; x_wconf 82' lang='lat' dir='ltr'><strong><em>tuons</em></strong></span> <span class='ocrx_word' id='word_1_144' title='bbox 1278 2161 1450 2216; x_wconf 90' lang='lat' dir='ltr'><strong><em>neutri</em></strong></span> <span class='ocrx_word' id='word_1_145' title='bbox 1487 2157 1698 2230; x_wconf 73' lang='lat' dir='ltr'><strong><em>generis</em></strong></span> <span class='ocrx_word' id='word_1_146' title='bbox 1729 2165 1829 2221; x_wconf 78' lang='lat' dir='ltr'><strong><em>est,</em></strong></span> <span class='ocrx_word' id='word_1_147' title='bbox 1861 2171 1966 2210; x_wconf 92' lang='lat' dir='ltr'><strong><em>non</em></strong></span> <span class='ocrx_word' id='word_1_148' title='bbox 2002 2171 2116 2210; x_wconf 86' lang='lat' dir='ltr'><strong><em>ma-</em></strong></span> 
     </span>
    </p>
   </div>
   <div class='ocr_carea' id='block_1_21' title="bbox 526 2249 2114 2318">
    <p class='ocr_par' dir='ltr' id='par_1_21' title="bbox 526 2249 2114 2318">
     <span class='ocr_line' id='line_1_21' title="bbox 526 2249 2114 2318; baseline -0.011 -2"><span class='ocrx_word' id='word_1_149' title='bbox 526 2261 714 2316; x_wconf 85' lang='lat' dir='ltr'><strong><em>sculini</em></strong></span> <span class='ocrx_word' id='word_1_150' title='bbox 748 2278 760 2313; x_wconf 88' lang='lat'>:</span> <span class='ocrx_word' id='word_1_151' title='bbox 793 2258 909 2312; x_wconf 86' lang='lat' dir='ltr'><strong><em>ideo</em></strong></span> <span class='ocrx_word' id='word_1_152' title='bbox 952 2255 1190 2310; x_wconf 89' lang='lat' dir='ltr'><strong><em>nonnulli</em></strong></span> <span class='ocrx_word' id='word_1_153' title='bbox 1233 2254 1402 2307; x_wconf 88' lang='lat' dir='ltr'><strong><em>Latini</em></strong></span> <span class='ocrx_word' id='word_1_154' title='bbox 1443 2267 1546 2305; x_wconf 93' lang='lat' dir='ltr'><strong><em>non</em></strong></span> <span class='ocrx_word' id='word_1_155' title='bbox 1591 2249 1921 2318; x_wconf 81' lang='lat' dir='ltr'><strong><em>interpretati</em></strong></span> <span class='ocrx_word' id='word_1_156' title='bbox 1970 2256 2114 2313; x_wconf 80' lang='lat' dir='ltr'><strong><em>sunt,</em></strong></span> 
     </span>
    </p>
   </div>
   <div class='ocr_carea' id='block_1_22' title="bbox 527 2340 2115 2414">
    <p class='ocr_par' dir='ltr' id='par_1_22' title="bbox 527 2340 2115 2414">
     <span class='ocr_line' id='line_1_22' title="bbox 527 2340 2115 2414; baseline -0.007 -10"><span class='ocrx_word' id='word_1_157' title='bbox 527 2361 744 2404; x_wconf 87' lang='lat' dir='ltr'><strong><em>montem</em></strong></span> <span class='ocrx_word' id='word_1_158' title='bbox 774 2349 896 2414; x_wconf 91' lang='lat' dir='ltr'><strong><em>Dei,</em></strong></span> <span class='ocrx_word' id='word_1_159' title='bbox 929 2347 1020 2401; x_wconf 88' lang='lat' dir='ltr'><strong><em>sed</em></strong></span> <span class='ocrx_word' id='word_1_160' title='bbox 1052 2363 1191 2399; x_wconf 85' lang='lat' dir='ltr'><strong><em>mons</em></strong></span> <span class='ocrx_word' id='word_1_161' title='bbox 1216 2343 1326 2397; x_wconf 85' lang='lat' dir='ltr'><strong><em>Dei.</em></strong></span> <span class='ocrx_word' id='word_1_162' title='bbox 1364 2343 1494 2396; x_wconf 84' lang='lat' dir='ltr'><strong><em>Puto</em></strong></span> <span class='ocrx_word' id='word_1_163' title='bbox 1523 2349 1698 2394; x_wconf 89' lang='lat' dir='ltr'><strong><em>autem</em></strong></span> <span class='ocrx_word' id='word_1_164' title='bbox 1743 2340 1930 2392; x_wconf 87' lang='lat' dir='ltr'><strong><em>melius</em></strong></span> <span class='ocrx_word' id='word_1_165' title='bbox 1975 2354 2115 2404; x_wconf 84' lang='lat' dir='ltr'><strong><em>esse,</em></strong></span> 
     </span>
    </p>
   </div>
   <div class='ocr_carea' id='block_1_23' title="bbox 527 2429 2119 2500">
    <p class='ocr_par' dir='ltr' id='par_1_23' title="bbox 527 2429 2119 2500">
     <span class='ocr_line' id='line_1_23' title="bbox 527 2429 2119 2500; baseline -0.008 -5"><span class='ocrx_word' id='word_1_166' title='bbox 527 2442 579 2496; x_wconf 83' lang='lat' dir='ltr'><strong><em>in</em></strong></span> <span class='ocrx_word' id='word_1_167' title='bbox 610 2441 814 2495; x_wconf 82' lang='lat' dir='ltr'><strong><em>Sclmon</em></strong></span> <span class='ocrx_word' id='word_1_168' title='bbox 843 2446 1058 2492; x_wconf 88' lang='lat' dir='ltr'><strong><em>montem</em></strong></span> <span class='ocrx_word' id='word_1_169' title='bbox 1089 2435 1203 2497; x_wconf 66' lang='lat' dir='ltr'><strong><em>Dei,</em></strong></span> <span class='ocrx_word' id='word_1_170' title='bbox 1239 2437 1338 2488; x_wconf 90' lang='lat' dir='ltr'><strong><em>hoc</em></strong></span> <span class='ocrx_word' id='word_1_171' title='bbox 1377 2442 1477 2496; x_wconf 58' lang='lat' dir='ltr'><strong><em>ea,</em></strong></span> <span class='ocrx_word' id='word_1_172' title='bbox 1514 2433 1564 2485; x_wconf 90' lang='lat' dir='ltr'><strong><em>in</em></strong></span> <span class='ocrx_word' id='word_1_173' title='bbox 1616 2438 1848 2483; x_wconf 85' lang='lat' dir='ltr'><strong><em>montem</em></strong></span> <span class='ocrx_word' id='word_1_174' title='bbox 1896 2429 1989 2483; x_wconf 64' lang='lat' dir='ltr'><strong><em>Dz&#39;i</em></strong></span> <span class='ocrx_word' id='word_1_175' title='bbox 2031 2430 2119 2500; x_wconf 88' lang='lat' dir='ltr'><strong><em>qtti</em></strong></span> 
     </span>
    </p>
   </div>
   <div class='ocr_carea' id='block_1_24' title="bbox 528 2524 2118 2592">
    <p class='ocr_par' dir='ltr' id='par_1_24' title="bbox 528 2524 2118 2592">
     <span class='ocr_line' id='line_1_24' title="bbox 528 2524 2118 2592; baseline -0.009 -7"><span class='ocrx_word' id='word_1_176' title='bbox 528 2542 749 2586; x_wconf 81' lang='lat' dir='ltr'><strong><em>voeatur</em></strong></span> <span class='ocrx_word' id='word_1_177' title='bbox 775 2530 991 2584; x_wconf 88' lang='lat' dir='ltr'><strong><em>Sclmon</em></strong></span> <span class='ocrx_word' id='word_1_178' title='bbox 1023 2525 1351 2582; x_wconf 88' lang='lat' dir='ltr'><strong><em>:secundum</em></strong></span> <span class='ocrx_word' id='word_1_179' title='bbox 1375 2524 1700 2579; x_wconf 83' lang='lat' dir='ltr'><strong><em>intellectum</em></strong></span> <span class='ocrx_word' id='word_1_180' title='bbox 1745 2537 1902 2592; x_wconf 82' lang='lat' dir='ltr'><strong><em>quem</em></strong></span> <span class='ocrx_word' id='word_1_181' title='bbox 1934 2537 2118 2591; x_wconf 77' lang='lat' dir='ltr'><strong><em>supra,</em></strong></span> 
     </span>
    </p>
   </div>
   <div class='ocr_carea' id='block_1_25' title="bbox 504 2619 1309 2693">
    <p class='ocr_par' dir='ltr' id='par_1_25' title="bbox 504 2619 1309 2693">
     <span class='ocr_line' id='line_1_25' title="bbox 504 2619 1309 2693; baseline -0.01 -14"><span class='ocrx_word' id='word_1_182' title='bbox 504 2621 590 2679; x_wconf 41' lang='lat' dir='ltr'><strong><em>&#39;ut</em></strong></span> <span class='ocrx_word' id='word_1_183' title='bbox 621 2623 907 2693; x_wconf 87' lang='lat' dir='ltr'><strong><em>potuimus,</em></strong></span> <span class='ocrx_word' id='word_1_184' title='bbox 941 2619 1309 2690; x_wconf 74' lang='lat' dir='ltr'><strong><em>exposuimus.</em></strong></span> 
     </span>
    </p>
   </div>
   <div class='ocr_carea' id='block_1_26' title="bbox 600 2703 2119 2789">
    <p class='ocr_par' dir='ltr' id='par_1_26' title="bbox 600 2703 2119 2789">
     <span class='ocr_line' id='line_1_26' title="bbox 600 2703 2119 2789; baseline -0.007 -20"><span class='ocrx_word' id='word_1_185' title='bbox 600 2716 689 2770; x_wconf 74' lang='lat'><strong><em>25.</em></strong></span> <span class='ocrx_word' id='word_1_186' title='bbox 722 2713 868 2789; x_wconf 83' lang='lat' dir='ltr'><strong><em>[rers.</em></strong></span> <span class='ocrx_word' id='word_1_187' title='bbox 902 2711 1016 2786; x_wconf 73' lang='lat'><strong><em>17.]</em></strong></span> <span class='ocrx_word' id='word_1_188' title='bbox 1073 2709 1270 2767; x_wconf 86' lang='lat' dir='ltr'><strong><em>Deinde</em></strong></span> <span class='ocrx_word' id='word_1_189' title='bbox 1331 2708 1470 2781; x_wconf 86' lang='lat' dir='ltr'><strong><em>quod</em></strong></span> <span class='ocrx_word' id='word_1_190' title='bbox 1516 2707 1669 2775; x_wconf 86' lang='lat' dir='ltr'><strong><em>dixit,</em></strong></span> <span class='ocrx_word' id='word_1_191' title='bbox 1724 2713 1942 2761; x_wconf 78' lang='lat' dir='ltr'><strong><em>montem</em></strong></span> <span class='ocrx_word' id='word_1_192' title='bbox 2002 2703 2119 2774; x_wconf 87' lang='lat' dir='ltr'><strong><em>Dei,</em></strong></span> 
     </span>
    </p>
   </div>
   <div class='ocr_carea' id='block_1_27' title="bbox 530 2797 2123 2876">
    <p class='ocr_par' dir='ltr' id='par_1_27' title="bbox 530 2797 2123 2876">
     <span class='ocr_line' id='line_1_27' title="bbox 530 2797 2123 2876; baseline -0.006 -14"><span class='ocrx_word' id='word_1_193' title='bbox 530 2818 748 2876; x_wconf 87' lang='lat' dir='ltr'><strong><em>montem</em></strong></span> <span class='ocrx_word' id='word_1_194' title='bbox 793 2808 1124 2870; x_wconf 86' lang='lat' dir='ltr'><strong><em>incaseatnm,</em></strong></span> <span class='ocrx_word' id='word_1_195' title='bbox 1159 2812 1373 2857; x_wconf 80' lang='lat' dir='ltr'><strong><em>montem</em></strong></span> <span class='ocrx_word' id='word_1_196' title='bbox 1401 2802 1622 2864; x_wconf 85' lang='lat' dir='ltr'><strong><em>uberem,</em></strong></span> <span class='ocrx_word' id='word_1_197' title='bbox 1656 2815 1722 2853; x_wconf 92' lang='lat' dir='ltr'><strong><em>nc</em></strong></span> <span class='ocrx_word' id='word_1_198' title='bbox 1755 2800 1871 2869; x_wconf 86' lang='lat' dir='ltr'><strong><em>quis</em></strong></span> <span class='ocrx_word' id='word_1_199' title='bbox 1899 2797 2123 2854; x_wconf 80' lang='lat' dir='ltr'><strong><em>auderet</em></strong></span> 
     </span>
    </p>
   </div>
   <div class='ocr_carea' id='block_1_28' title="bbox 531 2889 2122 2962">
    <p class='ocr_par' dir='ltr' id='par_1_28' title="bbox 531 2889 2122 2962">
     <span class='ocr_line' id='line_1_28' title="bbox 531 2889 2122 2962; baseline -0.008 -5"><span class='ocrx_word' id='word_1_200' title='bbox 531 2917 596 2957; x_wconf 80' lang='lat' dir='ltr'><strong><em>ex</em></strong></span> <span class='ocrx_word' id='word_1_201' title='bbox 625 2903 724 2954; x_wconf 88' lang='lat' dir='ltr'><strong><em>hoc</em></strong></span> <span class='ocrx_word' id='word_1_202' title='bbox 750 2901 1027 2954; x_wconf 90' lang='lat' dir='ltr'><strong><em>Dominum</em></strong></span> <span class='ocrx_word' id='word_1_203' title='bbox 1051 2898 1229 2954; x_wconf 79' lang='lat' dir='ltr'><strong><em>Jcsunt</em></strong></span> <span class='ocrx_word' id='word_1_204' title='bbox 1258 2897 1525 2951; x_wconf 79' lang='lat' dir='ltr'><strong><em>Clu-istum</em></strong></span> <span class='ocrx_word' id='word_1_205' title='bbox 1555 2907 1866 2962; x_wconf 82' lang='lat' dir='ltr'><strong><em>Comparare</em></strong></span> <span class='ocrx_word' id='word_1_206' title='bbox 1912 2889 2122 2945; x_wconf 73' lang='lat' dir='ltr'><strong><em>czctcris</em></strong></span> 
     </span>
    </p>
   </div>
   <div class='ocr_carea' id='block_1_29' title="bbox 531 2985 2125 3066">
    <p class='ocr_par' dir='ltr' id='par_1_29' title="bbox 531 2985 2125 3066">
     <span class='ocr_line' id='line_1_29' title="bbox 531 2985 2125 3066; baseline -0.009 -14"><span class='ocrx_word' id='word_1_207' title='bbox 531 2998 749 3062; x_wconf 82' lang='lat' dir='ltr'><strong><em>sanetis,</em></strong></span> <span class='ocrx_word' id='word_1_208' title='bbox 804 2995 892 3066; x_wconf 90' lang='lat' dir='ltr'><strong><em>qui</em></strong></span> <span class='ocrx_word' id='word_1_209' title='bbox 938 3003 992 3049; x_wconf 90' lang='lat' dir='ltr'><strong><em>et</em></strong></span> <span class='ocrx_word' id='word_1_210' title='bbox 1039 2992 1136 3064; x_wconf 82' lang='lat' dir='ltr'><strong><em>ipsi</em></strong></span> <span class='ocrx_word' id='word_1_211' title='bbox 1193 2990 1318 3046; x_wconf 91' lang='lat' dir='ltr'><strong><em>dicti</em></strong></span> <span class='ocrx_word' id='word_1_212' title='bbox 1351 2999 1474 3043; x_wconf 87' lang='lat' dir='ltr'><strong><em>sunt</em></strong></span> <span class='ocrx_word' id='word_1_213' title='bbox 1505 2997 1714 3042; x_wconf 88' lang='lat' dir='ltr'><strong><em>montes</em></strong></span> <span class='ocrx_word' id='word_1_214' title='bbox 1759 2987 1897 3041; x_wconf 88' lang='lat' dir='ltr'><strong><em>Dei:</em></strong></span> <span class='ocrx_word' id='word_1_215' title='bbox 1932 2985 2125 3054; x_wconf 80' lang='lat' dir='ltr'><strong><em>legitur</em></strong></span> 
     </span>
    </p>
   </div>
   <div class='ocr_carea' id='block_1_30' title="bbox 531 3076 2120 3160">
    <p class='ocr_par' dir='ltr' id='par_1_30' title="bbox 531 3076 2120 3160">
     <span class='ocr_line' id='line_1_30' title="bbox 531 3076 2120 3160; baseline -0.005 -21"><span class='ocrx_word' id='word_1_216' title='bbox 531 3089 747 3160; x_wconf 80' lang='lat' dir='ltr'><strong><em>quippe,</em></strong></span> <span class='ocrx_word' id='word_1_217' title='bbox 773 3086 982 3140; x_wconf 73' lang='lat' dir='ltr'><strong><em>Iustitia</em></strong></span> <span class='ocrx_word' id='word_1_218' title='bbox 1018 3095 1103 3138; x_wconf 88' lang='lat' dir='ltr'><strong><em>tua</em></strong></span> <span class='ocrx_word' id='word_1_219' title='bbox 1146 3085 1273 3138; x_wconf 81' lang='lat' dir='ltr'><strong><em>sicut</em></strong></span> <span class='ocrx_word' id='word_1_220' title='bbox 1301 3091 1490 3135; x_wconf 75' lang='lat' dir='ltr'><strong><em>montes</em></strong></span> <span class='ocrx_word' id='word_1_221' title='bbox 1519 3079 1613 3133; x_wconf 51' lang='lat' dir='ltr'><strong><em>Dei</em></strong></span> <span class='ocrx_word' id='word_1_222' title='bbox 1641 3078 1812 3151; x_wconf 83' lang='lat' dir='ltr'><strong><em>(Psal.</em></strong></span> <span class='ocrx_word' id='word_1_223' title='bbox 1848 3094 2012 3145; x_wconf 76' lang='lat' dir='ltr'><strong><em>xxxv,</em></strong></span> <span class='ocrx_word' id='word_1_224' title='bbox 2044 3076 2120 3148; x_wconf 85' lang='lat'><strong><em>7);</em></strong></span> 
     </span>
    </p>
   </div>
   <div class='ocr_carea' id='block_1_31' title="bbox 535 3171 2125 3249">
    <p class='ocr_par' dir='ltr' id='par_1_31' title="bbox 535 3171 2125 3249">
     <span class='ocr_line' id='line_1_31' title="bbox 535 3171 2125 3249; baseline -0.006 -14"><span class='ocrx_word' id='word_1_225' title='bbox 535 3183 677 3238; x_wconf 86' lang='lat' dir='ltr'><strong><em>unde</em></strong></span> <span class='ocrx_word' id='word_1_226' title='bbox 709 3181 993 3249; x_wconf 81' lang='lat' dir='ltr'><strong><em>Apostolus</em></strong></span> <span class='ocrx_word' id='word_1_227' title='bbox 1020 3180 1113 3244; x_wconf 90' lang='lat' dir='ltr'><strong><em>ait,</em></strong></span> <span class='ocrx_word' id='word_1_228' title='bbox 1150 3177 1215 3232; x_wconf 91' lang='lat' dir='ltr'><strong><em>Ut</em></strong></span> <span class='ocrx_word' id='word_1_229' title='bbox 1254 3194 1345 3231; x_wconf 90' lang='lat' dir='ltr'><strong><em>nos</em></strong></span> <span class='ocrx_word' id='word_1_230' title='bbox 1374 3177 1530 3229; x_wconf 80' lang='lat' dir='ltr'><strong><em>simus</em></strong></span> <span class='ocrx_word' id='word_1_231' title='bbox 1549 3174 1753 3245; x_wconf 87' lang='lat' dir='ltr'><strong><em>justitia</em></strong></span> <span class='ocrx_word' id='word_1_232' title='bbox 1785 3171 1880 3226; x_wconf 88' lang='lat' dir='ltr'><strong><em>Dei</em></strong></span> <span class='ocrx_word' id='word_1_233' title='bbox 1928 3173 1979 3226; x_wconf 85' lang='lat' dir='ltr'><strong><em>in</em></strong></span> <span class='ocrx_word' id='word_1_234' title='bbox 2012 3174 2125 3249; x_wconf 79' lang='lat' dir='ltr'><strong><em>ipso</em></strong></span> 
     </span>
    </p>
   </div>
   <div class='ocr_carea' id='block_1_32' title="bbox 536 3245 2125 3344">
    <p class='ocr_par' dir='ltr' id='par_1_32' title="bbox 536 3245 2125 3344">
     <span class='ocr_line' id='line_1_32' title="bbox 536 3245 2125 3344; baseline -0.006 -18"><span class='ocrx_word' id='word_1_235' title='bbox 536 3272 603 3340; x_wconf 82' lang='lat' dir='ltr'><strong><em>(ll</em></strong></span> <span class='ocrx_word' id='word_1_236' title='bbox 629 3245 833 3338; x_wconf 26' lang='lat' dir='ltr'><strong><em>Cordv,</em></strong></span> <span class='ocrx_word' id='word_1_237' title='bbox 865 3270 979 3344; x_wconf 69' lang='lat' dir='ltr'><strong><em>2i).</em></strong></span> <span class='ocrx_word' id='word_1_238' title='bbox 1013 3272 1085 3325; x_wconf 84' lang='lat' dir='ltr'><strong><em>Dc.</em></strong></span> <span class='ocrx_word' id='word_1_239' title='bbox 1114 3270 1307 3340; x_wconf 89' lang='lat' dir='ltr'><strong><em>quibus</em></strong></span> <span class='ocrx_word' id='word_1_240' title='bbox 1329 3268 1595 3321; x_wconf 86' lang='lat' dir='ltr'><strong><em>montibus</em></strong></span> <span class='ocrx_word' id='word_1_241' title='bbox 1621 3275 1674 3320; x_wconf 89' lang='lat' dir='ltr'><strong><em>et</em></strong></span> <span class='ocrx_word' id='word_1_242' title='bbox 1715 3265 1820 3319; x_wconf 88' lang='lat' dir='ltr'><strong><em>alio</em></strong></span> <span class='ocrx_word' id='word_1_243' title='bbox 1844 3265 1964 3318; x_wconf 85' lang='lat' dir='ltr'><strong><em>loco</em></strong></span> <span class='ocrx_word' id='word_1_244' title='bbox 1988 3245 2125 3320; x_wconf 79' lang='lat' dir='ltr'><strong><em>dici-</em></strong></span> 
     </span>
    </p>
   </div>
   <div class='ocr_carea' id='block_1_33' title="bbox 537 3359 2125 3427">
    <p class='ocr_par' dir='ltr' id='par_1_33' title="bbox 537 3359 2125 3427">
     <span class='ocr_line' id='line_1_33' title="bbox 537 3359 2125 3427; baseline -0.004 -8"><span class='ocrx_word' id='word_1_245' title='bbox 537 3375 641 3427; x_wconf 86' lang='lat' dir='ltr'><strong><em>tur.</em></strong></span> <span class='ocrx_word' id='word_1_246' title='bbox 693 3364 1000 3418; x_wconf 85' lang='lat' dir='ltr'><strong><em>Illumiuans</em></strong></span> <span class='ocrx_word' id='word_1_247' title='bbox 1060 3373 1112 3416; x_wconf 87' lang='lat' dir='ltr'><strong><em>tu</em></strong></span> <span class='ocrx_word' id='word_1_248' title='bbox 1155 3361 1521 3415; x_wconf 83' lang='lat' dir='ltr'><strong><em>admirabiliter</em></strong></span> <span class='ocrx_word' id='word_1_249' title='bbox 1561 3376 1591 3412; x_wconf 89' lang='lat' dir='ltr'><strong><em>a</em></strong></span> <span class='ocrx_word' id='word_1_250' title='bbox 1639 3359 1891 3412; x_wconf 87' lang='lat' dir='ltr'><strong><em>montibus</em></strong></span> <span class='ocrx_word' id='word_1_251' title='bbox 1928 3359 2125 3419; x_wconf 73' lang='lat' dir='ltr'><strong><em>internis</em></strong></span> 
     </span>
    </p>
   </div>
   <div class='ocr_carea' id='block_1_34' title="bbox 540 3450 2127 3530">
    <p class='ocr_par' dir='ltr' id='par_1_34' title="bbox 540 3450 2127 3530">
     <span class='ocr_line' id='line_1_34' title="bbox 540 3450 2127 3530; baseline -0.004 -20"><span class='ocrx_word' id='word_1_252' title='bbox 540 3457 713 3530; x_wconf 81' lang='lat' dir='ltr'><strong><em>(Psal.</em></strong></span> <span class='ocrx_word' id='word_1_253' title='bbox 742 3473 897 3520; x_wconf 75' lang='lat' dir='ltr'><strong><em>Lxxv,</em></strong></span> <span class='ocrx_word' id='word_1_254' title='bbox 929 3456 1005 3524; x_wconf 82' lang='lat'><strong><em>5);</em></strong></span> <span class='ocrx_word' id='word_1_255' title='bbox 1032 3455 1150 3526; x_wconf 88' lang='lat' dir='ltr'><strong><em>quia</em></strong></span> <span class='ocrx_word' id='word_1_256' title='bbox 1175 3454 1282 3505; x_wconf 87' lang='lat' dir='ltr'><strong><em>vita</em></strong></span> <span class='ocrx_word' id='word_1_257' title='bbox 1328 3453 1405 3506; x_wconf 90' lang='lat' dir='ltr'><strong><em>eis</em></strong></span> <span class='ocrx_word' id='word_1_258' title='bbox 1446 3460 1644 3506; x_wconf 65' lang='lat' dir='ltr'><strong><em>(eterna</em></strong></span> <span class='ocrx_word' id='word_1_259' title='bbox 1685 3450 1876 3504; x_wconf 91' lang='lat' dir='ltr'><strong><em>donata</em></strong></span> <span class='ocrx_word' id='word_1_260' title='bbox 1924 3459 2025 3516; x_wconf 88' lang='lat' dir='ltr'><strong><em>est,</em></strong></span> <span class='ocrx_word' id='word_1_261' title='bbox 2072 3460 2127 3504; x_wconf 91' lang='lat' dir='ltr'><strong><em>et</em></strong></span> 
     </span>
    </p>
   </div>
   <div class='ocr_carea' id='block_1_35' title="bbox 539 3542 2126 3626">
    <p class='ocr_par' dir='ltr' id='par_1_35' title="bbox 539 3542 2126 3626">
     <span class='ocr_line' id='line_1_35' title="bbox 539 3542 2126 3626; baseline -0.008 -19"><span class='ocrx_word' id='word_1_262' title='bbox 539 3566 639 3626; x_wconf 87' lang='lat' dir='ltr'><strong><em>per</em></strong></span> <span class='ocrx_word' id='word_1_263' title='bbox 661 3564 753 3606; x_wconf 87' lang='lat' dir='ltr'><strong><em>eos</em></strong></span> <span class='ocrx_word' id='word_1_264' title='bbox 787 3557 1089 3603; x_wconf 89' lang='lat' dir='ltr'><strong><em>sanctarum</em></strong></span> <span class='ocrx_word' id='word_1_265' title='bbox 1118 3545 1511 3624; x_wconf 82' lang='lat' dir='ltr'><strong><em>Scripturarum</em></strong></span> <span class='ocrx_word' id='word_1_266' title='bbox 1562 3542 1981 3597; x_wconf 70' lang='lat' dir='ltr'><strong><em>etnincntissin‘ia</em></strong></span> <span class='ocrx_word' id='word_1_267' title='bbox 2029 3558 2126 3596; x_wconf 85' lang='lat' dir='ltr'><strong><em>au-</em></strong></span> 
     </span>
    </p>
   </div>
   <div class='ocr_carea' id='block_1_36' title="bbox 539 3638 2128 3705">
    <p class='ocr_par' dir='ltr' id='par_1_36' title="bbox 539 3638 2128 3705">
     <span class='ocr_line' id='line_1_36' title="bbox 539 3638 2128 3705; baseline -0.004 -5"><span class='ocrx_word' id='word_1_268' title='bbox 539 3646 760 3700; x_wconf 86' lang='lat' dir='ltr'><strong><em>ctoritas</em></strong></span> <span class='ocrx_word' id='word_1_269' title='bbox 809 3642 1094 3696; x_wconf 89' lang='lat' dir='ltr'><strong><em>constituta</em></strong></span> <span class='ocrx_word' id='word_1_270' title='bbox 1137 3650 1238 3705; x_wconf 89' lang='lat' dir='ltr'><strong><em>est,</em></strong></span> <span class='ocrx_word' id='word_1_271' title='bbox 1288 3639 1380 3693; x_wconf 91' lang='lat' dir='ltr'><strong><em>sed</em></strong></span> <span class='ocrx_word' id='word_1_272' title='bbox 1430 3639 1760 3692; x_wconf 88' lang='lat' dir='ltr'><strong><em>illuminante</em></strong></span> <span class='ocrx_word' id='word_1_273' title='bbox 1789 3638 1855 3691; x_wconf 88' lang='lat' dir='ltr'><strong><em>ab</em></strong></span> <span class='ocrx_word' id='word_1_274' title='bbox 1894 3638 2005 3692; x_wconf 73' lang='lat' dir='ltr'><strong><em>eis&#39;</em></strong></span> <span class='ocrx_word' id='word_1_275' title='bbox 2036 3638 2128 3693; x_wconf 88' lang='lat' dir='ltr'><strong><em>illo</em></strong></span> 
     </span>
    </p>
   </div>
   <div class='ocr_carea' id='block_1_37' title="bbox 540 3728 2128 3802">
    <p class='ocr_par' dir='ltr' id='par_1_37' title="bbox 540 3728 2128 3802">
     <span class='ocr_line' id='line_1_37' title="bbox 540 3728 2128 3802; baseline -0.006 -11"><span class='ocrx_word' id='word_1_276' title='bbox 540 3737 623 3792; x_wconf 91' lang='lat' dir='ltr'><strong><em>cui</em></strong></span> <span class='ocrx_word' id='word_1_277' title='bbox 656 3735 869 3802; x_wconf 89' lang='lat' dir='ltr'><strong><em>dicitur,</em></strong></span> <span class='ocrx_word' id='word_1_278' title='bbox 899 3732 1207 3788; x_wconf 86' lang='lat' dir='ltr'><strong><em>Illumiuans</em></strong></span> <span class='ocrx_word' id='word_1_279' title='bbox 1235 3741 1305 3785; x_wconf 89' lang='lat' dir='ltr'><strong><em>tu.</em></strong></span> <span class='ocrx_word' id='word_1_280' title='bbox 1342 3729 1526 3786; x_wconf 83' lang='lat' dir='ltr'><strong><em>Levavi</em></strong></span> <span class='ocrx_word' id='word_1_281' title='bbox 1552 3730 1692 3784; x_wconf 89' lang='lat' dir='ltr'><strong><em>enim</em></strong></span> <span class='ocrx_word' id='word_1_282' title='bbox 1723 3728 1892 3783; x_wconf 77' lang='lat' dir='ltr'><strong><em>oculos</em></strong></span> <span class='ocrx_word' id='word_1_283' title='bbox 1917 3746 2050 3783; x_wconf 76' lang='lat' dir='ltr'><strong><em>meos</em></strong></span> <span class='ocrx_word' id='word_1_284' title='bbox 2077 3729 2128 3782; x_wconf 89' lang='lat' dir='ltr'><strong><em>in</em></strong></span> 
     </span>
    </p>
   </div>
   <div class='ocr_carea' id='block_1_38' title="bbox 539 3819 2125 3894">
    <p class='ocr_par' dir='ltr' id='par_1_38' title="bbox 539 3819 2125 3894">
     <span class='ocr_line' id='line_1_38' title="bbox 539 3819 2125 3894; baseline -0.004 -13"><span class='ocrx_word' id='word_1_285' title='bbox 539 3838 751 3894; x_wconf 87' lang='lat' dir='ltr'><strong><em>montes,</em></strong></span> <span class='ocrx_word' id='word_1_286' title='bbox 782 3826 915 3880; x_wconf 86' lang='lat' dir='ltr'><strong><em>unde</em></strong></span> <span class='ocrx_word' id='word_1_287' title='bbox 939 3827 1093 3880; x_wconf 84' lang='lat' dir='ltr'><strong><em>veniet</em></strong></span> <span class='ocrx_word' id='word_1_288' title='bbox 1129 3825 1376 3879; x_wconf 76' lang='lat' dir='ltr'><strong><em>auxilium</em></strong></span> <span class='ocrx_word' id='word_1_289' title='bbox 1404 3823 1526 3875; x_wconf 87' lang='lat' dir='ltr'><strong><em>mihi</em></strong></span> <span class='ocrx_word' id='word_1_290' title='bbox 1558 3838 1575 3876; x_wconf 90' lang='lat'><strong><em>:</em></strong></span> <span class='ocrx_word' id='word_1_291' title='bbox 1620 3837 1719 3876; x_wconf 87' lang='lat' dir='ltr'><strong><em>nec</em></strong></span> <span class='ocrx_word' id='word_1_292' title='bbox 1751 3830 1923 3874; x_wconf 86' lang='lat' dir='ltr'><strong><em>tamen</em></strong></span> <span class='ocrx_word' id='word_1_293' title='bbox 1975 3819 2125 3874; x_wconf 81' lang='lat' dir='ltr'><strong><em>auxi-</em></strong></span> 
     </span>
    </p>
   </div>
   <div class='ocr_carea' id='block_1_39' title="bbox 543 3912 2129 3991">
    <p class='ocr_par' dir='ltr' id='par_1_39' title="bbox 543 3912 2129 3991">
     <span class='ocr_line' id='line_1_39' title="bbox 543 3912 2129 3991; baseline -0.005 -16"><span class='ocrx_word' id='word_1_294' title='bbox 543 3919 670 3975; x_wconf 91' lang='lat' dir='ltr'><strong><em>lium</em></strong></span> <span class='ocrx_word' id='word_1_295' title='bbox 703 3936 877 3975; x_wconf 88' lang='lat' dir='ltr'><strong><em>meum</em></strong></span> <span class='ocrx_word' id='word_1_296' title='bbox 905 3921 972 3974; x_wconf 88' lang='lat' dir='ltr'><strong><em>ab</em></strong></span> <span class='ocrx_word' id='word_1_297' title='bbox 1007 3920 1134 3991; x_wconf 86' lang='lat' dir='ltr'><strong><em>ipsis</em></strong></span> <span class='ocrx_word' id='word_1_298' title='bbox 1160 3917 1373 3989; x_wconf 87' lang='lat' dir='ltr'><strong><em>proprie</em></strong></span> <span class='ocrx_word' id='word_1_299' title='bbox 1400 3915 1705 3978; x_wconf 87' lang='lat' dir='ltr'><strong><em>montibus;</em></strong></span> <span class='ocrx_word' id='word_1_300' title='bbox 1741 3915 1832 3969; x_wconf 86' lang='lat' dir='ltr'><strong><em>sed</em></strong></span> <span class='ocrx_word' id='word_1_301' title='bbox 1880 3912 2129 3967; x_wconf 63' lang='lat' dir='ltr'><strong><em>auxilium</em></strong></span> 
     </span>
    </p>
   </div>
   <div class='ocr_carea' id='block_1_40' title="bbox 541 4004 2127 4084">
    <p class='ocr_par' dir='ltr' id='par_1_40' title="bbox 541 4004 2127 4084">
     <span class='ocr_line' id='line_1_40' title="bbox 541 4004 2127 4084; baseline -0.006 -16"><span class='ocrx_word' id='word_1_302' title='bbox 541 4031 708 4068; x_wconf 89' lang='lat' dir='ltr'><strong><em>meum</em></strong></span> <span class='ocrx_word' id='word_1_303' title='bbox 732 4032 762 4066; x_wconf 94' lang='lat' dir='ltr'><strong><em>a</em></strong></span> <span class='ocrx_word' id='word_1_304' title='bbox 787 4011 1009 4067; x_wconf 83' lang='lat' dir='ltr'><strong><em>Domino</em></strong></span> <span class='ocrx_word' id='word_1_305' title='bbox 1039 4011 1123 4084; x_wconf 87' lang='lat' dir='ltr'><strong><em>qui</em></strong></span> <span class='ocrx_word' id='word_1_306' title='bbox 1145 4012 1260 4083; x_wconf 71' lang='lat' dir='ltr'><strong><em>fecit</em></strong></span> <span class='ocrx_word' id='word_1_307' title='bbox 1282 4010 1462 4064; x_wconf 76' lang='lat' dir='ltr'><strong><em>caelum</em></strong></span> <span class='ocrx_word' id='word_1_308' title='bbox 1498 4017 1543 4062; x_wconf 89' lang='lat' dir='ltr'><strong><em>et</em></strong></span> <span class='ocrx_word' id='word_1_309' title='bbox 1573 4018 1757 4060; x_wconf 79' lang='lat' dir='ltr'><strong><em>terram</em></strong></span> <span class='ocrx_word' id='word_1_310' title='bbox 1786 4004 1954 4076; x_wconf 77' lang='lat' dir='ltr'><strong><em>(Psal.</em></strong></span> <span class='ocrx_word' id='word_1_311' title='bbox 2003 4022 2127 4069; x_wconf 87' lang='lat' dir='ltr'><strong><em>cxx,</em></strong></span> 
     </span>
    </p>
   </div>
   <div class='ocr_carea' id='block_1_41' title="bbox 546 4097 2130 4179">
    <p class='ocr_par' dir='ltr' id='par_1_41' title="bbox 546 4097 2130 4179">
     <span class='ocr_line' id='line_1_41' title="bbox 546 4097 2130 4179; baseline -0.005 -19"><span class='ocrx_word' id='word_1_312' title='bbox 546 4106 594 4173; x_wconf 82' lang='grc' dir='ltr'><strong><em>Ι,</em></strong></span> <span class='ocrx_word' id='word_1_313' title='bbox 626 4106 701 4179; x_wconf 72' lang='lat'><strong><em>2).</em></strong></span> <span class='ocrx_word' id='word_1_314' title='bbox 727 4105 874 4162; x_wconf 91' lang='lat' dir='ltr'><strong><em>Unus</em></strong></span> <span class='ocrx_word' id='word_1_315' title='bbox 900 4105 1094 4176; x_wconf 89' lang='lat' dir='ltr'><strong><em>quippe</em></strong></span> <span class='ocrx_word' id='word_1_316' title='bbox 1127 4104 1358 4175; x_wconf 89' lang='lat' dir='ltr'><strong><em>ipsorum</em></strong></span> <span class='ocrx_word' id='word_1_317' title='bbox 1392 4100 1650 4156; x_wconf 84' lang='lat' dir='ltr'><strong><em>montium</em></strong></span> <span class='ocrx_word' id='word_1_318' title='bbox 1694 4098 1916 4152; x_wconf 67' lang='lat' dir='ltr'><strong><em>multum</em></strong></span> <span class='ocrx_word' id='word_1_319' title='bbox 1949 4097 2130 4153; x_wconf 84' lang='lat' dir='ltr'><strong><em>excel-</em></strong></span> 
     </span>
    </p>
   </div>
   <div class='ocr_carea' id='block_1_42' title="bbox 540 4191 2132 4268">
    <p class='ocr_par' dir='ltr' id='par_1_42' title="bbox 540 4191 2132 4268">
     <span class='ocr_line' id='line_1_42' title="bbox 540 4191 2132 4268; baseline -0.006 -14"><span class='ocrx_word' id='word_1_320' title='bbox 540 4197 656 4254; x_wconf 87' lang='lat' dir='ltr'><strong><em>lens</em></strong></span> <span class='ocrx_word' id='word_1_321' title='bbox 693 4215 812 4253; x_wconf 91' lang='lat' dir='ltr'><strong><em>cum</em></strong></span> <span class='ocrx_word' id='word_1_322' title='bbox 858 4198 1101 4261; x_wconf 78' lang='lat' dir='ltr'><strong><em>dixisset,</em></strong></span> <span class='ocrx_word' id='word_1_323' title='bbox 1129 4195 1268 4268; x_wconf 91' lang='lat' dir='ltr'><strong><em>quod</em></strong></span> <span class='ocrx_word' id='word_1_324' title='bbox 1316 4195 1430 4262; x_wconf 84' lang='lat' dir='ltr'><strong><em>plus</em></strong></span> <span class='ocrx_word' id='word_1_325' title='bbox 1463 4194 1564 4247; x_wconf 88' lang='lat' dir='ltr'><strong><em>illis</em></strong></span> <span class='ocrx_word' id='word_1_326' title='bbox 1623 4192 1871 4247; x_wconf 87' lang='lat' dir='ltr'><strong><em>omnibus</em></strong></span> <span class='ocrx_word' id='word_1_327' title='bbox 1922 4191 2132 4246; x_wconf 84' lang='lat' dir='ltr'><strong><em>labora-</em></strong></span> 
     </span>
    </p>
   </div>
   <div class='ocr_carea' id='block_1_43' title="bbox 542 4284 2132 4360">
    <p class='ocr_par' dir='ltr' id='par_1_43' title="bbox 542 4284 2132 4360">
     <span class='ocr_line' id='line_1_43' title="bbox 542 4284 2132 4360; baseline -0.005 -15"><span class='ocrx_word' id='word_1_328' title='bbox 542 4292 676 4345; x_wconf 90' lang='lat' dir='ltr'><strong><em>vcrit</em></strong></span> <span class='ocrx_word' id='word_1_329' title='bbox 710 4310 724 4345; x_wconf 86' lang='lat'><strong>:</strong></span> <span class='ocrx_word' id='word_1_330' title='bbox 755 4289 872 4344; x_wconf 87' lang='lat' dir='ltr'><strong><em>Non</em></strong></span> <span class='ocrx_word' id='word_1_331' title='bbox 921 4301 1087 4343; x_wconf 88' lang='lat' dir='ltr'><strong><em>autem</em></strong></span> <span class='ocrx_word' id='word_1_332' title='bbox 1137 4307 1245 4360; x_wconf 79' lang='lat' dir='ltr'><strong><em>ego,</em></strong></span> <span class='ocrx_word' id='word_1_333' title='bbox 1289 4287 1477 4358; x_wconf 86' lang='lat' dir='ltr'><strong><em>inquit,</em></strong></span> <span class='ocrx_word' id='word_1_334' title='bbox 1506 4285 1593 4339; x_wconf 85' lang='lat' dir='ltr'><strong><em>sed</em></strong></span> <span class='ocrx_word' id='word_1_335' title='bbox 1623 4286 1787 4357; x_wconf 85' lang='lat' dir='ltr'><strong><em>gratia</em></strong></span> <span class='ocrx_word' id='word_1_336' title='bbox 1818 4284 1914 4338; x_wconf 83' lang='lat' dir='ltr'><strong><em>Dei</em></strong></span> <span class='ocrx_word' id='word_1_337' title='bbox 1940 4301 2132 4338; x_wconf 86' lang='lat' dir='ltr'><strong><em>mecum</em></strong></span> 
     </span>
    </p>
   </div>
   <div class='ocr_carea' id='block_1_44' title="bbox 543 4378 2130 4458">
    <p class='ocr_par' dir='ltr' id='par_1_44' title="bbox 543 4378 2130 4458">
     <span class='ocr_line' id='line_1_44' title="bbox 543 4378 2130 4458; baseline -0.004 -22"><span class='ocrx_word' id='word_1_338' title='bbox 543 4385 583 4458; x_wconf 84' lang='grc'><strong>(1</strong></span> <span class='ocrx_word' id='word_1_339' title='bbox 613 4383 729 4440; x_wconf 86' lang='lat' dir='ltr'><strong><em>Cor.</em></strong></span> <span class='ocrx_word' id='word_1_340' title='bbox 757 4400 843 4447; x_wconf 83' lang='lat' dir='ltr'><strong><em>xv,</em></strong></span> <span class='ocrx_word' id='word_1_341' title='bbox 875 4384 985 4454; x_wconf 78' lang='grc'><strong><em>10).</em></strong></span> <span class='ocrx_word' id='word_1_342' title='bbox 1011 4382 1085 4436; x_wconf 85' lang='lat' dir='ltr'><strong><em>Ne</em></strong></span> <span class='ocrx_word' id='word_1_343' title='bbox 1107 4381 1225 4452; x_wconf 81' lang='lat' dir='ltr'><strong><em>quis</em></strong></span> <span class='ocrx_word' id='word_1_344' title='bbox 1244 4396 1370 4450; x_wconf 78' lang='lat' dir='ltr'><strong><em>ergo</em></strong></span> <span class='ocrx_word' id='word_1_345' title='bbox 1403 4379 1627 4432; x_wconf 85' lang='lat' dir='ltr'><strong><em>auderet</em></strong></span> <span class='ocrx_word' id='word_1_346' title='bbox 1679 4378 1840 4432; x_wconf 90' lang='lat' dir='ltr'><strong><em>etiam</em></strong></span> <span class='ocrx_word' id='word_1_347' title='bbox 1893 4389 2130 4434; x_wconf 79' lang='lat' dir='ltr'><strong><em>montem</em></strong></span> 
     </span>
    </p>
   </div>
   <div class='ocr_carea' id='block_1_45' title="bbox 544 4468 2131 4547">
    <p class='ocr_par' dir='ltr' id='par_1_45' title="bbox 544 4468 2131 4547">
     <span class='ocr_line' id='line_1_45' title="bbox 544 4468 2131 4547; baseline -0.003 -19"><span class='ocrx_word' id='word_1_348' title='bbox 544 4475 843 4547; x_wconf 82' lang='lat' dir='ltr'><strong><em>Speciosum</em></strong></span> <span class='ocrx_word' id='word_1_349' title='bbox 877 4475 1042 4528; x_wconf 80' lang='lat' dir='ltr'><strong><em>forma</em></strong></span> <span class='ocrx_word' id='word_1_350' title='bbox 1070 4489 1178 4543; x_wconf 77' lang='lat' dir='ltr'><strong><em>pra:</em></strong></span> <span class='ocrx_word' id='word_1_351' title='bbox 1222 4472 1345 4535; x_wconf 84' lang='lat' dir='ltr'><strong><em>ﬁliis</em></strong></span> <span class='ocrx_word' id='word_1_352' title='bbox 1381 4470 1654 4524; x_wconf 88' lang='lat' dir='ltr'><strong><em>hominum</em></strong></span> <span class='ocrx_word' id='word_1_353' title='bbox 1701 4468 1869 4542; x_wconf 87' lang='lat' dir='ltr'><strong><em>(Psal.</em></strong></span> <span class='ocrx_word' id='word_1_354' title='bbox 1903 4486 2042 4535; x_wconf 77' lang='lat' dir='ltr'><strong><em>xuv,</em></strong></span> <span class='ocrx_word' id='word_1_355' title='bbox 2076 4470 2131 4540; x_wconf 81' lang='lat'><strong><em>&#39;5)</em></strong></span> 
     </span>
    </p>
   </div>
   <div class='ocr_carea' id='block_1_46' title="bbox 543 4562 2131 4634">
    <p class='ocr_par' dir='ltr' id='par_1_46' title="bbox 543 4562 2131 4634">
     <span class='ocr_line' id='line_1_46' title="bbox 543 4562 2131 4634; baseline -0.003 -14"><span class='ocrx_word' id='word_1_356' title='bbox 543 4568 813 4620; x_wconf 86' lang='lat' dir='ltr'><strong><em>montibus</em></strong></span> <span class='ocrx_word' id='word_1_357' title='bbox 866 4567 984 4619; x_wconf 72' lang='lat' dir='ltr'><strong><em>ﬁliis</em></strong></span> <span class='ocrx_word' id='word_1_358' title='bbox 1016 4564 1291 4618; x_wconf 87' lang='lat' dir='ltr'><strong><em>hmuiuum</em></strong></span> <span class='ocrx_word' id='word_1_359' title='bbox 1344 4576 1682 4630; x_wconf 85' lang='lat' dir='ltr'><strong><em>comparare;</em></strong></span> <span class='ocrx_word' id='word_1_360' title='bbox 1739 4562 1985 4634; x_wconf 88' lang='lat' dir='ltr'><strong><em>quoniam</em></strong></span> <span class='ocrx_word' id='word_1_361' title='bbox 2028 4577 2131 4615; x_wconf 90' lang='lat' dir='ltr'><strong><em>non</em></strong></span> 
     </span>
    </p>
   </div>
   <div class='ocr_carea' id='block_1_47' title="bbox 544 4651 2128 4726">
    <p class='ocr_par' dir='ltr' id='par_1_47' title="bbox 544 4651 2128 4726">
     <span class='ocr_line' id='line_1_47' title="bbox 544 4651 2128 4726; baseline -0.004 -14"><span class='ocrx_word' id='word_1_362' title='bbox 544 4656 825 4712; x_wconf 73' lang='lat' dir='ltr'><strong><em>defuerunt</em></strong></span> <span class='ocrx_word' id='word_1_363' title='bbox 853 4657 940 4726; x_wconf 91' lang='lat' dir='ltr'><strong><em>qui</em></strong></span> <span class='ocrx_word' id='word_1_364' title='bbox 970 4671 1088 4714; x_wconf 86' lang='lat' dir='ltr'><strong><em>cum</em></strong></span> <span class='ocrx_word' id='word_1_365' title='bbox 1118 4654 1378 4718; x_wconf 89' lang='lat' dir='ltr'><strong><em>dicereut,</em></strong></span> <span class='ocrx_word' id='word_1_366' title='bbox 1413 4653 1503 4705; x_wconf 88' lang='lat' dir='ltr'><strong><em>alii</em></strong></span> <span class='ocrx_word' id='word_1_367' title='bbox 1533 4653 1790 4707; x_wconf 86' lang='lat' dir='ltr'><strong><em>Joannem</em></strong></span> <span class='ocrx_word' id='word_1_368' title='bbox 1815 4651 2128 4722; x_wconf 83' lang='lat' dir='ltr'><strong><em>Baptistam,</em></strong></span> 
     </span>
    </p>
   </div>
   <div class='ocr_carea' id='block_1_48' title="bbox 545 4744 2134 4813">
    <p class='ocr_par' dir='ltr' id='par_1_48' title="bbox 545 4744 2134 4813">
     <span class='ocr_line' id='line_1_48' title="bbox 545 4744 2134 4813; baseline -0.003 -9"><span class='ocrx_word' id='word_1_369' title='bbox 545 4751 632 4805; x_wconf 90' lang='lat' dir='ltr'><strong><em>alii</em></strong></span> <span class='ocrx_word' id='word_1_370' title='bbox 677 4749 864 4813; x_wconf 65' lang='lat' dir='ltr'><strong><em>lilium,</em></strong></span> <span class='ocrx_word' id='word_1_371' title='bbox 922 4748 1008 4801; x_wconf 86' lang='lat' dir='ltr'><strong><em>alii</em></strong></span> <span class='ocrx_word' id='word_1_372' title='bbox 1051 4747 1358 4811; x_wconf 83' lang='lat' dir='ltr'><strong><em>.leremiam,</em></strong></span> <span class='ocrx_word' id='word_1_373' title='bbox 1411 4754 1501 4798; x_wconf 93' lang='lat' dir='ltr'><strong><em>aut</em></strong></span> <span class='ocrx_word' id='word_1_374' title='bbox 1528 4760 1687 4798; x_wconf 85' lang='lat' dir='ltr'><strong><em>unum</em></strong></span> <span class='ocrx_word' id='word_1_375' title='bbox 1741 4760 1807 4798; x_wconf 83' lang='lat' dir='ltr'><strong><em>ex</em></strong></span> <span class='ocrx_word' id='word_1_376' title='bbox 1855 4744 2134 4813; x_wconf 82' lang='lat' dir='ltr'><strong><em>Prophetis</em></strong></span> 
     </span>
    </p>
   </div>
   <div class='ocr_carea' id='block_1_49' title="bbox 549 4835 2137 4915">
    <p class='ocr_par' dir='ltr' id='par_1_49' title="bbox 549 4835 2137 4915">
     <span class='ocr_line' id='line_1_49' title="bbox 549 4835 2137 4915; baseline -0.004 -20"><span class='ocrx_word' id='word_1_377' title='bbox 549 4841 760 4915; x_wconf 77' lang='lat' dir='ltr'><strong><em>(.llutth.</em></strong></span> <span class='ocrx_word' id='word_1_378' title='bbox 787 4857 891 4901; x_wconf 78' lang='lat' dir='ltr'><strong><em>xvi,</em></strong></span> <span class='ocrx_word' id='word_1_379' title='bbox 929 4840 1038 4909; x_wconf 64' lang='lat' dir='ltr'><strong><em>ll);</em></strong></span> <span class='ocrx_word' id='word_1_380' title='bbox 1069 4839 1327 4893; x_wconf 85' lang='lat' dir='ltr'><strong><em>convertit</em></strong></span> <span class='ocrx_word' id='word_1_381' title='bbox 1356 4853 1412 4891; x_wconf 92' lang='lat' dir='ltr'><strong><em>se</em></strong></span> <span class='ocrx_word' id='word_1_382' title='bbox 1434 4837 1497 4889; x_wconf 90' lang='lat' dir='ltr'><strong><em>ad</em></strong></span> <span class='ocrx_word' id='word_1_383' title='bbox 1530 4835 1668 4901; x_wconf 86' lang='lat' dir='ltr'><strong><em>illos,</em></strong></span> <span class='ocrx_word' id='word_1_384' title='bbox 1701 4845 1754 4890; x_wconf 85' lang='lat' dir='ltr'><strong><em>et</em></strong></span> <span class='ocrx_word' id='word_1_385' title='bbox 1791 4837 1863 4889; x_wconf 86' lang='lat' dir='ltr'><strong><em>ait</em></strong></span> <span class='ocrx_word' id='word_1_386' title='bbox 1897 4855 1907 4889; x_wconf 91' lang='lat'>:</span> <span class='ocrx_word' id='word_1_387' title='bbox 1947 4835 2137 4908; x_wconf 83' lang='lat' dir='ltr'><strong><em>thuid</em></strong></span> 
     </span>
    </p>
   </div>
   <div class='ocr_carea' id='block_1_50' title="bbox 544 4929 2133 5007">
    <p class='ocr_par' dir='ltr' id='par_1_50' title="bbox 544 4929 2133 5007">
     <span class='ocr_line' id='line_1_50' title="bbox 544 4929 2133 5007; baseline -0.006 -17"><span class='ocrx_word' id='word_1_388' title='bbox 544 4935 870 5007; x_wconf 81' lang='lat' dir='ltr'><strong><em>snspicmuini</em></strong></span> <span class='ocrx_word' id='word_1_389' title='bbox 902 4942 1089 4987; x_wconf 83' lang='lat' dir='ltr'><strong><em>montes</em></strong></span> <span class='ocrx_word' id='word_1_390' title='bbox 1117 4932 1412 4994; x_wconf 61' lang='lat' dir='ltr'><strong><em>ineas-satos,</em></strong></span> <span class='ocrx_word' id='word_1_391' title='bbox 1443 4941 1678 4991; x_wconf 86' lang='lat' dir='ltr'><strong><em>montem,</em></strong></span> <span class='ocrx_word' id='word_1_392' title='bbox 1709 4930 1898 4998; x_wconf 86' lang='lat' dir='ltr'><strong><em>inquit,</em></strong></span> <span class='ocrx_word' id='word_1_393' title='bbox 1932 4929 1983 4982; x_wconf 85' lang='lat' dir='ltr'><strong><em>in</em></strong></span> <span class='ocrx_word' id='word_1_394' title='bbox 2035 4945 2133 4999; x_wconf 78' lang='lat' dir='ltr'><strong><em>quo</em></strong></span> 
     </span>
    </p>
   </div>
   <div class='ocr_carea' id='block_1_51' title="bbox 546 5021 2132 5102">
    <p class='ocr_par' dir='ltr' id='par_1_51' title="bbox 546 5021 2132 5102">
     <span class='ocr_line' id='line_1_51' title="bbox 546 5021 2132 5102; baseline -0.006 -20"><span class='ocrx_word' id='word_1_395' title='bbox 546 5029 736 5102; x_wconf 79' lang='lat' dir='ltr'><strong><em>placuit</em></strong></span> <span class='ocrx_word' id='word_1_396' title='bbox 771 5027 874 5081; x_wconf 83' lang='lat' dir='ltr'><strong><em>Deo</em></strong></span> <span class='ocrx_word' id='word_1_397' title='bbox 895 5026 1176 5079; x_wconf 81' lang='lat' dir='ltr'><strong><em>inhabitare</em></strong></span> <span class='ocrx_word' id='word_1_398' title='bbox 1203 5021 1368 5078; x_wconf 84' lang='lat' dir='ltr'><strong><em>ineo?</em></strong></span> <span class='ocrx_word' id='word_1_399' title='bbox 1401 5021 1592 5094; x_wconf 87' lang='lat' dir='ltr'><strong><em>thuid</em></strong></span> <span class='ocrx_word' id='word_1_400' title='bbox 1626 5021 1991 5092; x_wconf 80' lang='lat' dir='ltr'><strong><em>suspiramini?</em></strong></span> <span class='ocrx_word' id='word_1_401' title='bbox 2018 5021 2132 5074; x_wconf 75' lang='lat' dir='ltr'><strong><em>Sit:-</em></strong></span> 
     </span>
    </p>
   </div>
   <div class='ocr_carea' id='block_1_52' title="bbox 547 5113 2136 5191">
    <p class='ocr_par' dir='ltr' id='par_1_52' title="bbox 547 5113 2136 5191">
     <span class='ocr_line' id='line_1_52' title="bbox 547 5113 2136 5191; baseline -0.005 -15"><span class='ocrx_word' id='word_1_402' title='bbox 547 5132 602 5176; x_wconf 93' lang='lat' dir='ltr'><strong><em>ut</em></strong></span> <span class='ocrx_word' id='word_1_403' title='bbox 623 5122 764 5176; x_wconf 89' lang='lat' dir='ltr'><strong><em>enim</em></strong></span> <span class='ocrx_word' id='word_1_404' title='bbox 796 5120 972 5176; x_wconf 85' lang='lat' dir='ltr'><strong><em>lumen</em></strong></span> <span class='ocrx_word' id='word_1_405' title='bbox 1001 5119 1096 5185; x_wconf 86' lang='lat' dir='ltr'><strong><em>illi,</em></strong></span> <span class='ocrx_word' id='word_1_406' title='bbox 1131 5118 1252 5191; x_wconf 84' lang='lat' dir='ltr'><strong><em>quia</em></strong></span> <span class='ocrx_word' id='word_1_407' title='bbox 1286 5127 1338 5172; x_wconf 87' lang='lat' dir='ltr'><strong><em>et</em></strong></span> <span class='ocrx_word' id='word_1_408' title='bbox 1371 5116 1501 5185; x_wconf 81' lang='lat' dir='ltr'><strong><em>ipsis</em></strong></span> <span class='ocrx_word' id='word_1_409' title='bbox 1533 5115 1730 5168; x_wconf 82' lang='lat' dir='ltr'><strong><em>dictum</em></strong></span> <span class='ocrx_word' id='word_1_410' title='bbox 1756 5124 1857 5180; x_wconf 77' lang='lat' dir='ltr'><strong><em>est,</em></strong></span> <span class='ocrx_word' id='word_1_411' title='bbox 1895 5113 1993 5167; x_wconf 76' lang='lat' dir='ltr'><strong><em>Vos</em></strong></span> <span class='ocrx_word' id='word_1_412' title='bbox 2023 5115 2136 5168; x_wconf 83' lang='lat' dir='ltr'><strong><em>estis</em></strong></span> 
     </span>
    </p>
   </div>
   <div class='ocr_carea' id='block_1_53' title="bbox 551 5206 2134 5289">
    <p class='ocr_par' dir='ltr' id='par_1_53' title="bbox 551 5206 2134 5289">
     <span class='ocr_line' id='line_1_53' title="bbox 551 5206 2134 5289; baseline -0.005 -21"><span class='ocrx_word' id='word_1_413' title='bbox 551 5214 718 5270; x_wconf 86' lang='lat' dir='ltr'><strong><em>lumen</em></strong></span> <span class='ocrx_word' id='word_1_414' title='bbox 769 5214 943 5267; x_wconf 89' lang='lat' dir='ltr'><strong><em>mundi</em></strong></span> <span class='ocrx_word' id='word_1_415' title='bbox 987 5211 1095 5289; x_wconf 87' lang='lat' dir='ltr'><strong><em>(Id.</em></strong></span> <span class='ocrx_word' id='word_1_416' title='bbox 1153 5227 1204 5274; x_wconf 86' lang='lat' dir='ltr'><strong><em>v,</em></strong></span> <span class='ocrx_word' id='word_1_417' title='bbox 1268 5209 1394 5276; x_wconf 61' lang='lat' dir='ltr'><strong><em>llo);</em></strong></span> <span class='ocrx_word' id='word_1_418' title='bbox 1427 5208 1520 5263; x_wconf 85' lang='lat' dir='ltr'><strong><em>sed</em></strong></span> <span class='ocrx_word' id='word_1_419' title='bbox 1570 5206 1714 5260; x_wconf 87' lang='lat' dir='ltr'><strong><em>aliud</em></strong></span> <span class='ocrx_word' id='word_1_420' title='bbox 1772 5207 1897 5262; x_wconf 91' lang='lat' dir='ltr'><strong><em>illud</em></strong></span> <span class='ocrx_word' id='word_1_421' title='bbox 1937 5206 2134 5260; x_wconf 70' lang='lat' dir='ltr'><strong><em>dictum</em></strong></span> 
     </span>
    </p>
   </div>
   <div class='ocr_carea' id='block_1_54' title="bbox 547 5302 2138 5373">
    <p class='ocr_par' dir='ltr' id='par_1_54' title="bbox 547 5302 2138 5373">
     <span class='ocr_line' id='line_1_54' title="bbox 547 5302 2138 5373; baseline -0.007 -9"><span class='ocrx_word' id='word_1_422' title='bbox 547 5319 663 5373; x_wconf 80' lang='lat' dir='ltr'><strong><em>est,</em></strong></span> <span class='ocrx_word' id='word_1_423' title='bbox 690 5307 884 5361; x_wconf 78' lang='lat' dir='ltr'><strong><em>Lumen</em></strong></span> <span class='ocrx_word' id='word_1_424' title='bbox 933 5323 1122 5369; x_wconf 76' lang='lat' dir='ltr'><strong><em>verum,</em></strong></span> <span class='ocrx_word' id='word_1_425' title='bbox 1167 5303 1299 5373; x_wconf 85' lang='lat' dir='ltr'><strong><em>quod</em></strong></span> <span class='ocrx_word' id='word_1_426' title='bbox 1355 5302 1607 5356; x_wconf 85' lang='lat' dir='ltr'><strong><em>illuminat</em></strong></span> <span class='ocrx_word' id='word_1_427' title='bbox 1636 5318 1833 5354; x_wconf 82' lang='lat' dir='ltr'><strong><em>omnem</em></strong></span> <span class='ocrx_word' id='word_1_428' title='bbox 1887 5302 2138 5354; x_wconf 65' lang='lat' dir='ltr'><strong><em>honinem</em></strong></span> 
     </span>
    </p>
   </div>
   <div class='ocr_carea' id='block_1_55' title="bbox 551 5394 2140 5475">
    <p class='ocr_par' dir='ltr' id='par_1_55' title="bbox 551 5394 2140 5475">
     <span class='ocr_line' id='line_1_55' title="bbox 551 5394 2140 5475; baseline -0.006 -19"><span class='ocrx_word' id='word_1_429' title='bbox 551 5403 728 5475; x_wconf 85' lang='lat' dir='ltr'><strong><em>(Joan.</em></strong></span> <span class='ocrx_word' id='word_1_430' title='bbox 765 5402 874 5473; x_wconf 74' lang='lat'><strong><em>1,9)</em></strong></span> <span class='ocrx_word' id='word_1_431' title='bbox 912 5419 924 5454; x_wconf 89' lang='lat'><strong><em>:</em></strong></span> <span class='ocrx_word' id='word_1_432' title='bbox 959 5400 1055 5460; x_wconf 90' lang='lat' dir='ltr'><strong><em>sic,</em></strong></span> <span class='ocrx_word' id='word_1_433' title='bbox 1080 5406 1288 5452; x_wconf 72' lang='lat' dir='ltr'><strong><em>montes</em></strong></span> <span class='ocrx_word' id='word_1_434' title='bbox 1330 5396 1434 5460; x_wconf 88' lang='lat' dir='ltr'><strong><em>illi;</em></strong></span> <span class='ocrx_word' id='word_1_435' title='bbox 1461 5395 1553 5450; x_wconf 88' lang='lat' dir='ltr'><strong><em>sed</em></strong></span> <span class='ocrx_word' id='word_1_436' title='bbox 1608 5395 1764 5464; x_wconf 80' lang='lat' dir='ltr'><strong><em>longe</em></strong></span> <span class='ocrx_word' id='word_1_437' title='bbox 1803 5394 1937 5448; x_wconf 87' lang='lat' dir='ltr'><strong><em>alius</em></strong></span> <span class='ocrx_word' id='word_1_438' title='bbox 1987 5408 2140 5448; x_wconf 90' lang='lat' dir='ltr'><strong><em>mons</em></strong></span> 
     </span>
    </p>
   </div>
   <div class='ocr_carea' id='block_1_56' title="bbox 551 5485 2140 5568">
    <p class='ocr_par' dir='ltr' id='par_1_56' title="bbox 551 5485 2140 5568">
     <span class='ocr_line' id='line_1_56' title="bbox 551 5485 2140 5568; baseline -0.007 -19"><span class='ocrx_word' id='word_1_439' title='bbox 551 5507 768 5568; x_wconf 84' lang='lat' dir='ltr'><strong><em>paratus</em></strong></span> <span class='ocrx_word' id='word_1_440' title='bbox 799 5495 849 5547; x_wconf 92' lang='lat' dir='ltr'><strong><em>iu</em></strong></span> <span class='ocrx_word' id='word_1_441' title='bbox 875 5492 1150 5546; x_wconf 74' lang='lat' dir='ltr'><strong><em>caerunine</em></strong></span> <span class='ocrx_word' id='word_1_442' title='bbox 1203 5490 1482 5543; x_wconf 86' lang='lat' dir='ltr'><strong><em>montium.</em></strong></span> <span class='ocrx_word' id='word_1_443' title='bbox 1517 5488 1723 5544; x_wconf 76' lang='lat' dir='ltr'><strong><em>Montes</em></strong></span> <span class='ocrx_word' id='word_1_444' title='bbox 1752 5488 1926 5556; x_wconf 88' lang='lat' dir='ltr'><strong><em>itaque</em></strong></span> <span class='ocrx_word' id='word_1_445' title='bbox 1955 5488 2036 5539; x_wconf 86' lang='lat' dir='ltr'><strong><em>isti</em></strong></span> <span class='ocrx_word' id='word_1_446' title='bbox 2073 5485 2140 5541; x_wconf 82' lang='lat' dir='ltr'><strong><em>il-</em></strong></span> 
     </span>
    </p>
   </div>
   <div class='ocr_carea' id='block_1_57' title="bbox 554 5578 2139 5655">
    <p class='ocr_par' dir='ltr' id='par_1_57' title="bbox 554 5578 2139 5655">
     <span class='ocr_line' id='line_1_57' title="bbox 554 5578 2139 5655; baseline -0.009 -9"><span class='ocrx_word' id='word_1_447' title='bbox 554 5590 661 5646; x_wconf 92' lang='lat' dir='ltr'><strong><em>lum</em></strong></span> <span class='ocrx_word' id='word_1_448' title='bbox 718 5595 954 5644; x_wconf 78' lang='lat' dir='ltr'><strong><em>utentem</em></strong></span> <span class='ocrx_word' id='word_1_449' title='bbox 1007 5583 1265 5655; x_wconf 77' lang='lat' dir='ltr'><strong><em>portando</em></strong></span> <span class='ocrx_word' id='word_1_450' title='bbox 1310 5580 1529 5652; x_wconf 82' lang='lat' dir='ltr'><strong><em>gloriosi</em></strong></span> <span class='ocrx_word' id='word_1_451' title='bbox 1577 5589 1700 5634; x_wconf 88' lang='lat' dir='ltr'><strong><em>sunt</em></strong></span> <span class='ocrx_word' id='word_1_452' title='bbox 1733 5598 1744 5633; x_wconf 93' lang='lat'>:</span> <span class='ocrx_word' id='word_1_453' title='bbox 1775 5594 2001 5650; x_wconf 89' lang='lat' dir='ltr'><strong><em>quorum</em></strong></span> <span class='ocrx_word' id='word_1_454' title='bbox 2055 5578 2139 5632; x_wconf 89' lang='lat' dir='ltr'><strong><em>ille</em></strong></span> 
     </span>
    </p>
   </div>
   <div class='ocr_carea' id='block_1_58' title="bbox 619 5752 2144 5822">
    <p class='ocr_par' dir='ltr' id='par_1_58' title="bbox 619 5752 2144 5822">
     <span class='ocr_line' id='line_1_58' title="bbox 619 5752 2144 5822; baseline -0.007 -9"><span class='ocrx_word' id='word_1_455' title='bbox 619 5767 633 5797; x_wconf 88' lang='grc'>¹</span> <span class='ocrx_word' id='word_1_456' title='bbox 674 5765 806 5822; x_wconf 66' lang='lat' dir='ltr'><strong><em>Hild,</em></strong></span> <span class='ocrx_word' id='word_1_457' title='bbox 831 5759 1130 5812; x_wconf 76' lang='lat' dir='ltr'><strong><em>illuminante</em></strong></span> <span class='ocrx_word' id='word_1_458' title='bbox 1151 5757 1248 5822; x_wconf 74' lang='lat' dir='ltr'><strong><em>illo.</em></strong></span> <span class='ocrx_word' id='word_1_459' title='bbox 1282 5764 1334 5807; x_wconf 77' lang='lat' dir='ltr'><strong><em>At</em></strong></span> <span class='ocrx_word' id='word_1_460' title='bbox 1357 5755 1688 5822; x_wconf 30' lang='lat' dir='ltr'><strong><em>{lisstatlduub</em></strong></span> <span class='ocrx_word' id='word_1_461' title='bbox 1714 5755 1774 5802; x_wconf 88' lang='lat' dir='ltr'><strong><em>ab</em></strong></span> <span class='ocrx_word' id='word_1_462' title='bbox 1805 5752 1876 5803; x_wconf 88' lang='lat' dir='ltr'><strong><em>eis</em></strong></span> <span class='ocrx_word' id='word_1_463' title='bbox 1905 5765 1921 5802; x_wconf 90' lang='lat'><strong><em>:</em></strong></span> <span class='ocrx_word' id='word_1_464' title='bbox 1957 5766 2144 5822; x_wconf 41' lang='lat' dir='ltr'><strong><em>ltroueo</em></strong></span> 
     </span>
    </p>
   </div>
   <div class='ocr_carea' id='block_1_59' title="bbox 519 5814 2146 5939">
    <p class='ocr_par' dir='ltr' id='par_1_59' title="bbox 519 5814 2146 5939">
     <span class='ocr_line' id='line_1_59' title="bbox 519 5814 2146 5939; baseline -0.006 -63"><span class='ocrx_word' id='word_1_465' title='bbox 519 5842 526 5845; x_wconf 74' lang='grc'><strong>-</strong></span> <span class='ocrx_word' id='word_1_466' title='bbox 781 5814 912 5890; x_wconf 74' lang='lat' dir='ltr'><strong><em>quod</em></strong></span> <span class='ocrx_word' id='word_1_467' title='bbox 934 5825 985 5874; x_wconf 83' lang='lat' dir='ltr'><strong><em>in</em></strong></span> <span class='ocrx_word' id='word_1_468' title='bbox 1007 5831 1123 5873; x_wconf 76' lang='lat' dir='ltr'><strong><em>ante</em></strong></span> <span class='ocrx_word' id='word_1_469' title='bbox 1145 5816 1289 5872; x_wconf 76' lang='lat' dir='ltr'><strong><em>allato</em></strong></span> <span class='ocrx_word' id='word_1_470' title='bbox 1321 5819 1444 5872; x_wconf 54' lang='grc' dir='ltr'><strong><em>Ριξξι.</em></strong></span> <span class='ocrx_word' id='word_1_471' title='bbox 1469 5818 1611 5880; x_wconf 64' lang='lat'><strong><em>75,).</em></strong></span> <span class='ocrx_word' id='word_1_472' title='bbox 1652 5818 1700 5877; x_wconf 74' lang='grc' dir='ltr'><strong><em>ὅ,</em></strong></span> <span class='ocrx_word' id='word_1_473' title='bbox 1728 5824 1823 5878; x_wconf 86' lang='lat' dir='ltr'><strong><em>est,</em></strong></span> <span class='ocrx_word' id='word_1_474' title='bbox 1857 5830 1890 5868; x_wconf 81' lang='grc' dir='ltr'><em>α</em></span> <span class='ocrx_word' id='word_1_475' title='bbox 1911 5814 2146 5867; x_wconf 72' lang='lat' dir='ltr'><strong><em>mentibus</em></strong></span> 
     </span>
    </p>
   </div>
   <div class='ocr_carea' id='block_1_60' title="bbox 1764 355 3728 430">
    <p class='ocr_par' dir='ltr' id='par_1_60' title="bbox 1764 355 3728 430">
     <span class='ocr_line' id='line_1_60' title="bbox 1764 355 3728 430; baseline -0.005 -14"><span class='ocrx_word' id='word_1_476' title='bbox 1764 359 1822 416; x_wconf 81' lang='lat' dir='ltr'><strong><em>s.</em></strong></span> <span class='ocrx_word' id='word_1_477' title='bbox 1864 356 2229 417; x_wconf 78' lang='lat' dir='ltr'><strong><em>AUGUSTINI</em></strong></span> <span class='ocrx_word' id='word_1_478' title='bbox 2272 355 2576 413; x_wconf 76' lang='lat' dir='ltr'><strong><em>EPISCOPI</em></strong></span> <span class='ocrx_word' id='word_1_479' title='bbox 3655 371 3728 430; x_wconf 61' lang='grc' dir='ltr'><strong><em>ηε</em></strong></span> 
     </span>
    </p>
   </div>
   <div class='ocr_carea' id='block_1_61' title="bbox 2227 473 3728 547">
    <p class='ocr_par' dir='ltr' id='par_1_61' title="bbox 2227 473 3728 547">
     <span class='ocr_line' id='line_1_61' title="bbox 2227 473 3728 547; baseline 0.011 -21"><span class='ocrx_word' id='word_1_480' title='bbox 2227 490 2358 527; x_wconf 81' lang='lat' dir='ltr'><strong><em>unus</em></strong></span> <span class='ocrx_word' id='word_1_481' title='bbox 2380 473 2527 536; x_wconf 87' lang='lat' dir='ltr'><strong><em>dicit,</em></strong></span> <span class='ocrx_word' id='word_1_482' title='bbox 2564 473 2696 526; x_wconf 76' lang='lat' dir='ltr'><strong><em>Mihi</em></strong></span> <span class='ocrx_word' id='word_1_483' title='bbox 2721 484 2888 527; x_wconf 81' lang='lat' dir='ltr'><strong><em>autent</em></strong></span> <span class='ocrx_word' id='word_1_484' title='bbox 2917 475 3044 528; x_wconf 87' lang='lat' dir='ltr'><strong><em>absit</em></strong></span> <span class='ocrx_word' id='word_1_485' title='bbox 3069 475 3298 547; x_wconf 82' lang='lat' dir='ltr'><strong><em>gloriari,</em></strong></span> <span class='ocrx_word' id='word_1_486' title='bbox 3324 479 3422 533; x_wconf 79' lang='lat' dir='ltr'><strong><em>nisi</em></strong></span> <span class='ocrx_word' id='word_1_487' title='bbox 3439 481 3484 534; x_wconf 88' lang='lat' dir='ltr'><strong><em>in</em></strong></span> <span class='ocrx_word' id='word_1_488' title='bbox 3511 498 3631 538; x_wconf 79' lang='lat' dir='ltr'><strong><em>cruce</em></strong></span> <span class='ocrx_word' id='word_1_489' title='bbox 3649 486 3728 543; x_wconf 81' lang='lat' dir='ltr'><strong><em>Do-</em></strong></span> 
     </span>
    </p>
   </div>
   <div class='ocr_carea' id='block_1_62' title="bbox 2218 564 3726 638">
    <p class='ocr_par' dir='ltr' id='par_1_62' title="bbox 2218 564 3726 638">
     <span class='ocr_line' id='line_1_62' title="bbox 2218 564 3726 638; baseline 0.009 -19"><span class='ocrx_word' id='word_1_490' title='bbox 2218 566 2340 619; x_wconf 88' lang='lat' dir='ltr'><strong><em>mini</em></strong></span> <span class='ocrx_word' id='word_1_491' title='bbox 2367 567 2521 619; x_wconf 78' lang='lat' dir='ltr'><strong><em>nostri</em></strong></span> <span class='ocrx_word' id='word_1_492' title='bbox 2546 564 2668 619; x_wconf 81' lang='lat' dir='ltr'><strong><em>Jesu</em></strong></span> <span class='ocrx_word' id='word_1_493' title='bbox 2699 565 2903 628; x_wconf 82' lang='lat' dir='ltr'><strong><em>Christi,</em></strong></span> <span class='ocrx_word' id='word_1_494' title='bbox 2957 584 3043 637; x_wconf 81' lang='lat' dir='ltr'><strong><em>per</em></strong></span> <span class='ocrx_word' id='word_1_495' title='bbox 3071 587 3214 638; x_wconf 84' lang='lat' dir='ltr'><strong><em>quem</em></strong></span> <span class='ocrx_word' id='word_1_496' title='bbox 3244 571 3370 624; x_wconf 85' lang='lat' dir='ltr'><strong><em>mihi</em></strong></span> <span class='ocrx_word' id='word_1_497' title='bbox 3395 574 3589 630; x_wconf 75' lang='lat' dir='ltr'><strong><em>mundus</em></strong></span> <span class='ocrx_word' id='word_1_498' title='bbox 3610 583 3726 635; x_wconf 77' lang='lat' dir='ltr'><strong><em>cruci-</em></strong></span> 
     </span>
    </p>
   </div>
   <div class='ocr_carea' id='block_1_63' title="bbox 2220 660 3731 742">
    <p class='ocr_par' dir='ltr' id='par_1_63' title="bbox 2220 660 3731 742">
     <span class='ocr_line' id='line_1_63' title="bbox 2220 660 3731 742; baseline 0.009 -30"><span class='ocrx_word' id='word_1_499' title='bbox 2220 661 2354 731; x_wconf 71' lang='lat' dir='ltr'><strong><em>fixus</em></strong></span> <span class='ocrx_word' id='word_1_500' title='bbox 2383 671 2474 725; x_wconf 78' lang='lat' dir='ltr'><strong><em>est,</em></strong></span> <span class='ocrx_word' id='word_1_501' title='bbox 2506 670 2550 713; x_wconf 89' lang='lat' dir='ltr'><strong><em>et</em></strong></span> <span class='ocrx_word' id='word_1_502' title='bbox 2571 677 2659 731; x_wconf 84' lang='lat' dir='ltr'><strong><em>ego</em></strong></span> <span class='ocrx_word' id='word_1_503' title='bbox 2684 661 2870 712; x_wconf 83' lang='lat' dir='ltr'><strong><em>numth</em></strong></span> <span class='ocrx_word' id='word_1_504' title='bbox 2906 660 3043 729; x_wconf 81' lang='lat' dir='ltr'><strong><em>(Gul.</em></strong></span> <span class='ocrx_word' id='word_1_505' title='bbox 3067 677 3136 727; x_wconf 91' lang='lat' dir='ltr'><strong><em>vt,</em></strong></span> <span class='ocrx_word' id='word_1_506' title='bbox 3171 663 3255 734; x_wconf 64' lang='lat' dir='ltr'><strong><em>ll)</em></strong></span> <span class='ocrx_word' id='word_1_507' title='bbox 3285 680 3299 715; x_wconf 88' lang='lat'><strong>:</strong></span> <span class='ocrx_word' id='word_1_508' title='bbox 3332 673 3385 717; x_wconf 87' lang='lat' dir='ltr'><strong><em>ut</em></strong></span> <span class='ocrx_word' id='word_1_509' title='bbox 3425 667 3506 734; x_wconf 87' lang='lat' dir='ltr'><strong><em>qui</em></strong></span> <span class='ocrx_word' id='word_1_510' title='bbox 3528 669 3731 742; x_wconf 72' lang='lat' dir='ltr'><strong><em>gloriatur,</em></strong></span> 
     </span>
    </p>
   </div>
   <div class='ocr_carea' id='block_1_64' title="bbox 2217 754 3732 836">
    <p class='ocr_par' dir='ltr' id='par_1_64' title="bbox 2217 754 3732 836">
     <span class='ocr_line' id='line_1_64' title="bbox 2217 754 3732 836; baseline 0.006 -28"><span class='ocrx_word' id='word_1_511' title='bbox 2217 757 2320 808; x_wconf 81' lang='lat' dir='ltr'><strong><em>non</em></strong></span> <span class='ocrx_word' id='word_1_512' title='bbox 2343 757 2392 808; x_wconf 88' lang='lat' dir='ltr'><strong><em>in</em></strong></span> <span class='ocrx_word' id='word_1_513' title='bbox 2423 756 2603 824; x_wconf 88' lang='lat' dir='ltr'><strong><em>seipso,</em></strong></span> <span class='ocrx_word' id='word_1_514' title='bbox 2637 756 2723 808; x_wconf 84' lang='lat' dir='ltr'><strong><em>sed</em></strong></span> <span class='ocrx_word' id='word_1_515' title='bbox 2753 756 2802 806; x_wconf 86' lang='lat' dir='ltr'><strong><em>in</em></strong></span> <span class='ocrx_word' id='word_1_516' title='bbox 2843 754 3068 808; x_wconf 88' lang='lat' dir='ltr'><strong><em>Domino</em></strong></span> <span class='ocrx_word' id='word_1_517' title='bbox 3112 757 3358 826; x_wconf 83' lang='lat' dir='ltr'><strong><em>glorietur</em></strong></span> <span class='ocrx_word' id='word_1_518' title='bbox 3407 758 3446 828; x_wconf 92' lang='lat' dir='ltr'><strong><em>(l</em></strong></span> <span class='ocrx_word' id='word_1_519' title='bbox 3477 759 3580 814; x_wconf 85' lang='lat' dir='ltr'><strong><em>Cor.</em></strong></span> <span class='ocrx_word' id='word_1_520' title='bbox 3602 779 3628 826; x_wconf 89' lang='lat' dir='ltr'><strong><em>t,</em></strong></span> <span class='ocrx_word' id='word_1_521' title='bbox 3656 767 3732 836; x_wconf 75' lang='lat' dir='ltr'><strong><em>3i).</em></strong></span> 
     </span>
    </p>
   </div>
   <div class='ocr_carea' id='block_1_65' title="bbox 2226 847 3738 919">
    <p class='ocr_par' dir='ltr' id='par_1_65' title="bbox 2226 847 3738 919">
     <span class='ocr_line' id='line_1_65' title="bbox 2226 847 3738 919; baseline 0.007 -15"><span class='ocrx_word' id='word_1_522' title='bbox 2226 847 2417 919; x_wconf 89' lang='lat' dir='ltr'><strong><em>Ulquid</em></strong></span> <span class='ocrx_word' id='word_1_523' title='bbox 2446 865 2569 917; x_wconf 70' lang='lat' dir='ltr'><strong><em>ergo</em></strong></span> <span class='ocrx_word' id='word_1_524' title='bbox 2598 850 2922 913; x_wconf 79' lang='lat' dir='ltr'><strong><em>suspicantini</em></strong></span> <span class='ocrx_word' id='word_1_525' title='bbox 2953 861 3142 903; x_wconf 84' lang='lat' dir='ltr'><strong><em>montes</em></strong></span> <span class='ocrx_word' id='word_1_526' title='bbox 3171 861 3468 917; x_wconf 82' lang='lat' dir='ltr'><strong><em>mcaseatos,</em></strong></span> <span class='ocrx_word' id='word_1_527' title='bbox 3507 871 3611 910; x_wconf 86' lang='lat' dir='ltr'><strong><em>eum</em></strong></span> <span class='ocrx_word' id='word_1_528' title='bbox 3637 877 3738 915; x_wconf 81' lang='lat' dir='ltr'><strong><em>mon-</em></strong></span> 
     </span>
    </p>
   </div>
   <div class='ocr_carea' id='block_1_66' title="bbox 2223 941 3738 1022">
    <p class='ocr_par' dir='ltr' id='par_1_66' title="bbox 2223 941 3738 1022">
     <span class='ocr_line' id='line_1_66' title="bbox 2223 941 3738 1022; baseline 0.008 -26"><span class='ocrx_word' id='word_1_529' title='bbox 2223 955 2317 998; x_wconf 86' lang='lat' dir='ltr'><strong><em>tem</em></strong></span> <span class='ocrx_word' id='word_1_530' title='bbox 2344 946 2394 998; x_wconf 84' lang='lat' dir='ltr'><strong><em>in</em></strong></span> <span class='ocrx_word' id='word_1_531' title='bbox 2444 961 2539 1016; x_wconf 88' lang='lat' dir='ltr'><strong><em>quo</em></strong></span> <span class='ocrx_word' id='word_1_532' title='bbox 2582 945 2771 1014; x_wconf 84' lang='lat' dir='ltr'><strong><em>placuit</em></strong></span> <span class='ocrx_word' id='word_1_533' title='bbox 2801 942 2911 997; x_wconf 85' lang='lat' dir='ltr'><strong><em>Deo</em></strong></span> <span class='ocrx_word' id='word_1_534' title='bbox 2941 944 3168 999; x_wconf 82' lang='lat' dir='ltr'><strong><em>habitare</em></strong></span> <span class='ocrx_word' id='word_1_535' title='bbox 3193 946 3243 998; x_wconf 89' lang='lat' dir='ltr'><strong><em>in</em></strong></span> <span class='ocrx_word' id='word_1_536' title='bbox 3285 947 3386 1000; x_wconf 84' lang='lat' dir='ltr'><strong><em>c0?</em></strong></span> <span class='ocrx_word' id='word_1_537' title='bbox 3425 945 3534 1001; x_wconf 79' lang='lat' dir='ltr'><strong><em>Non</em></strong></span> <span class='ocrx_word' id='word_1_538' title='bbox 3578 941 3738 1022; x_wconf 39' lang='lat' dir='ltr'><strong><em>quia’in</em></strong></span> 
     </span>
    </p>
   </div>
   <div class='ocr_carea' id='block_1_67' title="bbox 2222 1037 3738 1110">
    <p class='ocr_par' dir='ltr' id='par_1_67' title="bbox 2222 1037 3738 1110">
     <span class='ocr_line' id='line_1_67' title="bbox 2222 1037 3738 1110; baseline 0.006 -19"><span class='ocrx_word' id='word_1_539' title='bbox 2222 1038 2339 1092; x_wconf 89' lang='lat' dir='ltr'><strong><em>aliis</em></strong></span> <span class='ocrx_word' id='word_1_540' title='bbox 2368 1053 2469 1091; x_wconf 91' lang='lat' dir='ltr'><strong><em>non</em></strong></span> <span class='ocrx_word' id='word_1_541' title='bbox 2496 1037 2774 1102; x_wconf 81' lang='lat' dir='ltr'><strong><em>inhabitat,</em></strong></span> <span class='ocrx_word' id='word_1_542' title='bbox 2819 1037 2912 1091; x_wconf 83' lang='lat' dir='ltr'><strong><em>scd</em></strong></span> <span class='ocrx_word' id='word_1_543' title='bbox 2955 1039 3074 1108; x_wconf 90' lang='lat' dir='ltr'><strong><em>quia</em></strong></span> <span class='ocrx_word' id='word_1_544' title='bbox 3123 1038 3174 1092; x_wconf 90' lang='lat' dir='ltr'><strong><em>in</em></strong></span> <span class='ocrx_word' id='word_1_545' title='bbox 3209 1039 3342 1108; x_wconf 72' lang='lat' dir='ltr'><strong><em>ipsis</em></strong></span> <span class='ocrx_word' id='word_1_546' title='bbox 3392 1056 3483 1109; x_wconf 87' lang='lat' dir='ltr'><strong><em>per</em></strong></span> <span class='ocrx_word' id='word_1_547' title='bbox 3518 1042 3738 1110; x_wconf 69' lang='lat' dir='ltr'><strong><em>ipsum]:</em></strong></span> 
     </span>
    </p>
   </div>
   <div class='ocr_carea' id='block_1_68' title="bbox 2222 1114 3741 1205">
    <p class='ocr_par' dir='ltr' id='par_1_68' title="bbox 2222 1114 3741 1205">
     <span class='ocr_line' id='line_1_68' title="bbox 2222 1114 3741 1205; baseline 0.007 -20"><span class='ocrx_word' id='word_1_548' title='bbox 2222 1133 2332 1203; x_wconf 87' lang='lat' dir='ltr'><strong><em>ipso</em></strong></span> <span class='ocrx_word' id='word_1_549' title='bbox 2353 1131 2538 1204; x_wconf 83' lang='lat' dir='ltr'><strong><em>quippe</em></strong></span> <span class='ocrx_word' id='word_1_550' title='bbox 2562 1131 2807 1185; x_wconf 82' lang='lat' dir='ltr'><strong><em>inhabitat</em></strong></span> <span class='ocrx_word' id='word_1_551' title='bbox 2826 1132 2987 1185; x_wconf 79' lang='lat' dir='ltr'><strong><em>munis</em></strong></span> <span class='ocrx_word' id='word_1_552' title='bbox 3016 1114 3277 1204; x_wconf 73' lang='lat' dir='ltr'><strong><em>plenitudo</em></strong></span> <span class='ocrx_word' id='word_1_553' title='bbox 3304 1134 3570 1190; x_wconf 74' lang='lat' dir='ltr'><strong><em>divinitatis</em></strong></span> <span class='ocrx_word' id='word_1_554' title='bbox 3586 1136 3741 1205; x_wconf 69' lang='lat' dir='ltr'><strong><em>(Colon.</em></strong></span> 
     </span>
    </p>
   </div>
   <div class='ocr_carea' id='block_1_69' title="bbox 2223 1225 3744 1306">
    <p class='ocr_par' dir='ltr' id='par_1_69' title="bbox 2223 1225 3744 1306">
     <span class='ocr_line' id='line_1_69' title="bbox 2223 1225 3744 1306; baseline 0.004 -27"><span class='ocrx_word' id='word_1_555' title='bbox 2223 1241 2278 1290; x_wconf 86' lang='lat' dir='ltr'><strong><em>lt,</em></strong></span> <span class='ocrx_word' id='word_1_556' title='bbox 2305 1225 2384 1294; x_wconf 86' lang='lat'><strong><em>9);</em></strong></span> <span class='ocrx_word' id='word_1_557' title='bbox 2418 1241 2520 1278; x_wconf 90' lang='lat' dir='ltr'><strong><em>non</em></strong></span> <span class='ocrx_word' id='word_1_558' title='bbox 2541 1225 2873 1291; x_wconf 88' lang='lat' dir='ltr'><strong><em>umbraliter,</em></strong></span> <span class='ocrx_word' id='word_1_559' title='bbox 2901 1235 3150 1296; x_wconf 86' lang='lat' dir='ltr'><strong><em>tanquam</em></strong></span> <span class='ocrx_word' id='word_1_560' title='bbox 3180 1228 3231 1282; x_wconf 90' lang='lat' dir='ltr'><strong><em>in</em></strong></span> <span class='ocrx_word' id='word_1_561' title='bbox 3264 1228 3467 1301; x_wconf 89' lang='lat' dir='ltr'><strong><em>templo</em></strong></span> <span class='ocrx_word' id='word_1_562' title='bbox 3493 1246 3518 1284; x_wconf 86' lang='lat' dir='ltr'><strong><em>a</em></strong></span> <span class='ocrx_word' id='word_1_563' title='bbox 3560 1248 3658 1306; x_wconf 70' lang='lat' dir='ltr'><strong><em>rege</em></strong></span> <span class='ocrx_word' id='word_1_564' title='bbox 3677 1233 3744 1289; x_wconf 68' lang='lat' dir='ltr'><strong><em>Sa.</em></strong></span> 
     </span>
    </p>
   </div>
   <div class='ocr_carea' id='block_1_70' title="bbox 2224 1316 3745 1400">
    <p class='ocr_par' dir='ltr' id='par_1_70' title="bbox 2224 1316 3745 1400">
     <span class='ocr_line' id='line_1_70' title="bbox 2224 1316 3745 1400; baseline 0.009 -29"><span class='ocrx_word' id='word_1_565' title='bbox 2224 1317 2436 1372; x_wconf 88' lang='lat' dir='ltr'><strong><em>lomonc</em></strong></span> <span class='ocrx_word' id='word_1_566' title='bbox 2467 1316 2626 1382; x_wconf 81' lang='lat' dir='ltr'><strong><em>facto,</em></strong></span> <span class='ocrx_word' id='word_1_567' title='bbox 2658 1319 2750 1373; x_wconf 83' lang='lat' dir='ltr'><strong><em>sed</em></strong></span> <span class='ocrx_word' id='word_1_568' title='bbox 2794 1323 3160 1391; x_wconf 80' lang='lat' dir='ltr'><strong><em>corporaliter,</em></strong></span> <span class='ocrx_word' id='word_1_569' title='bbox 3213 1322 3263 1375; x_wconf 92' lang='lat' dir='ltr'><strong><em>id</em></strong></span> <span class='ocrx_word' id='word_1_570' title='bbox 3323 1333 3406 1377; x_wconf 86' lang='lat' dir='ltr'><strong><em>cst</em></strong></span> <span class='ocrx_word' id='word_1_571' title='bbox 3449 1324 3600 1380; x_wconf 87' lang='lat' dir='ltr'><strong><em>solide</em></strong></span> <span class='ocrx_word' id='word_1_572' title='bbox 3633 1337 3745 1400; x_wconf 80' lang='lat' dir='ltr'><strong><em>atque</em></strong></span> 
     </span>
    </p>
   </div>
   <div class='ocr_carea' id='block_1_71' title="bbox 2225 1409 3745 1480">
    <p class='ocr_par' dir='ltr' id='par_1_71' title="bbox 2225 1409 3745 1480">
     <span class='ocr_line' id='line_1_71' title="bbox 2225 1409 3745 1480; baseline 0.006 -17"><span class='ocrx_word' id='word_1_573' title='bbox 2225 1411 2503 1464; x_wconf 76' lang='lat' dir='ltr'><strong><em>veraciter.</em></strong></span> <span class='ocrx_word' id='word_1_574' title='bbox 2541 1410 2792 1478; x_wconf 82' lang='lat' dir='ltr'><strong><em>Quoniam</em></strong></span> <span class='ocrx_word' id='word_1_575' title='bbox 2821 1409 2957 1465; x_wconf 86' lang='lat' dir='ltr'><strong><em>Deus</em></strong></span> <span class='ocrx_word' id='word_1_576' title='bbox 2987 1423 3092 1466; x_wconf 86' lang='lat' dir='ltr'><strong><em>erat</em></strong></span> <span class='ocrx_word' id='word_1_577' title='bbox 3127 1415 3179 1466; x_wconf 88' lang='lat' dir='ltr'><strong><em>in</em></strong></span> <span class='ocrx_word' id='word_1_578' title='bbox 3207 1413 3434 1480; x_wconf 85' lang='lat' dir='ltr'><strong><em>Christo,</em></strong></span> <span class='ocrx_word' id='word_1_579' title='bbox 3469 1418 3669 1470; x_wconf 80' lang='lat' dir='ltr'><strong><em>mundum</em></strong></span> <span class='ocrx_word' id='word_1_580' title='bbox 3685 1437 3745 1473; x_wconf 79' lang='lat' dir='ltr'><strong><em>te-</em></strong></span> 
     </span>
    </p>
   </div>
   <div class='ocr_carea' id='block_1_72' title="bbox 2226 1501 3746 1580">
    <p class='ocr_par' dir='ltr' id='par_1_72' title="bbox 2226 1501 3746 1580">
     <span class='ocr_line' id='line_1_72' title="bbox 2226 1501 3746 1580; baseline 0.007 -26"><span class='ocrx_word' id='word_1_581' title='bbox 2226 1503 2497 1555; x_wconf 76' lang='lat' dir='ltr'><strong><em>concilians</em></strong></span> <span class='ocrx_word' id='word_1_582' title='bbox 2524 1503 2618 1556; x_wconf 82' lang='lat' dir='ltr'><strong><em>sibi</em></strong></span> <span class='ocrx_word' id='word_1_583' title='bbox 2648 1502 2713 1576; x_wconf 80' lang='lat' dir='ltr'><strong><em>(ll</em></strong></span> <span class='ocrx_word' id='word_1_584' title='bbox 2744 1501 2860 1558; x_wconf 90' lang='lat' dir='ltr'><strong><em>Cor.</em></strong></span> <span class='ocrx_word' id='word_1_585' title='bbox 2895 1519 2946 1568; x_wconf 85' lang='lat' dir='ltr'><strong><em>v,</em></strong></span> <span class='ocrx_word' id='word_1_586' title='bbox 2983 1502 3090 1580; x_wconf 82' lang='lat' dir='ltr'><strong><em>l9).</em></strong></span> <span class='ocrx_word' id='word_1_587' title='bbox 3125 1505 3278 1574; x_wconf 85' lang='lat' dir='ltr'><strong><em>Quod</em></strong></span> <span class='ocrx_word' id='word_1_588' title='bbox 3323 1507 3436 1561; x_wconf 85' lang='lat' dir='ltr'><strong><em>sive</em></strong></span> <span class='ocrx_word' id='word_1_589' title='bbox 3461 1506 3523 1561; x_wconf 82' lang='lat' dir='ltr'><strong><em>de</em></strong></span> <span class='ocrx_word' id='word_1_590' title='bbox 3556 1508 3676 1568; x_wconf 83' lang='lat' dir='ltr'><strong><em>Patre</em></strong></span> <span class='ocrx_word' id='word_1_591' title='bbox 3694 1512 3746 1567; x_wconf 82' lang='lat' dir='ltr'><strong><em>tli-</em></strong></span> 
     </span>
    </p>
   </div>
   <div class='ocr_carea' id='block_1_73' title="bbox 2225 1596 3750 1668">
    <p class='ocr_par' dir='ltr' id='par_1_73' title="bbox 2225 1596 3750 1668">
     <span class='ocr_line' id='line_1_73' title="bbox 2225 1596 3750 1668; baseline 0.006 -20"><span class='ocrx_word' id='word_1_592' title='bbox 2225 1604 2365 1648; x_wconf 89' lang='lat' dir='ltr'><strong><em>ctmu</em></strong></span> <span class='ocrx_word' id='word_1_593' title='bbox 2426 1596 2766 1665; x_wconf 78' lang='lat' dir='ltr'><strong><em>accipiamus,</em></strong></span> <span class='ocrx_word' id='word_1_594' title='bbox 2825 1598 3072 1666; x_wconf 72' lang='lat' dir='ltr'><strong><em>quoniam</em></strong></span> <span class='ocrx_word' id='word_1_595' title='bbox 3104 1599 3217 1668; x_wconf 88' lang='lat' dir='ltr'><strong><em>ipse</em></strong></span> <span class='ocrx_word' id='word_1_596' title='bbox 3246 1601 3343 1664; x_wconf 87' lang='lat' dir='ltr'><strong><em>ait,</em></strong></span> <span class='ocrx_word' id='word_1_597' title='bbox 3381 1599 3527 1660; x_wconf 76' lang='lat' dir='ltr'><strong><em>Pater</em></strong></span> <span class='ocrx_word' id='word_1_598' title='bbox 3555 1613 3684 1656; x_wconf 81' lang='lat' dir='ltr'><strong><em>autem</em></strong></span> <span class='ocrx_word' id='word_1_599' title='bbox 3714 1607 3750 1658; x_wconf 78' lang='lat' dir='ltr'><strong><em>in</em></strong></span> 
     </span>
    </p>
   </div>
   <div class='ocr_carea' id='block_1_74' title="bbox 2224 1691 3747 1764">
    <p class='ocr_par' dir='ltr' id='par_1_74' title="bbox 2224 1691 3747 1764">
     <span class='ocr_line' id='line_1_74' title="bbox 2224 1691 3747 1764; baseline 0.008 -23"><span class='ocrx_word' id='word_1_600' title='bbox 2224 1705 2304 1742; x_wconf 83' lang='lat' dir='ltr'><strong><em>me</em></strong></span> <span class='ocrx_word' id='word_1_601' title='bbox 2333 1706 2556 1754; x_wconf 82' lang='lat' dir='ltr'><strong><em>manens,</em></strong></span> <span class='ocrx_word' id='word_1_602' title='bbox 2588 1691 2695 1762; x_wconf 86' lang='lat' dir='ltr'><strong><em>ipse</em></strong></span> <span class='ocrx_word' id='word_1_603' title='bbox 2718 1691 2838 1760; x_wconf 74' lang='lat' dir='ltr'><strong><em>facit</em></strong></span> <span class='ocrx_word' id='word_1_604' title='bbox 2864 1708 3018 1762; x_wconf 86' lang='lat' dir='ltr'><strong><em>opera</em></strong></span> <span class='ocrx_word' id='word_1_605' title='bbox 3044 1709 3160 1756; x_wconf 83' lang='lat' dir='ltr'><strong><em>sua;</em></strong></span> <span class='ocrx_word' id='word_1_606' title='bbox 3192 1711 3282 1764; x_wconf 75' lang='lat' dir='ltr'><strong><em>ego</em></strong></span> <span class='ocrx_word' id='word_1_607' title='bbox 3307 1695 3358 1746; x_wconf 83' lang='lat' dir='ltr'><strong><em>in</em></strong></span> <span class='ocrx_word' id='word_1_608' title='bbox 3391 1693 3557 1761; x_wconf 78' lang='lat' dir='ltr'><strong><em>Patre,</em></strong></span> <span class='ocrx_word' id='word_1_609' title='bbox 3583 1707 3619 1748; x_wconf 82' lang='lat' dir='ltr'><strong><em>et</em></strong></span> <span class='ocrx_word' id='word_1_610' title='bbox 3639 1696 3747 1753; x_wconf 78' lang='lat' dir='ltr'><strong><em>Pater</em></strong></span> 
     </span>
    </p>
   </div>
   <div class='ocr_carea' id='block_1_75' title="bbox 2226 1778 3752 1856">
    <p class='ocr_par' dir='ltr' id='par_1_75' title="bbox 2226 1778 3752 1856">
     <span class='ocr_line' id='line_1_75' title="bbox 2226 1778 3752 1856; baseline 0.01 -26"><span class='ocrx_word' id='word_1_611' title='bbox 2226 1778 2278 1832; x_wconf 84' lang='lat' dir='ltr'><strong><em>in</em></strong></span> <span class='ocrx_word' id='word_1_612' title='bbox 2327 1798 2405 1834; x_wconf 87' lang='lat' dir='ltr'><strong><em>me</em></strong></span> <span class='ocrx_word' id='word_1_613' title='bbox 2449 1781 2627 1854; x_wconf 89' lang='lat' dir='ltr'><strong><em>(Joan.</em></strong></span> <span class='ocrx_word' id='word_1_614' title='bbox 2662 1798 2766 1846; x_wconf 78' lang='lat' dir='ltr'><strong><em>xrv,</em></strong></span> <span class='ocrx_word' id='word_1_615' title='bbox 2800 1779 2910 1855; x_wconf 72' lang='lat'><strong><em>10);</em></strong></span> <span class='ocrx_word' id='word_1_616' title='bbox 2943 1783 3053 1838; x_wconf 88' lang='lat' dir='ltr'><strong><em>sive</em></strong></span> <span class='ocrx_word' id='word_1_617' title='bbox 3081 1783 3148 1837; x_wconf 90' lang='lat' dir='ltr'><strong><em>ita</em></strong></span> <span class='ocrx_word' id='word_1_618' title='bbox 3175 1785 3524 1856; x_wconf 76' lang='lat' dir='ltr'><strong><em>intelligatur,</em></strong></span> <span class='ocrx_word' id='word_1_619' title='bbox 3553 1787 3752 1848; x_wconf 80' lang='lat' dir='ltr'><strong><em>Deuserat</em></strong></span> 
     </span>
    </p>
   </div>
   <div class='ocr_carea' id='block_1_76' title="bbox 2225 1872 3753 1954">
    <p class='ocr_par' dir='ltr' id='par_1_76' title="bbox 2225 1872 3753 1954">
     <span class='ocr_line' id='line_1_76' title="bbox 2225 1872 3753 1954; baseline 0.009 -29"><span class='ocrx_word' id='word_1_620' title='bbox 2225 1873 2278 1926; x_wconf 81' lang='lat' dir='ltr'><strong><em>in</em></strong></span> <span class='ocrx_word' id='word_1_621' title='bbox 2306 1872 2523 1939; x_wconf 75' lang='lat' dir='ltr'><strong><em>Christo,</em></strong></span> <span class='ocrx_word' id='word_1_622' title='bbox 2550 1873 2781 1928; x_wconf 74' lang='lat' dir='ltr'><strong><em>Verbum</em></strong></span> <span class='ocrx_word' id='word_1_623' title='bbox 2822 1886 2936 1929; x_wconf 89' lang='lat' dir='ltr'><strong><em>erat</em></strong></span> <span class='ocrx_word' id='word_1_624' title='bbox 2964 1875 3012 1928; x_wconf 90' lang='lat' dir='ltr'><strong><em>in</em></strong></span> <span class='ocrx_word' id='word_1_625' title='bbox 3064 1875 3324 1932; x_wconf 81' lang='lat' dir='ltr'><strong><em>homine:</em></strong></span> <span class='ocrx_word' id='word_1_626' title='bbox 3360 1879 3438 1932; x_wconf 79' lang='lat' dir='ltr'><strong><em>sie</em></strong></span> <span class='ocrx_word' id='word_1_627' title='bbox 3479 1891 3584 1934; x_wconf 89' lang='lat' dir='ltr'><strong><em>erat</em></strong></span> <span class='ocrx_word' id='word_1_628' title='bbox 3625 1883 3753 1954; x_wconf 83' lang='lat' dir='ltr'><strong><em>utique</em></strong></span> 
     </span>
    </p>
   </div>
   <div class='ocr_carea' id='block_1_77' title="bbox 2228 1965 3754 2034">
    <p class='ocr_par' dir='ltr' id='par_1_77' title="bbox 2228 1965 3754 2034">
     <span class='ocr_line' id='line_1_77' title="bbox 2228 1965 3754 2034; baseline 0.005 -13"><span class='ocrx_word' id='word_1_629' title='bbox 2228 1965 2460 2021; x_wconf 76' lang='lat' dir='ltr'><strong><em>Verbum</em></strong></span> <span class='ocrx_word' id='word_1_630' title='bbox 2497 1969 2546 2021; x_wconf 92' lang='lat' dir='ltr'><strong><em>iu</em></strong></span> <span class='ocrx_word' id='word_1_631' title='bbox 2577 1985 2758 2034; x_wconf 87' lang='lat' dir='ltr'><strong><em>carne,</em></strong></span> <span class='ocrx_word' id='word_1_632' title='bbox 2792 1978 2848 2022; x_wconf 92' lang='lat' dir='ltr'><strong><em>ut</em></strong></span> <span class='ocrx_word' id='word_1_633' title='bbox 2875 1969 3106 2024; x_wconf 76' lang='lat' dir='ltr'><strong><em>Verbum</em></strong></span> <span class='ocrx_word' id='word_1_634' title='bbox 3138 1973 3300 2028; x_wconf 83' lang='lat' dir='ltr'><strong><em>etiam</em></strong></span> <span class='ocrx_word' id='word_1_635' title='bbox 3332 1989 3460 2030; x_wconf 84' lang='lat' dir='ltr'><strong><em>caro</em></strong></span> <span class='ocrx_word' id='word_1_636' title='bbox 3500 1972 3668 2029; x_wconf 78' lang='lat' dir='ltr'><strong><em>factum</em></strong></span> <span class='ocrx_word' id='word_1_637' title='bbox 3691 1992 3754 2030; x_wconf 77' lang='lat' dir='ltr'><strong><em>so.</em></strong></span> 
     </span>
    </p>
   </div>
   <div class='ocr_carea' id='block_1_78' title="bbox 2226 2060 3754 2129">
    <p class='ocr_par' dir='ltr' id='par_1_78' title="bbox 2226 2060 3754 2129">
     <span class='ocr_line' id='line_1_78' title="bbox 2226 2060 3754 2129; baseline 0.007 -15"><span class='ocrx_word' id='word_1_638' title='bbox 2226 2060 2309 2114; x_wconf 89' lang='lat' dir='ltr'><strong><em>lus</em></strong></span> <span class='ocrx_word' id='word_1_639' title='bbox 2340 2061 2550 2129; x_wconf 80' lang='lat' dir='ltr'><strong><em>proprie</em></strong></span> <span class='ocrx_word' id='word_1_640' title='bbox 2595 2060 2883 2125; x_wconf 88' lang='lat' dir='ltr'><strong><em>diceretur,</em></strong></span> <span class='ocrx_word' id='word_1_641' title='bbox 2931 2061 2978 2114; x_wconf 91' lang='lat' dir='ltr'><strong><em>id</em></strong></span> <span class='ocrx_word' id='word_1_642' title='bbox 3027 2073 3125 2126; x_wconf 84' lang='lat' dir='ltr'><strong><em>cst,</em></strong></span> <span class='ocrx_word' id='word_1_643' title='bbox 3172 2063 3337 2117; x_wconf 89' lang='lat' dir='ltr'><strong><em>homo</em></strong></span> <span class='ocrx_word' id='word_1_644' title='bbox 3373 2064 3540 2119; x_wconf 74' lang='lat' dir='ltr'><strong><em>Verbo</em></strong></span> <span class='ocrx_word' id='word_1_645' title='bbox 3572 2066 3616 2121; x_wconf 90' lang='lat' dir='ltr'><strong><em>in</em></strong></span> <span class='ocrx_word' id='word_1_646' title='bbox 3647 2083 3754 2125; x_wconf 79' lang='lat' dir='ltr'><strong><em>unam</em></strong></span> 
     </span>
    </p>
   </div>
   <div class='ocr_carea' id='block_1_79' title="bbox 2228 2151 3756 2233">
    <p class='ocr_par' dir='ltr' id='par_1_79' title="bbox 2228 2151 3756 2233">
     <span class='ocr_line' id='line_1_79' title="bbox 2228 2151 3756 2233; baseline 0.007 -30"><span class='ocrx_word' id='word_1_647' title='bbox 2228 2151 2422 2205; x_wconf 74' lang='lat' dir='ltr'><strong><em>Christi</em></strong></span> <span class='ocrx_word' id='word_1_648' title='bbox 2475 2168 2756 2223; x_wconf 71' lang='lat' dir='ltr'><strong><em>personam</em></strong></span> <span class='ocrx_word' id='word_1_649' title='bbox 2809 2155 3172 2226; x_wconf 82' lang='lat' dir='ltr'><strong><em>capularetur.</em></strong></span> <span class='ocrx_word' id='word_1_650' title='bbox 3220 2155 3418 2228; x_wconf 81' lang='lat' dir='ltr'><strong><em>thuirl</em></strong></span> <span class='ocrx_word' id='word_1_651' title='bbox 3447 2174 3567 2229; x_wconf 78' lang='lat' dir='ltr'><strong><em>ergo</em></strong></span> <span class='ocrx_word' id='word_1_652' title='bbox 3589 2163 3756 2233; x_wconf 81' lang='lat' dir='ltr'><strong><em>suspira-</em></strong></span> 
     </span>
    </p>
   </div>
   <div class='ocr_carea' id='block_1_80' title="bbox 2229 2245 3758 2324">
    <p class='ocr_par' dir='ltr' id='par_1_80' title="bbox 2229 2245 3758 2324">
     <span class='ocr_line' id='line_1_80' title="bbox 2229 2245 3758 2324; baseline 0.005 -26"><span class='ocrx_word' id='word_1_653' title='bbox 2229 2245 2352 2298; x_wconf 88' lang='lat' dir='ltr'><strong><em>mini</em></strong></span> <span class='ocrx_word' id='word_1_654' title='bbox 2385 2257 2574 2302; x_wconf 79' lang='lat' dir='ltr'><strong><em>montes</em></strong></span> <span class='ocrx_word' id='word_1_655' title='bbox 2603 2245 2903 2312; x_wconf 82' lang='lat' dir='ltr'><strong><em>incaseatos,</em></strong></span> <span class='ocrx_word' id='word_1_656' title='bbox 2947 2263 3068 2300; x_wconf 87' lang='lat' dir='ltr'><strong><em>eum</em></strong></span> <span class='ocrx_word' id='word_1_657' title='bbox 3124 2259 3348 2303; x_wconf 81' lang='lat' dir='ltr'><strong><em>montem</em></strong></span> <span class='ocrx_word' id='word_1_658' title='bbox 3395 2250 3449 2302; x_wconf 84' lang='lat' dir='ltr'><strong><em>in</em></strong></span> <span class='ocrx_word' id='word_1_659' title='bbox 3492 2267 3580 2318; x_wconf 83' lang='lat' dir='ltr'><strong><em>quo</em></strong></span> <span class='ocrx_word' id='word_1_660' title='bbox 3626 2253 3758 2324; x_wconf 70' lang='lat' dir='ltr'><strong><em>placuit</em></strong></span> 
     </span>
    </p>
   </div>
   <div class='ocr_carea' id='block_1_81' title="bbox 2228 2335 3758 2414">
    <p class='ocr_par' dir='ltr' id='par_1_81' title="bbox 2228 2335 3758 2414">
     <span class='ocr_line' id='line_1_81' title="bbox 2228 2335 3758 2414; baseline 0.005 -24"><span class='ocrx_word' id='word_1_661' title='bbox 2228 2335 2339 2390; x_wconf 84' lang='lat' dir='ltr'><strong><em>Dro</em></strong></span> <span class='ocrx_word' id='word_1_662' title='bbox 2365 2338 2645 2391; x_wconf 77' lang='lat' dir='ltr'><strong><em>inhabitare</em></strong></span> <span class='ocrx_word' id='word_1_663' title='bbox 2675 2339 2723 2392; x_wconf 89' lang='lat' dir='ltr'><strong><em>in</em></strong></span> <span class='ocrx_word' id='word_1_664' title='bbox 2755 2339 2853 2392; x_wconf 79' lang='lat' dir='ltr'><strong><em>eo?</em></strong></span> <span class='ocrx_word' id='word_1_665' title='bbox 2879 2339 3056 2414; x_wconf 80' lang='lat' dir='ltr'><strong><em>Longe</em></strong></span> <span class='ocrx_word' id='word_1_666' title='bbox 3081 2340 3266 2409; x_wconf 87' lang='lat' dir='ltr'><strong><em>utique</em></strong></span> <span class='ocrx_word' id='word_1_667' title='bbox 3289 2341 3454 2398; x_wconf 87' lang='lat' dir='ltr'><strong><em>aliter</em></strong></span> <span class='ocrx_word' id='word_1_668' title='bbox 3474 2359 3614 2414; x_wconf 86' lang='lat' dir='ltr'><strong><em>quam</em></strong></span> <span class='ocrx_word' id='word_1_669' title='bbox 3631 2347 3669 2398; x_wconf 91' lang='lat' dir='ltr'><strong><em>iu</em></strong></span> <span class='ocrx_word' id='word_1_670' title='bbox 3690 2347 3758 2399; x_wconf 79' lang='lat' dir='ltr'><strong><em>illis</em></strong></span> 
     </span>
    </p>
   </div>
   <div class='ocr_carea' id='block_1_82' title="bbox 2231 2429 3755 2508">
    <p class='ocr_par' dir='ltr' id='par_1_82' title="bbox 2231 2429 3755 2508">
     <span class='ocr_line' id='line_1_82' title="bbox 2231 2429 3755 2508; baseline 0.005 -26"><span class='ocrx_word' id='word_1_671' title='bbox 2231 2429 2518 2490; x_wconf 87' lang='lat' dir='ltr'><strong><em>montibus,</em></strong></span> <span class='ocrx_word' id='word_1_672' title='bbox 2551 2445 2774 2499; x_wconf 89' lang='lat' dir='ltr'><strong><em>quorum</em></strong></span> <span class='ocrx_word' id='word_1_673' title='bbox 2807 2431 3037 2501; x_wconf 86' lang='lat' dir='ltr'><strong><em>aliquem</em></strong></span> <span class='ocrx_word' id='word_1_674' title='bbox 3066 2434 3225 2486; x_wconf 87' lang='lat' dir='ltr'><strong><em>etiam</em></strong></span> <span class='ocrx_word' id='word_1_675' title='bbox 3260 2432 3412 2489; x_wconf 89' lang='lat' dir='ltr'><strong><em>hunc</em></strong></span> <span class='ocrx_word' id='word_1_676' title='bbox 3466 2437 3755 2508; x_wconf 79' lang='lat' dir='ltr'><strong><em>Suspicamini.</em></strong></span> 
     </span>
    </p>
   </div>
   <div class='ocr_carea' id='block_1_83' title="bbox 2231 2519 3759 2598">
    <p class='ocr_par' dir='ltr' id='par_1_83' title="bbox 2231 2519 3759 2598">
     <span class='ocr_line' id='line_1_83' title="bbox 2231 2519 3759 2598; baseline 0.007 -24"><span class='ocrx_word' id='word_1_677' title='bbox 2231 2519 2343 2574; x_wconf 80' lang='lat' dir='ltr'><strong><em>Non</em></strong></span> <span class='ocrx_word' id='word_1_678' title='bbox 2381 2522 2519 2575; x_wconf 82' lang='lat' dir='ltr'><strong><em>enim</em></strong></span> <span class='ocrx_word' id='word_1_679' title='bbox 2548 2524 2666 2592; x_wconf 88' lang='lat' dir='ltr'><strong><em>quia</em></strong></span> <span class='ocrx_word' id='word_1_680' title='bbox 2711 2531 2765 2577; x_wconf 89' lang='lat' dir='ltr'><strong><em>et</em></strong></span> <span class='ocrx_word' id='word_1_681' title='bbox 2793 2523 2865 2576; x_wconf 87' lang='lat' dir='ltr'><strong><em>illi</em></strong></span> <span class='ocrx_word' id='word_1_682' title='bbox 2895 2539 2989 2594; x_wconf 85' lang='lat' dir='ltr'><strong><em>per</em></strong></span> <span class='ocrx_word' id='word_1_683' title='bbox 3017 2523 3325 2595; x_wconf 87' lang='lat' dir='ltr'><strong><em>adoptionis</em></strong></span> <span class='ocrx_word' id='word_1_684' title='bbox 3347 2529 3573 2598; x_wconf 76' lang='lat' dir='ltr'><strong><em>gratiam</em></strong></span> <span class='ocrx_word' id='word_1_685' title='bbox 3601 2529 3676 2583; x_wconf 86' lang='lat' dir='ltr'><strong><em>ﬁlii</em></strong></span> <span class='ocrx_word' id='word_1_686' title='bbox 3699 2529 3759 2585; x_wconf 73' lang='lat' dir='ltr'><strong><em>Dei</em></strong></span> 
     </span>
    </p>
   </div>
   <div class='ocr_carea' id='block_1_84' title="bbox 2232 2607 3759 2690">
    <p class='ocr_par' dir='ltr' id='par_1_84' title="bbox 2232 2607 3759 2690">
     <span class='ocr_line' id='line_1_84' title="bbox 2232 2607 3759 2690; baseline 0.008 -25"><span class='ocrx_word' id='word_1_687' title='bbox 2232 2623 2373 2676; x_wconf 85' lang='lat' dir='ltr'><strong><em>sunt,</em></strong></span> <span class='ocrx_word' id='word_1_688' title='bbox 2403 2607 2520 2666; x_wconf 85' lang='lat' dir='ltr'><strong><em>ideo</em></strong></span> <span class='ocrx_word' id='word_1_689' title='bbox 2543 2615 2820 2684; x_wconf 90' lang='lat' dir='ltr'><strong><em>quisquam</em></strong></span> <span class='ocrx_word' id='word_1_690' title='bbox 2855 2615 3061 2670; x_wconf 89' lang='lat' dir='ltr'><strong><em>illorum</em></strong></span> <span class='ocrx_word' id='word_1_691' title='bbox 3101 2627 3184 2672; x_wconf 90' lang='lat' dir='ltr'><strong><em>cst</em></strong></span> <span class='ocrx_word' id='word_1_692' title='bbox 3209 2617 3533 2690; x_wconf 80' lang='lat' dir='ltr'><strong><em>Uuigcuitus</em></strong></span> <span class='ocrx_word' id='word_1_693' title='bbox 3563 2621 3636 2676; x_wconf 87' lang='lat' dir='ltr'><strong><em>cui</em></strong></span> <span class='ocrx_word' id='word_1_694' title='bbox 3661 2618 3759 2677; x_wconf 79' lang='lat' dir='ltr'><strong><em>dice-</em></strong></span> 
     </span>
    </p>
   </div>
   <div class='ocr_carea' id='block_1_85' title="bbox 2233 2706 3760 2784">
    <p class='ocr_par' dir='ltr' id='par_1_85' title="bbox 2233 2706 3760 2784">
     <span class='ocr_line' id='line_1_85' title="bbox 2233 2706 3760 2784; baseline 0.006 -24"><span class='ocrx_word' id='word_1_695' title='bbox 2233 2716 2314 2760; x_wconf 78' lang='lat' dir='ltr'><strong><em>ret</em></strong></span> <span class='ocrx_word' id='word_1_696' title='bbox 2346 2725 2358 2761; x_wconf 92' lang='lat'><strong><em>:</em></strong></span> <span class='ocrx_word' id='word_1_697' title='bbox 2393 2706 2524 2760; x_wconf 86' lang='lat' dir='ltr'><strong><em>Sede</em></strong></span> <span class='ocrx_word' id='word_1_698' title='bbox 2545 2707 2611 2760; x_wconf 90' lang='lat' dir='ltr'><strong><em>ad</em></strong></span> <span class='ocrx_word' id='word_1_699' title='bbox 2641 2709 2895 2763; x_wconf 62' lang='lat' dir='ltr'><strong><em>dexteram</em></strong></span> <span class='ocrx_word' id='word_1_700' title='bbox 2933 2728 3118 2775; x_wconf 86' lang='lat' dir='ltr'><strong><em>meam,</em></strong></span> <span class='ocrx_word' id='word_1_701' title='bbox 3167 2711 3332 2768; x_wconf 87' lang='lat' dir='ltr'><strong><em>donec</em></strong></span> <span class='ocrx_word' id='word_1_702' title='bbox 3384 2732 3566 2784; x_wconf 83' lang='lat' dir='ltr'><strong><em>ponant</em></strong></span> <span class='ocrx_word' id='word_1_703' title='bbox 3599 2717 3760 2770; x_wconf 71' lang='lat' dir='ltr'><strong><em>inimicos</em></strong></span> 
     </span>
    </p>
   </div>
   <div class='ocr_carea' id='block_1_86' title="bbox 2235 2800 3760 2876">
    <p class='ocr_par' dir='ltr' id='par_1_86' title="bbox 2235 2800 3760 2876">
     <span class='ocr_line' id='line_1_86' title="bbox 2235 2800 3760 2876; baseline 0.007 -24"><span class='ocrx_word' id='word_1_704' title='bbox 2235 2809 2344 2852; x_wconf 87' lang='lat' dir='ltr'><strong><em>tuos</em></strong></span> <span class='ocrx_word' id='word_1_705' title='bbox 2387 2800 2477 2854; x_wconf 82' lang='lat' dir='ltr'><strong><em>sub</em></strong></span> <span class='ocrx_word' id='word_1_706' title='bbox 2509 2800 2714 2870; x_wconf 80' lang='lat' dir='ltr'><strong><em>pedibus</em></strong></span> <span class='ocrx_word' id='word_1_707' title='bbox 2751 2806 2847 2856; x_wconf 89' lang='lat' dir='ltr'><strong><em>tuis</em></strong></span> <span class='ocrx_word' id='word_1_708' title='bbox 2878 2801 3048 2873; x_wconf 80' lang='lat' dir='ltr'><strong><em>(Psal.</em></strong></span> <span class='ocrx_word' id='word_1_709' title='bbox 3086 2821 3192 2872; x_wconf 76' lang='lat' dir='ltr'><strong><em>clx,</em></strong></span> <span class='ocrx_word' id='word_1_710' title='bbox 3224 2806 3305 2876; x_wconf 85' lang='lat' dir='ltr'><strong><em>l).</em></strong></span> <span class='ocrx_word' id='word_1_711' title='bbox 3355 2807 3556 2873; x_wconf 79' lang='lat' dir='ltr'><strong><em>Etenim</em></strong></span> <span class='ocrx_word' id='word_1_712' title='bbox 3581 2806 3760 2864; x_wconf 67' lang='lat' dir='ltr'><strong><em>Dominus</em></strong></span> 
     </span>
    </p>
   </div>
   <div class='ocr_carea' id='block_1_87' title="bbox 2234 2893 3759 2966">
    <p class='ocr_par' dir='ltr' id='par_1_87' title="bbox 2234 2893 3759 2966">
     <span class='ocr_line' id='line_1_87' title="bbox 2234 2893 3759 2966; baseline 0.004 -20"><span class='ocrx_word' id='word_1_713' title='bbox 2234 2893 2526 2947; x_wconf 85' lang='lat' dir='ltr'><strong><em>inhabitabit</em></strong></span> <span class='ocrx_word' id='word_1_714' title='bbox 2554 2912 2707 2966; x_wconf 86' lang='lat' dir='ltr'><strong><em>usque</em></strong></span> <span class='ocrx_word' id='word_1_715' title='bbox 2738 2895 2787 2948; x_wconf 88' lang='lat' dir='ltr'><strong><em>in</em></strong></span> <span class='ocrx_word' id='word_1_716' title='bbox 2835 2898 3025 2963; x_wconf 78' lang='lat' dir='ltr'><strong><em>linem:</em></strong></span> <span class='ocrx_word' id='word_1_717' title='bbox 3062 2897 3112 2964; x_wconf 87' lang='lat' dir='ltr'><strong><em>id</em></strong></span> <span class='ocrx_word' id='word_1_718' title='bbox 3166 2907 3267 2965; x_wconf 87' lang='lat' dir='ltr'><strong><em>cst,</em></strong></span> <span class='ocrx_word' id='word_1_719' title='bbox 3303 2899 3428 2961; x_wconf 88' lang='lat' dir='ltr'><strong><em>illos</em></strong></span> <span class='ocrx_word' id='word_1_720' title='bbox 3471 2910 3657 2956; x_wconf 82' lang='lat' dir='ltr'><strong><em>montes</em></strong></span> <span class='ocrx_word' id='word_1_721' title='bbox 3691 2916 3759 2960; x_wconf 82' lang='lat' dir='ltr'><strong><em>non</em></strong></span> 
     </span>
    </p>
   </div>
   <div class='ocr_carea' id='block_1_88' title="bbox 2236 2987 3757 3059">
    <p class='ocr_par' dir='ltr' id='par_1_88' title="bbox 2236 2987 3757 3059">
     <span class='ocr_line' id='line_1_88' title="bbox 2236 2987 3757 3059; baseline 0.003 -19"><span class='ocrx_word' id='word_1_722' title='bbox 2236 2987 2625 3057; x_wconf 85' lang='lat' dir='ltr'><strong><em>comparandos</em></strong></span> <span class='ocrx_word' id='word_1_723' title='bbox 2662 2988 2787 3042; x_wconf 87' lang='lat' dir='ltr'><strong><em>huic</em></strong></span> <span class='ocrx_word' id='word_1_724' title='bbox 2816 2990 2982 3044; x_wconf 89' lang='lat' dir='ltr'><strong><em>monti</em></strong></span> <span class='ocrx_word' id='word_1_725' title='bbox 3028 2989 3140 3059; x_wconf 85' lang='lat' dir='ltr'><strong><em>ipse</em></strong></span> <span class='ocrx_word' id='word_1_726' title='bbox 3187 2991 3452 3058; x_wconf 74' lang='lat' dir='ltr'><strong><em>Dominus</em></strong></span> <span class='ocrx_word' id='word_1_727' title='bbox 3501 2992 3757 3055; x_wconf 80' lang='lat' dir='ltr'><strong><em>inhabitabit,</em></strong></span> 
     </span>
    </p>
   </div>
   <div class='ocr_carea' id='block_1_89' title="bbox 2234 3077 3761 3156">
    <p class='ocr_par' dir='ltr' id='par_1_89' title="bbox 2234 3077 3761 3156">
     <span class='ocr_line' id='line_1_89' title="bbox 2234 3077 3761 3156; baseline 0.006 -26"><span class='ocrx_word' id='word_1_728' title='bbox 2234 3077 2322 3149; x_wconf 91' lang='lat' dir='ltr'><strong><em>qui</em></strong></span> <span class='ocrx_word' id='word_1_729' title='bbox 2346 3088 2424 3134; x_wconf 80' lang='lat' dir='ltr'><strong><em>est</em></strong></span> <span class='ocrx_word' id='word_1_730' title='bbox 2452 3095 2604 3131; x_wconf 76' lang='lat' dir='ltr'><strong><em>lllUllS</em></strong></span> <span class='ocrx_word' id='word_1_731' title='bbox 2638 3090 2851 3148; x_wconf 83' lang='lat' dir='ltr'><strong><em>paratus</em></strong></span> <span class='ocrx_word' id='word_1_732' title='bbox 2884 3083 2934 3135; x_wconf 95' lang='lat' dir='ltr'><strong><em>iu</em></strong></span> <span class='ocrx_word' id='word_1_733' title='bbox 2958 3083 3234 3148; x_wconf 83' lang='lat' dir='ltr'><strong><em>cacumine</em></strong></span> <span class='ocrx_word' id='word_1_734' title='bbox 3268 3084 3570 3151; x_wconf 69' lang='lat' dir='ltr'><strong><em>monilium;</em></strong></span> <span class='ocrx_word' id='word_1_735' title='bbox 3610 3094 3659 3142; x_wconf 86' lang='lat' dir='ltr'><strong><em>ut</em></strong></span> <span class='ocrx_word' id='word_1_736' title='bbox 3683 3100 3761 3156; x_wconf 83' lang='lat' dir='ltr'><strong><em>pet-</em></strong></span> 
     </span>
    </p>
   </div>
   <div class='ocr_carea' id='block_1_90' title="bbox 2236 3170 3762 3246">
    <p class='ocr_par' dir='ltr' id='par_1_90' title="bbox 2236 3170 3762 3246">
     <span class='ocr_line' id='line_1_90' title="bbox 2236 3170 3762 3246; baseline 0.002 -21"><span class='ocrx_word' id='word_1_737' title='bbox 2236 3170 2393 3225; x_wconf 92' lang='lat' dir='ltr'><strong><em>ducat</em></strong></span> <span class='ocrx_word' id='word_1_738' title='bbox 2423 3187 2515 3226; x_wconf 91' lang='lat' dir='ltr'><strong><em>eos</em></strong></span> <span class='ocrx_word' id='word_1_739' title='bbox 2545 3174 2595 3225; x_wconf 90' lang='lat' dir='ltr'><strong><em>in</em></strong></span> <span class='ocrx_word' id='word_1_740' title='bbox 2621 3174 2815 3244; x_wconf 81' lang='lat' dir='ltr'><strong><em>linem,</em></strong></span> <span class='ocrx_word' id='word_1_741' title='bbox 2851 3173 2901 3226; x_wconf 91' lang='lat' dir='ltr'><strong><em>id</em></strong></span> <span class='ocrx_word' id='word_1_742' title='bbox 2926 3181 3008 3227; x_wconf 78' lang='lat' dir='ltr'><strong><em>(st</em></strong></span> <span class='ocrx_word' id='word_1_743' title='bbox 3045 3175 3095 3228; x_wconf 90' lang='lat' dir='ltr'><strong><em>in</em></strong></span> <span class='ocrx_word' id='word_1_744' title='bbox 3127 3175 3372 3246; x_wconf 74' lang='lat' dir='ltr'><strong><em>scipsum</em></strong></span> <span class='ocrx_word' id='word_1_745' title='bbox 3412 3176 3546 3234; x_wconf 88' lang='lat' dir='ltr'><strong><em>sicut.</em></strong></span> <span class='ocrx_word' id='word_1_746' title='bbox 3582 3177 3692 3232; x_wconf 83' lang='lat' dir='ltr'><strong><em>Dens</em></strong></span> <span class='ocrx_word' id='word_1_747' title='bbox 3711 3183 3762 3230; x_wconf 68' lang='lat' dir='ltr'><strong><em>est</em></strong></span> 
     </span>
    </p>
   </div>
   <div class='ocr_carea' id='block_1_91' title="bbox 2237 3263 3760 3342">
    <p class='ocr_par' dir='ltr' id='par_1_91' title="bbox 2237 3263 3760 3342">
     <span class='ocr_line' id='line_1_91' title="bbox 2237 3263 3760 3342; baseline 0.001 -24"><span class='ocrx_word' id='word_1_748' title='bbox 2237 3263 2729 3333; x_wconf 75' lang='grc' dir='ltr'><strong><em>ςοιιιριιιι·›1;ιιι‹1υιιι.</em></strong></span> <span class='ocrx_word' id='word_1_749' title='bbox 2763 3264 2908 3328; x_wconf 79' lang='lat' dir='ltr'><strong><em>Finis</em></strong></span> <span class='ocrx_word' id='word_1_750' title='bbox 2932 3267 3063 3320; x_wconf 87' lang='lat' dir='ltr'><strong><em>enim</em></strong></span> <span class='ocrx_word' id='word_1_751' title='bbox 3101 3265 3251 3342; x_wconf 79' lang='lat' dir='ltr'><strong><em>Legis</em></strong></span> <span class='ocrx_word' id='word_1_752' title='bbox 3285 3267 3542 3336; x_wconf 74' lang='lat' dir='ltr'><strong><em>Christus,</em></strong></span> <span class='ocrx_word' id='word_1_753' title='bbox 3567 3269 3624 3322; x_wconf 85' lang='lat' dir='ltr'><strong><em>ad</em></strong></span> <span class='ocrx_word' id='word_1_754' title='bbox 3653 3268 3760 3337; x_wconf 57' lang='lat' dir='ltr'><strong><em>justi-</em></strong></span> 
     </span>
    </p>
   </div>
   <div class='ocr_carea' id='block_1_92' title="bbox 2239 3357 3761 3434">
    <p class='ocr_par' dir='ltr' id='par_1_92' title="bbox 2239 3357 3761 3434">
     <span class='ocr_line' id='line_1_92' title="bbox 2239 3357 3761 3434; baseline 0.001 -24"><span class='ocrx_word' id='word_1_755' title='bbox 2239 3357 2359 3410; x_wconf 90' lang='lat' dir='ltr'><strong><em>tiam</em></strong></span> <span class='ocrx_word' id='word_1_756' title='bbox 2393 3358 2532 3410; x_wconf 88' lang='lat' dir='ltr'><strong><em>onmi</em></strong></span> <span class='ocrx_word' id='word_1_757' title='bbox 2583 3358 2801 3416; x_wconf 80' lang='lat' dir='ltr'><strong><em>credenti</em></strong></span> <span class='ocrx_word' id='word_1_758' title='bbox 2844 3359 3019 3428; x_wconf 80' lang='lat' dir='ltr'><strong><em>(llam.</em></strong></span> <span class='ocrx_word' id='word_1_759' title='bbox 3052 3375 3108 3426; x_wconf 68' lang='grc' dir='ltr'><strong>κ,</strong></span> <span class='ocrx_word' id='word_1_760' title='bbox 3138 3363 3213 3430; x_wconf 72' lang='grc'><strong><em>4).</em></strong></span> <span class='ocrx_word' id='word_1_761' title='bbox 3248 3361 3362 3426; x_wconf 77' lang='lat' dir='ltr'><strong><em>Deo</em></strong></span> <span class='ocrx_word' id='word_1_762' title='bbox 3417 3363 3588 3434; x_wconf 69' lang='lat' dir='ltr'><strong><em>itaque</em></strong></span> <span class='ocrx_word' id='word_1_763' title='bbox 3627 3360 3761 3432; x_wconf 73' lang='lat' dir='ltr'><strong><em>placuit</em></strong></span> 
     </span>
    </p>
   </div>
   <div class='ocr_carea' id='block_1_93' title="bbox 2238 3449 3762 3522">
    <p class='ocr_par' dir='ltr' id='par_1_93' title="bbox 2238 3449 3762 3522">
     <span class='ocr_line' id='line_1_93' title="bbox 2238 3449 3762 3522; baseline 0 -18"><span class='ocrx_word' id='word_1_764' title='bbox 2238 3449 2476 3505; x_wconf 87' lang='lat' dir='ltr'><strong><em>habitare</em></strong></span> <span class='ocrx_word' id='word_1_765' title='bbox 2506 3451 2558 3514; x_wconf 81' lang='lat' dir='ltr'><strong><em>in</em></strong></span> <span class='ocrx_word' id='word_1_766' title='bbox 2583 3452 2683 3505; x_wconf 78' lang='lat' dir='ltr'><strong><em>isto</em></strong></span> <span class='ocrx_word' id='word_1_767' title='bbox 2712 3463 2918 3520; x_wconf 70' lang='lat' dir='ltr'><strong><em>numte,</em></strong></span> <span class='ocrx_word' id='word_1_768' title='bbox 2941 3453 3030 3522; x_wconf 88' lang='lat' dir='ltr'><strong><em>qui</em></strong></span> <span class='ocrx_word' id='word_1_769' title='bbox 3059 3463 3277 3522; x_wconf 83' lang='lat' dir='ltr'><strong><em>paratus</em></strong></span> <span class='ocrx_word' id='word_1_770' title='bbox 3330 3463 3417 3512; x_wconf 82' lang='lat' dir='ltr'><strong><em>est</em></strong></span> <span class='ocrx_word' id='word_1_771' title='bbox 3466 3455 3518 3512; x_wconf 88' lang='lat' dir='ltr'><strong><em>in</em></strong></span> <span class='ocrx_word' id='word_1_772' title='bbox 3559 3452 3762 3514; x_wconf 74' lang='lat' dir='ltr'><strong><em>coeuntiue</em></strong></span> 
     </span>
    </p>
   </div>
   <div class='ocr_carea' id='block_1_94' title="bbox 2239 3543 3760 3614">
    <p class='ocr_par' dir='ltr' id='par_1_94' title="bbox 2239 3543 3760 3614">
     <span class='ocr_line' id='line_1_94' title="bbox 2239 3543 3760 3614; baseline 0 -19"><span class='ocrx_word' id='word_1_773' title='bbox 2239 3543 2529 3608; x_wconf 85' lang='lat' dir='ltr'><strong><em>montium;</em></strong></span> <span class='ocrx_word' id='word_1_774' title='bbox 2589 3545 2671 3600; x_wconf 86' lang='lat' dir='ltr'><strong><em>cui</em></strong></span> <span class='ocrx_word' id='word_1_775' title='bbox 2713 3544 2841 3604; x_wconf 85' lang='lat' dir='ltr'><strong><em>dicit</em></strong></span> <span class='ocrx_word' id='word_1_776' title='bbox 2875 3563 2885 3598; x_wconf 93' lang='lat'>:</span> <span class='ocrx_word' id='word_1_777' title='bbox 2915 3544 2989 3598; x_wconf 87' lang='lat' dir='ltr'><strong><em>Tu</em></strong></span> <span class='ocrx_word' id='word_1_778' title='bbox 3016 3563 3066 3600; x_wconf 83' lang='lat' dir='ltr'><strong><em>es</em></strong></span> <span class='ocrx_word' id='word_1_779' title='bbox 3118 3544 3287 3608; x_wconf 72' lang='lat' dir='ltr'><strong><em>Filius</em></strong></span> <span class='ocrx_word' id='word_1_780' title='bbox 3336 3564 3478 3610; x_wconf 76' lang='lat' dir='ltr'><strong><em>meus</em></strong></span> <span class='ocrx_word' id='word_1_781' title='bbox 3526 3545 3760 3614; x_wconf 71' lang='lat' dir='ltr'><strong><em>dilectus,in</em></strong></span> 
     </span>
    </p>
   </div>
   <div class='ocr_carea' id='block_1_95' title="bbox 2240 3634 3759 3714">
    <p class='ocr_par' dir='ltr' id='par_1_95' title="bbox 2240 3634 3759 3714">
     <span class='ocr_line' id='line_1_95' title="bbox 2240 3634 3759 3714; baseline 0.003 -29"><span class='ocrx_word' id='word_1_782' title='bbox 2240 3651 2336 3706; x_wconf 88' lang='lat' dir='ltr'><strong><em>quo</em></strong></span> <span class='ocrx_word' id='word_1_783' title='bbox 2371 3636 2386 3664; x_wconf 71' lang='grc' dir='ltr'>ί</span> <span class='ocrx_word' id='word_1_784' title='bbox 2423 3634 2545 3689; x_wconf 82' lang='lat' dir='ltr'><strong><em>bene</em></strong></span> <span class='ocrx_word' id='word_1_785' title='bbox 2615 3635 2899 3706; x_wconf 86' lang='lat' dir='ltr'><strong><em>complacui</em></strong></span> <span class='ocrx_word' id='word_1_786' title='bbox 2943 3634 3154 3708; x_wconf 84' lang='lat' dir='ltr'><strong><em>(Matth.</em></strong></span> <span class='ocrx_word' id='word_1_787' title='bbox 3197 3654 3278 3714; x_wconf 62' lang='lat' dir='ltr'><strong><em>tu,</em></strong></span> <span class='ocrx_word' id='word_1_788' title='bbox 3314 3640 3431 3711; x_wconf 70' lang='lat' dir='ltr'><strong><em>i7).</em></strong></span> <span class='ocrx_word' id='word_1_789' title='bbox 3477 3640 3588 3710; x_wconf 85' lang='lat' dir='ltr'><strong><em>Ipse</em></strong></span> <span class='ocrx_word' id='word_1_790' title='bbox 3640 3647 3759 3694; x_wconf 78' lang='lat' dir='ltr'><strong><em>autem</em></strong></span> 
     </span>
    </p>
   </div>
   <div class='ocr_carea' id='block_1_96' title="bbox 2242 3725 3756 3802">
    <p class='ocr_par' dir='ltr' id='par_1_96' title="bbox 2242 3725 3756 3802">
     <span class='ocr_line' id='line_1_96' title="bbox 2242 3725 3756 3802; baseline 0.004 -25"><span class='ocrx_word' id='word_1_791' title='bbox 2242 3741 2397 3778; x_wconf 87' lang='lat' dir='ltr'><strong><em>mons</em></strong></span> <span class='ocrx_word' id='word_1_792' title='bbox 2439 3725 2693 3780; x_wconf 89' lang='lat' dir='ltr'><strong><em>Dominus</em></strong></span> <span class='ocrx_word' id='word_1_793' title='bbox 2720 3737 2820 3791; x_wconf 88' lang='lat' dir='ltr'><strong><em>cst,</em></strong></span> <span class='ocrx_word' id='word_1_794' title='bbox 2858 3728 2945 3802; x_wconf 87' lang='lat' dir='ltr'><strong><em>qui</em></strong></span> <span class='ocrx_word' id='word_1_795' title='bbox 2987 3727 3123 3783; x_wconf 88' lang='lat' dir='ltr'><strong><em>alios</em></strong></span> <span class='ocrx_word' id='word_1_796' title='bbox 3162 3740 3378 3790; x_wconf 86' lang='lat' dir='ltr'><strong><em>montes</em></strong></span> <span class='ocrx_word' id='word_1_797' title='bbox 3411 3729 3693 3786; x_wconf 85' lang='lat' dir='ltr'><strong><em>inhabitabit</em></strong></span> <span class='ocrx_word' id='word_1_798' title='bbox 3725 3729 3756 3784; x_wconf 87' lang='lat' dir='ltr'><strong><em>in</em></strong></span> 
     </span>
    </p>
   </div>
   <div class='ocr_carea' id='block_1_97' title="bbox 2243 3817 3759 3894">
    <p class='ocr_par' dir='ltr' id='par_1_97' title="bbox 2243 3817 3759 3894">
     <span class='ocr_line' id='line_1_97' title="bbox 2243 3817 3759 3894; baseline 0.003 -25"><span class='ocrx_word' id='word_1_799' title='bbox 2243 3817 2425 3882; x_wconf 89' lang='lat' dir='ltr'><strong><em>linem,</em></strong></span> <span class='ocrx_word' id='word_1_800' title='bbox 2459 3818 2509 3870; x_wconf 89' lang='lat' dir='ltr'><strong><em>in</em></strong></span> <span class='ocrx_word' id='word_1_801' title='bbox 2538 3834 2764 3893; x_wconf 87' lang='lat' dir='ltr'><strong><em>quorum</em></strong></span> <span class='ocrx_word' id='word_1_802' title='bbox 2811 3819 3088 3880; x_wconf 83' lang='lat' dir='ltr'><strong><em>cacumine</em></strong></span> <span class='ocrx_word' id='word_1_803' title='bbox 3126 3831 3346 3894; x_wconf 60' lang='lat' dir='ltr'><strong><em>paratus</em></strong></span> <span class='ocrx_word' id='word_1_804' title='bbox 3377 3832 3479 3882; x_wconf 79' lang='lat' dir='ltr'><strong><em>est.</em></strong></span> <span class='ocrx_word' id='word_1_805' title='bbox 3529 3822 3652 3880; x_wconf 78' lang='lat' dir='ltr'><strong><em>Unus</em></strong></span> <span class='ocrx_word' id='word_1_806' title='bbox 3675 3821 3759 3876; x_wconf 58' lang='lat' dir='ltr'><strong><em>enim</em></strong></span> 
     </span>
    </p>
   </div>
   <div class='ocr_carea' id='block_1_98' title="bbox 2241 3893 3762 3977">
    <p class='ocr_par' dir='ltr' id='par_1_98' title="bbox 2241 3893 3762 3977">
     <span class='ocr_line' id='line_1_98' title="bbox 2241 3893 3762 3977; baseline 0.007 -17"><span class='ocrx_word' id='word_1_807' title='bbox 2241 3905 2400 3976; x_wconf 81' lang='lat' dir='ltr'><strong><em>Deus,</em></strong></span> <span class='ocrx_word' id='word_1_808' title='bbox 2430 3919 2474 3961; x_wconf 83' lang='lat' dir='ltr'><strong><em>et</em></strong></span> <span class='ocrx_word' id='word_1_809' title='bbox 2505 3926 2632 3965; x_wconf 87' lang='lat' dir='ltr'><strong><em>unus</em></strong></span> <span class='ocrx_word' id='word_1_810' title='bbox 2663 3909 2906 3966; x_wconf 76' lang='lat' dir='ltr'><strong><em>mediator</em></strong></span> <span class='ocrx_word' id='word_1_811' title='bbox 2933 3908 3029 3970; x_wconf 82' lang='lat' dir='ltr'><strong><em>Dei</em></strong></span> <span class='ocrx_word' id='word_1_812' title='bbox 3056 3920 3100 3964; x_wconf 90' lang='lat' dir='ltr'><strong><em>et</em></strong></span> <span class='ocrx_word' id='word_1_813' title='bbox 3135 3893 3407 3970; x_wconf 78' lang='lat' dir='ltr'><strong><em>hominum</em></strong></span> <span class='ocrx_word' id='word_1_814' title='bbox 3435 3915 3573 3977; x_wconf 82' lang='lat' dir='ltr'><strong><em>homo</em></strong></span> <span class='ocrx_word' id='word_1_815' title='bbox 3600 3912 3762 3976; x_wconf 60' lang='lat' dir='ltr'><strong><em>Clitum</em></strong></span> 
     </span>
    </p>
   </div>
   <div class='ocr_carea' id='block_1_99' title="bbox 2242 3997 3762 4072">
    <p class='ocr_par' dir='ltr' id='par_1_99' title="bbox 2242 3997 3762 4072">
     <span class='ocr_line' id='line_1_99' title="bbox 2242 3997 3762 4072; baseline 0.001 -20"><span class='ocrx_word' id='word_1_816' title='bbox 2242 3997 2393 4055; x_wconf 81' lang='lat' dir='ltr'><strong><em>Jesus</em></strong></span> <span class='ocrx_word' id='word_1_817' title='bbox 2421 4000 2462 4071; x_wconf 93' lang='lat' dir='ltr'><strong><em>(l</em></strong></span> <span class='ocrx_word' id='word_1_818' title='bbox 2488 3997 2622 4056; x_wconf 85' lang='lat' dir='ltr'><strong><em>Tim.</em></strong></span> <span class='ocrx_word' id='word_1_819' title='bbox 2654 4018 2709 4068; x_wconf 81' lang='grc' dir='ltr'><strong><em>ιι,</em></strong></span> <span class='ocrx_word' id='word_1_820' title='bbox 2736 4002 2812 4072; x_wconf 82' lang='grc'><strong><em>5),</em></strong></span> <span class='ocrx_word' id='word_1_821' title='bbox 2843 4017 2998 4068; x_wconf 78' lang='lat' dir='ltr'><strong><em>mons</em></strong></span> <span class='ocrx_word' id='word_1_822' title='bbox 3020 4004 3302 4070; x_wconf 86' lang='lat' dir='ltr'><strong><em>montium,</em></strong></span> <span class='ocrx_word' id='word_1_823' title='bbox 3332 4006 3762 4068; x_wconf 74' lang='lat' dir='ltr'><strong><em>sicutsanctnssan-</em></strong></span> 
     </span>
    </p>
   </div>
   <div class='ocr_carea' id='block_1_100' title="bbox 2243 4093 3760 4168">
    <p class='ocr_par' dir='ltr' id='par_1_100' title="bbox 2243 4093 3760 4168">
     <span class='ocr_line' id='line_1_100' title="bbox 2243 4093 3760 4168; baseline -0.001 -21"><span class='ocrx_word' id='word_1_824' title='bbox 2243 4103 2476 4147; x_wconf 78' lang='lat' dir='ltr'><strong><em>ciorum.</em></strong></span> <span class='ocrx_word' id='word_1_825' title='bbox 2540 4093 2686 4148; x_wconf 82' lang='lat' dir='ltr'><strong><em>Unde</em></strong></span> <span class='ocrx_word' id='word_1_826' title='bbox 2715 4093 2879 4154; x_wconf 84' lang='lat' dir='ltr'><strong><em>dicit:</em></strong></span> <span class='ocrx_word' id='word_1_827' title='bbox 2914 4094 3024 4166; x_wconf 75' lang='lat' dir='ltr'><strong><em>Ego</em></strong></span> <span class='ocrx_word' id='word_1_828' title='bbox 3061 4095 3113 4148; x_wconf 81' lang='lat' dir='ltr'><strong><em>in</em></strong></span> <span class='ocrx_word' id='word_1_829' title='bbox 3149 4096 3241 4168; x_wconf 69' lang='lat' dir='ltr'><strong><em>eis,</em></strong></span> <span class='ocrx_word' id='word_1_830' title='bbox 3293 4106 3342 4149; x_wconf 83' lang='lat' dir='ltr'><strong><em>et</em></strong></span> <span class='ocrx_word' id='word_1_831' title='bbox 3366 4107 3424 4160; x_wconf 68' lang='grc' dir='ltr'>ω</span> <span class='ocrx_word' id='word_1_832' title='bbox 3467 4099 3519 4160; x_wconf 74' lang='lat' dir='ltr'><strong><em>in.</em></strong></span> <span class='ocrx_word' id='word_1_833' title='bbox 3537 4094 3760 4166; x_wconf 65' lang='lat' dir='ltr'><strong><em>mellea&quot;.</em></strong></span> 
     </span>
    </p>
   </div>
   <div class='ocr_carea' id='block_1_101' title="bbox 2244 4183 3758 4258">
    <p class='ocr_par' dir='ltr' id='par_1_101' title="bbox 2244 4183 3758 4258">
     <span class='ocr_line' id='line_1_101' title="bbox 2244 4183 3758 4258; baseline 0.004 -18"><span class='ocrx_word' id='word_1_834' title='bbox 2244 4202 2378 4251; x_wconf 84' lang='lat' dir='ltr'><strong><em>xvu,</em></strong></span> <span class='ocrx_word' id='word_1_835' title='bbox 2411 4187 2527 4255; x_wconf 74' lang='lat'><strong><em>9.5).</em></strong></span> <span class='ocrx_word' id='word_1_836' title='bbox 2558 4183 2745 4258; x_wconf 84' lang='lat' dir='ltr'><strong><em>thuid</em></strong></span> <span class='ocrx_word' id='word_1_837' title='bbox 2771 4204 2898 4257; x_wconf 82' lang='lat' dir='ltr'><strong><em>ergo</em></strong></span> <span class='ocrx_word' id='word_1_838' title='bbox 2938 4189 3268 4258; x_wconf 82' lang='lat' dir='ltr'><strong><em>suspicumini</em></strong></span> <span class='ocrx_word' id='word_1_839' title='bbox 3313 4201 3508 4256; x_wconf 74' lang='lat' dir='ltr'><strong><em>montes</em></strong></span> <span class='ocrx_word' id='word_1_840' title='bbox 3531 4192 3758 4248; x_wconf 65' lang='lat' dir='ltr'><strong><em>incusantes.</em></strong></span> 
     </span>
    </p>
   </div>
   <div class='ocr_carea' id='block_1_102' title="bbox 2247 4278 3759 4351">
    <p class='ocr_par' dir='ltr' id='par_1_102' title="bbox 2247 4278 3759 4351">
     <span class='ocr_line' id='line_1_102' title="bbox 2247 4278 3759 4351; baseline 0.004 -21"><span class='ocrx_word' id='word_1_841' title='bbox 2247 4288 2460 4332; x_wconf 86' lang='lat' dir='ltr'><strong><em>montem</em></strong></span> <span class='ocrx_word' id='word_1_842' title='bbox 2493 4280 2541 4332; x_wconf 88' lang='lat' dir='ltr'><strong><em>iu</em></strong></span> <span class='ocrx_word' id='word_1_843' title='bbox 2571 4295 2669 4351; x_wconf 85' lang='lat' dir='ltr'><strong><em>quo</em></strong></span> <span class='ocrx_word' id='word_1_844' title='bbox 2707 4280 2892 4349; x_wconf 80' lang='lat' dir='ltr'><strong><em>placuit</em></strong></span> <span class='ocrx_word' id='word_1_845' title='bbox 2935 4279 3045 4336; x_wconf 80' lang='lat' dir='ltr'><strong><em>Deo</em></strong></span> <span class='ocrx_word' id='word_1_846' title='bbox 3085 4281 3374 4340; x_wconf 83' lang='lat' dir='ltr'><strong><em>inhabitare</em></strong></span> <span class='ocrx_word' id='word_1_847' title='bbox 3413 4283 3579 4344; x_wconf 66' lang='lat' dir='ltr'><strong><em>meo?</em></strong></span> <span class='ocrx_word' id='word_1_848' title='bbox 3613 4278 3759 4340; x_wconf 75' lang='lat' dir='ltr'><strong><em>Etenim</em></strong></span> 
     </span>
    </p>
   </div>
   <div class='ocr_carea' id='block_1_103' title="bbox 2247 4372 3759 4444">
    <p class='ocr_par' dir='ltr' id='par_1_103' title="bbox 2247 4372 3759 4444">
     <span class='ocr_line' id='line_1_103' title="bbox 2247 4372 3759 4444; baseline 0.001 -18"><span class='ocrx_word' id='word_1_849' title='bbox 2247 4383 2457 4428; x_wconf 86' lang='lat' dir='ltr'><strong><em>montes</em></strong></span> <span class='ocrx_word' id='word_1_850' title='bbox 2480 4373 2597 4426; x_wconf 88' lang='lat' dir='ltr'><strong><em>illos</em></strong></span> <span class='ocrx_word' id='word_1_851' title='bbox 2628 4372 2924 4434; x_wconf 74' lang='lat' dir='ltr'><strong><em>incascatos</em></strong></span> <span class='ocrx_word' id='word_1_852' title='bbox 2958 4373 3216 4434; x_wconf 79' lang='lat' dir='ltr'><strong><em>Dominus</em></strong></span> <span class='ocrx_word' id='word_1_853' title='bbox 3243 4373 3377 4444; x_wconf 78' lang='lat' dir='ltr'><strong><em>iste,</em></strong></span> <span class='ocrx_word' id='word_1_854' title='bbox 3419 4391 3562 4438; x_wconf 79' lang='lat' dir='ltr'><strong><em>mons</em></strong></span> <span class='ocrx_word' id='word_1_855' title='bbox 3587 4375 3759 4429; x_wconf 62' lang='lat' dir='ltr'><strong><em>intesta-</em></strong></span> 
     </span>
    </p>
   </div>
   <div class='ocr_carea' id='block_1_104' title="bbox 2249 4462 3759 4539">
    <p class='ocr_par' dir='ltr' id='par_1_104' title="bbox 2249 4462 3759 4539">
     <span class='ocr_line' id='line_1_104' title="bbox 2249 4462 3759 4539; baseline 0 -19"><span class='ocrx_word' id='word_1_856' title='bbox 2249 4475 2352 4532; x_wconf 81' lang='lat' dir='ltr'><strong><em>lus,</em></strong></span> <span class='ocrx_word' id='word_1_857' title='bbox 2386 4465 2698 4520; x_wconf 83' lang='lat' dir='ltr'><strong><em>inhabitabit</em></strong></span> <span class='ocrx_word' id='word_1_858' title='bbox 2745 4482 2910 4538; x_wconf 79' lang='lat' dir='ltr'><strong><em>usque</em></strong></span> <span class='ocrx_word' id='word_1_859' title='bbox 2941 4466 2998 4522; x_wconf 89' lang='lat' dir='ltr'><strong><em>iu</em></strong></span> <span class='ocrx_word' id='word_1_860' title='bbox 3048 4470 3228 4534; x_wconf 74' lang='lat' dir='ltr'><strong><em>ﬁnem,</em></strong></span> <span class='ocrx_word' id='word_1_861' title='bbox 3264 4477 3324 4525; x_wconf 87' lang='lat' dir='ltr'><strong><em>ut</em></strong></span> <span class='ocrx_word' id='word_1_862' title='bbox 3347 4468 3538 4539; x_wconf 68' lang='lat' dir='ltr'><strong><em>aliquid</em></strong></span> <span class='ocrx_word' id='word_1_863' title='bbox 3567 4467 3654 4522; x_wconf 83' lang='lat' dir='ltr'><strong><em>sint</em></strong></span> <span class='ocrx_word' id='word_1_864' title='bbox 3684 4462 3759 4532; x_wconf 79' lang='lat' dir='ltr'><strong><em>qui-</em></strong></span> 
     </span>
    </p>
   </div>
   <div class='ocr_carea' id='block_1_105' title="bbox 2248 4546 3757 4640">
    <p class='ocr_par' dir='ltr' id='par_1_105' title="bbox 2248 4546 3757 4640">
     <span class='ocr_line' id='line_1_105' title="bbox 2248 4546 3757 4640; baseline -0.004 -24"><span class='ocrx_word' id='word_1_865' title='bbox 2248 4559 2347 4616; x_wconf 82' lang='lat' dir='ltr'><strong><em>bus</em></strong></span> <span class='ocrx_word' id='word_1_866' title='bbox 2375 4559 2450 4614; x_wconf 88' lang='lat' dir='ltr'><strong><em>ait</em></strong></span> <span class='ocrx_word' id='word_1_867' title='bbox 2482 4578 2493 4613; x_wconf 91' lang='lat'><strong>:</strong></span> <span class='ocrx_word' id='word_1_868' title='bbox 2526 4558 2656 4623; x_wconf 82' lang='lat' dir='ltr'><strong><em>Quia</em></strong></span> <span class='ocrx_word' id='word_1_869' title='bbox 2684 4560 2793 4622; x_wconf 78' lang='lat' dir='ltr'><strong><em>sine</em></strong></span> <span class='ocrx_word' id='word_1_870' title='bbox 2816 4575 2893 4614; x_wconf 83' lang='lat' dir='ltr'><strong><em>me</em></strong></span> <span class='ocrx_word' id='word_1_871' title='bbox 2916 4559 3044 4618; x_wconf 79' lang='lat' dir='ltr'><strong><em>nihil</em></strong></span> <span class='ocrx_word' id='word_1_872' title='bbox 3084 4546 3294 4640; x_wconf 65' lang='lat' dir='ltr'><strong><em>potestis</em></strong></span> <span class='ocrx_word' id='word_1_873' title='bbox 3313 4564 3480 4632; x_wconf 62' lang='lat' dir='ltr'><strong><em>facere</em></strong></span> <span class='ocrx_word' id='word_1_874' title='bbox 3500 4558 3594 4632; x_wconf 81' lang='lat' dir='ltr'><strong><em>(Id.</em></strong></span> <span class='ocrx_word' id='word_1_875' title='bbox 3619 4573 3686 4618; x_wconf 78' lang='lat' dir='ltr'><strong><em>xv.</em></strong></span> <span class='ocrx_word' id='word_1_876' title='bbox 3706 4553 3757 4618; x_wconf 68' lang='grc' dir='ltr'><strong><em>ὅ).</em></strong></span> 
     </span>
    </p>
   </div>
   <div class='ocr_carea' id='block_1_106' title="bbox 2319 4649 3758 4728">
    <p class='ocr_par' dir='ltr' id='par_1_106' title="bbox 2319 4649 3758 4728">
     <span class='ocr_line' id='line_1_106' title="bbox 2319 4649 3758 4728; baseline -0.004 -22"><span class='ocrx_word' id='word_1_877' title='bbox 2319 4651 2411 4712; x_wconf 64' lang='grc'><strong><em>24,</em></strong></span> <span class='ocrx_word' id='word_1_878' title='bbox 2443 4649 2592 4728; x_wconf 58' lang='grc' dir='ltr'><strong><em>[ΒίὟδε</em></strong></span> <span class='ocrx_word' id='word_1_879' title='bbox 2620 4650 2736 4724; x_wconf 76' lang='grc'><strong><em>18.]</em></strong></span> <span class='ocrx_word' id='word_1_880' title='bbox 2761 4651 2834 4706; x_wconf 87' lang='lat' dir='ltr'><strong><em>ita</em></strong></span> <span class='ocrx_word' id='word_1_881' title='bbox 2864 4652 2922 4708; x_wconf 90' lang='lat' dir='ltr'><strong><em>ﬁt</em></strong></span> <span class='ocrx_word' id='word_1_882' title='bbox 2954 4653 3114 4708; x_wconf 80' lang='lat' dir='ltr'><strong><em>etiam</em></strong></span> <span class='ocrx_word' id='word_1_883' title='bbox 3157 4653 3300 4724; x_wconf 83' lang='lat' dir='ltr'><strong><em>quod</em></strong></span> <span class='ocrx_word' id='word_1_884' title='bbox 3346 4657 3605 4724; x_wconf 68' lang='lat' dir='ltr'><strong><em>sequitur:</em></strong></span> <span class='ocrx_word' id='word_1_885' title='bbox 3629 4650 3758 4706; x_wconf 66' lang='lat' dir='ltr'><strong><em>Cum:</em></strong></span> 
     </span>
    </p>
   </div>
   <div class='ocr_carea' id='block_1_107' title="bbox 2247 4743 3755 4818">
    <p class='ocr_par' dir='ltr' id='par_1_107' title="bbox 2247 4743 3755 4818">
     <span class='ocr_line' id='line_1_107' title="bbox 2247 4743 3755 4818; baseline -0.007 -15"><span class='ocrx_word' id='word_1_886' title='bbox 2247 4747 2346 4810; x_wconf 74' lang='lat' dir='ltr'><strong><em>Dei</em></strong></span> <span class='ocrx_word' id='word_1_887' title='bbox 2375 4748 2544 4804; x_wconf 83' lang='lat' dir='ltr'><strong><em>decem</em></strong></span> <span class='ocrx_word' id='word_1_888' title='bbox 2585 4749 2801 4802; x_wconf 81' lang='lat' dir='ltr'><strong><em>millium</em></strong></span> <span class='ocrx_word' id='word_1_889' title='bbox 2854 4747 3159 4818; x_wconf 63' lang='lat' dir='ltr'><strong><em>multiplex;</em></strong></span> <span class='ocrx_word' id='word_1_890' title='bbox 3200 4749 3308 4812; x_wconf 82' lang='lat' dir='ltr'><strong><em>vel,</em></strong></span> <span class='ocrx_word' id='word_1_891' title='bbox 3375 4750 3550 4810; x_wconf 67' lang='lat' dir='ltr'><strong><em>demta:</em></strong></span> <span class='ocrx_word' id='word_1_892' title='bbox 3605 4743 3755 4798; x_wconf 70' lang='lat' dir='ltr'><strong><em>millium</em></strong></span> 
     </span>
    </p>
   </div>
   <div class='ocr_carea' id='block_1_108' title="bbox 2250 4836 3752 4911">
    <p class='ocr_par' dir='ltr' id='par_1_108' title="bbox 2250 4836 3752 4911">
     <span class='ocr_line' id='line_1_108' title="bbox 2250 4836 3752 4911; baseline -0.006 -18"><span class='ocrx_word' id='word_1_893' title='bbox 2250 4840 2537 4910; x_wconf 74' lang='lat' dir='ltr'><strong><em>multiplex;</em></strong></span> <span class='ocrx_word' id='word_1_894' title='bbox 2563 4840 2664 4908; x_wconf 84' lang='lat' dir='ltr'><strong><em>vel,</em></strong></span> <span class='ocrx_word' id='word_1_895' title='bbox 2699 4838 2859 4896; x_wconf 79' lang='lat' dir='ltr'><strong><em>decies</em></strong></span> <span class='ocrx_word' id='word_1_896' title='bbox 2883 4839 3064 4906; x_wconf 77' lang='lat' dir='ltr'><strong><em>millies</em></strong></span> <span class='ocrx_word' id='word_1_897' title='bbox 3094 4841 3387 4911; x_wconf 51' lang='lat' dir='ltr'><strong><em>multiplex.</em></strong></span> <span class='ocrx_word' id='word_1_898' title='bbox 3419 4836 3752 4902; x_wconf 67' lang='lat' dir='ltr'><strong><em>Uuutuverlmm</em></strong></span> 
     </span>
    </p>
   </div>
   <div class='ocr_carea' id='block_1_109' title="bbox 2249 4930 3752 5002">
    <p class='ocr_par' dir='ltr' id='par_1_109' title="bbox 2249 4930 3752 5002">
     <span class='ocr_line' id='line_1_109' title="bbox 2249 4930 3752 5002; baseline -0.008 -15"><span class='ocrx_word' id='word_1_899' title='bbox 2249 4934 2390 4987; x_wconf 91' lang='lat' dir='ltr'><strong><em>enim</em></strong></span> <span class='ocrx_word' id='word_1_900' title='bbox 2420 4949 2648 5001; x_wconf 70' lang='lat' dir='ltr'><strong><em>grmcum</em></strong></span> <span class='ocrx_word' id='word_1_901' title='bbox 2681 4933 2816 4986; x_wconf 88' lang='lat' dir='ltr'><strong><em>sicut</em></strong></span> <span class='ocrx_word' id='word_1_902' title='bbox 2851 4933 3074 5002; x_wconf 89' lang='lat' dir='ltr'><strong><em>quisque</em></strong></span> <span class='ocrx_word' id='word_1_903' title='bbox 3117 4935 3286 5002; x_wconf 83' lang='lat' dir='ltr'><strong><em>potuit</em></strong></span> <span class='ocrx_word' id='word_1_904' title='bbox 3327 4933 3593 4989; x_wconf 81' lang='lat' dir='ltr'><strong><em>latinorum</em></strong></span> <span class='ocrx_word' id='word_1_905' title='bbox 3641 4930 3752 4982; x_wconf 79' lang='lat' dir='ltr'><strong><em>inter-</em></strong></span> 
     </span>
    </p>
   </div>
   <div class='ocr_carea' id='block_1_110' title="bbox 2251 5023 3750 5096">
    <p class='ocr_par' dir='ltr' id='par_1_110' title="bbox 2251 5023 3750 5096">
     <span class='ocr_line' id='line_1_110' title="bbox 2251 5023 3750 5096; baseline -0.008 -19"><span class='ocrx_word' id='word_1_906' title='bbox 2251 5033 2458 5093; x_wconf 76' lang='lat' dir='ltr'><strong><em>pretum</em></strong></span> <span class='ocrx_word' id='word_1_907' title='bbox 2491 5024 2777 5090; x_wconf 84' lang='lat' dir='ltr'><strong><em>transtulit,</em></strong></span> <span class='ocrx_word' id='word_1_908' title='bbox 2801 5023 2942 5096; x_wconf 85' lang='lat' dir='ltr'><strong><em>quod</em></strong></span> <span class='ocrx_word' id='word_1_909' title='bbox 2980 5024 3051 5079; x_wconf 88' lang='lat' dir='ltr'><strong><em>ibi</em></strong></span> <span class='ocrx_word' id='word_1_910' title='bbox 3091 5024 3292 5082; x_wconf 87' lang='lat' dir='ltr'><strong><em>dictum</em></strong></span> <span class='ocrx_word' id='word_1_911' title='bbox 3319 5035 3421 5086; x_wconf 78' lang='lat' dir='ltr'><strong><em>est.</em></strong></span> <span class='ocrx_word' id='word_1_912' title='bbox 3474 5024 3750 5094; x_wconf 65' lang='lat' dir='ltr'><strong><em>pupwx‘n‘um.</em></strong></span> 
     </span>
    </p>
   </div>
   <div class='ocr_carea' id='block_1_111' title="bbox 2251 5108 3749 5188">
    <p class='ocr_par' dir='ltr' id='par_1_111' title="bbox 2251 5108 3749 5188">
     <span class='ocr_line' id='line_1_111' title="bbox 2251 5108 3749 5188; baseline -0.009 -19"><span class='ocrx_word' id='word_1_913' title='bbox 2251 5116 2442 5174; x_wconf 84' lang='lat' dir='ltr'><strong><em>Latine</em></strong></span> <span class='ocrx_word' id='word_1_914' title='bbox 2494 5125 2671 5170; x_wconf 86' lang='lat' dir='ltr'><strong><em>autem</em></strong></span> <span class='ocrx_word' id='word_1_915' title='bbox 2717 5117 2844 5172; x_wconf 82' lang='lat' dir='ltr'><strong><em>satis</em></strong></span> <span class='ocrx_word' id='word_1_916' title='bbox 2893 5117 3121 5186; x_wconf 71' lang='lat' dir='ltr'><strong><em>catprimi</em></strong></span> <span class='ocrx_word' id='word_1_917' title='bbox 3186 5132 3293 5182; x_wconf 83' lang='lat' dir='ltr'><strong><em>non</em></strong></span> <span class='ocrx_word' id='word_1_918' title='bbox 3343 5108 3749 5188; x_wconf 68' lang='lat' dir='ltr'><strong><em>potuit:quonum</em></strong></span> 
     </span>
    </p>
   </div>
   <div class='ocr_carea' id='block_1_112' title="bbox 2254 5213 3748 5284">
    <p class='ocr_par' dir='ltr' id='par_1_112' title="bbox 2254 5213 3748 5284">
     <span class='ocr_line' id='line_1_112' title="bbox 2254 5213 3748 5284; baseline -0.01 -17"><span class='ocrx_word' id='word_1_919' title='bbox 2254 5214 2398 5268; x_wconf 86' lang='lat' dir='ltr'><strong><em>mille</em></strong></span> <span class='ocrx_word' id='word_1_920' title='bbox 2450 5213 2589 5282; x_wconf 87' lang='lat' dir='ltr'><strong><em>apud</em></strong></span> <span class='ocrx_word' id='word_1_921' title='bbox 2619 5213 2836 5268; x_wconf 64' lang='lat' dir='ltr'><strong><em>(Succos</em></strong></span> <span class='ocrx_word' id='word_1_922' title='bbox 2875 5221 3015 5283; x_wconf 67' lang='grc' dir='ltr'><strong><em>χίλια</em></strong></span> <span class='ocrx_word' id='word_1_923' title='bbox 3061 5215 3329 5280; x_wconf 83' lang='lat' dir='ltr'><strong><em>dicuntur,</em></strong></span> <span class='ocrx_word' id='word_1_924' title='bbox 3379 5218 3586 5284; x_wconf 64' lang='grc' dir='ltr'><strong><em>μυριάδες</em></strong></span> <span class='ocrx_word' id='word_1_925' title='bbox 3631 5217 3748 5260; x_wconf 69' lang='lat' dir='ltr'><strong><em>antur</em></strong></span> 
     </span>
    </p>
   </div>
   <div class='ocr_carea' id='block_1_113' title="bbox 2254 5297 3746 5379">
    <p class='ocr_par' dir='ltr' id='par_1_113' title="bbox 2254 5297 3746 5379">
     <span class='ocr_line' id='line_1_113' title="bbox 2254 5297 3746 5379; baseline -0.006 -22"><span class='ocrx_word' id='word_1_926' title='bbox 2254 5307 2404 5376; x_wconf 85' lang='lat' dir='ltr'><strong><em>plura</em></strong></span> <span class='ocrx_word' id='word_1_927' title='bbox 2435 5305 2571 5362; x_wconf 76' lang='lat' dir='ltr'><strong><em>dena</em></strong></span> <span class='ocrx_word' id='word_1_928' title='bbox 2613 5307 2804 5370; x_wconf 82' lang='lat' dir='ltr'><strong><em>millia;</em></strong></span> <span class='ocrx_word' id='word_1_929' title='bbox 2832 5315 3001 5378; x_wconf 65' lang='grc' dir='ltr'><strong><em>μυριὰς</em></strong></span> <span class='ocrx_word' id='word_1_930' title='bbox 3041 5310 3237 5379; x_wconf 83' lang='lat' dir='ltr'><strong><em>quippe</em></strong></span> <span class='ocrx_word' id='word_1_931' title='bbox 3272 5325 3406 5372; x_wconf 64' lang='lat' dir='ltr'><strong><em>una,</em></strong></span> <span class='ocrx_word' id='word_1_932' title='bbox 3451 5308 3611 5364; x_wconf 64' lang='lat' dir='ltr'><strong><em>decem</em></strong></span> <span class='ocrx_word' id='word_1_933' title='bbox 3641 5297 3746 5354; x_wconf 65' lang='lat' dir='ltr'><strong><em>millia</em></strong></span> 
     </span>
    </p>
   </div>
   <div class='ocr_carea' id='block_1_114' title="bbox 2255 5397 3746 5469">
    <p class='ocr_par' dir='ltr' id='par_1_114' title="bbox 2255 5397 3746 5469">
     <span class='ocr_line' id='line_1_114' title="bbox 2255 5397 3746 5469; baseline -0.002 -17"><span class='ocrx_word' id='word_1_934' title='bbox 2255 5408 2398 5452; x_wconf 81' lang='lat' dir='ltr'><strong><em>sunt.</em></strong></span> <span class='ocrx_word' id='word_1_935' title='bbox 2433 5397 2706 5469; x_wconf 78' lang='lat' dir='ltr'><strong><em>Ingentem</em></strong></span> <span class='ocrx_word' id='word_1_936' title='bbox 2733 5399 2909 5469; x_wconf 88' lang='lat' dir='ltr'><strong><em>itaque</em></strong></span> <span class='ocrx_word' id='word_1_937' title='bbox 2938 5400 3332 5457; x_wconf 80' lang='lat' dir='ltr'><strong><em>multitudinem</em></strong></span> <span class='ocrx_word' id='word_1_938' title='bbox 3350 5409 3624 5456; x_wconf 83' lang='lat' dir='ltr'><strong><em>sanctorum</em></strong></span> <span class='ocrx_word' id='word_1_939' title='bbox 3641 5399 3746 5457; x_wconf 67' lang='grc' dir='ltr'><strong><em>ειιιιιιε</em></strong></span> 
     </span>
    </p>
   </div>
   <div class='ocr_carea' id='block_1_115' title="bbox 2258 5487 3742 5564">
    <p class='ocr_par' dir='ltr' id='par_1_115' title="bbox 2258 5487 3742 5564">
     <span class='ocr_line' id='line_1_115' title="bbox 2258 5487 3742 5564; baseline -0.004 -21"><span class='ocrx_word' id='word_1_940' title='bbox 2258 5488 2514 5556; x_wconf 87' lang='lat' dir='ltr'><strong><em>ﬁdelium,</em></strong></span> <span class='ocrx_word' id='word_1_941' title='bbox 2542 5491 2630 5560; x_wconf 90' lang='lat' dir='ltr'><strong><em>qui</em></strong></span> <span class='ocrx_word' id='word_1_942' title='bbox 2657 5492 2914 5560; x_wconf 83' lang='lat' dir='ltr'><strong><em>portaudo</em></strong></span> <span class='ocrx_word' id='word_1_943' title='bbox 2946 5493 3110 5550; x_wconf 85' lang='lat' dir='ltr'><strong><em>Deum</em></strong></span> <span class='ocrx_word' id='word_1_944' title='bbox 3134 5496 3266 5549; x_wconf 89' lang='lat' dir='ltr'><strong><em>ﬁunt</em></strong></span> <span class='ocrx_word' id='word_1_945' title='bbox 3285 5487 3640 5564; x_wconf 73' lang='lat' dir='ltr'><strong><em>quodaiuuuulu</em></strong></span> <span class='ocrx_word' id='word_1_946' title='bbox 3660 5495 3742 5537; x_wconf 82' lang='lat' dir='ltr'><strong><em>cur-</em></strong></span> 
     </span>
    </p>
   </div>
   <div class='ocr_carea' id='block_1_116' title="bbox 2255 5577 3741 5654">
    <p class='ocr_par' dir='ltr' id='par_1_116' title="bbox 2255 5577 3741 5654">
     <span class='ocr_line' id='line_1_116' title="bbox 2255 5577 3741 5654; baseline -0.003 -16"><span class='ocrx_word' id='word_1_947' title='bbox 2255 5598 2345 5638; x_wconf 81' lang='lat' dir='ltr'><strong><em>rus</em></strong></span> <span class='ocrx_word' id='word_1_948' title='bbox 2364 5583 2480 5647; x_wconf 85' lang='lat' dir='ltr'><strong><em>Dei,</em></strong></span> <span class='ocrx_word' id='word_1_949' title='bbox 2512 5584 2828 5654; x_wconf 80' lang='lat' dir='ltr'><strong><em>signiﬁcavit</em></strong></span> <span class='ocrx_word' id='word_1_950' title='bbox 2854 5585 2958 5642; x_wconf 85' lang='lat' dir='ltr'><strong><em>hoc</em></strong></span> <span class='ocrx_word' id='word_1_951' title='bbox 2997 5588 3228 5645; x_wconf 80' lang='lat' dir='ltr'><strong><em>nomine.</em></strong></span> <span class='ocrx_word' id='word_1_952' title='bbox 3255 5588 3394 5645; x_wconf 85' lang='lat' dir='ltr'><strong><em>Hanc</em></strong></span> <span class='ocrx_word' id='word_1_953' title='bbox 3415 5577 3741 5642; x_wconf 65' lang='lat' dir='ltr'><strong><em>iiumanendot‘l</em></strong></span> 
     </span>
    </p>
   </div>
   <div class='ocr_carea' id='block_1_117' title="bbox 2254 5674 3730 5752">
    <p class='ocr_par' dir='ltr' id='par_1_117' title="bbox 2254 5674 3730 5752">
     <span class='ocr_line' id='line_1_117' title="bbox 2254 5674 3730 5752; baseline -0.006 -24"><span class='ocrx_word' id='word_1_954' title='bbox 2254 5674 2492 5745; x_wconf 81' lang='lat' dir='ltr'><strong><em>regendo</em></strong></span> <span class='ocrx_word' id='word_1_955' title='bbox 2533 5677 2776 5745; x_wconf 81' lang='lat' dir='ltr'><strong><em>perducit</em></strong></span> <span class='ocrx_word' id='word_1_956' title='bbox 2819 5678 2876 5733; x_wconf 89' lang='lat' dir='ltr'><strong><em>in</em></strong></span> <span class='ocrx_word' id='word_1_957' title='bbox 2919 5679 3084 5746; x_wconf 69' lang='lat' dir='ltr'><strong><em>linem</em></strong></span> <span class='ocrx_word' id='word_1_958' title='bbox 3122 5689 3366 5752; x_wconf 70' lang='lat' dir='ltr'><strong><em>tanquam</em></strong></span> <span class='ocrx_word' id='word_1_959' title='bbox 3403 5692 3591 5736; x_wconf 66' lang='lat' dir='ltr'><strong><em>currum</em></strong></span> <span class='ocrx_word' id='word_1_960' title='bbox 3627 5678 3730 5724; x_wconf 79' lang='lat' dir='ltr'><strong><em>senm</em></strong></span> 
     </span>
    </p>
   </div>
   <div class='ocr_carea' id='block_1_118' title="bbox 2319 5813 3727 5880">
    <p class='ocr_par' dir='ltr' id='par_1_118' title="bbox 2319 5813 3727 5880">
     <span class='ocr_line' id='line_1_118' title="bbox 2319 5813 3727 5880; baseline 0.004 -16"><span class='ocrx_word' id='word_1_961' title='bbox 2319 5816 2340 5850; x_wconf 75' lang='grc' dir='ltr'><strong><em>ι</em></strong></span> <span class='ocrx_word' id='word_1_962' title='bbox 2375 5821 2448 5864; x_wconf 74' lang='lat' dir='ltr'><strong><em>Er.</em></strong></span> <span class='ocrx_word' id='word_1_963' title='bbox 2477 5825 2528 5868; x_wconf 90' lang='lat' dir='ltr'><strong><em>et</em></strong></span> <span class='ocrx_word' id='word_1_964' title='bbox 2549 5823 2682 5873; x_wconf 72' lang='grc' dir='ltr'><strong>πον..</strong></span> <span class='ocrx_word' id='word_1_965' title='bbox 2705 5817 2758 5868; x_wconf 85' lang='lat' dir='ltr'><strong><em>in</em></strong></span> <span class='ocrx_word' id='word_1_966' title='bbox 2790 5831 2882 5880; x_wconf 85' lang='lat' dir='ltr'><strong><em>quo</em></strong></span> <span class='ocrx_word' id='word_1_967' title='bbox 2904 5818 3041 5873; x_wconf 79' lang='lat' dir='ltr'><strong><em>mihi.</em></strong></span> <span class='ocrx_word' id='word_1_968' title='bbox 3081 5821 3224 5873; x_wconf 77' lang='lat' dir='ltr'><strong><em>Abest</em></strong></span> <span class='ocrx_word' id='word_1_969' title='bbox 3263 5819 3378 5872; x_wconf 85' lang='lat' dir='ltr'><strong><em>mihi</em></strong></span> <span class='ocrx_word' id='word_1_970' title='bbox 3407 5820 3464 5872; x_wconf 79' lang='lat' dir='ltr'><strong><em>ab</em></strong></span> <span class='ocrx_word' id='word_1_971' title='bbox 3491 5825 3578 5868; x_wconf 76' lang='lat' dir='ltr'><strong><em>Am.</em></strong></span> <span class='ocrx_word' id='word_1_972' title='bbox 3598 5813 3727 5861; x_wconf 47' lang='lat' dir='ltr'><strong><em>et”</em></strong></span> 
     </span>
    </p>
   </div>
   <div class='ocr_carea' id='block_1_119' title="bbox 2256 5882 2939 5944">
    <p class='ocr_par' dir='ltr' id='par_1_119' title="bbox 2256 5882 2939 5944">
     <span class='ocr_line' id='line_1_119' title="bbox 2256 5882 2939 5944; baseline 0.009 -17"><span class='ocrx_word' id='word_1_973' title='bbox 2256 5890 2352 5928; x_wconf 85' lang='lat' dir='ltr'><strong><em>nec</em></strong></span> <span class='ocrx_word' id='word_1_974' title='bbox 2374 5887 2538 5931; x_wconf 78' lang='lat' dir='ltr'><strong><em>exstat</em></strong></span> <span class='ocrx_word' id='word_1_975' title='bbox 2559 5882 2608 5930; x_wconf 86' lang='lat' dir='ltr'><strong><em>in</em></strong></span> <span class='ocrx_word' id='word_1_976' title='bbox 2627 5895 2790 5944; x_wconf 65' lang='lat' dir='ltr'><strong><em>graeco</em></strong></span> <span class='ocrx_word' id='word_1_977' title='bbox 2809 5889 2939 5933; x_wconf 74' lang='lat' dir='ltr'><strong><em>LXX.</em></strong></span> 
     </span>
    </p>
   </div>
  </div>
