3912 6458
1101 403 1104 408 -
1210 358 1610 422 ΕΝΑΒΒΑἸῚΟ
1645 355 1713 413 IN
1751 351 2077 416 mttunt
2115 360 2319 419 LXVII.

3315 370 3425 430 830

175 507 312 564 velut
350 502 402 557 io
452 497 632 554 locum
673 493 903 566 aliquae
948 488 1290 546 destinatum.
1335 478 1550 535 Initium
1591 474 1736 536 enim

1885 479 1982 534 nde
2019 481 2098 535 eis
2137 479 2347 546 dicitur,
2399 480 2500 535 Vas
2545 490 2710 537 autem
2754 483 2876 539 estis
2913 499 3096 557 corpus
3145 484 3335 544 Christi
3377 501 3431 560 et

177 603 424 661 Christus;
464 593 645 651 deinde
663 591 752 659 qui
783 596 898 644 sunt
949 581 1140 641 Christi
1175 580 1230 633 in
1276 574 1545 649 pressistis:
1594 573 1738 642 eius;

180 691 346 750 deinde
370 686 484 756 ﬁnis
517 683 558 756 (l
584 682 702 739 Cor.
724 697 812 747 xv,
838 678 928 743 15,
951 677 1064 747 υ).
1100 674 1226 728 llaec
1248 679 1331 726 est
1356 675 1535 724 sancta
1563 663 1746 756 Eccle-

181 787 271 850 sia,
301 796 414 852 qua:
442 755 564 832 sunt
590 773 730 845 quod
774 772 1032 842 segniter,
1077 765 1247 820 ιιιιιια
1291 760 1607 852 (insontium:
1633 755 1742 824 Spe

182 848 330 931 enim
362 879 482 925 sunt
514 866 808 939 gaudentes,
846 862 1022 917 donec
1067 857 1424 930 perducantur-
1467 851 1521 906 in
1581 848 1741 902 tinent

182 980 330 1035 qucm
357 975 494 1016 nunc.
520 967 827 1029 exspectant
843 970 938 1026 per
960 952 1270 1025 patientiam
1297 946 1470 1018 (Rom.
1491 958 1601 1008 vut,
1622 940 1742 1012 25).

184 1057 390 1116 Miriﬁce
415 1061 588 1108 autem
606 1093 619 1118 ,
647 1066 766 1107 cum
796 1048 1054 1112 dixisset,
1087 1043 1256 1104 Milia
1283 1039 1589 1101 latentium,
1623 1049 1752 1089 con-

188 1151 322 1204 tinno
367 1143 608 1214 subjecit,
655 1142 900 1196 Dominus
943 1140 998 1192 in
1025 1137 1146 1191 illis.
1191 1133 1270 1190 Nc
1307 1133 1563 1186 miremur
1607 1125 1750 1198 quod

186 1242 447 1302 laetentur;
481 1235 732 1290 Dominus
754 1235 808 1288 in
834 1233 954 1288 illis.
984 1229 1116 1286 Nam
1145 1243 1234 1300 per
1259 1225 1445 1282 multas-
1467 1222 1752 1278 tribulatio-

188 1349 266 1389 nes
293 1339 488 1402 oportet
508 1345 602 1384 nos
631 1328 837 1382 introire
864 1326 914 1379 in
938 1337 1148 1395 regnum
1171 1320 1266 1374 Dei
1295 1319 1430 1389 (Act.
1473 1331 1560 1373 xw
1579 1356 1592 1380 ,
1617 1314 1709 1385 2i)
1737 1329 1754 1370 :

187 1425 306 1492 sed,
347 1423 599 1478 Dominus
641 1422 694 1475 in
737 1418 860 1474 illis.
911 1415 1036 1471 Ideo
1080 1415 1178 1470 etsi
1224 1422 1345 1468 sunt
1385 1411 1530 1483 quasi
1569 1412 1752 1474 tristes,

191 1531 372 1587 semper
405 1523 577 1568 tamen
598 1511 872 1584 gaudentes
911 1508 980 1577 (Ii
1009 1506 1126 1562 Cor.
1155 1522 1236 1573 vr,
1269 1504 1392 1578 ib);
1435 1517 1533 1558 nec
1564 1501 1674 1571 jam
1703 1501 1758 1554 in

187 1612 296 1681 ipso
323 1610 424 1663 line
456 1621 562 1677 quo
587 1604 819 1660 nondum
842 1609 1118 1664 venerunt,
1150 1598 1242 1654 sed
1271 1613 1360 1667 spe
1387 1604 1508 1651 sunt
1536 1595 1761 1666 gauden-

189 1712 274 1765 tes,
321 1707 373 1753 et
415 1697 474 1750 in
511 1696 829 1749 tribulatione
873 1693 1112 1763 patientes
1139 1687 1318 1761 (Rom.
1349 1703 1455 1752 xu,
1486 1685 1596 1755 ιε),
1626 1698 1761 1754 quo-

189 1793 320 1847 niam
347 1788 602 1843 Dominus
625 1787 680 1840 in
701 1787 826 1853 illis,
852 1787 904 1838 in
935 1783 1084 1850 Sina,
1109 1783 1162 1836 in
1185 1790 1378 1836 retecto.
1403 1779 1459 1836 In
1487 1777 1760 1831 nominum

186 1882 523 1939 hebraearum
557 1876 1074 1947 interpretationibus
1112 1872 1410 1928 invenimus
1446 1870 1572 1924 Sina
1602 1867 1768 1921 Inter-

187 1972 374 2044 pretari
394 1969 744 2025 Mandatum:
773 1977 828 2023 et
851 1968 952 2022 alia
975 1965 1214 2037 quzcdam
1237 1964 1642 2032 interpretatur;
1670 1954 1768 2012 sed

188 2064 284 2120 hoc
314 2073 438 2134 puto
496 2062 740 2132 puesenti
789 2060 906 2115 loco
953 2059 1128 2127 aptius
1165 2055 1472 2111 convenire.
1518 2049 1772 2106 licdtlens

188 2156 324 2212 enim
362 2169 588 2210 causam
641 2168 808 2223 quare
854 2151 1162 2205 laetarentur
1212 2147 1301 2201 illa
1344 2144 1528 2208 millia,
1579 2141 1772 2213 quibus

189 2255 390 2304 constat
417 2260 614 2301 cun-ns
645 2245 756 2308 Dei,
786 2241 1052 2304 Bonsinus,
1086 2238 1272 2308 inquit,
1304 2239 1356 2291 in
1385 2236 1508 2300 illis,
1536 2234 1590 2288 in
1619 2233 1765 2297 Sina,

188 2339 239 2396 in
266 2347 444 2394 sancto
467 2354 486 2390 :
511 2337 563 2392 id
588 2344 689 2402 est,
720 2335 971 2389 Dominus
1000 2332 1054 2386 in
1083 2331 1207 2394 illis,
1236 2330 1287 2382 in
1313 2329 1601 2389 mandato;
1633 2323 1776 2395 quod

196 2429 500 2485 mandatum
531 2436 770 2488 sanctum
794 2435 906 2491 est,
937 2426 1074 2480 sicut
1097 2421 1224 2478 dicit
1243 2419 1564 2491 Apostolus:
1596 2417 1778 2488 Itaque

200 2522 303 2578 Leu:
325 2523 527 2594 quidem
553 2531 730 2575 sancta
747 2561 762 2586 ,
787 2529 831 2573 et
859 2518 1150 2571 nurndatum
1177 2523 1405 2568 sanctum
1425 2553 1439 2577 ,
1472 2520 1520 2565 et
1534 2513 1735 2580 justum
1759 2549 1773 2574 ,

199 2627 244 2671 et
284 2618 467 2670 bonum
501 2613 609 2686 (id.
641 2628 742 2675 vn,
773 2610 882 2681 ii).
912 2608 1018 2664 Sed
1067 2605 1194 2677 quid
1245 2605 1520 2676 prodesset
1557 2601 1780 2657 manda—

200 2717 330 2776 tum,
362 2707 467 2762 nisi
512 2705 765 2760 Dominus
811 2703 880 2758 ibi
921 2710 1081 2766 esset,
1114 2699 1183 2754 de
1223 2712 1329 2767 quo
1361 2699 1593 2753 dicitur:
1642 2695 1784 2750 Deus

201 2806 333 2856 enim
359 2809 434 2855 est
474 2798 562 2867 qui
588 2804 823 2866 operatur
847 2796 902 2854 in
941 2792 1078 2847 vobis
1105 2799 1150 2845 et
1177 2791 1334 2857 vello,
1371 2801 1416 2843 et
1438 2788 1656 2861 operari,
1690 2803 1783 2858 pro

203 2890 331 2948 bona
365 2889 618 2944 voluntate
645 2886 897 2959 (Philipp.
927 2899 966 2939 ιι
987 2927 1002 2946 ,
1033 2881 1162 2954 ib)?
1185 2882 1316 2936 Nam
1344 2881 1646 2935 mandatum
1669 2880 1786 2934 sine

204 2981 416 3036 Domini
454 2977 716 3048 adjutorio
754 2977 926 3032 littera
967 2983 1050 3029 est
1077 2973 1324 3030 occidens
1355 2971 1421 3043 (li
1444 2971 1558 3032 Cor.
1589 2986 1677 3035 ιιι,
1708 2970 1782 3040 ti).

202 3073 315 3130 Leo:
339 3073 473 3130 enim
506 3070 796 3129 subintravit
813 3109 830 3136 ,
860 3077 914 3121 ut
939 3066 1217 3121 abtutdaret
1259 3065 1492 3124 delictum
1519 3062 1692 3133 (Rom.
1718 3077 1751 3114 ν
1769 3101 1784 3126 ,

203 3165 322 3236 20).
363 3162 470 3222 Sed
513 3161 760 3233 quoniam
807 3157 1069 3230 plenitudo
1111 3155 1260 3226 Legis
1298 3156 1517 3210 altar-itas
1556 3162 1627 3208 est
1677 3152 1787 3224 (Id.

206 3271 335 3323 ιιιι,
367 3254 491 3325 10),
520 3254 640 3309 ideo
666 3268 760 3324 per
782 3251 1094 3308 citaritatom
1123 3249 1232 3304 Lex
1259 3249 1526 3318 impletur,
1560 3261 1667 3302 non
1695 3261 1795 3316 per

209 3348 478 3404 timorem.
507 3344 741 3402 Charitas
768 3343 900 3399 enim
927 3341 1020 3396 Dei
1046 3339 1234 3409 dilfusa
1259 3347 1331 3394 est
1355 3340 1407 3393 in
1441 3339 1674 3395 cordibus
1698 3353 1794 3392 no-

210 3445 348 3509 stris,
399 3459 491 3516 per
530 3441 778 3513 Spiritum
807 3447 1037 3496 sanctum
1077 3437 1163 3508 qui
1199 3435 1349 3490 datus
1395 3443 1472 3491 est
1512 3433 1659 3490 nobis
1682 3432 1791 3506 (Id.

211 3554 264 3603 v,
291 3537 371 3605 5).
399 3535 532 3591 Ideo
552 3535 797 3590 iactantur
822 3531 942 3586 hmc
963 3529 1151 3584 millia.
1179 3529 1410 3588 Tantum
1432 3528 1576 3584 enim
1601 3527 1798 3581 l'hciunt

207 3627 468 3697 justitiam
501 3625 656 3695 Legis
675 3665 691 3692 ,
719 3631 971 3694 quantum
995 3620 1310 3690 adjuvantur
1349 3618 1547 3688 Spiritu
1573 3617 1794 3688 gratiae;

211 3718 464 3788 quoniam
496 3716 740 3771 Dominus
761 3716 814 3769 in
838 3713 960 3780 illis,
987 3713 1039 3774 in
1067 3711 1215 3778 Sina,
1243 3712 1296 3764 in
1321 3716 1515 3765 sancto.

216 3903 360 3958 tione
383 3914 680 3958 conversa:
708 3898 1008 3962 Ascendisti,
1037 3897 1230 3968 inquit,
1255 3896 1311 3950 in
1336 3895 1519 3958 altum,
1537 3893 1802 3965 captiuas“

217 3995 591 4064 captivitatem,
633 3992 864 4063 accepisti
901 3991 1035 4044 dona
1070 3989 1124 4042 in
1164 3986 1467 4046 hominihus.
1510 3986 1621 4040 lloc
1658 3986 1802 4055 Apo-

220 4087 390 4146 stolus
418 4087 502 4146 sie
533 4093 935 4150 commemorat,
967 4083 1046 4146 sic
1071 4081 1290 4153 exponit
1313 4081 1382 4136 de
1411 4080 1633 4136 Domino
1658 4079 1802 4135 Chrk

220 4189 304 4238 Sto
329 4179 560 4249 loquens
588 4194 602 4233 :
634 4175 918 4247 Unicuique
952 4185 1116 4230 autent
1155 4183 1402 4239 nostrum,
1436 4173 1624 4242 inquit,
1653 4172 1804 4224 dat-ur

219 4271 388 4341 gratia
418 4268 698 4324 secundum
723 4284 1006 4323 mensuram
1035 4266 1320 4322 donationis
1339 4265 1524 4321 Christi
1548 4280 1567 4318 :-
1601 4273 1804 4334 propter

221 4363 355 4430 quod
391 4361 540 4427 dicit,
575 4360 812 4414 Ascendit
853 4360 906 4414 in
934 4361 1114 4427 altum,
1146 4358 1412 4428 captivarit
1439 4358 1800 4428 captivitatem,

222 4450 362 4508 dedit
401 4452 543 4506 dona
568 4450 868 4507 hominibus.
899 4451 1046 4518 Quod
1075 4461 1240 4504 autent
1283 4450 1526 4514 ascendit,
1556 4449 1678 4521 quid
1710 4458 1800 4514 est,
1840 4455 1852 4484 ἐ

225 4545 320 4598 nisi
346 4546 471 4614 quia
501 4553 546 4598 et
585 4543 836 4598 descendit
878 4543 930 4596 in
973 4543 1237 4613 inferiores
1277 4553 1442 4609 partes
1485 4543 1670 4598 terrae?
1709 4541 1806 4606 Qui

225 4636 512 4700 descendit,
539 4635 648 4702 ipse
667 4642 738 4688 est
762 4644 807 4688 et
834 4635 921 4703 qui
944 4635 1168 4688 ascendit
1191 4651 1340 4704 super
1366 4649 1534 4694 omnes
1561 4635 1728 4698 cattas,
1752 4642 1807 4690 ut

227 4727 538 4793 atlimpleret
567 4726 738 4786 onmia
766 4724 978 4795 (Ephcs.
1006 4740 1078 4790 tv,
1103 4725 1273 4794 7-10).
1298 4724 1510 4779 Christo
1538 4739 1666 4794 ergo
1693 4725 1808 4782 sine

228 4819 567 4876 dubitatione
592 4815 792 4876 dictum
820 4825 933 4872 est:
966 4815 1248 4870 Ascendisti
1267 4816 1320 4869 in
1343 4817 1524 4879 altum,
1547 4816 1810 4886 captivasti

228 4912 595 4980 captivitatem,
627 4909 863 4980 accepisti
899 4907 1033 4964 dona
1057 4909 1110 4962 in
1139 4907 1438 4964 hominibus.
1467 4906 1577 4964 Nec
1601 4916 1812 4962 moveat

229 5002 375 5073 quod
404 5003 689 5074 Apostolus
721 5002 860 5058 idem
879 5001 1234 5058 testimonium
1251 5017 1679 5057 commemorans
1702 5017 1810 5057 non

231 5097 326 5158 ait,
357 5096 612 5166 Accepisti
639 5095 773 5150 dona
800 5096 855 5150 in
878 5095 1198 5159 hominibus;
1241 5093 1356 5160 scd,
1388 5094 1538 5148 Dedit
1562 5093 1696 5149 dona
1721 5096 1814 5150 Ιιοιρ

233 5187 477 5240 minibus.
515 5185 607 5240 ille
629 5186 823 5257 quippe
847 5187 1160 5244 auctoritate
1200 5186 1488 5257 apostolica
1519 5187 1811 5242 secundum

233 5278 337 5334 hoc
382 5281 592 5334 locutus
632 5289 733 5344 est,
762 5279 902 5348 quod
934 5279 1076 5340 Deus
1114 5295 1234 5336 cum
1263 5281 1449 5336 Patre‘
1481 5279 1664 5336 Filius.
1713 5280 1812 5336 Se-

233 5373 471 5428 cundum
514 5371 616 5428 hoc
654 5373 848 5442 quippe
891 5371 1028 5429 dedit
1069 5374 1204 5432 dona
1247 5373 1551 5439 hominibus,
1597 5375 1812 5431 mittens

235 5463 314 5519 eis
337 5463 595 5533 Spiritum
624 5473 890 5528 sanctum,
922 5465 1009 5534 qui
1039 5465 1266 5534 Spiritus
1291 5473 1374 5520 est
1403 5465 1573 5519 Patris
1598 5476 1651 5521 et
1672 5466 1810 5521 Filii.

233 5555 541 5620 Secundum
569 5556 698 5614 illud
724 5571 853 5613 vero
872 5557 1015 5628 quod
1046 5558 1181 5614 idem
1211 5559 1326 5632 ipse
1349 5557 1594 5616 Christus
1620 5561 1673 5615 in
1699 5574 1817 5616 cor-

235 5662 369 5718 pore
421 5663 522 5704 suo
565 5648 898 5720 intelligitur,
945 5649 1085 5720 quod
1133 5660 1215 5705 est
1268 5651 1539 5717 Ecclesia,
1599 5637 1855 5724 prepter

235 5739 378 5810 quod
422 5747 478 5796 et
521 5741 758 5798 membra
797 5743 914 5818 ejus
961 5752 1083 5814 sunt
1127 5744 1294 5802 sancti
1340 5754 1392 5800 et
1441 5743 1621 5810 fideles
1664 5747 1814 5818 ejus;

302 5855 319 5886 ί
355 5854 441 5906 Hic
461 5857 514 5908 in
533 5857 648 5910 Edd.
667 5857 874 5923 additur,
896 5857 1008 5924 fecit
1026 5870 1044 5910 .'
1062 5859 1190 5920 quod
1211 5872 1240 5908 ιι
1260 5865 1366 5910 Mss.
1390 5860 1549 5911 abest.

1842 575 2062 627 membra
2094 574 2147 644 (Ι
2172 571 2289 628 Cor.
2319 591 2414 639 xu,
2441 575 2533 646 9.7)
2561 594 2574 628 :
2611 576 2795 646 procul
2820 577 2982 633 dubio
3008 589 3062 635 et
3087 579 3202 649 ipse
3240 583 3431 656 accepit

1846 667 1982 721 dona
2008 668 2060 721 in
2087 669 2389 722 hominibus.
2413 668 2655 724 Christus
2681 671 2876 741 quippe
2898 673 3138 728 ascendit
3166 675 3216 728 in
3243 675 3427 744 altum.

1848 769 1903 812 et
1931 757 2080 812 sedet
2122 759 2188 812 ad
2229 759 2502 815 dexteram
2548 761 2719 816 Patris
2767 761 2958 832 (Marc.
3012 781 3123 830 xvi,
3166 767 3292 838 19);
3337 785 3434 826 sco

1850 849 1950 903 nisi
1975 858 2029 904 et
2059 849 2144 903 hic
2171 860 2312 906 esset
2340 851 2388 904 in
2415 851 2593 920 terris,
2619 867 2725 908 non
2753 852 2876 910 inde
2904 856 3224 913 clamasset:
3254 859 3433 928 Saule,

1853 940 2034 1007 Saule,
2074 941 2195 1011 quid
2223 959 2303 995 me
2323 945 2632 1014 persequeris
2681 945 2820 1014 (Act.
2855 962 2933 1011 Ix,
2959 947 3058 1017 4)?
3101 948 3232 1004 Cum
3283 952 3440 1021 igitur

1853 1031 1995 1088 idem
2024 1033 2136 1102 ipse
2164 1033 2322 1098 dicat,
2356 1033 2572 1099 Quando
2611 1037 2705 1090 uni
2727 1053 2790 1091 ea:
2821 1039 3040 1095 minimis
3067 1042 3190 1095 meis
3227 1045 3436 1118 fecistis,

1856 1127 1980 1182 mihi
2021 1128 2205 1199 fecistis
2245 1127 2455 1196 (Matth.
2490 1143 2619 1193 xxv,
2648 1130 2777 1202 40);
2824 1131 2952 1202 quid
2991 1133 3291 1191 dubitamus
3317 1152 3438 1192 eum

1856 1220 2099 1290 accipere
2150 1220 2204 1276 in
2233 1221 2490 1276 membris
2533 1223 2663 1287 suis,
2697 1239 2814 1294 qua:
2856 1224 2994 1280 dona
3039 1227 3277 1285 membra
3327 1230 3444 1301 ejus

1859 1312 2126 1382 accipiunt
2147 1311 2172 1365 ?

1927 1402 2018 1458 26.
2059 1403 2163 1459 Sed
2205 1403 2331 1475 quid
2371 1412 2472 1472 est,
2507 1404 2788 1476 Captivasti
2833 1411 3214 1480 captivitatem?
3255 1412 3446 1470 Utrum

1859 1497 1980 1568 quia
2025 1497 2152 1552 vicit
2199 1506 2446 1566 mortem,
2484 1515 2603 1569 quae
2646 1501 2886 1572 captivos
2923 1505 3136 1560 tenebat
3175 1506 3227 1561 in
3257 1509 3448 1577 quibus

1861 1588 2160 1660 regnabat?
2198 1605 2265 1644 an
2295 1591 2438 1660 ipsos
2466 1590 2712 1649 homines
2742 1595 3025 1666 appellavit
3065 1597 3448 1671 captivitatem,

1862 1681 1950 1751 qui
1979 1678 2172 1750 captivi
2204 1681 2303 1735 sub
2330 1680 2544 1738 diabolo
2573 1684 2928 1740 tenebantur?
2957 1686 3120 1756 Cujus
3151 1690 3227 1744 rei
3257 1701 3452 1762 myste-

1864 1772 2002 1828 rium
2043 1773 2281 1829 continet
2328 1774 2488 1829 etiam
2539 1777 2722 1832 titulus
2774 1778 2914 1834 illius
2965 1779 3177 1850 psalmi,
3236 1781 3452 1849 Quando

1867 1868 2048 1923 domus
2089 1868 2434 1939 wdiﬁcabatur
2472 1881 2582 1942 post
2622 1873 2961 1943 captivitatem
3000 1873 3171 1947 (l’sal.
3212 1891 3333 1946 xcv,
3362 1876 3449 1946 i):

1869 1959 1922 2015 id
1947 1969 2046 2025 est,
2077 1961 2313 2016 Ecclesia
2340 1967 2461 2032 post
2483 1963 2860 2034 gentilitatem.
2889 1963 3040 2035 ipsos
3082 1965 3260 2038 itaque
3285 1965 3456 2023 homi-

1870 2067 1969 2108 nes
2015 2054 2104 2124 qui
2149 2055 2342 2124 captivi
2396 2059 2711 2113 tenebantur
2755 2059 3031 2136 appellans
3073 2061 3452 2132 captivitatem,

1873 2147 2010 2202 sicut
2039 2147 2224 2202 militia
2251 2163 2372 2204 cum
2405 2149 2601 2206 dicitur
2619 2159 2673 2207 et
2703 2151 3074 2223 intelliguntur
3091 2155 3179 2224 qui
3208 2155 3455 2226 militant,

1874 2238 2115 2294 eamdem
2143 2240 2505 2309 captivitatem
2537 2257 2565 2296 a
2587 2240 2802 2297 Christo
2831 2243 3146 2314 captivatam
3177 2244 3324 2299 dicit.
3352 2244 3459 2300 Cur

1876 2330 2019 2386 enim
2049 2343 2153 2385 non
2186 2331 2257 2385 sit
2284 2333 2560 2400 captivitas
2585 2333 2729 2398 felix,
2749 2335 2792 2389 si
2815 2341 2869 2390 et
2897 2335 2964 2390 ad
2991 2336 3188 2392 bonum
3219 2335 3459 2394 homines

1877 2429 2101 2492 possunt
2136 2423 2293 2492 capi?
2331 2423 2487 2480 Unde
2530 2424 2689 2480 Petro
2717 2425 2916 2481 dictum
2950 2436 3067 2482 est:
3109 2425 3195 2482 Ex
3236 2430 3328 2483 hoc
3347 2430 3464 2500 jam

1879 2514 2106 2570 homines
2126 2515 2224 2570 eris
2249 2517 2454 2588 capiens
2481 2516 2631 2588 (Luc.
2660 2531 2714 2581 ν,
2741 2517 2856 2587 10).
2879 2516 3142 2588 Captivati
3167 2536 3315 2587 ergo,
3344 2521 3466 2591 quia

1879 2605 2042 2676 capti,
2073 2616 2127 2661 et
2151 2607 2291 2677 capti
2319 2607 2440 2677 quia
2473 2607 2776 2678 subjugati;
2826 2609 2925 2664 sub
2969 2607 3087 2664 lene
3125 2609 3254 2665 illud
3284 2608 3466 2681 jugum

1881 2698 2029 2752 πῖιίεεί
2071 2698 2280 2771 (Matth.
2305 2715 2381 2765 xl,
2422 2698 2540 2770 50).
2585 2699 2792 2754 liberati
2837 2713 2867 2753 a
2907 2711 3126 2770 peccato
3151 2703 3300 2770 cujus
3329 2702 3468 2757 servi

1885 2799 2055 2853 erant,
2088 2797 2141 2842 et
2163 2788 2382 2858 justitia:
2407 2789 2545 2844 servi
2585 2787 2706 2844 facti
2745 2789 2897 2860 cujus
2926 2790 3078 2846 liberi
3108 2800 3260 2845 erant
3291 2789 3467 2864 (Rom.

1886 2895 1958 2947 vt,
1989 2880 2100 2952 18).
2133 2881 2284 2937 Unde
2309 2887 2363 2936 et
2393 2881 2505 2952 ipse
2528 2882 2578 2936 in
2609 2881 2712 2936 illis
2734 2890 2836 2948 est,
2868 2882 2956 2952 qui
2982 2883 3118 2936 dedit
3143 2882 3276 2937 dona
3305 2883 3470 2938 banti-

1889 2973 2051 3036 nibus,
2091 2982 2146 3026 et
2179 2973 2372 3042 accepit
2401 2973 2539 3027 dona
2580 2973 2632 3027 in
2664 2971 2967 3028 hominibus.
3019 2972 3250 3046 Ideoque
3293 2975 3344 3029 in
3373 2975 3470 3028 ista

1890 3063 2216 3133 captivitate,
2251 3063 2304 3118 in
2351 3065 2450 3120 ista
2492 3064 2770 3130 servitute,
2803 3064 2855 3119 in
2895 3065 2998 3135 isto
3036 3079 3215 3128 curru,
3244 3066 3341 3119 sub
3372 3066 3474 3122 isto

1885 3154 2014 3225 jugo
2041 3170 2145 3210 non
2172 3164 2296 3210 sunt
2314 3154 2476 3210 millia
2508 3157 2849 3226 plorantium,
2872 3156 2965 3212 sed
2991 3157 3152 3210 millia
3173 3156 3470 3212 laztantium.

1891 3246 2140 3301 Dominus
2167 3248 2361 3318 quippe
2389 3247 2442 3302 in
2472 3247 2595 3312 illis,
2619 3249 2672 3302 in
2695 3247 2846 3315 Sina,
2879 3248 2931 3303 in
2961 3257 3155 3303 sancto.
3177 3247 3272 3305 Cui
3295 3251 3475 3306 sensui

1893 3339 2139 3410 congruit
2159 3349 2213 3396 et
2241 3340 2341 3396 alia
2390 3340 2780 3413 interpretatio,
2803 3357 2906 3415 qua
2943 3343 3323 3412 interpretatur
3351 3343 3475 3401 Sina

1895 3432 2166 3489 Mensura.
2207 3433 2339 3490 Nam
2383 3436 2450 3491 de
2495 3437 2577 3491 his
2603 3436 2756 3491 donis
2783 3437 2980 3492 lmtitizn
3017 3438 3306 3507 Spiritualis
3331 3441 3477 3509 Apo-

1896 3527 2068 3581 stolus
2108 3526 2332 3597 loquens
2376 3526 2428 3582 id
2464 3527 2605 3598 quod
2645 3543 2803 3599 supra
2843 3529 3261 3585 commemoravi
3294 3550 3308 3586 :
3347 3530 3480 3586 Uni-

1899 3619 2078 3688 cuique
2100 3629 2264 3673 autem
2294 3629 2540 3685 nostrum,
2569 3620 2757 3689 inquit,
2781 3620 2902 3674 data
2923 3630 2994 3675 cst
3019 3623 3182 3691 gratia
3207 3623 3481 3677 secundum

1899 3726 2184 3770 mensuram
2211 3710 2496 3763 donationis
2517 3707 2723 3764 Christi.
2756 3710 2833 3764 Ac
2860 3710 3054 3767 deinde
3081 3713 3319 3782 sequitur
3339 3714 3481 3784 quod

282 3811 374 3868 25.
417 3808 581 3883 [νινε.
611 3807 722 3880 i9.]
762 3806 960 3866 Deinde
998 3805 1064 3860 ad
1092 3805 1269 3874 ipsum
1306 3802 1589 3858 Dominum
1637 3801 1790 3855 loeu-

1899 3801 2058 3855 etiam
2098 3800 2184 3855 hic
2225 3801 2506 3870 sequitur:
2541 3799 2759 3871 Pr0pter
2794 3801 2932 3874 quod
2974 3802 3115 3866 dicit,
3157 3802 3390 3856 Ascendit
3431 3805 3482 3858 in

1900 3891 2078 3958 altum,
2107 3892 2370 3962 captivavit
2413 3893 2777 3961 captivitatem,
2806 3893 2946 3947 dedit
2984 3893 3120 3948 dona
3162 3894 3483 3950 hominibus:

1901 3984 2041 4054 quod
2071 3983 2158 4038 hic
2184 3993 2286 4051 est,
2320 3984 2559 4053 accepisti
2584 3984 2719 4039 dona
2747 3984 2802 4038 in
2824 3984 3128 4041 hominibus.
3154 3985 3292 4054 Quid
3314 3985 3414 4042 hac
3432 3995 3485 4043 et

1903 4079 1990 4134 illa
2017 4079 2239 4134 veritate
2263 4078 2615 4134 coneordins?
2636 4079 2760 4150 quid
2792 4078 3166 4136 manifestius?

1881 4228 1884 4232 ,
1974 4171 2065 4226 27.
2106 4171 2208 4226 Sed
2235 4170 2360 4254 quid
2391 4170 2582 4226 deinde
2605 4169 2881 4252 adjungit?
2911 4170 3114 4226 Etenim
3140 4173 3229 4243 qui
3252 4189 3351 4227 non
3381 4188 3488 4227 cre-

1904 4266 2030 4319 dunt
2065 4265 2381 4332 inhabitare;
2417 4265 2503 4320 vel
2546 4261 2687 4336 quod
2732 4265 2972 4320 nonnulli
3011 4266 3223 4323 codices
3269 4267 3483 4333 habent,

1906 4355 2106 4410 Etenim
2135 4373 2233 4410 non
2266 4356 2516 4410 ardentes
2542 4355 2840 4410 inhabitare.
2868 4351 3000 4410 Nam
3034 4357 3160 4428 quid
3191 4367 3313 4413 sunt
3342 4357 3487 4412 aliud

1907 4464 2009 4503 non
2036 4447 2336 4516 credentes,
2369 4449 2469 4504 nisi
2500 4451 2588 4520 qui
2631 4464 2736 4504 non
2776 4449 3040 4504 credunt?
3089 4450 3161 4505 De
3193 4451 3383 4524 quibus
3408 4451 3490 4507 di-

1907 4549 2048 4596 ctum
2079 4541 2148 4595 sit
2193 4555 2298 4595 non
2346 4547 2426 4595 cst
2470 4541 2636 4596 facilis
2677 4540 2993 4596 intellectus.
3025 4540 3299 4613 Tanquam
3347 4545 3490 4599 enim

1908 4633 2044 4688 ratio
2088 4633 2402 4688 redderetur
2441 4634 2777 4702 superiorum
2810 4634 3115 4702 verborum,
3142 4651 3262 4690 cum
3293 4635 3491 4691 dictum

1909 4733 2070 4792 esset,
2099 4724 2378 4796 Captivasti
2404 4725 2762 4796 captivitatem,
2797 4727 3034 4796 accepisti
3071 4727 3206 4780 dona
3230 4727 3282 4780 in
3326 4727 3488 4782 hami-

1910 4821 2091 4884 nibus;
2123 4821 2191 4874 ita
2231 4821 2568 4891 snlijunctum
2615 4829 2717 4885 est,
2766 4817 2968 4874 Etenim
3009 4821 3098 4890 qui
3137 4838 3238 4875 non
3285 4822 3494 4875 credunt

1913 4913 2209 4980 inhabitare,
2237 4913 2286 4967 id
2308 4921 2406 4978 est,
2434 4929 2538 4968 non
2561 4911 2841 4967 credentes
2869 4920 2926 4966 ut
2952 4913 3332 4969 inhabitarent.
3355 4912 3491 4982 Quid

1914 5017 1994 5062 est
2021 5006 2160 5061 hoc?
2189 5005 2254 5060 de
2281 5007 2472 5076 quibus
2495 5005 2598 5060 hoc
2625 5003 2793 5060 dicit?
2816 5001 2896 5059 An
2927 5002 3013 5060 illa
3040 5005 3316 5077 captivitas
3343 5017 3494 5060 ante-

1914 5113 2072 5169 quam
2121 5097 2369 5152 transirct
2413 5097 2463 5150 in
2511 5097 2702 5151 bonam
2748 5097 3129 5165 captivitatem,
3158 5097 3296 5152 unde
3340 5097 3494 5152 fuerit

1862 5198 1882 5218 ‘
1915 5189 2051 5245 mala
2079 5190 2357 5260 captivitas
2377 5187 2650 5243 ostendit?
2699 5188 2814 5243 Non
2843 5189 3111 5245 credendo
3147 5189 3287 5243 enim
3321 5191 3495 5258 possi-

1859 5357 1862 5361 i
1916 5282 2177 5338 debentur
2200 5283 2269 5336 ab
2295 5281 2529 5348 inimico,
2557 5282 2642 5353 qui
2671 5292 2908 5352 aperatur
2949 5283 3000 5336 in
3026 5283 3146 5351 ﬁliis
3175 5281 3498 5352 difﬁdentiam

1916 5375 1969 5432 in
1993 5377 2169 5446 quibus
2193 5387 2238 5431 et
2264 5392 2368 5440 vos,
2392 5376 2581 5447 inquit,
2611 5377 2778 5446 fuistis
2805 5375 3096 5446 aliquando,
3129 5392 3242 5429 cum
3272 5378 3496 5430 vireretis

1917 5471 1970 5524 in
1995 5471 2095 5524 illis
2127 5466 2342 5543 (Ep/tes.
2372 5484 2431 5534 ιι,
2472 5468 2524 5533 2,
2555 5467 2633 5540 5).
2681 5467 2844 5523 Donis
2872 5483 2998 5538 ergo
3026 5469 3210 5540 gratia:
3251 5483 3380 5532 sum,
3406 5470 3495 5537 qui

1918 5563 2122 5634 accepit
2165 5562 2300 5617 dona
2346 5561 2399 5616 in
2429 5560 2733 5616 hominibus
2761 5559 3042 5631 captivavit
3088 5561 3240 5616 istam
3269 5561 3493 5631 captivi-

1867 5686 1876 5690 -
1920 5665 2102 5711 tatem.
2134 5654 2342 5710 Etenim
2379 5669 2483 5709 non
2523 5654 2805 5708 credentes
2846 5662 2997 5708 erant
3031 5663 3090 5709 ut
3115 5653 3496 5709 inhabitarent.

1917 5749 2053 5810 Nam
2081 5750 2212 5811 ﬁdes
2237 5763 2329 5812 eos
2351 5747 2474 5810 inde
2498 5746 2741 5804 liberavit
2757 5746 2796 5812 ',
2819 5755 2876 5802 ut
2896 5747 3006 5818 jam
3032 5745 3312 5819 credentes
3339 5747 3496 5806 inha-

1985 5868 2006 5900 ι
2039 5867 2112 5916 sic
2131 5869 2208 5914 es.
2232 5869 2284 5914 et
2306 5868 2410 5912 uss.
2435 5867 2492 5911 Al.
2510 5866 2642 5923 Lov.,
2666 5858 2900 5913 libet-amt.
