3912 6438
473 450 641 507 biteut
665 448 720 505 in
747 444 910 502 domo
937 442 1055 504 Dei.
1084 438 1209 496 facti
1235 446 1289 494 et
1314 435 1414 508 ipsi
1443 433 1636 490 domus
1653 432 1771 502 Dei,
1794 442 1848 488 et
1867 445 2060 489 currus

480 542 607 600 Dei'
642 542 864 598 millium
894 536 1202 594 la-tanlintn.

544 637 635 693 28.
678 633 837 709 [υτιη.
864 630 955 691 20,
986 625 1103 702 ΞΒ]
1144 625 1293 684 Unde
1320 625 1405 694 qui
1435 622 1550 680 lucc
1577 620 1823 684 canebat,
1860 619 1911 675 in
1939 617 2063 689 Spi-

475 734 577 784 ritu
617 744 677 782 εει
711 723 1028 795 praevidens,
1060 719 1312 791 impfetns
1340 718 1498 772 eliattt
1534 717 1645 785 ipse.
1698 712 1901 775 la-ti'ia,
1933 728 2060 766 eru-

471 819 631 873 etavit
680 816 956 888 hymnum,
1002 810 1189 865 diiens
1226 826 1237 861 :
1291 805 1537 861 Dominus
1580 804 1714 859 Deus
1750 803 2058 865 benedictus.

471 911 757 968 bemdirtus
805 906 1052 961 Dominus
1094 902 1231 958 Deus
1260 902 1324 955 de
1347 900 1428 953 die
1456 900 1508 953 in
1538 899 1687 952 diem.
1720 896 1871 965 Quod
1920 911 2058 950 non-

472 1003 599 1059 Milli
647 1000 861 1056 Codices
905 998 1120 1060 habent,
1154 996 1236 1050 die
1262 991 1504 1065 quotidie.
1555 991 1687 1057 Quia
1738 990 1814 1043 sic
1866 988 2063 1042 bibent

469 1096 664 1162 Graeci,
710 1103 887 1165 ἠμιρσω
930 1098 1230 1160 καθημίρανς
1258 1086 1399 1157 quod
1438 1084 1617 1138 verius
1643 1081 2057 1151 exprimeretur,

474 1192 555 1245 die
592 1188 833 1262 quotidie.
870 1187 1040 1255 Quam
1085 1193 1210 1253 pulo
1258 1179 1580 1235 locutionem
1630 1175 1729 1230 ltoc
1763 1175 2063 1244 signiﬁcare

473 1282 617 1356 quod
644 1282 845 1335 dictum
874 1286 977 1342 est,
1000 1277 1065 1330 de
1082 1275 1166 1328 die
1190 1274 1244 1327 in
1274 1271 1426 1326 diem.
1456 1268 1703 1339 Quozidie
1722 1266 1919 1338 quippe
1960 1266 2062 1322 boc

472 1376 583 1447 agit
608 1388 776 1444 usque
804 1371 857 1426 in
886 1369 1079 1433 linem;
1106 1363 1342 1436 eaptivat
1369 1361 1754 1432 captivitatem,
1797 1357 2066 1429 accipiens

473 1469 612 1525 dona
644 1468 696 1522 in
738 1463 1065 1520 hominibus.

544 1560 638 1616 29.
680 1558 747 1614 Et
782 1555 1031 1628 quoniam
1061 1567 1276 1609 currunt
1308 1549 1453 1605 illum
1490 1546 1639 1604 ducit
1668 1546 1721 1601 in
1764 1545 1943 1606 linem,
1976 1558 2064 1600 se-

474 1653 654 1726 quitur
679 1660 731 1705 et
755 1648 883 1704 dicit
915 1666 928 1702 :
974 1644 1285 1717 Prosperum
1310 1642 1406 1698 iter
1431 1641 1582 1714 faciet
1614 1638 1761 1695 nobis
1792 1635 1931 1692 Dens
1973 1653 2061 1691 sa-

475 1744 722 1800 nitatum'
753 1751 1062 1803 nostrarum,
1087 1736 1227 1791 Deus
1251 1745 1442 1802 noster,
1463 1731 1599 1788 Deus
1625 1731 1791 1786 salvos
1814 1727 2059 1799 faciendi.

474 1837 695 1895 Multum
721 1836 890 1905 gratia
917 1829 1341 1887 commendatur.
1372 1827 1504 1896 Quis
1528 1824 1671 1881 enim
1695 1823 1873 1878 salvus
1897 1829 2061 1887 esset,

476 1929 580 1986 nisi
611 1928 724 2001 ipse
752 1924 1006 1982 sanaret?
1034 1921 1140 1981 Sed
1169 1937 1235 1976 uc
1263 1929 1569 1975 occurreret
1595 1914 1926 1988 cogitationi,
1952 1912 2065 1968 Cur

475 2036 604 2091 ergo
629 2019 908 2083 morimur,
934 2016 979 2072 si
1006 2029 1101 2086 per
1133 2014 1250 2084 ejus
1272 2011 1497 2083 gratiam
1522 2007 1655 2062 salvi
1693 2005 1814 2061 facti
1843 2003 2065 2060 sumus?

476 2113 729 2170 continuo
759 2110 1005 2180 subjecit,
1034 2115 1082 2161 et
1126 2104 1334 2160 Domini
1372 2103 1537 2158 exitus
1562 2100 1737 2155 mortis
1762 2115 1781 2153 :
1814 2110 2064 2167 unquam

475 2204 702 2270 diceret,
730 2201 868 2271 Quid
920 2196 1213 2270 indignaris
1254 2198 1484 2251 humana
1514 2191 1751 2247 conditio
1785 2189 1984 2244 habere
2013 2196 2067 2242 te

476 2298 675 2354 exitum
705 2293 930 2351 mortis?
959 2292 1025 2348 Et
1057 2290 1265 2345 Domini
1295 2288 1367 2345 tui
1399 2288 1574 2344 exitus
1604 2301 1710 2340 non
1739 2284 1875 2339 alius
1901 2296 2063 2352 quam

477 2391 667 2448 mortis
692 2388 810 2444 iuit.
849 2386 1031 2443 Potius
1055 2399 1185 2454 ergo
1225 2380 1508 2437 consolare
1540 2393 1700 2449 quam
1748 2374 2063 2445 indignare;

477 2498 604 2541 nam
630 2492 678 2536 et
702 2479 905 2534 Dontiui
934 2479 1097 2532 exitus
1126 2474 1320 2529 mortis.
1354 2470 1461 2542 Spe
1488 2471 1630 2526 enim
1660 2468 1793 2523 salvi
1823 2467 1943 2521 laeti
1972 2481 2066 2521 su-

479 2590 637 2630 mus:
666 2572 712 2629 si
740 2579 915 2626 autem
941 2566 1083 2640 quod
1122 2581 1228 2621 non
1252 2561 1494 2618 videunts
1523 2572 1823 2630 speramus,
1853 2572 1949 2629 per
1972 2571 2067 2628 pa-
2095 2606 2100 2611 .

480 2665 722 2723 tientiam
744 2670 1117 2731 exspectamus
1139 2654 1315 2726 (llam.
1348 2667 1462 2719 vm,
1498 2651 1611 2721 24).
1641 2649 1912 2706 Patienter
1939 2663 2070 2719 ergo

478 2759 640 2817 etiam
691 2754 858 2826 ipsam
906 2759 1133 2806 mortem
1185 2748 1440 2811 feramus,
1480 2742 1623 2798 illius
1663 2739 1913 2811 exetuplo
1953 2739 2067 2809 qui,

480 2852 606 2908 licet
640 2848 790 2904 nullo
821 2853 1039 2917 peccato
1066 2848 1211 2897 esset
1249 2836 1461 2894 debitor
1487 2833 1693 2899 mortis,
1721 2841 1777 2888 et
1813 2830 2070 2887 Dominus

480 2951 623 2999 esset
666 2957 695 2995 a
722 2952 832 3011 quo
872 2949 1034 2992 nemo
1072 2931 1305 2988 animam
1349 2927 1584 2993 tolleret,
1614 2924 1709 2982 sed
1754 2925 1868 2995 ipse
1895 2937 2012 2977 eam
2037 2936 2071 2976 a

481 3034 771 3103 semetipso
801 3034 1047 3100 poneret,
1079 3023 1239 3081 etiam
1269 3020 1435 3092 ipsius
1464 3016 1565 3074 fuit
1587 3017 1762 3074 exitus
1787 3013 1996 3069 mortis.

552 3124 639 3180 30.
682 3121 843 3196 [vers.
874 3115 991 3192 23.]
1041 3114 1397 3171 Verumtamen
1427 3108 1568 3165 Deus
1604 3105 1956 3180 conquassabit
1982 3121 2074 3160 ca-

482 3218 587 3290 pita
612 3214 937 3271 inimicorum
966 3224 1173 3266 suorum
1189 3223 1210 3273 ;
1237 3205 1470 3262 uerticem
1508 3201 1686 3273 capilli
1714 3198 2073 3271 perambulan-

482 3311 607 3364 tium
646 3307 700 3361 in
740 3303 936 3359 delictis
963 3301 1113 3357 suis:
1154 3296 1207 3353 id
1247 3307 1331 3352 est
1374 3295 1535 3350 nimis
1577 3307 1638 3349 se
1679 3290 2071 3357 extollentinm,

484 3398 645 3457 nimis
669 3392 1090 3466 superbientium
1130 3389 1183 3444 in
1212 3386 1420 3443 delictis
1463 3385 1607 3449 suis;
1639 3383 1693 3438 in
1738 3380 1935 3453 quibus
1962 3380 2073 3436 sal.

485 3499 594 3546 tem
639 3486 869 3542 humiles
909 3497 1031 3538 esse
1069 3479 1347 3563 deberent,
1379 3476 1639 3543 dicentes,
1668 3472 1907 3541 Domine,
1953 3489 2075 3546 pro-

486 3582 640 3655 pitius
678 3587 783 3634 esto
823 3576 948 3632 mihi
990 3573 1261 3647 percntari.
1311 3569 1418 3628 Sed
1459 3568 1839 3641 conquassabit
1880 3582 2074 3624 eorum

486 3675 687 3746 capita;
713 3669 950 3743 quoniam
969 3667 1057 3740 qui
1076 3681 1131 3721 sc
1144 3665 1352 3732 exultat,
1368 3660 1716 3717 Itumiliabitur
1748 3659 1898 3733 (Luc.
1918 3674 2072 3727 xvm,

487 3767 574 3829 l3,
604 3763 715 3836 14).
746 3763 825 3818 Ac
861 3775 957 3832 per
999 3759 1101 3814 hoc
1143 3756 1389 3829 quamvis
1430 3762 1487 3811 et
1532 3753 1743 3809 Domini
1782 3753 1853 3808 sit
1894 3752 2075 3807 exitus

487 3856 712 3922 mortis;
764 3864 943 3909 tamen
972 3851 1111 3907 idem
1160 3848 1440 3912 Dominus,
1481 3844 1733 3918 quoniam
1779 3843 1923 3901 Deus
1968 3851 2073 3910 est,

487 3960 541 4008 et
564 3949 852 4009 voluntate.
871 3961 977 4002 non
1006 3942 1345 4008 necessitate,
1363 3939 1656 3996 secundum
1682 3952 1901 3995 carnem
1929 3951 2074 3993 mor-

488 4052 611 4099 tuus
636 4050 739 4107 est,
762 4036 1117 4112 conquassabit
1151 4034 1322 4106 capita
1346 4032 1667 4088 inimicorunt
1692 4046 1937 4095 suorum;
1967 4043 2075 4083 non

489 4136 664 4192 solum
716 4146 902 4188 eorum
941 4128 1033 4201 qui
1071 4127 1329 4183 crucitixo
1370 4123 1655 4181 illudentes
1695 4131 1750 4178 et
1795 4130 2077 4178 moventes

488 4229 661 4299 capita
682 4225 948 4290 dicebant,
974 4219 1036 4277 Si
1065 4218 1234 4275 Filius
1268 4215 1367 4273 Dei
1392 4226 1485 4281 est,
1514 4214 1783 4271 descendat
1809 4213 1873 4268 de
1894 4229 2076 4279 cruce;

490 4317 584 4374 sed
614 4317 773 4373 etiam
803 4310 1041 4367 omnium
1073 4306 1441 4365 extollentium
1480 4319 1540 4360 se
1580 4304 1837 4359 adversus
1879 4302 2077 4359 doctri-

491 4424 615 4467 nam
643 4407 778 4479 ejus,
801 4414 856 4462 et
886 4414 1135 4474 tanquam
1166 4408 1395 4457 mortem
1437 4396 1670 4452 hominis
1711 4394 2073 4451 irridentium.

490 4504 633 4560 Idem
674 4502 870 4573 quippe
916 4497 1030 4568 ipse
1071 4493 1139 4550 de
1168 4507 1275 4565 quo
1324 4489 1523 4546 dictum
1568 4497 1672 4556 est,
1718 4487 1861 4542 Alios
1911 4489 2079 4544 salvos

490 4597 628 4668 fecit,
672 4593 991 4663 semetipsum
1044 4602 1147 4641 non
1200 4592 1360 4655 potest
1400 4582 1596 4638 salvum
1647 4585 1814 4652 facere
1859 4580 2076 4652 (Matth.

491 4704 662 4751 xxvn,
686 4684 775 4749 40,
806 4681 920 4755 Β),
945 4679 1084 4735 Deus
1108 4687 1190 4734 est
1215 4675 1491 4732 sanitatum
1525 4683 1831 4740 nostrarum,
1861 4681 1916 4729 et
1941 4672 2079 4729 Dens

494 4791 575 4838 est
613 4779 780 4835 saltos
825 4773 1087 4850 faciendi:
1129 4769 1225 4828 sed
1268 4776 1489 4841 propter
1527 4765 1842 4823 humilitatis
1884 4776 1939 4819 et
1982 4780 2079 4835 pa-

494 4872 692 4928 tientia:
718 4869 1118 4933 documentum,
1146 4872 1203 4921 et
1227 4862 1485 4934 sanguine
1525 4864 1623 4915 Suo
1661 4858 1946 4915 delendum
1976 4871 2079 4913 no-

495 4977 728 5020 .~trorum
750 4959 1168 5034 chirographum
1199 4965 1560 5028 peccatorum,
1583 4952 1743 5010 etiam
1774 4968 1930 5009 suum
1960 4965 2082 5008 esse

497 5057 663 5115 voluit
700 5057 902 5111 exitum
941 5052 1147 5115 mortis,
1187 5065 1254 5104 ne
1294 5058 1522 5104 mortem
1550 5044 1861 5101 timeremus
1900 5045 2079 5110 istam,

494 5154 586 5207 sed
634 5150 775 5207 illam
818 5148 993 5219 potius
1027 5142 1168 5201 unde
1213 5156 1313 5197 nos
1353 5137 1595 5196 liberavit
1640 5153 1734 5209 per
1762 5137 1937 5192 istam.
1969 5134 2082 5191 Ve-

497 5254 795 5302 rumtamen
819 5242 1007 5298 illusus
1044 5248 1099 5294 et
1127 5245 1368 5294 mortuus
1395 5230 1749 5305 conquassabit
1776 5231 1943 5301 capita
1979 5229 2082 5283 ini-

498 5341 741 5393 micorum
785 5350 1011 5397 suorum,
1062 5331 1131 5387 de
1170 5329 1363 5402 quibus
1407 5329 1511 5392 ait,
1576 5324 1842 5379 Resuscita
1890 5340 1989 5383 nte.
2038 5330 2085 5378 et

498 5436 706 5491 reddant
746 5432 847 5486 illis
894 5428 1064 5501 (Psal.
1105 5441 1192 5489 ιι..
1234 5424 1366 5492 il):
1412 5421 1527 5476 sive
1571 5418 1705 5473 bona
1761 5433 1859 5488 pro
1909 5416 2083 5481 malis,

500 5532 623 5588 dum
667 5532 766 5588 sibi
818 5527 997 5584 Subdit
1042 5524 1212 5596 capita
1253 5518 1622 5583 credentium;
1660 5515 1774 5570 sive
1814 5512 1955 5585 justo
1988 5526 2085 5583 pro

567 5716 581 5746 ι
620 5712 749 5766 Hild,
775 5711 941 5761 decem
958 5703 1178 5769 millium.
1197 5701 1351 5769 _Abest
1373 5699 1537 5769 decem
1560 5699 1714 5769 ξι⁸

565 5780 587 5809 τ
620 5751 1289 5845 Iiiiiidi'iiéé’4’Elius-tum
1313 5751 1454 5824 :Valii,
1472 5754 1779 5811 militantium
1808 5766 1824 5805 :
1850 5751 2092 5819 plerique,

1748 317 1807 376 s.
1833 316 2201 378 Aecus'rnu
2240 317 2537 378 EPISCOPI
3048 286 3055 293 ’
3628 323 3712 384 ssi

2167 433 2397 504 injustis.
2439 434 2568 491 dum
2610 434 2762 507 punit
2802 435 2977 507 capita
3019 435 3465 507 superbiendum.
3508 436 3713 510 Utroque

2166 527 2309 582 enim
2358 527 2517 583 modo
2558 539 2985 600 eonqusssantur
3026 538 3081 586 et
3129 531 3536 602 ccult'iuguntur
3572 533 3712 602 cupita

2170 619 2527 685 inimicorum,
2552 636 2675 677 cum
2699 637 2730 676 a
2759 621 3007 692 superbia
3049 620 3396 693 dejieiuntur,
3424 622 3536 678 sive
3568 622 3713 679 hami-

2169 712 2314 767 litate
2336 712 2585 776 correcti,
2627 712 2742 769 sive
2772 712 2825 768 in
2856 713 2959 769 ima
2991 712 3174 768 tartari
3198 714 3437 783 abrepti.

2239 806 2327 861 3|.
2369 802 2532 878 [νου-ε.
2556 804 2648 868 23.
2670 804 2788 878 ει]
2827 803 2971 861 Dixit
2999 803 3250 861 Dominus
3271 821 3294 861 :
3329 805 3417 860 Ea;
3439 804 3599 860 Bassa
3621 824 3719 863 eos.

2168 906 2369 961 vertor;
2411 896 2495 952 vel
2544 905 2602 952 ut
2646 897 2886 953 nonnulli
2933 896 3148 953 codices
3185 895 3415 961 habent,
3469 895 3548 951 ει
3584 894 3722 959 Bas.

2168 998 2474 1045 convertant.
2518 988 2611 1046 Ille
2637 992 2837 1062 quippe
2876 990 3140 1047 convertit
3182 1001 3239 1046 ut
3278 991 3422 1047 salvi
3470 991 3641 1051 siunts.
3674 993 3725 1049 de

2169 1099 2276 1154 quo
2313 1098 2473 1153 supra
2499 1082 2700 1139 dictum
2730 1092 2814 1139 est
2843 1101 2855 1136 :
2890 1081 3033 1139 Deus
3071 1084 3349 1139 sanitatum
3381 1091 3726 1143 nostrarum,rl

2176 1173 2308 1231 Deus
2330 1176 2496 1231 salvos
2520 1175 2761 1248 faciendi.
2796 1176 2855 1231 Ei
2882 1177 3080 1247 quippe
3105 1186 3160 1231 et
3183 1176 3310 1230 alibi
3347 1173 3582 1229 dicitur:
3619 1173 3726 1231 Deus

2168 1268 2427 1335 virtutum,
2472 1280 2702 1325 converte
2747 1286 2876 1333 nos;
2922 1280 2973 1324 et
3023 1269 3231 1324 ostende
3279 1270 3472 1341 faciens
3512 1279 3654 1331 tua,
3690 1281 3728 1324 et

2168 1360 2295 1415 salvi
2335 1361 2522 1416 erimus
2564 1358 2737 1431 (Psal.
2770 1375 2949 1423 Lxxtx,
2987 1359 3105 1416 20!.
3146 1360 3276 1416 Item
3319 1361 3455 1415 alibi
3485 1378 3502 1414 :
3531 1360 3725 1417 Consule

2169 1466 2283 1518 nos,
2314 1449 2450 1507 Deus
2477 1451 2755 1506 sanitatum
2782 1462 3073 1506 nostrarum
3108 1449 3282 1520 (Psal.
3313 1465 3538 1513 Lxxxrv,
3564 1452 3631 1520 ὁ).
3658 1450 3726 1507 llic

2170 1553 2348 1600 autem
2378 1544 2510 1600 dixit
2539 1563 2553 1599 :
2588 1543 2671 1599 Ea:
2708 1542 2883 1612 Busan
2915 1555 3226 1601 convertam.
3277 1543 3459 1600 Busan
3510 1544 3728 1615 interpre-

2171 1646 2313 1692 tatur
2336 1637 2613 1693 Confusio.
2640 1636 2777 1706 Quid
2814 1647 2897 1692 est
2922 1653 3072 1708 ergo,
3098 1648 3417 1692 convertam
3464 1652 3531 1693 ex
3574 1637 3722 1692 coniu-

2170 1726 2341 1791 sione,
2367 1727 2465 1781 nisi
2494 1728 2619 1797 quia
2642 1726 2991 1784 confunditur
3021 1728 3089 1783 de
3122 1731 3364 1800 peccatis
3392 1729 3513 1783 suis
3536 1728 3617 1798 qui
3652 1744 3726 1798 pro

2171 1817 2249 1872 eis
2271 1817 2606 1874 dimittendis
2640 1829 2890 1889 precatur
2919 1819 3346 1875 misericordiam
3376 1817 3515 1874 Dei?
3543 1818 3733 1874 ludeest

2171 1907 2313 1979 quod
2354 1909 2444 1963 ille
2474 1908 2795 1965 Publicanus
2832 1924 2934 1967 nec
2970 1911 3160 1967 oculos
3185 1911 3253 1965 ad
3297 1911 3505 1966 coelum
3541 1910 3733 1966 audebat

2172 2004 2388 2059 levare:
2418 2005 2488 2059 ita
2532 2018 2592 2060 se
2628 2004 2979 2060 considerans
3022 2004 3496 2068 confundellatur;
3540 2005 3627 2060 sed
3661 2004 3733 2059 tie-

2171 2094 2381 2151 scendit
2401 2094 2743 2164 jusulicatus,
2766 2095 2888 2168 quia
2915 2096 3043 2152 dixit
3077 2095 3346 2161 Dominus,
3365 2112 3435 2150 ex
3454 2093 3616 2150 Busan
3633 2113 3728 2149 eos-

2170 2198 2379 2244 sertam.
2417 2187 2590 2244 Busan
2619 2189 3001 2260 interpretatur
3023 2198 3079 2245 at
3115 2188 3383 2249 Siccitas;
3413 2196 3474 2243 et
3509 2198 3644 2242 rei-te
3672 2188 3732 2241 in-

2173 2280 2429 2353 telligitur
2456 2281 2711 2337 Dominus
2740 2296 2807 2337 ex
2835 2280 3077 2338 siccitate
3109 2290 3456 2341 convertere,
3491 2280 3541 2335 id
3578 2290 3649 2336 est
3678 2296 3730 2335 ex

2174 2372 2372 2443 inepia.
2398 2371 2532 2428 Nam
2558 2372 2653 2443 qui
2675 2371 2777 2429 sibi
2806 2371 3049 2429 videntur
3068 2372 3295 2443 copiosi,
3316 2387 3449 2428 eum
3475 2372 3585 2427 sint
3607 2372 3734 2427 latae

2173 2463 2284 2529 lici,
2307 2472 2362 2519 et
2389 2464 2553 2535 pleni,
2579 2478 2702 2520 cum
2726 2463 2835 2518 sint
2863 2464 3184 2529 inanissimi,
3221 2480 3330 2518 non
3362 2474 3731 2519 conuertuntur.

2174 2554 2323 2612 Beati
2348 2554 2491 2610 enim
2512 2554 2602 2626 qui
2633 2554 2876 2610 esuriant
2902 2565 2958 2610 et
2989 2555 3176 2610 sitiunt
3197 2555 3493 2625 justitiam.
3523 2557 3734 2624 quoniam

2174 2645 2276 2718 ipsi
2319 2647 2701 2704 saturabuntur
2748 2645 2958 2720 (.ilatth.
2999 2663 3054 2715 v,
3099 2649 3180 2720 ti).
3234 2649 3311 2704 lix
3367 2650 3475 2704 ista
3523 2649 3734 2705 Dominus

2175 2738 2415 2795 siccitate
2439 2738 2734 2794 convertit:
2759 2738 2828 2794 de
2854 2740 3032 2795 anima
3059 2740 3254 2811 quippe
3279 2741 3429 2797 sicca
3457 2743 3533 2796 illi
3557 2742 3732 2802 dicitur,

2176 2831 2397 2888 Extendi
2418 2850 2598 2889 utanus
2627 2849 2765 2889 meas
2790 2834 2861 2888 ad
2884 2843 2967 2898 te;
2995 2835 3166 2888 anima
3186 2850 3297 2889 mea
3321 2836 3465 2890 velut
3507 2845 3632 2890 terra
3652 2835 3736 2890 sint

2175 2942 2311 2999 aqua
2347 2927 2435 2981 tibi
2459 2925 2631 3000 (Psal.
2660 2942 2833 2992 exul,
2861 2926 2938 3000 ϐ).
2973 2925 3104 2983 illud
3134 2944 3355 2999 quoque
3398 2944 3508 2984 non
3547 2928 3736 2982 anmals

2175 3016 2508 3088 intelligitur,
2538 3019 2683 3089 quod
2712 3019 2913 3075 habent
2952 3018 3044 3075 alii
3072 3020 3308 3082 codices,
3340 3020 3431 3075 Ea:
3459 3019 3623 3075 Busan
3638 3036 3732 3073 ros-

2176 3119 2361 3165 oertar.
2390 3109 2731 3167 Convertitur
2764 3111 2912 3167 enim
2937 3111 3004 3167 ad
3033 3127 3132 3167 nos
3154 3113 3315 3167 etiam
3362 3114 3480 3183 ipse
3509 3116 3592 3185 qui
3618 3112 3731 3174 dicit,

2176 3198 2535 3258 Conoertimini
2559 3207 2628 3256 ad
2666 3219 2767 3270 me,
2793 3212 2841 3259 et
2874 3219 2967 3275 ego
2997 3213 3263 3259 convertar
3295 3204 3372 3258 ad
3400 3221 3490 3259 vos
3531 3203 3686 3277 (laci.
3705 3219 3732 3270 t,

2178 3294 2273 3366 3):
2300 3302 2357 3351 et
2381 3310 2508 3363 non,
2537 3295 2616 3351 si‘
2643 3306 2793 3353 extra
2818 3295 3208 3361 confusionem,
3227 3313 3353 3354 cum
3379 3309 3644 3369 peccaturo
3664 3313 3735 3352 no-

2178 3396 2349 3443 strum
2384 3396 2509 3443 ante
2550 3403 2650 3444 nos
2688 3400 2773 3445 est
2818 3403 3034 3461 semper
3072 3388 3243 3462 (Psal.
3290 3406 3339 3456 ι..
3393 3391 3488 3463 5);
3529 3400 3582 3448 et
3616 3399 3731 3447 extra

2178 3481 2494 3546 siceitatem,
2520 3497 2623 3553 qua
2668 3481 2787 3552 ejus
2813 3481 3182 3539 desideramus
3226 3483 3483 3548 imbrem,
3523 3485 3607 3556 qui
3643 3484 3733 3555 plu-

2180 3572 2318 3627 viam
2360 3572 2715 3628 voluntariam
2761 3574 3062 3645 segregavit
3102 3574 3408 3632 incrcditati
3463 3591 3587 3632 sua.
3630 3574 3731 3631 Nata

2179 3663 2418 3720 siccitate
2454 3663 2724 3720 inﬁrmata
2756 3673 2875 3731 est;
2919 3664 3037 3736 ipse
3069 3681 3200 3722 vero
3237 3682 3533 3724 conversus
3556 3667 3734 3738 perfecit

2178 3770 2316 3822 eam,
2336 3758 2423 3812 eui
2444 3756 2660 3824 dicitur,
2679 3756 2746 3811 Et
2767 3773 3036 3814 conuersus
3057 3760 3319 3830 oioiﬁcasti
3340 3778 3427 3816 me
3451 3761 3598 3836 (Psal
3630 3776 3729 3827 ut,

2178 3846 2296 3919 20).
2328 3845 2475 3902 Dixit
2496 3863 2627 3920 ergo
2655 3846 2909 3904 Dominus
2929 3865 2950 3905 :
2980 3849 3067 3905 Ea;
3100 3849 3273 3906 Basan
3309 3864 3613 3920 consertam,
3635 3870 3731 3907 m-

2180 3948 2370 3995 oertant
2406 3940 2461 3994 in
2502 3940 2818 4013 profundunt
2862 3940 3038 3995 maris.
3080 3941 3138 3998 Si
3177 3954 3491 4009 convertant,
3516 3960 3660 4017 quare
3691 3945 3730 3998 is

2180 4032 2496 4105 profundum
2523 4034 2720 4089 maris!
2766 4033 2822 4090 In
2866 4034 3101 4104 seipsum
3131 4035 3326 4107 quippe
3367 4041 3625 4094 convertit
3648 4038 3728 4092 Du-

2182 4125 2378 4193 minus,
2393 4140 2514 4182 cum
2531 4126 2815 4182 salubriter
2835 4127 3121 4192 convertit,
3137 4136 3193 4183 et
3212 4144 3318 4184 non
3344 4142 3433 4186 est
3456 4132 3622 4203 utique
3643 4132 3729 4199 ipse

2183 4216 2502 4288 profundum
2549 4218 2732 4274 maris.
2772 4219 2856 4274 An
2906 4217 3037 4274 fallit
3078 4217 3217 4276 forte
3267 4220 3436 4277 latina
3478 4223 3728 4283 locutio,et

2184 4326 2281 4382 pro
2327 4326 2393 4367 eo
2442 4311 2674 4383 positum
2721 4320 2825 4378 est,
2867 4312 2922 4366 in
2966 4313 3301 4383 profundum,
3327 4315 3475 4384 quod
3513 4324 3606 4379 est,
3632 4327 3727 4384 pm-

2184 4403 2386 4460 l'unde?
2433 4402 2549 4459 Non
2579 4403 2723 4459 enim
2748 4404 2837 4461 ille
2864 4419 2924 4461 se
2946 4407 3242 4472 convertit;
3288 4406 3389 4463 sed
3420 4408 3488 4463 ibi
3512 4408 3727 4463 convertit

2183 4512 2277 4555 eos
2318 4497 2408 4568 qui
2456 4497 2509 4552 in
2558 4495 2822 4567 profundo
2866 4497 3022 4568 hujus
3079 4500 3259 4555 seculi
3302 4499 3487 4571 jaceat
3530 4498 3717 4557 deutersi

2184 4588 2419 4660 pondere
2464 4598 2833 4659 peccatorum,
2879 4590 2990 4653 ubi.
3014 4606 3307 4648 conversus
3339 4592 3434 4650 ille
3467 4594 3621 4649 dicit:
3662 4589 3718 4643 De

2186 4678 2455 4752 profundis
2483 4680 2699 4736 clamavi
2721 4681 2791 4735 ad
2824 4690 2890 4748 te,
2917 4680 3135 4738 Domine
3175 4682 3350 4755 (Psal.
3394 4700 3573 4749 cxxtx,
3598 4679 3720 4752 ηδε

2185 4783 2363 4831 autem
2395 4789 2501 4830 non
2530 4784 2634 4842 est,
2664 4784 2973 4840 consertam,
3011 4775 3129 4841 sed,
3156 4788 3424 4833 convertar
3458 4779 3510 4833 in
3544 4778 3719 4847 propra-

2186 4865 2308 4921 dum
2354 4867 2530 4933 maris,
2558 4865 2662 4921 hoc
2712 4866 3027 4937 intelligitur
3080 4867 3282 4924 dixisse
3343 4869 3605 4923 Dominum
3648 4879 3717 4917 no.

2188 4972 2378 5027 strum,
2399 4960 2541 5034 quod
2569 4975 2664 5016 sua
2690 4960 3055 5016 misericordia
3085 4971 3485 5018 converteretur
3516 4960 3651 5017 etiam
3678 4953 3716 5008 in

2188 5054 2509 5129 profundum
2557 5054 2757 5120 maris,
2800 5052 2868 5108 ad
2920 5068 3017 5110 eos
3069 5069 3282 5126 quoque
3340 5051 3619 5111 liberandus
3650 5046 3715 5118 qui

2192 5158 2372 5207 essent
2410 5149 2570 5204 etiam
2619 5146 3038 5219 desperatissimi
3086 5158 3417 5218 peccatores.
3454 5149 3712 5218 Quanquam

2192 5243 2245 5298 in
2271 5243 2447 5312 aliquo
2484 5256 2662 5311 graeco
2703 5240 3022 5305 invenerim,
3051 5255 3181 5306 non,
3212 5242 3267 5296 in
3298 5241 3604 5313 profundunt,
3627 5238 3711 5293 sel.

2191 5335 2244 5388 in
2275 5334 2563 5404 profundis,
2582 5331 2684 5387 ltoc
2704 5338 2808 5398 est,
2838 5336 2886 5386 ἐν
2909 5339 3107 5403 poesis;
3138 5332 3281 5402 qttod
3312 5336 3526 5401 priorem
3545 5341 3711 5384 seavutn

2194 5428 2493 5491 continuat,
2523 5423 2664 5495 quod
2703 5424 2871 5478 etiam
2919 5422 2993 5478 ibi
3044 5422 3186 5477 Deus
3227 5433 3495 5479 convertat
3520 5420 3576 5473 ad
3600 5414 3714 5471 sedc

2194 5516 2472 5589 profundis
2495 5516 2807 5572 cltuuantes.
2850 5512 2954 5583 Qui
2998 5521 3055 5569 et
3099 5514 3143 5570 si
3190 5515 3502 5586 intelligatur
3536 5509 3595 5564 ibi
3630 5508 3710 5573 ipe

2195 5612 2434 5670 converti
2481 5609 2550 5666 ad
2600 5608 2907 5667 liberandos
2950 5607 3112 5665 etiam
3143 5609 3295 5674 tales,
3327 5626 3428 5664 non
3456 5619 3532 5663 est
3573 5606 3709 5658 ἱιιοοιι·

2198 5744 3057 5864 mpodmesmsliicarent
3095 5741 3523 5799 sinde
3556 5737 3697 5790 ab“
