3912 6422
165 459 263 520 833

163 582 379 644 gruum:
405 575 472 623 et
499 565 570 621 ita
607 578 703 622 eos
743 563 1030 630 convertit,
1054 561 1139 621 vel
1182 562 1253 621 ad
1298 579 1395 621 eos
1439 562 1744 620 liberandos
1784 558 1794 567 ’

173 665 239 721 ita
263 660 607 723 convertitur,
644 669 702 714 ut
748 658 1018 729 tinguntur
1064 672 1158 727 pes
1201 658 1319 729 ejus
1367 659 1420 713 in
1464 657 1743 729 sanguine.

174 753 315 824 Quod
342 753 406 806 ad
443 752 614 821 ipsum
650 751 928 805 Dominum
961 750 1227 820 Propheta
1252 749 1421 806 dicit:
1458 748 1526 807 Ut
1549 750 1750 820 tingua-

175 856 252 898 tur
276 859 359 908 pes
380 853 494 896 tuus
522 840 574 895 in
597 841 847 911 sanguine
869 854 890 895 :
918 840 972 895 id
997 850 1100 906 est,
1130 850 1187 894 ιιι
1212 840 1310 910 ipsi
1339 840 1427 911 qui
1457 839 1522 895 ad
1551 850 1602 896 te
1623 854 1750 895 eon-

175 944 461 999 vt-rtuatur,
492 933 575 988 vel
601 932 669 988 ad
710 947 847 1003 quos
889 931 1195 988 liberandos
1230 932 1583 997 converteris,
1623 930 1750 987 licet

172 1030 220 1084 in
252 1024 510 1096 profundo
540 1027 703 1081 maris
730 1040 895 1081 onere
937 1024 1231 1095 iniquitatis
1261 1022 1501 1095 depressi
1531 1021 1747 1089 iuerint,

172 1120 218 1173 iu
247 1129 446 1173 tautttm
471 1118 637 1190 gratia
658 1127 744 1173 tua
762 1116 1061 1187 proﬁciant,
1083 1117 1334 1188 quoniam
1363 1115 1450 1171 ubi
1475 1114 1751 1171 abundavit

169 1221 454 1280 peccatum,
498 1208 926 1280 superabundavit
970 1208 1137 1280 gratia
1188 1206 1365 1279 (Rom.
1413 1223 1466 1273 v,
1515 1206 1634 1279 20).
1678 1205 1751 1263 Ut

169 1306 288 1356 ttaut
332 1318 425 1371 pes
456 1315 578 1357 tuus
618 1302 759 1357 inter
804 1299 1042 1356 membra
1089 1308 1199 1366 tua,
1231 1298 1297 1354 ad
1327 1296 1746 1354 annuntiandum

170 1394 509 1466 Evangelium
538 1403 706 1460 tuum,
734 1402 788 1449 ct
816 1408 916 1463 pro
944 1392 1161 1448 nomine
1209 1399 1302 1446 tuo
1326 1390 1417 1445 ditt
1458 1389 1746 1446 ducentcs‘

166 1489 494 1561 martyrium,
518 1503 685 1557 usque
709 1487 773 1541 ad
804 1486 1114 1556 sanguinem
1133 1492 1359 1539 certent.
1377 1483 1468 1538 Sic
1493 1481 1660 1546 enim,
1690 1491 1749 1537 ttt

163 1581 412 1647 arbitror,
444 1580 851 1635 couveuicntius
896 1577 1210 1649 intelligitur
1252 1590 1346 1643 pes
1388 1573 1506 1644 ejus
1550 1576 1748 1629 tinctus

164 1688 216 1728 ιιι
245 1686 526 1739 sanguine.

228 1760 318 1819 52.
354 1760 591 1832 Denique
612 1759 850 1828 adjungit
868 1800 883 1823 ,
912 1757 1113 1828 Lingua
1131 1772 1313 1810 cauum
1339 1764 1539 1810 tttorunt
1564 1769 1625 1808 ea:
1643 1752 1747 1807 iui-

162 1856 299 1910 nticis
323 1854 386 1909 ab
412 1856 525 1926 ipso
555 1871 574 1909 :
605 1853 821 1908 eosdem
852 1854 995 1921 ipsos
1022 1850 1108 1920 tpti
1152 1863 1320 1919 usque
1348 1848 1412 1901 ad
1437 1846 1747 1917 sanguinem

162 1944 367 2001 fuerant
393 1960 492 2015 pro
521 1944 622 1999 ﬁde
647 1943 951 2015 evangelica
979 1941 1254 2002 certaturi,
1281 1939 1440 1993 etiam
1470 1952 1631 1992 canes
1656 1951 1750 1992 vo-

162 2051 319 2097 cans.
366 2046 619 2105 tauquam
648 2050 744 2106 pro
774 2050 872 2089 suo
902 2034 1126 2089 Domino
1168 2032 1442 2086 latrantes.
1484 2028 1599 2084 Non
1631 2029 1750 2084 illos

163 2142 319 2184 canes
338 2171 353 2193 ,
380 2128 451 2184 de
478 2128 672 2197 quibus
696 2128 822 2180 dicit
854 2125 1140 2195 Apostolus
1157 2164 1173 2190 ,
1206 2122 1386 2178 Cavete
1412 2137 1561 2176 canes
1592 2118 1748 2192 (Phi-

164 2219 287 2289 (ipp.
308 2236 384 2282 Ill,
410 2219 476 2288 2)
496 2237 512 2274 :
530 2219 624 2276 sed
653 2218 772 2274 illos
796 2218 884 2288 qtti
910 2217 1063 2271 edunt
1088 2216 1150 2270 de
1176 2214 1318 2269 micis
1341 2228 1455 2284 qua!
1472 2211 1662 2266 cadunt
1686 2210 1751 2266 de

166 2320 332 2366 nit-usu
361 2312 684 2365 dominorum
708 2325 933 2364 suorum.
966 2307 1076 2362 lloc
1101 2306 1243 2362 enim
1267 2304 1509 2361 confessa
1535 2302 1749 2357 Chana-

166 2418 275 2457 ntea
305 2403 499 2458 meruit
543 2401 730 2457 audire
762 2418 776 2455 :
809 2400 855 2455 0
884 2399 1097 2465 mulier,
1146 2414 1331 2469 magna
1356 2405 1430 2452 est
1467 2396 1595 2465 ﬁdes
1619 2394 1750 2449 tua!

165 2495 252 2564 ﬁat
294 2495 382 2549 tibi
407 2495 538 2548 sicut
562 2494 635 2547 vis
677 2491 891 2563 (Matth.
924 2506 1024 2558 xv,
1052 2489 1169 2562 28).
1200 2488 1373 2545 Canes
1413 2487 1706 2542 laudabiles
1727 2527 1744 2553 ,

164 2600 267 2640 non
296 2584 680 2649 detestabiles;
712 2583 867 2638 ﬁdem
893 2590 1169 2638 servantes
1194 2580 1413 2634 dontino
1435 2594 1554 2645 suo,
1577 2587 1632 2635 et
1653 2594 1749 2648 pro

162 2678 273 2748 ejus
298 2677 463 2733 domo
494 2687 678 2732 contra
723 2676 967 2731 inimicos
997 2675 1270 2730 latrantes.
1309 2673 1425 2729 Non
1455 2674 1596 2728 enim
1628 2683 1746 2727 tau-

163 2769 436 2824 tummodo
458 2785 641 2823 canum
658 2767 795 2822 dixit
813 2809 830 2830 ,
854 2767 949 2821 sed
973 2782 1153 2820 canum
1177 2775 1414 2831 tuorum;
1441 2779 1538 2819 uec
1560 2779 1746 2819 eorum

158 2860 383 2928 dentes,
415 2860 509 2915 sed
540 2860 714 2930 lingua
743 2859 949 2913 laudata
979 2865 1063 2913 est
1095 2874 1108 2912 :
1141 2858 1391 2927 quoniam
1432 2871 1537 2911 non
1568 2856 1748 2926 utique

158 2952 378 3021 frustm,
402 2969 502 3008 nec
530 2954 647 3007 sine
673 2968 862 3021 magno
887 2959 1221 3006 sacramento
1245 2949 1461 3004 Gedeon
1489 2950 1634 3004 solos
1653 2962 1748 3004 eos

150 3043 337 3116 jussus
359 3056 440 3100 est
457 3044 672 3110 ducere,
690 3043 778 3115 qui
804 3042 1037 3099 ﬁumiuis
1065 3057 1255 3113 aquam
1273 3042 1407 3097 sicut
1431 3056 1594 3097 canes
1614 3041 1747 3096 lam~

155 3137 382 3206 bet'ent;
413 3141 651 3210 talesque
680 3155 784 3192 ttott
811 3137 1041 3207 amplius
1065 3152 1225 3207 quant
1270 3137 1490 3192 trecenti
1521 3136 1572 3190 in
1600 3143 1744 3191 tanta

156 3231 493 3287 multitudine
519 3231 715 3287 inventi
743 3240 865 3285 sunt
891 3228 1089 3301 (ludit.
1118 3244 1205 3293 vtt,
1236 3229 1290 3291 5,
1324 3229 1402 3299 ϐ).
1435 3228 1488 3283 In
1518 3245 1625 3298 quo
1644 3244 1743 3283 nu.

153 3337 301 3379 utero
314 3326 493 3380 crucis
514 3325 721 3395 signum
740 3332 820 3378 est
841 3331 1056 3393 propter
1073 3346 1103 3377 τ
1123 3323 1375 3386 litteram,
1393 3337 1514 3393 quae
1541 3321 1593 3375 in
1609 3337 1746 3388 ιπηι-

154 3415 230 3470 cis
254 3432 603 3473 numerorum
647 3417 788 3471 notis
826 3423 1095 3471 trecentos
1133 3415 1416 3485 signiﬁcat.
1448 3415 1521 3469 De
1550 3415 1744 3471 talibus

153 3509 372 3565 canibus
397 3520 454 3566 et
479 3509 531 3565 itt
561 3509 668 3563 alio
695 3507 902 3578 psalmo
928 3506 1125 3561 dicitur
1145 3524 1161 3561 :
1185 3507 1546 3562 Conrertentur
1569 3507 1639 3561 ad
1663 3523 1743 3562 ve-

152 3618 381 3672 speram,
409 3613 460 3661 et
487 3603 671 3674 [autem
697 3604 950 3672 patientur
980 3609 1032 3653 ut
1055 3611 1205 3654 canes
1229 3599 1398 3671 (Psal.
1432 3616 1557 3656 Lvut
1577 3643 1591 3665 ,
1627 3600 1739 3670 15).

152 3691 278 3749 Nam
302 3705 357 3750 et
369 3695 590 3768 quidam
606 3709 771 3750 canes
790 3692 1100 3763 reprehensi
1124 3700 1249 3746 sunt
1263 3706 1292 3745 a
1312 3691 1565 3761 propheta
1585 3690 1734 3757 Isaia,

152 3799 251 3841 non
293 3785 413 3842 ideo
442 3785 587 3858 quod
616 3800 777 3842 canes
804 3792 983 3842 essent
1007 3827 1018 3844 ,
1050 3783 1143 3837 sed
1171 3784 1310 3852 quod
1343 3785 1533 3839 latrare
1562 3785 1738 3838 nesci-

152 3888 355 3940 rent,et
378 3881 676 3935 dormitare
701 3886 943 3934 amarent
973 3875 1123 3949 (Isai.
1156 3893 1263 3942 ιιι,
1286 3878 1396 3945 10).
1429 3875 1527 3932 Ubi
1561 3878 1740 3946 utique

150 3969 571 4036 demonstravit,
605 3973 724 4043 quia
770 3971 815 4026 si
847 3971 1122 4042 vigilarent
1152 3979 1205 4022 et
1251 3982 1348 4038 pro
1393 3969 1611 4023 domino
1640 3985 1739 4024 suo

151 4062 440 4134 latrarent,
478 4065 772 4121 laudabiles
814 4077 974 4117 caurs
1019 4070 1202 4117 essent
1232 4076 1246 4112 :
1280 4062 1419 4114 sicut
1460 4060 1741 4115 laudantur

150 4153 232 4209 isti
260 4157 329 4212 de
351 4158 549 4229 quibus
571 4157 785 4219 dicitur,
822 4153 1020 4223 Lingua
1047 4169 1228 4206 canum
1253 4163 1470 4206 tuorum.
1497 4154 1642 4217 Quos
1662 4160 1738 4206 la-

153 4265 267 4307 meu
292 4253 564 4323 Propheta
592 4266 657 4306 ex
687 4250 917 4304 inimicis
943 4250 1148 4302 iuturus
1189 4260 1309 4300 esse
1336 4243 1578 4314 praedixit
1597 4286 1610 4306 .
1645 4260 1740 4315 per

152 4341 288 4400 illam
338 4347 551 4403 scilicet
577 4344 983 4401 conversionem
1032 4341 1100 4396 de
1128 4355 1229 4411 qua
1260 4339 1505 4411 superius
1552 4338 1736 4407 loque-

153 4431 318 4491 ltatur.
351 4437 509 4495 Unde
550 4446 607 4493 et
650 4436 739 4491 ille
782 4436 1014 4505 psalmus
1046 4448 1060 4485 :
1095 4431 1458 4487 Convertcntur
1478 4471 1494 4496 ,
1527 4429 1695 4501 inquit
1717 4471 1733 4496 ,

151 4527 218 4579 ad
255 4545 515 4599 vesperam
537 4569 554 4593 ,
601 4537 649 4582 et
695 4531 879 4599 [amem
928 4525 1182 4593 patientur
1221 4533 1276 4577 ut
1319 4539 1487 4577 canes.
1541 4522 1737 4578 Deinde

153 4616 310 4672 veluti
353 4617 720 4690 outer-cutibus
762 4614 905 4670 unde
949 4614 1052 4669 ltoc
1098 4613 1206 4668 illis
1246 4621 1450 4668 tantum
1496 4613 1732 4680 bonum,

152 4713 210 4760 ut
246 4723 409 4765 canes
458 4709 575 4779 ejus
624 4708 850 4769 ﬁerent,
897 4704 1052 4776 cujus
1093 4705 1302 4759 fuerant
1347 4702 1595 4768 inimici;
1645 4720 1735 4759 re-

151 4812 398 4871 sponsum
447 4816 532 4862 est
560 4848 576 4869 ,
625 4804 689 4859 ab
735 4805 862 4877 ipso.
911 4801 1002 4858 Sic
1048 4800 1191 4856 enim
1240 4799 1432 4870 legitur
1478 4814 1492 4852 :
1542 4796 1736 4868 Lingua

153 4909 328 4952 canum
359 4911 563 4955 tuorum
591 4914 654 4952 ea:
697 4896 914 4951 inimicis
953 4892 1016 4948 ab
1062 4893 1195 4965 ipso.
1226 4891 1395 4963 Ipsius
1442 4889 1623 4958 utique
1649 4888 1735 4943 di-

154 4982 415 5057 lectione,
471 4990 638 5062 ip~ius
686 4986 1092 5052 misericordia,
1147 4984 1314 5055 ipsius
1359 4981 1548 5055 gratia.
1600 4979 1733 5036 Nam

153 5083 359 5147 quando
404 5085 456 5141 id
504 5093 720 5154 possent
766 5099 795 5136 a
844 5079 1075 5150 seipsis?
1117 5077 1327 5135 Etenim
1371 5090 1492 5131 cum
1534 5073 1734 5129 inimici

154 5180 429 5242 essemus,
476 5174 799 5230 reconciliati
846 5186 1033 5230 sumus
1078 5170 1189 5227 Deo
1236 5184 1332 5239 per
1376 5175 1602 5222 mortem
1642 5162 1734 5219 Fi«

157 5256 206 5311 lii
235 5263 350 5330 I'jIIS
401 5269 420 5339 (
446 5266 591 5321 Rom.
630 5281 662 5319 v
686 5307 702 5330 ,
748 5262 855 5337 t0)
892 5282 906 5319 :
937 5262 1005 5319 ad
1035 5261 1137 5318 hoc
1163 5268 1220 5317 et
1248 5258 1456 5315 Domini
1486 5256 1585 5313 fttit
1611 5256 1734 5311 cxi-

159 5356 239 5404 ttts
268 5360 474 5413 mortis.

226 5442 309 5500 55.
346 5446 496 5521 (vers.
528 5447 646 5523 ‘25.]
685 5446 790 5503 Visi
813 5455 929 5500 sunt
956 5461 1156 5517 gressus
1181 5444 1290 5511 tui,
1327 5441 1481 5497 Deus.
1507 5442 1737 5497 Gresstts

158 5531 343 5598 quibus
359 5541 548 5596 venisti
576 5557 670 5608 per
693 5538 969 5604 tuundum,
991 5546 1237 5609 tauquam
1256 5539 1307 5592 itt
1328 5537 1422 5591 illo
1438 5551 1595 5590 currtt
1615 5550 1738 5604 pcr-

160 5631 433 5688 alil‘alurus
485 5634 669 5687 orbem
713 5641 1008 5695 terrarum;
1039 5645 1173 5698 quos
1199 5642 1253 5685 et
1281 5630 1450 5683 uuln-s
1478 5630 1528 5681 itt
1558 5625 1736 5681 Evan-

157 5714 296 5779 εοιιο
319 5734 533 5781 sanctus
556 5733 610 5781 et
633 5722 822 5781 ﬁdeles
839 5736 966 5778 suos
990 5720 1283 5793 signiﬁcat,
1314 5720 1403 5776 ubi
1430 5721 1507 5776 ait
1536 5736 1552 5775 :
1584 5719 1739 5773 Amo-

144 5867 364 5986 “;“Itss.
401 5879 641 5948 plerique
661 5879 904 5943 omittunt,
929 5875 1018 5931 ditt
1047 5889 1071 5930 :
1103 5886 1158 5931 et
1192 5876 1386 5942 quidam
1416 5875 1618 5955 habent,
1658 5872 1734 5929 di-

1224 449 1621 510 ENARRATIO
1660 447 1723 510 IN
1755 452 2082 512 PSALMUM
2119 456 2327 515 LXVII.

3332 474 3441 537 85b

1856 564 1923 619 do
1944 566 2171 623 videbitis
2184 567 2377 625 Filium
2399 569 2617 630 hominis
2631 574 2905 634 venientem
2924 578 2978 635 iu
2993 580 3207 640 nubibus
3222 584 3435 659 (Matth.

1854 671 1976 712 xxvr
1995 700 2010 725 ,
2041 660 2144 726 64,
2173 672 2219 716 et
2247 661 2409 718 Marc.
2442 680 2570 732 xm,
2596 666 2710 738 26).
2742 668 2975 742 Excepto
3001 672 3092 732 illo
3123 676 3353 735 adventu
3383 681 3437 737 itt

1854 762 1960 842 quo
1985 752 2085 842 erit
2104 752 2269 821 judex
2292 756 2532 813 vivorum
2560 768 2720 831 atque
2747 773 3075 822 mortuorum
3098 767 3162 838 (Il
3190 768 3327 828 Tim.
3362 789 3434 842 tv,

1856 840 1945 909 υς
1978 841 2190 910 Amodo,
2221 845 2410 917 inquit,
2440 848 2666 905 videbitis
2696 849 2889 909 Filium
2918 855 3135 913 hominis
3165 840 3436 919 venientem

1854 930 1906 985 in
1930 932 2163 990 nubibus.
2194 935 2266 990 Ili
2287 955 2489 1009 gressus
2516 943 2590 996 tui
2614 943 2709 998 visi
2733 954 2868 1009 sunt,
2901 946 2954 1003 id
2983 958 3085 1016 est,
3117 955 3436 1013 manifestati

1853 1032 2009 1093 sunt,
2041 1026 2272 1083 revelata
2301 1032 2468 1101 gratia
2498 1032 2824 1092 Testameuti
2853 1037 2987 1095 Novi
3019 1059 3035 1095 :
3067 1044 3210 1101 unde
3236 1046 3435 1106 dictum

1850 1126 1951 1183 est,
1989 1117 2157 1186 Quam
2180 1122 2392 1192 speciosi
2417 1125 2566 1195 pedes
2591 1142 2767 1182 eorum
2792 1130 2883 1201 qui
2905 1136 3207 1191 annuntiant
3237 1154 3432 1208 pacem,

1851 1208 1937 1278 qui
1948 1212 2282 1302 annuntiant
2309 1213 2440 1269 bona
2472 1214 2647 1287 (Rom.
2677 1234 2746 1285 x,
2779 1221 2905 1292 15)!
2938 1223 3062 1281 llaec
3103 1228 3245 1284 enim
3271 1234 3436 1302 gratia

1851 1306 1907 1353 et
1947 1299 2033 1355 isti
2076 1317 2292 1372 gressus
2333 1305 2567 1361 latebant
2596 1307 2648 1363 iu
2678 1308 2870 1368 Vetere
2894 1312 3237 1375 Testamento
3268 1299 3293 1375 ιτ
3315 1336 3435 1379 cum

1851 1399 2029 1447 autem
2057 1395 2200 1449 venit
2221 1395 2498 1464 plenitudo
2519 1401 2776 1471 temporis
2797 1442 2813 1470 ,
2845 1412 2897 1458 et
2923 1405 3120 1476 placuit
3141 1409 3252 1466 Deo
3279 1428 3437 1470 reve-

1852 1480 1963 1539 lare
1988 1482 2182 1576 b‘iliuut
2209 1502 2365 1543 suum
2388 1531 2403 1556 ,
2434 1500 2491 1545 ut
2512 1494 2917 1550 annuutiaretur
2940 1496 2993 1552 in
3021 1502 3270 1570 gentibus
3291 1503 3434 1576 (Gal.

1852 1588 1906 1629 tv
1924 1614 1940 1639 ,
1971 1573 2028 1645 4)
2050 1617 2063 1639 ,
2094 1576 2187 1632 visi
2224 1590 2341 1633 sunt
2369 1598 2570 1651 gressus
2600 1584 2706 1649 tui,
2740 1583 2916 1654 Deus;
2942 1606 3144 1660 gressus
3171 1593 3263 1650 Dei
3300 1573 3398 1651 mei
3417 1638 3435 1664 ,

1850 1664 1984 1735 regis
2004 1665 2140 1758 {qui
2161 1678 2233 1723 est
2260 1669 2314 1722 in
2347 1681 2544 1725 sancto.
2575 1672 2631 1727 In
2655 1688 2761 1745 quo
2791 1686 2965 1733 sancto
2983 1720 2998 1746 ,
3034 1680 3132 1737 nisi
3160 1683 3212 1738 itt
3241 1690 3439 1758 templo

1852 1758 1990 1812 suo?
2022 1757 2283 1832 Templum
2309 1764 2439 1817 enim
2465 1762 2560 1819 Dei
2586 1776 2814 1822 sanctum
2842 1779 2935 1839 est,
2958 1771 3148 1844 inquit,
3170 1778 3306 1846 quod
3324 1757 3439 1835 estis

1851 1865 1937 1905 vos
1968 1850 2011 1921 (Ι
2035 1850 2153 1908 Cor.
2185 1869 2274 1918 ιιι,
2309 1854 2421 1928 l7).

1922 1943 2012 1999 54.
2043 1942 2196 2019 [νει-ε.
2226 1945 2346 2022 26.]
2380 1947 2444 2005 Ut
2489 1957 2668 2006 autem
2714 1966 2928 2023 gressus
2972 1954 3058 2011 isti
3088 1957 3436 2032 viderentur,

1853 2032 2213 2093 Prtevcnerunt
2238 2039 2491 2111 principes
2517 2042 2775 2113 conjuncti
2802 2046 3161 2116 psallentibtts,
3194 2052 3249 2106 iu
3273 2054 3438 2111 medio

1851 2128 2340 2186 adolescentulaum
2355 2135 2841 2204 tgmpanistriarum.
2862 2137 3136 2211 Principes
3156 2153 3281 2199 sunt
3296 2147 3440 2216 Apo-

1852 2220 1975 2277 stoli
2009 2239 2023 2276 :
2056 2221 2155 2292 ipsi
2179 2223 2320 2278 enim
2343 2237 2746 2293 prteveuerunt,
2775 2234 2836 2283 ut
2858 2230 3037 2299 populi
3065 2245 3436 2304 sequerentur.

1854 2313 2239 2386 Prwvenerunt,
2252 2321 2627 2375 annuntiantes
2647 2320 2852 2376 Novum
2875 2323 3270 2383 Testamentum
3287 2345 3302 2395 ;
3319 2345 3442 2385 con-

1841 2408 2014 2481 juncti
2053 2411 2416 2478 psallentibus,
2450 2411 2518 2468 de
2544 2427 2771 2483 quorum
2815 2415 2971 2470 bonis
3007 2419 3257 2487 operibus
3278 2423 3440 2478 etiam

1851 2500 2170 2566 visibilibus,
2187 2511 2435 2573 tanquam
2449 2504 2662 2574 organis
2677 2505 2867 2574 laudis,
2879 2508 3263 2578 gloriﬁcarctur
3280 2512 3439 2569 Deus.

1851 2590 2017 2649 Iidem
2043 2602 2218 2650 autem
2246 2595 2512 2665 principes
2539 2597 2592 2650 iu
2618 2597 2785 2654 medio
2799 2600 3289 2658 adolescentularum
3312 2616 3443 2678 tym-

1852 2687 2213 2757 panistriurum
2233 2731 2249 2753 ,
2298 2689 2349 2742 iu
2381 2690 2677 2745 ministerio
2705 2692 2908 2749 scilicet
2937 2694 3235 2752 honorabili
3269 2713 3283 2751 :
3317 2714 3439 2755 nam

1852 2777 1922 2833 ita
1950 2789 2072 2834 sunt
2100 2780 2150 2834 itt
2180 2782 2354 2837 medio
2379 2784 2604 2837 ministri
2636 2786 2903 2853 [tl‘tl’ltoslll
2936 2786 3295 2845 Ecclesiarum
3340 2806 3442 2845 no-

1853 2889 2071 2938 varum;
2106 2874 2207 2929 hoc
2234 2876 2375 2931 enim
2406 2885 2488 2931 est
2506 2915 2522 2944 ,
2553 2876 3041 2934 adulescentulorum
3070 2898 3090 2934 :
3119 2897 3280 2939 carne
3307 2882 3437 2938 edo-

1851 2968 1979 3018 mita
2029 2965 2194 3019 Deum
2248 2965 2611 3033 laudantium;
2668 2971 2768 3024 hoc
2812 2973 2955 3025 enim
3002 2981 3124 3041 est,
3178 2977 3440 3046 tympani-

1849 3056 2122 3125 striarum,
2153 3073 2220 3113 eu
2248 3058 2387 3129 quod
2420 3068 2670 3130 tytnmua
2703 3059 2829 3117 fiant
2859 3063 3006 3119 corio
3035 3063 3235 3120 siccato
3263 3076 3315 3122 et
3344 3082 3439 3123 exe

1849 3157 2016 3205 tento.

1919 3243 2009 3298 55.
2042 3242 2190 3317 [verm
2222 3241 2339 3317 27.]
2371 3241 2493 3301 Ideo
2521 3262 2587 3301 ne
2611 3247 2890 3319 quisquam
2917 3250 3203 3307 carnaliter
3233 3252 3327 3307 ista
3349 3269 3438 3309 ac-

1786 3387 1792 3393 .
1846 3337 2082 3407 ciperet,
2112 3348 2166 3392 et
2193 3353 2258 3393 ex
2291 3337 2373 3392 bis
2416 3339 2593 3394 verbis
2618 3341 2874 3409 quosdam
2906 3342 3127 3396 luxurim
3151 3342 3344 3400 Cllttl'th
3383 3347 3436 3402 itt

1845 3429 2080 3484 animum
2116 3429 2423 3497 induceret,
2450 3432 2689 3501 sequitur
2712 3440 2766 3489 et
2796 3432 2959 3500 dicit,
2989 3432 3053 3488 In
3083 3433 3321 3492 Ecclesiis
3349 3437 3435 3494 be-

1846 3522 2058 3575 netlicite
2093 3520 2361 3577 Dominum
2384 3541 2402 3577 :
2424 3532 2671 3594 tanquam
2698 3524 2922 3593 diceret,
2956 3526 3023 3582 Ut
3044 3528 3171 3596 ptid,
3201 3545 3320 3585 cum
3343 3547 3438 3585 au-

1844 3614 1969 3668 ditis
1983 3614 2406 3671 adulescentulas
2428 3619 2842 3688 tytnpanistrias,
2870 3618 3062 3673 lasciva
3080 3620 3439 3681 delectamen-

1847 3714 1896 3757 la
1941 3705 2225 3772 eogitatis?
2256 3702 2322 3759 lu
2353 3704 2592 3759 Erclesiis
2616 3705 2892 3762 benedicite
2920 3707 3213 3764 Dominum.
3247 3714 3436 3769 Eccle-

1845 3795 2149 3864 sia-quippe
2169 3796 2317 3849 vobis
2345 3795 2444 3852 bac
2471 3799 2692 3870 mystica
2722 3798 3109 3870 signiﬁcatione
3136 3814 3437 3860 monstrau-

1846 3898 1930 3941 tttr
1962 3904 1975 3939 :
2012 3886 2264 3941 Ecclrsize
2292 3896 2414 3942 sunt
2460 3889 2906 3956 adolescentulae,
2941 3907 3072 3945 nova
3121 3895 3286 3959 gratia
3335 3896 3434 3952 de-

1844 3987 2073 4043 coratr;
2106 3978 2357 4035 Ecclcstze
2384 3990 2507 4034 sunt
2534 3982 2914 4050 tvntpauistrim
2934 4024 2947 4047 ,
2991 3985 3241 4053 castigata
3270 4003 3434 4046 carne

1843 4070 2188 4138 Spiritualiter
2232 4086 2459 4123 sonorae.
2493 4070 2557 4125 lu
2604 4069 2844 4126 Ecclesiis
2871 4090 2998 4143 etgo
3022 4074 3292 4131 beuetlicite
3322 4075 3432 4132 Do-

1844 4163 2035 4216 minum
2083 4164 2239 4217 Ileuut
2280 4166 2342 4218 tle
2385 4165 2607 4235 fontibus
2638 4164 2819 4220 lsrut'l.
2865 4167 2991 4222 Inde
3042 4171 3234 4239 quippi-
3282 4172 3428 4237 prius

1843 4257 1996 4323 elegit
2032 4272 2163 4325 ques
2193 4257 2363 4308 fontes
2392 4255 2606 4311 faceret.
2639 4257 2770 4314 Nam
2800 4259 2923 4316 inde
2950 4272 3067 4315 sum
3098 4264 3251 4317 electi
3282 4266 3427 4332 Apo-

1843 4348 2003 4413 stoli;
2035 4358 2082 4401 et
2116 4346 2165 4401 bi
2211 4348 2457 4418 primitus
2499 4350 2779 4406 audierunt
2811 4368 2824 4403 :
2861 4353 2961 4421 Qui
2990 4353 3165 4408 biberit
3199 4371 3261 4411 ea:
3298 4374 3430 4426 aqua

1841 4457 1992 4510 quant
2041 4458 2131 4512 ego
2173 4439 2303 4494 dabo
2326 4483 2341 4505 ,
2388 4458 2489 4496 non
2528 4442 2656 4496 sitiet
2703 4459 2967 4513 unquam;
3007 4446 3097 4499 sed
3142 4447 3227 4515 [iet
3272 4448 3324 4501 iu
3371 4466 3430 4503 eo

1842 4537 1957 4601 fmus
1984 4549 2131 4605 aqua:
2158 4533 2382 4588 salientis
2422 4534 2475 4587 in
2506 4535 2657 4587 vitam
2687 4544 2925 4590 retentam
2954 4534 3156 4608 (latin.
3191 4553 3243 4592 tv
3268 4580 3285 4606 ,
3320 4540 3389 4596 l5
3409 4582 3427 4609 ,

1844 4625 1908 4681 ιι
1931 4624 1971 4697 ).

1912 4719 1997 4775 56.
2032 4717 2187 4793 [rem
2217 4717 2337 4792 ‘28.]
2371 4717 2450 4774 lbi
2470 4718 2735 4792 Benjamin
2761 4721 3126 4777 adolescmtior
3152 4724 3202 4778 in
3230 4728 3428 4782 erslasi.
3481 4734 3487 4740 '

1842 4809 1915 4865 Ibi
1946 4810 2140 4864 Paulus
2173 4812 2490 4865 novissimus
2525 4813 2933 4881 Apostolorum,
2964 4815 3053 4885 qui
3094 4816 3256 4880 dicit,
3291 4817 3428 4874 Nam

1839 4909 1885 4955 et
1913 4917 2004 4972 ego
2033 4900 2267 4954 Israelita
2297 4918 2407 4955 sum
2432 4918 2496 4956 ea:
2512 4904 2700 4958 sentiae
2730 4901 2982 4959 lbra/tum
3002 4948 3017 4968 ,
3047 4908 3112 4960 de
3135 4909 3262 4961 tribu
3290 4907 3425 4964 Bm-

1832 4991 1999 5062 jamiu
2030 4991 2290 5063 (Philipp.
2322 5008 2414 5059 ιιι,
2448 4993 2527 5061 5).
2556 4993 2660 5050 Sed
2690 4996 2843 5064 plane
2881 4997 2933 5051 in
2956 5000 3170 5064 ecstasi;
3198 5016 3437 5067 exin-ve-

1841 5087 2111 5142 scentibus
2136 5087 2384 5141 omnibus
2409 5096 2514 5142 tam
2539 5104 2784 5159 maguum
2812 5088 2864 5143 iu
2887 5091 3004 5159 ejus
3030 5091 3308 5149 vocatione
3332 5096 3427 5149 mi-

1841 5181 2101 5234 raculmu.
2137 5178 2372 5233 Ecstasis
2399 5194 2627 5248 namque
2650 5190 2731 5235 est
2756 5182 2950 5237 mentis
2972 5196 3260 5237 excessus:
3285 5187 3430 5256 quod

1841 5270 2125 5343 a"‘I'W'd"
2145 5286 2338 5337 Ιιῖινυνο
2360 5269 2648 5341 conﬁngit:
2670 5289 3043 5343 ttottttttuqttatn
3063 5289 3192 5330 vero
3217 5292 3309 5344 per
3330 5278 3428 5333 αξξ..

1841 5379 1998 5434 quam
2018 5362 2395 5417 revelationt-m
2412 5363 2731 5418 alienatione
2747 5364 2764 5397 ⁸
2789 5364 2980 5417 utentis
2999 5379 3028 5417 a
3051 5366 3296 5421 sensibus
3310 5383 3427 5423 cor—

1845 5458 2009 5526 poris,
2029 5467 2084 5509 ttt
2113 5456 2321 5524 spiritui
2338 5456 2477 5525 quod
2495 5455 2969 5511 tielllﬂ-‘lemntllllﬂ
2997 5466 3079 5513 est
3095 5457 3428 5516 demonstre-

1847 5557 1948 5603 tur.
1978 5547 2126 5603 Ut)th
2152 5547 2370 5616 intelligi
2400 5548 2559 5601 etiam
2599 5549 2677 5602 sic
2703 5554 2874 5614 potest
2906 5548 3048 5616 quod
3080 5548 3164 5603 ltic
3199 5553 3427 5621 positum

1844 5648 1960 5704 est,
1991 5640 2043 5693 iu
2071 5642 2292 5704 ecstasi;
2319 5640 2439 5710 quia
2467 5654 2587 5693 eum
2616 5638 2666 5693 ei
2699 5640 3023 5709 persecutori
3061 5640 3259 5698 dictum
3287 5652 3431 5700 esset

1846 5814 2376 5931 u‘xlidd.,regisntei.
2402 5815 3436 5891 Vox,mei,uonesttnttss.necingmco

1914 5913 2038 5992 fsto
2058 5943 2222 6007 proba!
2245 5948 2372 5992 notat
2395 5948 2501 5992 Mss.
2526 5946 2581 5992 At
2600 5941 2736 6007 add,
2754 5948 2801 5997 et
2820 5940 3165 6001 αιὶαιαιὶοηιιιι.
