3912 6440
527 421 634 480 835

526 539 594 594 de
633 535 772 592 etBlo
795 573 810 600 ,
841 532 1000 591 Saulo
1022 572 1037 597 ,
1067 529 1226 594 Sattle
1246 568 1262 595 .
1293 527 1413 600 quid
1439 545 1516 583 me
1543 528 1850 599 persequeris
1874 568 1886 590 ,
1920 526 2105 581 adem-

526 639 616 701 pto
643 628 840 683 lmnine
865 623 1138 678 oculorum
1162 622 1476 687 carnalium,
1507 619 1861 690 respondebat
1883 618 2107 672 Domino

521 736 679 792 quem
707 716 893 787 spiritu
923 713 1129 768 videbat
1154 729 1168 772 ;
1201 713 1288 783 qui
1315 721 1493 767 autem
1521 726 1641 765 cum
1673 711 1760 764 illo
1791 719 1942 764 erant
1962 751 1977 775 ,
2009 723 2106 762 vo-

523 826 638 866 cem
669 803 1038 878 respondentis
1067 803 1386 867 audiebant,
1419 802 1684 857 neminem
1717 809 1889 854 tamen
1918 799 2104 854 viden-

522 911 600 956 tes
639 901 721 955 cui
755 899 1058 967 loqueretur
1086 893 1220 968 (Act.
1252 911 1302 949 ιχ
1325 935 1339 958 ,
1371 895 1509 964 4-7).
1541 893 1724 949 Potest
1763 893 1848 947 hic
1883 891 2104 947 ecstasis

521 994 679 1048 etiam
712 991 802 1045 illa
828 989 943 1059 ejus
969 987 1211 1058 intelligi,
1242 987 1307 1042 de
1330 1003 1430 1057 qua
1461 987 1574 1056 ipse
1604 987 1826 1056 loquens
1851 985 1943 1050 ait,
1967 984 2106 1039 scire

523 1102 578 1142 se
605 1084 873 1138 hominem
902 1092 1105 1154 raptum
1128 1096 1293 1151 usque
1316 1081 1365 1134 in
1395 1080 1609 1134 tertium
1636 1079 1828 1134 cmlmn
1846 1095 1859 1144 ;
1879 1079 1990 1131 sive
2009 1093 2106 1132 au-

521 1189 626 1234 tem
657 1178 710 1232 in
740 1192 996 1247 corpore,
1029 1175 1142 1230 sive
1171 1185 1318 1228 extra
1351 1189 1544 1243 corpus
1564 1213 1578 1238 ,
1613 1172 1851 1234 nescire;
1882 1171 1974 1226 sed
2013 1186 2104 1226 ra-

519 1282 666 1342 ptum
699 1271 749 1324 in
782 1268 1082 1340 paradisum
1111 1265 1320 1320 audisse
1348 1263 1631 1319 ineffabilia
1652 1261 1832 1328 verba,
1856 1278 1974 1333 qum
1995 1278 2102 1320 non

520 1365 704 1422 liceret
735 1363 935 1418 homini
966 1360 1104 1430 loqui
1133 1359 1195 1429 (ll
1228 1357 1344 1413 Cur.
1376 1374 1468 1422 .vtt,
1491 1356 1628 1428 2-4).
1657 1353 1923 1426 Principes
1937 1355 2099 1424 Juda,

518 1462 668 1516 duces
689 1474 896 1520 eorum;
924 1454 1174 1528 principes
1197 1452 1447 1517 Zabulon,
1468 1450 1720 1521 principes
1742 1447 1794 1502 Ν
1799 1448 2098 1520 eplttltalint.

518 1551 650 1608 Cum
678 1547 961 1620 Apostolos
987 1546 1250 1617 significet
1276 1543 1571 1616 principes,
1601 1542 1687 1597 ubi
1725 1551 1808 1600 est
1831 1549 1887 1596 et
1913 1539 2102 1611 Benjao

519 1645 622 1699 min
651 1641 1011 1696 adolescentior
1039 1640 1091 1693 in
1115 1638 1328 1703 ecstasi;
1357 1637 1548 1707 quibus
1578 1635 1753 1690 verbis
1775 1635 1997 1694 Paulum
2023 1635 2101 1689 si-

517 1737 753 1810 gnificari
789 1750 942 1788 nemo
969 1732 1215 1802 ambigit;
1240 1730 1320 1785 vel
1346 1729 1558 1784 nomine
1586 1727 1882 1798 principum
1912 1741 2099 1781 omnes

517 1828 880 1899 significentur
904 1826 954 1880 in
987 1822 1238 1879 Ecclesiis
1262 1821 1584 1876 excellentes
1610 1829 1768 1890 atque
1805 1817 2100 1872 imitatione

517 1920 811 1994 dignissimi
833 1936 845 1970 :
868 1917 992 1989 quid
1010 1916 1108 1971 sibi
1128 1915 1309 1970 volunt
1331 1913 1440 1968 lucc
1461 1912 1672 1966 nomina
1693 1911 1922 1965 tribuum
1940 1909 2101 1965 Israe-

516 2013 819 2070 liticarum?
845 2010 899 2068 Si
929 2009 1070 2066 enim
1103 2017 1305 2062 tantum
1330 2005 1480 2062 Juda:
1507 2003 1707 2060 mentio
1741 2002 1920 2062 fieret,
1961 2016 2097 2072 quo.

516 2110 656 2174 niam
687 2123 754 2163 ex
782 2105 879 2160 hac
910 2104 1048 2162 tribu
1075 2116 1226 2171 reges
1267 2099 1492 2162 fuerant,
1527 2112 1589 2151 ex
1617 2111 1718 2166 qua
1747 2103 1802 2150 et
1842 2094 2099 2148 Dominus

515 2202 758 2260 Christus
781 2195 1072 2253 secundum
1099 2208 1315 2247 carnem
1348 2189 1521 2262 (Rom.
1551 2205 1624 2254 ix,
1645 2189 1736 2255 5);
1771 2186 1889 2239 ideo
1915 2200 1977 2238 ex
2001 2184 2098 2238 hac

517 2296 653 2354 tribu
685 2302 987 2364 putaremus
1014 2286 1265 2356 figuralos
1289 2283 1446 2338 etiam
1481 2280 1745 2353 principes
1772 2275 2098 2332 Testameuti

515 2388 647 2444 Novi
681 2404 694 2440 :
727 2400 847 2440 cum
876 2396 1002 2436 vero
1032 2378 1270 2450 adiungit
1290 2415 1307 2443 ,
1340 2375 1589 2444 principes
1615 2369 1841 2425 Zabulon
1863 2410 1876 2434 ,
1909 2367 2128 2439 princix

512 2501 602 2556 pes
631 2476 1286 2551 Nephtltalim;quisquam
1313 2471 1531 2526 forsitan
1560 2467 1701 2523 dicat
1723 2482 1788 2522 ex
1819 2465 1899 2520 his
1928 2464 2098 2520 tribu-

515 2577 616 2638 bus
645 2575 927 2646 Apostolus
955 2564 1134 2633 fuisse.
1157 2585 1224 2623 ex
1251 2566 1368 2624 aliis
1396 2573 1570 2620 autem
1599 2578 1701 2616 non
1731 2560 1915 2614 fuisse.
1942 2558 2093 2627 Quod

513 2670 640 2726 licet
668 2666 808 2722 unde
821 2664 1034 2737 probari
1063 2662 1164 2718 hoc
1180 2668 1358 2731 posset
1375 2673 1479 2718 non
1498 2656 1731 2721 videam;
1755 2662 1954 2718 tamen,
1973 2651 2096 2722 quia

513 2777 612 2818 nec
643 2758 784 2814 unde
813 2755 1081 2812 refellatur
1109 2751 1341 2818 invenio,
1365 2758 1418 2804 et
1441 2748 1541 2802 hoc
1569 2746 1684 2800 loco
1713 2744 1977 2816 principes
2000 2743 2098 2796 Ec-

513 2854 794 2910 clesiarum
816 2892 831 2914 ,
860 2849 1131 2917 dureSque
1158 2860 1340 2902 eorum
1368 2842 1457 2913 qui
1499 2841 1550 2895 in
1580 2839 1834 2894 Eeclesiis
1877 2836 2097 2892 benedi-

513 2957 638 3004 Cunt
667 2946 947 3004 Dominum
971 2941 1124 2997 rideo
1148 2934 1532 3000 commendari,
1553 2949 1656 2988 non
1682 2931 1911 2986 absurde
1936 2931 2096 2986 etiam

514 3038 671 3094 istum
699 3051 914 3092 sensum
954 3033 1119 3104 probo
1141 3032 1194 3094 l;
1223 3028 1316 3084 sed
1349 3027 1466 3098 plus
1495 3040 1580 3080 me
1601 3024 1830 3078 delectat
1855 3021 1995 3090 quod
2031 3036 2097 3076 ex

515 3131 735 3185 istormu
768 3127 1040 3182 nominum
1087 3123 1524 3191 interpretatione
1554 3115 1818 3171 clarescit.
1873 3113 2098 3168 llebrma

515 3224 709 3294 quippe
731 3229 853 3274 sunt
883 3219 1096 3273 nomina
1131 3233 1144 3268 :
1176 3228 1401 3284 quorum
1423 3209 1555 3265 Juda
1579 3250 1593 3273 ,
1625 3206 1900 3264 Confessio
1929 3207 2097 3260 inter-

517 3314 712 3386 pretari
744 3311 969 3374 dicitur;
1020 3307 1290 3372 Zabnlon,
1324 3301 1688 3359 llabitacnlmn
1733 3299 2095 3368 fortitudinis;

515 3403 874 3474 Nephthalim,
896 3398 1140 3454 Dilatatio
1169 3412 1304 3452 mea.
1326 3394 1456 3463 Qua:
1480 3393 1658 3446 omnia
1678 3390 1982 3445 verissitnos
2003 3404 2099 3446 no-

517 3499 596 3552 bis
627 3497 888 3551 insinuant
917 3492 1184 3564 principes
1225 3488 1616 3554 Ecclesiarum,
1651 3485 1838 3556 dignos
1864 3483 2055 3539 ducatu
2075 3525 2090 3550 ,

515 3591 704 3662 dignos
734 3587 1054 3651 imitatione,
1097 3583 1286 3654 dignos
1313 3579 1624 3635 honoribus.
1655 3576 1914 3647 Martyres
1943 3591 2095 3630 nam-

514 3698 616 3754 que
641 3683 691 3735 in
719 3679 973 3735 Eerlesiis
1014 3676 1186 3731 locum
1212 3687 1479 3729 summum
1520 3678 1699 3726 tenent
1720 3711 1734 3735 ,
1763 3677 1921 3741 atque
1947 3668 2096 3738 apice

515 3786 708 3830 sancta:
731 3770 1000 3842 dignitatis
1024 3768 1310 3824 excellunt.
1339 3757 1455 3821 Jam
1477 3778 1605 3818 vero
1635 3763 1687 3817 in
1715 3763 1969 3834 martyrio
1989 3761 2098 3832 pri-

517 3882 599 3920 ma
628 3863 890 3919 confessio
915 3870 1028 3925 est,
1057 3868 1111 3915 et
1150 3873 1243 3927 pro
1273 3857 1360 3912 illa
1384 3855 1636 3926 quidquid
1675 3854 1929 3908 acciderit
1963 3852 2094 3908 tole-

515 3956 665 4014 randi
696 3969 924 4025 sequens
951 3950 1238 4006 assumitur
1282 3947 1574 4011 fortitudo;
1604 3945 1798 4001 deinde
1839 3953 1954 4016 post
1980 3958 2095 4000 om-

515 4049 600 4104 nia
633 4047 850 4102 tolcrata
874 4085 890 4110 ,
925 4044 1085 4098 finitis
1111 4041 1371 4111 angustiis
1390 4081 1404 4106 ,
1431 4036 1653 4093 latitudo
1680 4039 2020 4106 consequitur
2041 4037 2092 4092 in

515 4141 753 4213 praemio.
787 4138 968 4194 Potest
997 4144 1050 4190 el
1089 4135 1166 4189 sic
1207 4131 1421 4202 intelligi
1443 4172 1457 4198 ,
1485 4129 1816 4201 etquoniam
1847 4128 1943 4182 tria
1977 4127 2090 4184 lia-3c

515 4236 782 4307 pra-cipue
809 4228 1145 4286 commendat
1170 4226 1455 4296 Apostolus
1473 4265 1489 4291 ,
1517 4224 1674 4279 fidem
1693 4265 1706 4287 ,
1735 4237 1917 4293 spem,
1959 4223 2089 4277 cha-

514 4328 725 4384 ritatcm
755 4324 820 4396 (ll
852 4322 970 4378 Cor.
999 4337 1091 4376 sm
1111 4360 1127 4387 ,
1159 4317 1248 4391 13)
1270 4359 1286 4385 ,
1313 4316 1577 4374 confessio
1602 4317 1669 4371 sit
1699 4315 1750 4370 in
1779 4315 1880 4370 fide
1900 4357 1914 4380 ,
1947 4313 2096 4369 forti.

517 4418 643 4473 tudo
670 4417 720 4470 in
748 4431 862 4485 5pc,
884 4413 1104 4470 latitudo
1131 4411 1182 4466 in
1208 4409 1487 4465 charitate.
1515 4408 1663 4464 Fidei
1687 4407 1880 4478 quippe
1905 4422 1993 4463 res
2013 4415 2096 4462 est

515 4520 573 4566 ttt
614 4509 775 4566 corde
801 4507 1049 4563 credatur
1076 4505 1142 4559 ad
1179 4502 1439 4572 justitiam
1458 4541 1475 4567 ,
1503 4517 1596 4556 ore
1624 4509 1802 4555 autem
1831 4499 2094 4554 confessio

517 4603 608 4657 fiat
628 4601 693 4655 ad
723 4601 943 4654 salutem
963 4597 1136 4666 (Rom.
1155 4610 1212 4660 χ,
1234 4593 1342 4664 ill).
1365 4593 1418 4646 In
1442 4591 1778 4661 passionihus
1801 4601 1976 4646 autem
1999 4591 2096 4646 tri-

515 4691 844 4749 bulationum
870 4703 956 4743 res
977 4686 1148 4741 tristis
1177 4692 1278 4750 est,
1298 4681 1392 4739 sed
1413 4696 1537 4752 spes
1551 4681 1707 4736 fortis
1732 4690 1812 4736 est
1837 4697 1850 4734 :
1876 4680 1937 4735 Si
1951 4681 2092 4736 enim

513 4785 648 4854 quod
678 4799 776 4837 non
804 4782 1029 4837 videmus
1064 4793 1326 4851 speramus
1347 4818 1363 4844 ,
1393 4791 1481 4845 per
1511 4774 1802 4845 patientiam
1828 4781 2091 4844 exspecta-

514 4893 626 4932 mus
653 4873 762 4947 (Id.
792 4889 879 4928 \‘lll
901 4915 915 4942 ,
947 4872 1060 4942 25).
1091 4869 1446 4926 Latitudinem
1473 4882 1600 4922 vero
1628 4875 1842 4936 praestat
1865 4865 2098 4923 charita-

517 4972 583 5027 tis
613 4971 665 5026 in
695 4967 856 5024 corde
895 4965 1109 5024 diffusio
1140 4983 1153 5020 :
1187 4981 1308 5020 nam
1339 4972 1685 5019 consummata
1709 4963 1929 5016 cltaritas
1955 4961 2094 5032 foras

514 5065 663 5120 mittit
693 5066 920 5118 timorem
947 5059 990 5133 (l
1011 5061 1167 5116 Joan.
1195 5075 1246 5114 tv
1265 5099 1282 5126 ,
1311 5058 1402 5128 18)
1427 5073 1441 5124 ;
1471 5057 1558 5128 qui
1588 5056 1748 5110 timor
1773 5063 2093 5110 tormentum

515 5158 676 5212 habet
703 5173 795 5226 per
814 5155 1006 5210 animae
1027 5152 1316 5224 angustias.
1347 5149 1612 5219 Principes
1637 5164 1764 5219 ergo
1784 5147 1923 5202 Inda
1943 5147 2094 5202 duces

515 5267 687 5306 eorum
715 5251 803 5318 qui
823 5250 844 5282 ¹
876 5249 928 5303 in
961 5246 1216 5308 Ecelesiis
1252 5243 1572 5301 benedicunt
1607 5242 1907 5298 Dominum.
1939 5239 2095 5296 Prin-

513 5344 647 5415 cipes
685 5340 915 5406 Zabulon
936 5381 950 5407 ,
981 5339 1232 5409 principes
1260 5334 1591 5406 Neplttltalint
1623 5351 1641 5388 :
1672 5333 1938 5405 principes
1965 5348 2094 5389 con-

514 5434 784 5501 fessionis,
805 5431 1145 5499 fortitudinis,
1169 5427 1487 5496 latitudinis;
1511 5426 1776 5498 principes
1795 5425 1935 5496 fidei,
1955 5425 2090 5498 spei,

513 5526 807 5584 cbaritatis.

580 5728 592 5758 ι
631 5725 853 5788 Plerique
880 5728 1007 5788 3133,.
1030 5721 1198 5785 prodo,
1222 5718 1302 5771 vel
1325 5733 1504 5786 promo.

579 5792 597 5819 ³
731 5783 786 5876 υς
805 5795 934 5850 Lov.,
951 5783 1562 5876 (ludﬁsgepg'ttm.ertprqm2

549 5795 597 5859 *λι
631 5795 702 5859 Er.
731 5796 782 5837 et
805 5795 934 5850 Lov.,
951 5795 1302 5896 (tucesﬁog'ttm.
1321 5795 1526 5896 Qttorqm

515 5851 636 5910 λη,
663 5847 1002 5918 (ἰησᾴδχῖονηηιι.
1029 5848 1093 5918 Qu
1163 5885 1178 5918 _.
1222 5859 1269 5896 tn
1294 5846 1450 5897 Eccles
1475 5860 1531 5907 ts,
1558 5861 1585 5898 ρ
1608 5870 1611 5886 ε

514 5908 666 5963 runt:
693 5908 774 5976 qui
797 5908 843 5960 in
868 5908 1102 5970 ccclesiis,
1128 5915 1221 5959 etc.

1615 5782 1660 5834 ui
1685 5781 1736 5852 in
1760 5780 1972 5896 sectilis,
1999 5791 2090 5834 etc.

1615 5847 1650 5896 ξ).
1683 5843 1813 5896 Mss.
1851 5845 1996 5896 cirros
2018 5861 2090 5896 ro-

1608 5847 1650 5896 2:.
1683 5843 1813 5904 Mss,
1851 5843 1996 5898 iliices
2018 5861 2094 5899 ro-

1759 412 1817 468 S.
1859 409 2221 469 AUGUSTINI
2258 410 2565 468 EPISCOPI
3657 426 3732 486 επ

2287 528 2374 582 37.
2417 526 2568 600 [vers.
2600 525 2717 603 29.]
2758 526 2973 595 Mando,
3003 525 3170 599 Deus,
3199 535 3432 589 uirtutem
3459 543 3601 592 tuam.
3624 537 3731 601 Unus

2215 621 2356 676 enim
2383 621 2639 676 Dominus
2666 631 2849 677 noster
2876 622 3032 684 .lesus
3061 623 3306 679 Christus
3330 669 3345 694 ,
3375 643 3470 698 per
3491 645 3628 699 quem
3648 650 3732 689 om-

2214 711 2321 777 nia,
2348 722 2402 767 et
2429 727 2526 767 nos
2556 713 2607 767 in
2638 712 2752 782 ipso
2775 711 2834 784 (l
2861 713 2979 767 Cor.
3006 731 3119 780 vm,
3149 715 3226 789 6),
3252 733 3416 789 quem
3445 721 3643 790 legimus
3667 725 3734 781 Dei

2216 803 2475 859 Virtutem
2504 814 2556 860 et
2579 805 2673 859 Dei
2700 805 3026 875 Sapientiam
3051 807 3160 879 (Id.
3194 825 3232 875 ι,
3257 808 3377 883 24).
3404 812 3654 880 Quomodo
3672 834 3734 871 att-

2212 902 2318 950 tem
2367 894 2505 952 Deus
2547 895 2763 952 mandat
2799 896 3070 954 Christum
3114 916 3264 956 suum
3291 942 3310 969 ,
3360 904 3461 958 nisi
3505 905 3616 959 dum
3648 924 3732 964 eum

2211 988 2586 1044 commendat?
2629 989 2956 1046 Commendat
2994 993 3127 1048 enim
3153 992 3290 1050 Deus
3330 997 3611 1052 charitatent
3633 1019 3734 1055 suam

2206 1083 2263 1137 in
2279 1083 2439 1148 nobis,
2461 1085 2698 1155 quoniam
2726 1086 2846 1140 dum
2876 1087 3044 1142 adhuc
3069 1099 3360 1158 peccatores
3387 1107 3607 1158 essemus,
3626 1091 3734 1148 Clui-

2208 1185 2316 1231 stus
2354 1194 2445 1248 pro
2469 1178 2610 1232 nobis
2648 1188 2874 1233 mortuus
2909 1190 2982 1234 est
3017 1181 3197 1250 (Rom.
3224 1196 3274 1245 ν,
3298 1182 3380 1252 8).
3411 1181 3646 1250 Quomodo
3664 1205 3734 1241 non

2209 1276 2388 1322 etcum
2413 1269 2502 1323 illo
2533 1270 2703 1324 omnia
2741 1272 2883 1326 nobis
2917 1273 3119 1326 donavit
3157 1268 3270 1341 (Id.
3295 1290 3412 1338 vttt,
3441 1275 3552 1347 5-2)?
3576 1277 3734 1345 Maride,
3807 1327 3809 1334 .

2208 1357 2369 1428 Deus,
2397 1363 2626 1416 virtutem
2648 1370 2783 1415 (nam
2809 1364 3111 1432 :con/irma,
3143 1362 3298 1431 Deus,
3331 1367 3429 1420 hoc
3456 1368 3582 1437 quod
3603 1387 3732 1439 operu-

2208 1461 2286 1507 ttts
2311 1469 2362 1506 cs
2389 1453 2440 1506 in
2469 1453 2630 1508 nobis.
2663 1453 2851 1508 Manda
2877 1455 3138 1523 ducendo,
3164 1455 3428 1511 confirma
3452 1458 3668 1526 juvando.

2277 1545 2366 1600 38.
2410 1543 2558 1616 [vers.
2588 1547 2657 1601 '50
2679 1588 2692 1614 ,
2726 1545 2842 1619 31.]
2882 1547 2925 1600 A
2954 1549 3140 1617 tentplo
3169 1557 3253 1602 tuo
3280 1550 3334 1604 in
3361 1549 3656 1619 Jerusalem,
3674 1558 3734 1608 tibi

2206 1634 2416 1702 o/ferent
2442 1653 2580 1708 reges
2607 1654 2835 1692 munera.
2868 1638 2911 1691 Α
2939 1638 3126 1709 templo
3155 1650 3239 1693 tuo
3266 1641 3320 1694 in
3346 1641 3633 1712 Jerusalem,
3653 1661 3735 1714 qua

2205 1736 2284 1782 est
2313 1727 2478 1783 libera
2511 1738 2678 1784 mater
2705 1740 2888 1786 nostra
2919 1729 3063 1802 (Gal.
3095 1748 3166 1798 tv,
3199 1732 3317 1803 26),
3349 1734 3475 1804 quia
3502 1745 3552 1789 et
3576 1737 3736 1806 ipsust

2205 1821 2458 1890 templum
2488 1831 2726 1877 sanctum
2756 1831 2902 1878 tuum
2932 1841 2945 1878 :
2972 1824 3040 1879 ab
3068 1824 3158 1880 illo
3181 1839 3310 1894 ergo
3343 1827 3541 1896 templo
3562 1829 3635 1880 tibi
3654 1828 3737 1894 οξε-

2203 1922 2312 1966 rent
2333 1929 2473 1984 reges
2494 1930 2722 1968 munera.
2746 1915 3076 1986 Quicumque
3097 1931 3250 1987 reges
3272 1917 3642 1988 intelligantur;
3660 1922 3737 1976 sive

2199 2019 2356 2076 roges
2385 2015 2544 2060 terrae
2563 2047 2579 2073 ,
2611 2006 2724 2064 sive
2751 2021 2906 2077 reges
2948 2023 3084 2077 quos
3112 2007 3372 2062 discernit
3402 2012 3737 2079 supereminet

2199 2111 2364 2168 Super
2385 2099 2686 2156 columbam
2710 2099 3146 2169 deargentatam;
3174 2100 3264 2156 tibi
3289 2100 3504 2168 offerent
3521 2119 3642 2173 reges
3661 2121 3738 2158 tnt-

2200 2203 2342 2249 lsera.
2393 2193 2461 2248 Et
2493 2209 2615 2264 qua:
2643 2208 2864 2254 munera
2892 2194 3144 2264 gratiosa,
3189 2209 3350 2264 quam
3393 2196 3631 2251 sacrificia
3657 2197 3736 2249 lan-

2201 2284 2288 2340 dis
2316 2285 2368 2340 ιε
2401 2285 2504 2344 Sed
2533 2285 2658 2341 huic
2688 2285 2828 2342 laudi
2857 2285 3208 2355 obstrepunt,
3240 2285 3586 2342 christianum
3621 2303 3735 2342 voca-

2202 2375 2385 2432 bulum
2411 2375 2689 2445 habentes,
2715 2386 2770 2434 et
2789 2377 2996 2432 diversa
3025 2378 3347 2434 sentientes.
3369 2377 3488 2434 Fiat
3507 2395 3620 2449 ergo
3638 2379 3736 2448 quod

2203 2471 2443 2540 sequitur
2481 2487 2499 2525 :
2540 2469 2757 2542 Μαι-θρα
2799 2475 2934 2544 feras
2973 2472 3176 2528 calami.
3221 2471 3360 2528 Nam
3399 2484 3458 2532 et
3489 2475 3603 2530 ferte
3633 2482 3734 2537 sunt,

2200 2563 2452 2631 quoniam
2503 2575 2608 2618 non
2661 2563 3006 2634 intelligendo
3049 2575 3278 2630 nocent;
3329 2574 3389 2622 et
3435 2566 3559 2628 fers:
3596 2566 3736 2620 etiam

2201 2661 2342 2719 sunt,
2374 2654 2625 2723 quoniam
2654 2654 3045 2725 Scripturarum
3085 2673 3304 2716 sensum
3351 2674 3454 2728 pro
3482 2673 3577 2714 suo
3597 2672 3735 2713 errore

2202 2755 2532 2814 pervertunt.
2582 2746 2684 2802 Per
2730 2747 2992 2806 calamum
3040 2749 3234 2819 quippe
3277 2759 3389 2808 tam
3418 2751 3736 2806 conveniente

2200 2835 2489 2907 Scriptum
2535 2839 2919 2909 significantur,
2967 2856 3124 2911 quam
3172 2856 3358 2900 sermo
3401 2860 3498 2914 per
3525 2845 3732 2915 linguam;

2199 2929 2492 2986 secundum
2519 2932 2659 3001 quod
2691 2931 2884 2988 dicitur
2911 2933 3086 3005 lingua
3115 2933 3355 3002 hebrata,
3385 2938 3471 2994 vel
3493 2937 3735 3009 ara-caus!

2202 3021 2385 3090 latina,
2419 3024 2500 3080 vel
2547 3025 2652 3079 alia
2697 3025 2984 3095 quazlibet,
3035 3042 3130 3096 per
3155 3029 3482 3087 efficientem
3509 3028 3734 3090 scilicetid

2199 3116 2342 3186 quod
2381 3116 2628 3172 efficitur.
2679 3117 2942 3174 Usitatum
2972 3128 3057 3174 est
3091 3130 3268 3180 autem
3299 3121 3360 3177 in
3394 3123 3556 3179 latino
3580 3123 3737 3193 eloquio

2203 3217 2260 3266 ut
2287 3209 2551 3279 scriptura
2577 3211 2728 3266 stilus
2756 3221 2994 3275 vocetur,
3041 3213 3184 3283 quod
3231 3214 3361 3270 stilo
3393 3217 3522 3282 liat;
3553 3217 3613 3270 ita
3647 3231 3735 3286 ergo

2201 3309 2256 3355 et
2283 3301 2539 3368 calamus,
2579 3304 2719 3372 quod
2742 3304 2947 3362 calamo
2977 3304 3088 3360 liat.
3122 3306 3261 3361 Dicit
3293 3311 3568 3378 apostolus
3597 3309 3735 3366 Petrus

2199 3393 2443 3451 indoctos
2479 3403 2535 3449 et
2582 3395 2854 3450 instabiles
2899 3406 3205 3466 pervertere
3229 3397 3538 3470 Scriptum
3562 3401 3618 3456 sd
3641 3415 3731 3470 pro.

2197 3487 2371 3555 prium
2399 3502 2553 3542 suum
2581 3487 2852 3544 interitum
2875 3488 2942 3559 (ll
2977 3487 3117 3546 Patr.
3145 3505 3224 3556 Ill,
3251 3490 3344 3561 16)
3371 3508 3385 3544 :
3415 3492 3496 3548 Ita:
3517 3491 3733 3548 sentiet:

2199 3577 2410 3644 calami,
2440 3576 2506 3631 de
2533 3577 2726 3647 quibus
2751 3577 2836 3632 llic
2860 3578 3072 3645 dicitur,
3103 3579 3323 3651 Increpa
3355 3586 3492 3652 [eras
3516 3581 3685 3636 calcati.

2270 3669 2360 3724 59.
2404 3669 2480 3725 De
2519 3668 2602 3724 his
2631 3678 2713 3726 est
2753 3672 2912 3726 etiam
2957 3671 3100 3741 quod
3143 3671 3390 3743 adiungit
3419 3692 3432 3728 :
3463 3673 3729 3746 Cougqu

2201 3769 2459 3814 taurorum
2485 3760 2616 3814 inter
2641 3776 2815 3815 vaccas
2841 3761 3163 3832 populorum,
3197 3772 3252 3816 ut
3273 3764 3603 3820 excludanttn'
3623 3765 3653 3817 ii
3671 3764 3729 3832 qui

2206 3851 2401 3922 probati
2429 3859 2544 3905 sunt
2574 3862 2779 3923 argento
2821 3851 2923 3924 (a).
2967 3851 3174 3908 Tauros
3202 3869 3424 3922 vocans,
3453 3864 3647 3927 promer
3665 3869 3726 3906 Stl-

2201 3945 2436 4014 perbiam
2465 3944 2612 4000 dura:
2639 3944 3018 4014 indomita-que
3047 3946 3306 4012 cervicis;
3357 3947 3604 4018 significat
3625 3943 3727 4000 enim

2200 4034 2504 4091 hml‘eticos.
2545 4034 2733 4090 Vaccus
2753 4047 2929 4092 autem
2953 4036 3281 4109 populorum,
3302 4038 3629 4094 seductibiles
3647 4036 3727 4090 auio

2198 4143 2316 4184 mas
2363 4128 2733 4199 intelligendas
2777 4139 2938 4199 puto,
2987 4131 3109 4199 quia
3149 4128 3307 4188 facile
3350 4140 3626 4202 sequuntur
3657 4127 3725 4182 liii

2199 4229 2398 4276 tauros.
2424 4221 2540 4277 Non
2565 4220 2704 4276 enim
2733 4222 2956 4292 populos
2979 4221 3257 4278 universos
3283 4224 3558 4288 seducunt,
3576 4224 3624 4278 in
3642 4221 3724 4291 qui-

2197 4314 2298 4370 bus
2326 4323 2450 4370 sunt
2479 4330 2669 4386 graves
2706 4325 2761 4370 et
2805 4314 3054 4380 stabiles;
3097 4315 3235 4370 unde
3269 4319 3524 4388 scriptum
3555 4326 3650 4380 cst,
3675 4310 3722 4364 lit

2199 4409 2388 4478 popqu
2417 4410 2554 4478 graui
2583 4406 2800 4462 laudabo
2829 4415 2875 4460 te
2907 4405 3080 4478 (Psat.
3108 4423 3301 4475 xxxiv,
3331 4411 3464 4480 £8);
3491 4408 3574 4465 sed
3601 4408 3644 4461 in
3664 4406 3719 4459 eis

2195 4499 2409 4571 populis
2437 4514 2570 4568 quas
2599 4499 2898 4554 invenerint
2927 4513 3132 4554 vaccas.
3163 4497 3250 4553 Ea:
3287 4501 3368 4554 liis
3396 4502 3522 4556 enim
3546 4496 3718 4570 suntqui

2197 4601 2460 4663 penetrant
2488 4591 2684 4659 domos,
2713 4601 2757 4645 et
2785 4592 3008 4663 captivas
3035 4593 3224 4646 ducunt
3253 4594 3565 4649 mulierculas
3589 4607 3717 4646 onero

2197 4695 2275 4742 tos
2321 4685 2565 4754 peccatis,
2615 4701 2728 4754 quae
2772 4685 3020 4744 ducuntur
3061 4685 3212 4740 variis
3250 4685 3716 4752 desideriis;semper

2199 4775 2460 4841 discentes,
2491 4787 2538 4831 et
2567 4777 2634 4830 ad
2663 4779 2884 4832 veritatis
2911 4779 3168 4833 scientiam
3195 4797 3455 4846 nunquam
3481 4780 3714 4851 pervenies-

2198 4881 2271 4928 tes
2297 4870 2361 4944 (ll
2383 4871 2516 4926 Tim.
2548 4887 2625 4936 tu,
2650 4871 2703 4936 ϐ,
2732 4871 2810 4942 7).
2833 4872 2984 4939 Quod
3005 4881 3181 4929 autent
3203 4874 3278 4927 ait
3321 4875 3458 4932 idem
3481 4871 3718 4945 apostolus.

2202 4963 2408 5034 Oportet
2435 4973 2482 5017 et
2508 4963 2719 5017 haereses
2741 4979 2864 5028 esse,
2896 4971 2948 5016 ut
2979 4965 3170 5028 probati
3196 4967 3446 5036 manifesti
3469 4967 3579 5036 fiant
3599 4965 3639 5016 in
3655 4977 3711 5014 ro-

2199 5053 2272 5110 bis
2297 5053 2348 5122 (l
2376 5053 2496 5108 Cor.
2523 5069 2600 5119 ut,
2632 5053 2754 5124 l9);
2787 5054 2890 5108 hoc
2913 5056 3072 5110 etiam
3101 5057 3184 5111 hic
3211 5058 3468 5128 sequitur,
3499 5056 3559 5112 Ut
3583 5054 3708 5109 exclu-

2199 5144 2386 5198 dantur
2409 5145 2446 5198 ii
2471 5145 2557 5214 qui
2585 5143 2780 5214 probati
2808 5153 2924 5198 sunt
2953 5155 3176 5217 argento,
3230 5147 3280 5201 id
3321 5156 3420 5214 est,
3450 5147 3528 5218 qui
3553 5139 3706 5216 probati

2197 5244 2321 5291 sunt
2343 5235 2566 5304 eloquiis
2596 5234 2829 5290 Domini.
2856 5235 3075 5306 Eloqnia
3102 5238 3297 5308 quippe
3325 5238 3538 5302 Domini,
3563 5231 3706 5301 eloqui:

2199 5338 2356 5394 casta,
2382 5337 2642 5399 argentum
2664 5330 2777 5400 igne
2805 5332 3066 5400 probatum
3097 5338 3243 5384 terra:
3267 5329 3428 5402 (Psal.
3449 5345 3514 5394 ut,
3537 5319 3702 5395 7).Natn

2203 5420 2538 5476 excludantur
2564 5421 2764 5475 dictum
2790 5431 2905 5486 est,
2947 5432 3235 5492 appareant
3253 5463 3269 5488 ,
3296 5423 3569 5482 emineant;
3601 5408 3700 5484 quod

2199 5513 2275 5567 ait
2303 5511 2412 5578 ille,
2444 5512 2695 5581 manifesti
2721 5513 2868 5579 ﬁant.
2895 5511 3048 5568 Unde
3069 5521 3124 5567 et
3150 5513 3202 5568 in
3226 5521 3341 5570 arte
3363 5509 3618 5581 argentaria
3636 5518 3700 5557 CS-

2201 5605 2437 5662 clusores
2464 5613 2739 5673 vocantur,
2763 5606 2852 5676 qui
2874 5606 2940 5662 de
2960 5606 3275 5678 confusione
3297 5623 3475 5664 massa:
3493 5601 3693 5661 noverunt

2199 5783 2282 5912 fu;
2537 5783 2647 5832 me.
2662 5797 2780 5834 vero
2796 5797 2807 5833 :
2821 5789 2875 5834 Iit
2899 5797 3006 5849 qna:
3014 5797 3212 5836 munera
3228 5785 3252 5837 ?
3271 5783 3484 5838 Gratiosa.
3501 5790 3594 5843 ora
3606 5769 3694 5827 sacri

2283 5861 2314 5894 (ι
2333 5885 2343 5895 .
2391 5862 2431 5896 ,τι
2503 5860 2559 5897 ts.
3633 5871 3638 5878 ,

2333 5860 2349 5895 ΐ
2372 5860 2559 5897 “mals.

2266 5871 2343 5968 iiii
2363 5871 2625 5958 simiam
2649 5909 2785 5972 parte
2808 5909 2856 5970 δν.
2881 5895 2936 5961 3t
2971 5903 3083 5962 me
3106 5907 3248 5962 tm.
3275 5903 3329 5962 la
3347 5901 3470 5963 1'91.
3491 5911 3566 5968 ια’,
3586 5871 3689 5953 ιιιιὲίι
