3912 6420
152 416 258 474 857

154 532 378 585 formam
411 529 550 584 vasis
579 528 898 599 exprimere.
928 528 1074 584 Mulli
1099 527 1243 583 enim
1269 542 1460 583 sensus
1487 525 1730 596 Scriptus

152 638 333 678 rarum
364 631 665 677 sanctarum
707 622 893 688 latent,
923 631 977 677 et
1019 621 1200 690 paucis
1234 620 1733 690 intelligentioribus

149 716 261 770 noti
303 724 459 781 sunt;
507 730 607 770 nec
635 725 942 770 asseruntur
968 714 1300 769 commodius
1329 721 1385 769 et
1425 713 1732 784 acceptabi-

143 808 250 862 lius
273 847 290 874 ,
319 807 421 862 nisi
447 822 567 862 cum
599 807 956 877 respondendi
988 806 1254 861 haereticis
1282 821 1408 860 cura
1435 804 1728 875 compellit.

146 898 298 954 Tunc
341 900 484 954 enim
514 900 672 954 etiam
700 901 790 970 qui
821 899 1094 970 negligunt
1122 898 1296 954 studia
1325 897 1603 962 doctrinae,
1637 912 1730 952 so-

141 1006 276 1059 pore
303 991 580 1057 discusso,
607 991 676 1045 ad
701 991 946 1046 audiendi
973 991 1268 1046 excitantur
1289 989 1640 1059 diligentiam,
1674 997 1732 1042 ut

137 1084 436 1140 adversarii
463 1084 792 1140 refellantur.
811 1085 1049 1154 Denique
1064 1097 1223 1153 quam
1249 1082 1400 1136 multi
1425 1081 1731 1149 Scriptura-

137 1191 262 1231 rum
306 1185 612 1232 sanctarum
649 1190 837 1231 sensus
879 1175 947 1231 de
989 1173 1202 1229 Christo
1247 1173 1358 1228 Deo
1383 1172 1576 1226 asserti
1606 1178 1731 1226 sunt

133 1281 328 1326 contra
373 1270 693 1325 Photinum!
747 1283 906 1340 quam
956 1267 1108 1323 multi
1150 1267 1218 1322 de
1261 1265 1474 1320 homine
1512 1262 1728 1319 Christo

133 1372 330 1417 contra
359 1360 702 1416 Maniebaeum
729 1362 743 1414 l
767 1374 934 1431 quam
964 1361 1116 1414 multi
1153 1358 1222 1413 de
1251 1357 1512 1411 Trinitate
1541 1361 1728 1410 contra

129 1453 468 1508 Sabelliuml
518 1467 676 1522 quam
715 1452 865 1505 multi
895 1451 962 1506 de
992 1450 1194 1505 unitate
1237 1447 1512 1528 Trinitatis
1541 1453 1726 1500 contra

132 1547 392 1611 Arianos,
416 1544 800 1609 Eunomianos,
830 1541 1268 1597 Macedonianos!
1299 1552 1458 1609 quam
1481 1536 1633 1592 multi
1658 1535 1727 1590 de

127 1637 402 1692 catholica
434 1636 672 1691 Ecclesia
704 1644 816 1690 toto
858 1635 988 1690 orbe
1031 1632 1244 1698 diffusa,
1276 1631 1426 1686 etde
1463 1629 1726 1684 malorum

127 1731 522 1786 commixtione
560 1741 730 1800 usque
770 1729 826 1783 in
865 1728 1023 1782 ﬁnem
1057 1726 1264 1789 smculi,
1306 1724 1448 1794 quod
1487 1722 1641 1778 bonis
1671 1720 1725 1776 in

127 1831 594 1879 sacramentorum
625 1821 742 1891 ejus
769 1820 1025 1876 societate
1068 1832 1176 1873 non
1220 1816 1419 1883 obsint,
1466 1815 1724 1870 adversus

134 1917 455 1971 Donatistas
479 1925 531 1970 et
561 1915 928 1971 Lueiierianos
953 1914 1191 1983 aliosque
1211 1952 1224 1976 ,
1254 1912 1298 1965 si
1329 1911 1414 1980 qui
1444 1919 1566 1964 sunt
1587 1951 1604 1976 ,
1635 1909 1725 1979 qui

127 2011 302 2066 simili
329 2024 514 2064 errore
539 2024 568 2061 a
593 2008 816 2063 veritate
838 2005 1194 2061 dissentiunt!
1225 2019 1384 2075 quam
1415 2002 1565 2057 multi
1593 2016 1724 2056 con-

127 2112 221 2158 tra
251 2111 474 2157 egrterus
505 2099 783 2155 Ita-retices
803 2141 818 2167 ,
847 2111 984 2170 quos
1027 2111 1343 2152 enumerare
1371 2095 1456 2150 vel
1484 2107 1723 2149 comme-

129 2210 357 2251 morare
375 2192 532 2248 nimis
549 2194 761 2263 longum
787 2200 888 2258 est,
907 2199 961 2246 et
977 2189 1226 2262 prmsenti
1243 2189 1390 2260 operi
1411 2203 1517 2242 non
1535 2201 1724 2242 ncces-

131 2289 374 2343 sarium!
406 2289 642 2354 Quorum
674 2297 849 2341 tamen
875 2300 1131 2340 scus-unm
1165 2283 1373 2354 probati
1400 2291 1721 2347 assertores,

126 2391 228 2434 aut
253 2395 476 2450 prorsus
506 2381 752 2444 laterent,
795 2385 892 2430 aut
917 2391 1026 2432 non
1053 2377 1127 2430 ita
1173 2375 1496 2437 eminerent,
1549 2382 1605 2427 ut
1629 2386 1724 2427 eos

129 2474 376 2529 eminere
407 2473 645 2526 fecerunt
685 2469 1037 2541 superborum
1083 2466 1557 2529 contradictiones,
1589 2478 1724 2534 quos

129 2566 284 2620 velut
327 2576 526 2629 tauros,
575 2562 625 2617 id
654 2561 887 2631 cstjugo
926 2559 1224 2630 disciplina:
1266 2558 1488 2629 paciﬁco
1515 2557 1726 2626 lenique

128 2673 246 2713 non
295 2655 564 2722 subditos,
616 2661 1004 2708 commemorat
1051 2651 1378 2720 Apostolus,
1426 2648 1515 2704 ubi
1566 2647 1724 2701 talem

127 2747 272 2804 dixit
295 2746 596 2818 eligendum
629 2744 695 2798 ad
727 2745 1126 2814 episcopatum,
1157 2752 1210 2795 ut
1244 2751 1420 2811 potens
1448 2742 1510 2794 sit
1538 2739 1724 2794 exhor-

127 2841 233 2895 tari
263 2842 312 2893 in
343 2840 569 2892 doctrina
595 2854 740 2901 sana,
773 2846 816 2890 et
844 2836 1242 2890 contradicentes
1271 2834 1571 2904 redarguere
1597 2833 1722 2904 (Tit.

126 2950 172 3000 ι,
201 2934 278 3002 9).
305 2933 441 2988 Sunt
467 2933 608 2985 enim
639 2930 786 2983 multi
818 2945 922 2982 non
951 2926 1186 2992 subditi;
1219 2925 1269 2980 hi
1297 2937 1422 2980 sunt
1451 2925 1587 2980 tauri
1616 2925 1726 2980 cla-

125 3028 285 3082 tioue
311 3024 534 3080 cervicis
561 3021 898 3093 impatientes
920 3021 1082 3076 aratri
1109 3030 1268 3090 atque
1292 3021 1557 3090 juncturze
1589 3035 1602 3070 :
1629 3032 1724 3070 vae

121 3121 360 3189 Iliimltli,
401 3130 455 3174 et
491 3118 754 3173 melitioni
779 3117 1124 3178 seductorcs;
1159 3114 1255 3169 has
1281 3124 1488 3170 tuentes
1519 3111 1725 3182 signiﬁ-

125 3213 274 3270 cavit
315 3211 414 3265 iste
455 3211 694 3280 psalmus
735 3209 1091 3278 appellatione
1123 3221 1423 3262 recurrunt.
1468 3205 1548 3259 Ad
1589 3204 1725 3258 hanc

127 3319 264 3373 ergo
291 3302 573 3356 utilitatem
599 3342 615 3365 ,
662 3299 1002 3355 Providentia
1044 3298 1222 3353 divina
1252 3297 1513 3368 permittit
1544 3304 1726 3350 tauros

111 3394 444 3464 etingregari
479 3393 620 3447 inter
659 3407 848 3447 vaccas
889 3392 1236 3461 populorum,
1257 3399 1335 3446 -υι
1363 3389 1720 3455 excluduntur,

131 3485 188 3540 id
209 3493 320 3548 ‘est,
368 3494 424 3538 ut
467 3485 736 3540 emineant
777 3484 861 3553 qui
893 3484 1086 3551 probati
1112 3494 1227 3537 sunt
1254 3491 1482 3553 argento.
1513 3482 1594 3537 Ad
1622 3481 1724 3536 hoc

127 3578 276 3633 enim
304 3576 537 3632 haereses
561 3577 811 3630 sinuntur
830 3590 970 3634 esse.
999 3585 1055 3628 ut
1085 3575 1280 3644 probati
1301 3574 1552 3644 ntanifesti
1573 3575 1720 3641 ﬁant.

130 3671 448 3740 Quanquam
477 3679 530 3724 et
569 3670 649 3724 sic
677 3669 846 3739 possit
873 3668 1094 3739 intelligi
1124 3685 1137 3721 :
1171 3667 1504 3738 Congregatio
1547 3675 1721 3718 tauro-

127 3782 250 3818 rum
286 3766 418 3819 inter
447 3776 621 3819 vaccas
652 3765 954 3836 populorum
978 3805 994 3831 ,
1043 3772 1096 3817 ut
1137 3762 1204 3816 ab
1233 3762 1312 3817 eis
1339 3762 1516 3817 vaccis
1542 3762 1714 3815 exclu-

125 3858 326 3912 dantur
345 3858 433 3928 qui
452 3859 655 3928 probati
680 3867 794 3910 sunt
817 3865 1043 3927 argento.
1073 3856 1219 3911 llanc
1245 3855 1387 3910 enim
1417 3854 1615 3908 habent
1641 3855 1723 3908 in:

130 3951 427 4008 tentioncm
451 3949 682 4006 lueretici
705 3951 972 4016 doctores,
997 3959 1053 4004 ut
1073 3950 1141 4004 ab
1160 3949 1377 4004 auribus
1397 3949 1718 4018 animarum,

129 4057 268 4114 quas
295 4042 553 4098 seducere
582 4044 892 4108 moliuntur,
924 4041 1206 4097 excludant
1237 4056 1351 4110 eos,
1399 4041 1452 4097 id
1495 4050 1598 4107 est,
1630 4055 1718 4096 se-

133 4147 324 4208 parent
348 4153 441 4192 eos
461 4139 546 4207 qui
573 4137 776 4206 probati
803 4145 926 4190 sunt
955 4145 1196 4206 argento,
1231 4135 1279 4189 id
1305 4145 1408 4202 est,
1432 4136 1519 4205 qui
1542 4136 1720 4192 idonei

129 4239 260 4284 sunt
280 4229 473 4284 docere
495 4230 704 4300 eloquia
733 4229 963 4286 Domini.
987 4228 1094 4284 Sed
1121 4229 1232 4282 sive
1260 4229 1347 4282 ille
1369 4227 1528 4297 hujus
1549 4228 1716 4294 verbi,

130 4325 249 4378 sive
276 4325 375 4378 iste
416 4325 488 4377 sit
523 4338 745 4391 sensus;
777 4325 1015 4394 sequitur
1062 4342 1077 4377 :
1124 4323 1372 4393 Disperge
1411 4331 1580 4394 gentes
1607 4338 1722 4392 qum

131 4417 270 4470 bella
298 4417 486 4470 volunt.
529 4416 644 4470 Non
689 4417 830 4471 enim
872 4417 1216 4481 correctioni,
1263 4416 1356 4470 sed
1389 4415 1720 4472 contentioni

131 4507 367 4564 student.
417 4509 528 4563 lloc
553 4524 678 4578 ergo
707 4509 1010 4578 prophetat,
1042 4519 1098 4563 ut
1141 4509 1240 4578 ipsi
1285 4510 1462 4578 potius
1508 4509 1720 4579 disper-

129 4610 328 4673 gautur
354 4601 445 4671 qui
476 4601 669 4670 corrigi
699 4600 906 4667 nolunt,
936 4603 1026 4672 qui
1056 4616 1268 4672 gregem
1291 4603 1486 4658 Christi
1512 4603 1722 4675 dispero

128 4708 263 4765 gere
292 4692 559 4748 aﬁ‘ectaut.
584 4691 784 4747 Gentes
812 4701 988 4746 autem
1015 4693 1300 4762 appellavit
1320 4736 1334 4760 ,
1363 4708 1468 4747 non
1503 4705 1720 4764 propter

131 4786 510 4856 generationes
547 4783 888 4848 familiarum,
929 4785 1021 4839 sed
1063 4795 1278 4854 propter
1317 4799 1510 4856 genera
1550 4797 1720 4843 secta-

131 4893 276 4944 rum,
305 4878 392 4932 ubi
418 4880 587 4933 series
611 4877 966 4933 successionis
988 4879 1267 4932 conﬁrmat
1294 4893 1552 4934 errorem.

205 4970 295 5025 40.
356 4969 523 5043 [υρνε.
570 4971 800 5044 ’δί-δι]
869 4970 1073 5026 Venient
1129 4973 1278 5043 legati
1335 4989 1396 5026 ea:
1442 4972 1718 5045 IEggpto;

129 5063 406 5133 Afthiopia
437 5067 700 5135 prtcveniet
740 5083 917 5120 uicinus
953 5067 1081 5136 ejus.
1111 5065 1325 5138 .‘Egypti
1347 5109 1360 5132 ,
1389 5068 1471 5122 vel
1503 5067 1718 5123 Ethio-

129 5156 235 5226 pia:
281 5157 519 5221 nomine,
566 5158 805 5211 Omnium
849 5159 1086 5227 gentium
1138 5158 1295 5212 ﬁdctn
1324 5161 1659 5229 signiﬁcavit,
1687 5178 1716 5216 a

131 5258 285 5316 parte
314 5258 516 5313 totum;
548 5249 752 5318 legatos
788 5250 1062 5319 appellans
1103 5253 1549 5308 reconciliationis
1577 5269 1716 5323 prte-

128 5339 419 5393 dicatorcs.
474 5339 580 5393 Pro
626 5340 854 5406 Christo,
899 5342 1098 5412 inquit,
1147 5343 1393 5414 legatione
1436 5345 1714 5416 fungimur,

126 5445 371 5501 tanquam
420 5431 528 5485 Deo
581 5434 875 5486 exhortante
925 5449 1012 5502 per
1055 5449 1147 5489 nos
1193 5451 1213 5490 :
1262 5437 1577 5491 obsecramus
1626 5455 1716 5508 pro

127 5524 332 5577 Christo
363 5524 676 5578 reconciliari
704 5523 813 5577 Deo
841 5523 922 5596 (ιι
945 5525 1068 5579 Cor.
1095 5537 1154 5593 “v,
1185 5527 1256 5582 ‘20
1274 5529 1316 5599 ).
1349 5528 1461 5582 Non
1491 5541 1618 5600 ergo
1647 5531 1716 5586 de

125 5615 261 5671 solis
305 5615 575 5683 Israelitis,
625 5618 765 5672 unde
807 5620 1044 5689 Apostoﬁ
1075 5622 1231 5676 electi
1260 5632 1402 5689 sunt,
1434 5625 1526 5678 sed
1553 5626 1713 5680 etiam

131 5708 206 5761 de
249 5709 456 5762 cretei-is
483 5711 732 5779 gentibus
759 5711 972 5766 futuros
1005 5714 1385 5782 prmdicatorcs
1411 5715 1713 5774 christiana:

125 5798 299 5867 pacis,
326 5798 422 5853 hoc
451 5800 606 5854 modo
635 5801 860 5874 mystice
889 5804 1258 5876 prophetatum
1281 5817 1382 5864 est.
1407 5809 1557 5876 Quod
1586 5828 1711 5868 vero

120 5890 225 5958 ait,
247 5889 521 5948 l-‘rtcveniet
544 5911 718 5952 uulnus
735 5895 858 5966 ejus,
879 5889 978 5957 hoc
998 5896 1089 5970 ait,
1113 5901 1403 5970 praeveniet
1422 5903 1708 5965 vindictam

1287 414 1684 473 suane-arto
1719 411 1790 474 IN
1826 417 2149 476 PSALMUM
2187 410 2398 479 LXVII.

1843 531 1994 600 ejus;
2025 533 2376 588 conversione
2402 533 2605 590 scilicet
2631 535 2698 592 ad
2723 553 2867 608 eum,
2899 547 2958 597 ut
2997 553 3214 612 peccata
3241 545 3427 606 dimit-

1843 631 2040 688 tantur,
2071 639 2140 679 ne
2169 635 2476 694 peccatores
2503 631 2865 698 permanendo
2909 635 3214 704 putriantur.
3263 639 3417 705 Quod

1839 715 2001 769 etiam
2027 716 2079 770 in
2103 717 2208 770 alio
2228 720 2432 788 psalmo
2456 720 2651 776 dicitur
2675 741 2686 775 :
2721 722 3093 783 Prtcvenianms
3113 731 3293 798 faciem
3315 734 3423 802 ejus

1839 806 1893 860 in
1921 809 2231 878 confessione
2268 809 2454 880 (Psal.
2487 829 2633 881 κων,
2665 813 2754 888 2).
2785 816 2932 872 Sicut
2963 835 3058 888 per
3083 838 3263 876 manus
3296 824 3414 878 vitt-

1838 896 2068 966 dictam,
2115 900 2184 954 ita
2217 917 2311 970 per
2336 902 2517 971 facient
2560 906 2938 964 revelationetn
2966 915 3417 986 pra-sentiamque

1830 989 2117 1060 signiﬁcat,
2163 1007 2282 1061 quae
2313 992 2489 1050 futura
2531 1005 2615 1051 est
2656 997 2707 1051 in
2737 999 2955 1068 judicio.
3002 1005 3134 1070 Quia
3163 1021 3291 1075 ergo
3322 1021 3416 1074 per

1837 1080 2127 1152 .‘Egyptum
2153 1093 2312 1154 atque
2331 1085 2660 1156 JEthiopiam
2691 1092 2850 1147 totius
2875 1093 3020 1149 orbis
3045 1107 3230 1165 gentes
3256 1098 3423 1169 signi-

1833 1170 2032 1241 ﬁcavit,
2060 1174 2314 1229 continuo
2335 1177 2605 1247 subjuuxit
2627 1196 2647 1254 _:
2671 1180 2781 1236 Deo
2803 1199 2960 1254 regna
2986 1194 3149 1242 tet-rte.
3178 1188 3292 1243 Non
3323 1192 3422 1242 Ea-

1831 1264 2016 1332 bellio,
2057 1281 2167 1322 non
2212 1269 2360 1334 Ario,
2405 1287 2514 1325 non
2563 1273 2791 1342 Donato,
2846 1293 2952 1333 non
3002 1281 3212 1336 etctcris
3257 1285 3420 1338 tauris

1833 1357 2147 1422 cervicatis;
2179 1359 2297 1426 sed,
2327 1359 2436 1415 Deo
2465 1380 2620 1433 regna
2645 1374 2811 1420 terrae.

1901 1449 1994 1502 41.
2034 1449 2222 1505 Plures
2257 1461 2434 1508 autem
2459 1455 2673 1512 codices
2702 1457 2883 1525 latini,
2917 1470 2972 1516 et
2999 1463 3230 1519 maxime
3255 1465 3416 1534 graeci

1833 1539 1905 1595 ita
1946 1540 2226 1598 distinctos
2254 1559 2442 1600 versus
2472 1548 2688 1616 habent,
2718 1559 2773 1604 ut
2817 1567 2922 1608 nou
2969 1553 3039 1609 sit
3065 1555 3116 1608 in
3158 1557 3235 1610 eis
3282 1573 3419 1611 unus

1833 1633 2149 1701 versiculus,
2180 1635 2287 1691 Deo
2311 1654 2467 1708 regna
2494 1649 2674 1706 terra};
2695 1643 2810 1707 sed,
2837 1643 2965 1708 Deo,
2995 1645 3049 1700 in
3076 1647 3177 1701 ﬁne
3204 1649 3274 1702 sit
3303 1665 3418 1702 ver-

1831 1737 1924 1778 sus
1949 1727 2262 1795 superioris,
2295 1739 2455 1799 atque
2485 1731 2554 1784 ita
2587 1732 2809 1797 dicatur,
2842 1735 3114 1806 ﬁthiopia
3154 1740 3418 1808 prmi-etiis:

1829 1833 2010 1872 manus
2045 1820 2154 1889 ejus
2192 1818 2298 1874 Deo
2321 1861 2336 1887 ,
2381 1837 2446 1876 ac
2487 1823 2681 1880 deinde
2718 1835 2970 1896 sequatur
3002 1829 3052 1882 in
3083 1829 3189 1883 alio
3220 1845 3373 1884 versu
3398 1869 3414 1894 ,

1832 1909 2012 1978 Regna
2039 1921 2205 1977 terrai,
2231 1923 2434 1968 cantate
2468 1913 2592 1981 Deo,
2624 1918 2822 1985 psallite
2853 1917 3096 1974 Domino.
3146 1922 3257 1988 Qua
3301 1923 3414 1977 dis-

1833 1999 2102 2064 tinctione,
2125 2003 2411 2057 multorum
2443 2005 2683 2060 codicum
2705 2017 2760 2062 et
2785 2013 3096 2066 atn:torita:e
3115 2009 3414 2081 diguiorum

1831 2093 2180 2146 consonantia
2198 2135 2212 2158 ,
2239 2094 2357 2149 sine
2386 2095 2547 2151 dubio
2580 2098 2909 2165 prmferenda
2931 2141 2946 2165 ,
2981 2101 3111 2157 ﬁdes
3137 2118 3414 2158 commcn-

1830 2181 1944 2237 dari
1975 2182 2106 2237 mihi
2134 2184 2364 2252 videtur,
2397 2203 2516 2255 qua!
2561 2203 2723 2259 opera
2773 2191 3024 2259 prmcedit
3071 2210 3084 2244 :
3132 2195 3253 2261 quia
3299 2195 3416 2250 siue

1830 2275 2090 2329 bonorum
2130 2289 2349 2346 operum
2383 2279 2588 2334 meritis
2635 2298 2729 2351 per
2756 2283 2912 2338 tidem
2946 2285 3267 2354 justilicatur
3313 2289 3414 2342 iut-

1827 2368 1969 2439 pius,
1998 2367 2134 2423 sicut
2161 2369 2289 2424 dicit
2319 2372 2602 2440 Apostolus
2621 2415 2636 2439 ,
2669 2375 2902 2430 Credenti
2930 2377 2983 2430 in
3015 2394 3126 2434 cum
3151 2381 3236 2451 qui
3253 2382 3414 2452 justi-

1831 2460 1952 2528 βίαι
1986 2461 2218 2530 impium,
2243 2462 2512 2533 deputatur
2546 2465 2671 2533 ﬁdes
2705 2467 2816 2536 ejus
2842 2469 2910 2521 ad
2937 2470 3190 2538 justitiam
3231 2473 3249 2540 (
3268 2471 3413 2526 llam.

1829 2565 1907 2616 tv,
1937 2554 1968 2608 5
1991 2552 2008 2625 )
2035 2572 2048 2618 ;
2095 2562 2151 2608 ut
2187 2555 2381 2611 deinde
2408 2556 2517 2626 ipsa
2547 2557 2676 2613 ﬁdes
2703 2575 2798 2629 per
2837 2559 3174 2616 dilectionem
3204 2562 3417 2633 incipiat

1830 2644 2061 2711 operari.
2112 2645 2186 2698 Ea
2217 2646 2412 2715 quippe
2455 2649 2565 2702 sola
2597 2649 2736 2704 bona
2780 2666 2942 2720 opera
2987 2653 3209 2708 dicenda
3253 2665 3414 2724 sunt,

1827 2747 1948 2803 qua:
1980 2735 2110 2789 ﬁunt
2154 2751 2248 2804 per
2277 2738 2614 2795 dilectionem
2647 2741 2760 2795 Dei.
2811 2742 2938 2797 llaec
2976 2754 3151 2800 autem
3197 2761 3415 2809 necesse

1827 2836 1913 2882 est
1939 2829 2218 2884 antecedat
2247 2829 2380 2884 ﬁdes
2401 2871 2417 2896 ,
2446 2842 2505 2886 ut
2530 2832 2653 2888 inde
2682 2836 2801 2899 ista,
2831 2851 2936 2889 non
2961 2837 3030 2890 ah
3057 2837 3170 2894 istis
3199 2838 3412 2907 incipiat

1831 2920 1917 2974 illa
1936 2937 1954 2986 -;
1987 2921 2234 2990 quoniam
2276 2923 2453 2977 nullus
2495 2935 2752 2993 operatur
2781 2941 2875 2995 per
2903 2926 3245 2986 dilectionem
3280 2930 3369 2984 Dei
3395 2971 3411 2995 ,

1829 3013 1931 3066 nisi
1963 3013 2110 3080 prius
2149 3012 2330 3067 credat
2363 3014 2414 3067 in
2443 3014 2633 3070 Deum.
2668 3017 2792 3072 llarc
2819 3027 2901 3073 est
2929 3019 3079 3082 ﬁdes,
3110 3019 3178 3075 de
3207 3036 3306 3088 qua
3335 3020 3416 3075 di-

1828 3103 1967 3159 citur
2005 3122 2017 3158 :
2063 3104 2125 3158 In
2155 3105 2353 3160 Christo
2379 3110 2516 3164 enim
2541 3108 2666 3165 Jestt
2693 3127 2852 3183 neque
2876 3113 3188 3167 circumcisio
3216 3114 3415 3185 aliquid

1827 3197 1980 3260 ualet,
2019 3212 2177 3270 neque
2203 3201 2551 3268 prteputium;
2577 3203 2665 3257 sed
2694 3202 2820 3272 βαι-ε
2843 3220 2956 3274 ante
2983 3221 3074 3274 per
3093 3206 3413 3260 dilectionem

1827 3297 2069 3362 operatur
2090 3291 2232 3362 (Gal.
2258 3309 2310 3356 ν,
2339 3295 2418 3364 6).
2453 3294 2578 3351 lltee
2593 3307 2678 3352 est
2707 3297 2857 3363 ﬁdes,
2885 3298 2954 3354 de
2977 3315 3078 3368 qua
3105 3299 3203 3369 ipsi
3234 3300 3415 3356 Eccle-

1825 3385 1921 3440 sia:
1949 3385 2142 3440 dicitur
2171 3388 2221 3441 iu
2253 3388 2486 3444 Canticis
2509 3392 2846 3446 canticorum
2893 3410 2907 3446 :
2969 3391 3162 3458 Venias,
3209 3406 3252 3448 et
3302 3412 3415 3464 per-

1829 3477 2042 3532 transics
2069 3477 2130 3531 ab
2162 3479 2303 3532 initio
2329 3480 2446 3549 ﬁdei
2477 3479 2649 3552 (Cum.
2683 3497 2761 3549 tv,
2790 3487 2844 3550 ὅ,
2877 3499 2978 3537 sec.
3020 3483 3158 3539 LXX
3183 3486 3224 3556 ).
3263 3485 3414 3542 Venit

1828 3573 1970 3627 enim
2018 3583 2268 3642 tanquam
2313 3589 2502 3629 currus
2547 3577 2643 3631 Dei
2691 3577 2744 3631 in
2794 3577 3032 3632 millibus
3081 3580 3410 3649 laetantium,

1829 3678 2141 3733 prosperum
2183 3665 2283 3718 iter
2309 3664 2527 3730 habens,
2555 3674 2611 3720 et
2637 3669 2946 3736 pertransiit
2970 3669 3036 3724 de
3079 3668 3180 3725 hoc
3211 3673 3413 3727 mundo

1827 3756 1892 3810 ad
1925 3755 2135 3810 Patrem
2163 3755 2342 3825 (Joan.
2374 3773 2490 3825 xm,
2517 3756 2572 3831 l)
2603 3773 2615 3810 :
2647 3768 2704 3812 ut
2729 3759 2819 3813 ﬁat
2845 3760 2896 3813 in
2923 3775 2982 3814 ea
3012 3762 3152 3830 quod
3184 3777 3412 3832 sponsus

1828 3846 1941 3916 ipse
1971 3847 2118 3914 dicit,
2169 3848 2257 3917 qui
2304 3849 2511 3902 transiit
2553 3849 2624 3903 de
2672 3849 2771 3904 hoc
2816 3851 3016 3905 mundo
3061 3852 3128 3907 ad
3176 3853 3406 3923 l‘atrcm,

1835 3936 1962 3992 Volo
1988 3947 2041 3991 ut
2071 3939 2154 3991 ubi
2184 3955 2273 4010 ego
2302 3956 2431 4005 sum,
2459 3950 2505 3993 ct
2531 3941 2613 3994 isti
2643 3942 2742 3995 sint
2772 3957 2962 3996 mecum
2991 3941 3096 4014 (Id.
3127 3961 3253 4008 xvn,
3279 3946 3406 4018 9.4);

1829 4031 1922 4086 sed
1962 4031 2028 4086 ab
2058 4032 2208 4086 initio
2249 4033 2391 4087 ﬁdei.
2424 4033 2555 4102 Quia
2585 4049 2711 4105 ergo
2741 4046 2797 4090 ut
2821 4037 2956 4090 bona
2987 4053 3149 4106 opera
3177 4055 3407 4108 sequan-

1827 4133 1934 4193 tur,
1979 4125 2232 4196 praecedit
2273 4125 2404 4182 ﬁdes
2425 4167 2437 4191 ,
2469 4143 2568 4183 nec
2613 4130 2715 4182 ulla
2759 4140 2883 4184 sunt
2911 4131 3045 4185 bona
3076 4146 3234 4203 opera
3262 4175 3276 4198 ,
3310 4135 3409 4191 nisi

1826 4227 1944 4288 qlae
1972 4227 2264 4288 sequuntur
2292 4220 2680 4288 praecedentem
2714 4221 2868 4277 ﬁdem
2901 4240 2914 4277 :
2944 4224 3070 4278 nihil
3099 4225 3235 4280 aliud
3269 4227 3410 4283 vide-

1828 4319 1912 4365 tur
1935 4311 2153 4378 dictum,
2184 4310 2456 4381 zEthiopia
2487 4316 2756 4384 pra'reniet
2786 4331 2963 4370 manus
2992 4319 3100 4387 ejus
3130 4317 3253 4382 Deo,
3287 4321 3406 4387 nisi,

1826 4397 2098 4472 Ethinpia
2120 4403 2300 4458 credet
2328 4404 2454 4459 Deo.
2482 4405 2568 4461 Sic
2595 4407 2734 4460 enim
2767 4411 3031 4478 prteveniel
3063 4427 3240 4465 manus
3279 4415 3404 4482 ejus,

1827 4495 1877 4549 id
1909 4503 1990 4548 est
2013 4509 2173 4564 opera
2197 4496 2330 4566 ejus.
2359 4497 2540 4568 Cujus,
2574 4499 2672 4553 nisi
2712 4500 2875 4569 ipsius
2906 4499 3233 4571 IEliliOpltL‘?
3274 4504 3408 4570 Quia

1826 4585 1928 4640 hoc
1957 4587 2008 4641 in
2036 4602 2209 4657 graeco
2242 4604 2344 4642 non
2375 4599 2457 4644 est
2482 4589 2783 4660 ambiguum
2814 4608 2830 4647 :
2861 4593 2973 4660 eius
3001 4594 3196 4663 quippe
3228 4595 3295 4648 ibi
3333 4595 3410 4649 fe-

1824 4677 2028 4732 minino
2070 4694 2266 4750 genere
2296 4681 2632 4751 apertiSsime
2667 4684 2895 4751 positum
2929 4693 3028 4738 est.
3070 4686 3149 4740 Ac
3189 4701 3283 4753 per
3315 4687 3412 4743 hoc

1827 4769 1956 4823 nihil
1983 4770 2123 4824 aliud
2153 4771 2348 4826 dictum
2379 4782 2477 4839 est,
2512 4789 2668 4843 quam
2701 4773 2973 4844 .Etht'opia
3004 4779 3268 4846 pra’veniet
3299 4796 3409 4832 ma-

1825 4879 1919 4918 nus
1958 4879 2075 4919 suas
2105 4863 2234 4930 Deo,
2286 4866 2336 4919 id
2381 4875 2482 4931 est,
2530 4865 2798 4923 credendo
2846 4869 2899 4922 in
2930 4870 3092 4924 Deum
3125 4874 3412 4940 prmvenirt

1826 4972 1988 5026 opera
2017 4973 2134 5013 sua.
2165 4957 2413 5012 Existimo
2440 4960 2591 5025 enim,
2617 4959 2785 5029 inquit
2806 4962 3112 5032 Apostolus,
3133 4966 3410 5034 justiﬁcari

1826 5049 2075 5103 hominem
2107 5068 2194 5121 per
2225 5051 2374 5119 [idem
2401 5053 2507 5106 sine
2536 5052 2767 5120 operibus
2798 5051 2964 5123 Legis.
3004 5056 3085 5107 Au
3111 5054 3410 5109 Judaormn

1824 5139 1963 5196 Deus
1994 5146 2227 5215 tantum?
2255 5159 2418 5197 nonne
2445 5153 2487 5198 et
2520 5144 2972 5216 Gentiumﬂllom.
3004 5163 3060 5200 ιιι
3080 5188 3091 5206 .
3125 5147 3411 5219 28ct‘19)?

1795 5253 1798 5256 ‘
1823 5233 1908 5289 Sic
1935 5251 2060 5304 ergo
2086 5234 2375 5303 zEthiopia,
2405 5251 2521 5306 qua:
2545 5235 2752 5290 videtur
2773 5247 3010 5292 extrema
3033 5236 3303 5301 Gentium,
3325 5239 3407 5307 ju-

1824 5325 2083 5380 stiﬁcatur
2115 5342 2207 5395 per
2234 5326 2388 5380 ﬁdem
2416 5328 2530 5382 siue
2555 5329 2804 5397 Operihus
2828 5327 3000 5396 Lugis.
3025 5327 3138 5382 Non
3161 5330 3327 5396 enim,
3353 5339 3404 5388 ut

1821 5417 2158 5488 justiﬁeetur,
2189 5417 2255 5472 de
2285 5417 2438 5488 Legis
2467 5420 2718 5488 operibus
2743 5420 3035 5487 gloriatur;
3068 5436 3164 5476 nec
3197 5437 3405 5491 ιιι-πινο-

1822 5511 1901 5565 nit
1931 5508 2049 5563 ﬁdei
2083 5510 2268 5565 merita
2313 5525 2429 5577 sua,
2480 5511 2571 5566 sed
2621 5511 2723 5565 ﬁde
2775 5511 3030 5580 ιη’ςιξγοιιίι
3077 5525 3238 5582 opera
3287 5529 3404 5572 sua.

1822 5605 2006 5660 Plures
2050 5624 2175 5660 sane
2215 5607 2424 5661 codices
2468 5608 2481 5638 ¹
2528 5623 2631 5661 non
2660 5607 2873 5672 habent,
2909 5623 3109 5675 manus,
3142 5611 3252 5670 scd.
3292 5628 3402 5664 ma.

1823 5715 1979 5764 nunt;
2019 5699 2158 5769 quod
2205 5698 2530 5754 tanluu'tdeut
2559 5700 2726 5765 valet,
2757 5704 3002 5770 quoniam
3033 5719 3126 5772 pro
3155 5705 3404 5775 operibus

1846 5855 1900 5966 Ίι
1938 5854 2069 5966 ttulit,
2094 5855 2280 5907 cortices
2301 5853 2452 5920 graeci
2473 5868 2566 5908 non
2585 5852 2776 5910 habent.
2803 5857 2968 5922 Abest,
2991 5861 3161 5927 arceri,
3182 5875 3212 5914 a
3236 5863 3400 5917 tnet£o~

1818 5930 1857 5968 ΙΊ
1885 5931 1984 5966 ius;
2015 5933 2076 5967 8.).

1885 5941 1890 5961 l
1896 5941 1924 5966 u
1929 5941 1954 5966 δ
1976 5941 2009 5966 λη
2015 5941 2076 5966 DD-
