3912 6436
533 432 642 492 839

540 548 769 622 positum
794 548 895 600 est.
912 536 1116 594 Mallem
1141 538 1317 588 autem
1343 522 1491 581 latini
1507 522 1825 590 interpretes
1844 515 1923 570 sic
1938 523 2116 568 trans-

541 605 782 698 iulissent
822 653 836 688 :
870 628 1139 698 £thiopia
1192 619 1457 692 prtereniet
1487 628 1666 668 manus
1689 625 1842 670 suas,
1882 605 1966 661 vel
2006 618 2118 656 ma-

543 754 660 792 num
689 746 832 787 suout
861 727 968 782 Deo
999 726 1051 784 ις
1094 716 1343 790 quoniam
1392 709 1599 781 planius
1628 705 1728 758 hoc
1770 708 1930 762 esset,
1963 710 2120 766 quam

541 825 680 897 quod
722 835 862 878 nunc
905 817 1105 872 dictum
1136 821 1252 872 est,
1297 806 1410 874 ejus
1435 817 1456 856 :
1500 809 1556 855 et
1583 797 1728 852 salva
1755 793 1978 848 veritate
2007 787 2121 844 lieri

545 887 745 989 posset.
774 910 895 982 quia
922 909 972 962 in
999 916 1169 974 gnteca
1197 899 1374 968 lingua
1405 893 1455 948 id
1486 901 1780 962 pronomen
1807 887 1954 942 αὐτῆς
1975 921 1987 938 .
2015 892 2122 932 non

542 968 716 1066 solum
741 1005 872 1074 ejus,
899 997 992 1054 sed
1019 995 1176 1049 etiam
1204 1004 1351 1044 suam
1380 983 1463 1039 vel
1492 996 1612 1034 suas
1644 983 1819 1046 potest
1845 968 2067 1038 intelligi
2107 984 2121 1022 :

543 1116 688 1156 suam
717 1111 876 1166 ergo,
923 1091 968 1145 si
1013 1098 1254 1145 manant;
1295 1094 1414 1133 suas
1442 1084 1620 1130 autem
1641 1111 1657 1136 ,
1689 1068 1734 1122 si
1764 1080 1960 1119 manus.
1992 1059 2124 1115 Nam

545 1191 684 1264 quod
713 1152 872 1243 esiiu
902 1193 1078 1254 gnsco
1098 1220 1113 1243 ,
1150 1191 1286 1244 χεῖρα
1303 1173 1466 1242 giras
1487 1208 1502 1232 ,
1540 1161 1680 1234 quod
1710 1159 1888 1228 plures
1913 1152 2127 1208 ccdiccs

548 1242 766 1348 liabent,
797 1287 852 1334 et
877 1242 1081 1329 nimium
1107 1242 1238 1339 ejus,
1269 1273 1322 1318 ct
1346 1274 1550 1315 manum
1575 1269 1738 1315 suam,
1769 1257 1947 1322 potest
1975 1242 2129 1300 intel-

548 1377 637 1447 ligi
669 1391 683 1430 ;
711 1370 851 1442 quod
880 1381 1005 1420 vero
1031 1375 1206 1417 rarum
1233 1362 1318 1410 est
1343 1354 1395 1407 in
1421 1347 1694 1406 codicibus
1720 1340 1936 1412 graccis,
1971 1343 2128 1408 καιρὰς

1621 1437 1632 1447 .
1676 1435 1706 1447 ,.
1854 1441 1889 1447 ξ,
2022 1427 2103 1447 ..Α

551 1427 801 1527 αὲτῆς,’ρῑ
829 1471 1008 1511 manus
1037 1452 1164 1521 ejus.
1197 1455 1251 1500 et
1279 1458 1456 1498 manus
1474 1454 1592 1494 suas
1621 1435 1780 1489 latine
1807 1438 1981 1501 petest
2003 1427 2127 1480 dici.

756 1552 886 1606 llinc
909 1547 1040 1618 jam,
1058 1517 1210 1596 vvelut
1237 1533 1476 1592 decursis
1495 1545 1591 1602 per
1613 1523 1946 1598 prophetiam
1968 1517 2130 1573 rebus

555 1647 825 1708 omnibus,
854 1654 984 1710 quas
1012 1634 1254 1702 impletas
1287 1641 1408 1682 esse
1434 1625 1542 1694 jam
1567 1618 1859 1678 cernimus,
1893 1614 2134 1666 hortatur

559 1703 626 1794 ad
671 1703 884 1790 laudem
928 1725 1144 1786 Christi,
1191 1737 1253 1775 ac
1295 1715 1488 1773 deinde
1533 1707 1854 1782 przenuntiat
1899 1703 2133 1756 futurum

556 1833 672 1900 ejus
701 1827 1001 1882 adventurm.
1027 1817 1203 1886 Ilegna
1229 1825 1396 1874 terrtc,
1423 1814 1623 1862 cantate
1648 1801 1777 1862 Deo,
1807 1795 2007 1868 psallite
2029 1790 2137 1846 Do-

556 1883 730 1984 niino;
769 1915 967 1986 psallite
999 1883 1216 1976 Deo—qui
1253 1898 1476 1956 ascendit
1503 1908 1655 1963 super
1681 1889 1859 1944 uelum
1896 1883 2139 1939 caelorum

559 2015 626 2070 ad
656 2014 893 2066 orientem
921 2021 940 2059 :
967 2002 1048 2056 vel
1093 1999 1231 2054 sicut
1271 1989 1507 2046 nonnulli
1543 1984 1759 2040 codices
1789 1978 2007 2041 habent,
2040 1972 2140 2040 Qui

561 2103 783 2161 ascendit
815 2113 964 2169 super
994 2093 1172 2148 ctelum
1214 2084 1324 2141 cteli
1354 2082 1421 2136 ad
1461 2081 1718 2134 orientem.
1763 2071 1820 2126 ln
1849 2069 1932 2124 his
1961 2065 2137 2120 verbis

562 2199 652 2255 ille
690 2210 794 2249 non
827 2186 1075 2256 intelligit
1102 2179 1393 2238 Christum,
1425 2172 1516 2243 qui
1545 2170 1660 2238 ejus
1687 2160 2139 2220 resurrectionem

562 2285 1031 2348 ascensionemque
1077 2289 1179 2328 non
1219 2266 1408 2324 credit.
1454 2261 1534 2316 Ad
1576 2259 1816 2314 orientem
1844 2266 1971 2307 vero
2001 2247 2144 2320 quod

564 2378 785 2438 addidit,
812 2385 989 2427 nonne
1015 2367 1174 2422 etiam
1203 2363 1375 2431 ipsum
1407 2357 1602 2415 locum,
1629 2346 1877 2420 quoniam
1907 2345 1958 2396 in
1979 2340 2144 2411 parti-

565 2473 666 2528 bus
691 2465 912 2522 orientis
939 2470 1021 2515 est
1051 2457 1138 2513 ubi
1179 2450 1469 2509 resurrexit
1496 2454 1550 2500 et
1588 2441 1727 2498 unde
1757 2435 2022 2498 ascendit,
2055 2449 2147 2489 ex-

569 2559 800 2635 pressit?
832 2555 972 2623 Etgo
1010 2562 1172 2618 super
1205 2544 1400 2601 caelum
1429 2538 1552 2593 ραδιί
1586 2533 1737 2589 sedet
1767 2529 1833 2585 ad
1867 2527 2146 2583 dexteram

569 2619 762 2712 l'atris.
807 2619 931 2702 line.
957 2651 1041 2698 est
1080 2637 1219 2710 quod
1258 2635 1385 2689 dicit
1426 2630 1712 2702 Apostolus
1739 2642 1752 2678 :
1776 2621 1898 2693 Ipse
1945 2629 2017 2675 est
2059 2619 2150 2690 qui

567 2710 791 2803 ascendit
832 2754 984 2806 super
1035 2747 1206 2788 omnes
1253 2728 1403 2782 caelos
1451 2722 1666 2794 (Epltes.
1725 2733 1798 2780 tv,
1853 2716 1964 2786 10).
2012 2710 2150 2782 Quid

568 2841 711 2896 enim
737 2834 995 2891 rmlorum
1027 2831 1193 2880 restat
1220 2828 1340 2891 post
1364 2817 1558 2872 coelum
1587 2810 1745 2867 cash?
1785 2809 1930 2874 Quos
1959 2815 2012 2860 et
2041 2817 2152 2859 cm-

571 2933 651 2988 los
699 2927 958 2983 ett-larum
1010 2929 1292 2989 possumus
1345 2911 1543 2971 dicere,
1571 2906 1709 2960 sicut
1751 2899 1958 2955 vocavit
1984 2898 2154 2951 lit-ma-

578 3030 814 3078 mentum
845 2987 1075 3074 coelum;
1101 3004 1242 3078 quod
1265 3011 1439 3056 tamen
1467 2997 1682 3057 malum,
1709 2992 1865 3047 etiam
1887 2988 2053 3044 oculos
2079 2987 2154 3041 le-

571 3112 763 3182 gimus.
797 3105 884 3159 ubi
931 3077 1185 3169 scriptum
1229 3101 1349 3148 est:
1379 3088 1443 3144 Et
1484 3101 1627 3157 aqua:
1662 3097 1774 3153 qua:
1813 3096 1963 3148 super
2004 3077 2154 3132 caelos

573 3168 709 3264 :unt,
739 3197 943 3254 laudent
965 3168 1144 3246 nomen
1169 3182 1371 3239 Domini
1400 3178 1802 3251 (Psal.cxt.\'tu,
1829 3170 1907 3242 4).
1934 3168 1998 3223 Ει
2023 3181 2155 3236 quo-

576 3295 716 3350 niam
751 3288 872 3345 inde
899 3293 1152 3339 venturus
1181 3284 1268 3332 est
1294 3273 1359 3327 ad
1397 3267 1713 3339 judicaudos
1741 3265 1888 3318 vivos
1927 3271 1980 3315 et
2009 3275 2154 3313 tuor-

581 3395 722 3448 tuos,
753 3377 963 3433 attende
992 3370 1132 3441 quod
1163 3367 1402 3436 sequitur
1433 3380 1446 3416 :
1476 3359 1606 3414 Ecce
1633 3355 1768 3409 tlabit
1795 3367 1964 3406 uocem
1988 3365 2152 3412 suout,

579 3491 748 3532 uocem
785 3468 999 3525 uirtutis.
1031 3464 1123 3519 Ille
1151 3461 1239 3530 qui
1282 3457 1409 3511 sicut
1453 3468 1613 3522 agnus
1638 3463 1806 3502 coram
1847 3443 2079 3498 tondente
2102 3457 2158 3495 se

579 3569 674 3641 [ait
704 3566 812 3619 sine
850 3576 965 3614 race
1010 3554 1162 3627 (lsai.
1196 3566 1303 3616 LIII,
1335 3548 1412 3618 7),
1461 3559 1570 3598 ecce
1597 3541 1732 3595 dabit
1773 3553 1937 3592 vocent
1971 3551 2114 3590 suam
2137 3547 2158 3588 :

580 3673 681 3714 nec
710 3670 890 3708 vocem
925 3645 1270 3705 infirmitatis,
1301 3650 1547 3709 tanquam
1572 3631 1917 3702 judieantlus;
1950 3627 2040 3683 scd
2069 3642 2156 3680 ro-

582 3765 687 3804 cem
727 3745 942 3805 rirtutis,
991 3750 1240 3806 tanquam
1275 3731 1625 3802 judicaturus.
1667 3724 1778 3779 Non
1826 3723 1966 3775 enim
2020 3720 2159 3773 Deus

579 3841 838 3896 occultus,
870 3834 1000 3886 sicut
1035 3832 1198 3898 prius,
1225 3835 1277 3878 ct
1305 3824 1355 3877 iu
1386 3821 1657 3875 hominum
1682 3815 1879 3884 judicio
1907 3830 2008 3867 non
2035 3828 2159 3880 ape-

580 3932 724 3986 riens
758 3943 819 3980 os
844 3940 996 3978 suum
1020 3937 1036 3986 ;
1063 3920 1154 3972 sed
1203 3916 1334 3970 Duas
1366 3912 1658 3982 tttttttifi‘sltts
1686 3907 1839 3959 reniet
1864 3923 1879 3969 ;
1910 3903 2044 3956 Deus
2072 3919 2163 3954 no-

579 4035 700 4087 ster,
751 4031 794 4074 et
825 4036 922 4071 non
953 4015 1112 4067 silebit
1149 4011 1320 4078 (Psat.
1364 4020 1508 4066 ann,
1539 4002 1616 4067 5).
1665 3998 1798 4066 Quid
1840 3995 2156 4064 αις-ιιιιτςιιίδ,

582 4113 857 4174 inﬁdeles?
894 4107 1018 4175 quid
1064 4101 1334 4159 irridctis?
1375 4094 1510 4165 Quid
1543 4093 1667 4146 dicit
1714 4105 1898 4143 servus
1942 4087 2155 4139 malus:

587 4209 775 4263 Tartlat
810 4203 1050 4256 Dominus
1077 4211 1214 4250 meus
1252 4192 1414 4243 renire
1445 4184 1596 4256 (Lac.
1623 4199 1716 4244 xu,
1750 4180 1878 4251 42.)?
1905 4176 2035 4231 Ecce
2064 4175 2160 4228 da-

584 4301 654 4353 bit
684 4311 848 4350 rocem
877 4308 1043 4350 suam.
1067 4304 1233 4342 vocem
1261 4282 1472 4338 uirtutis.

659 4389 748 4444 45.
791 4384 938 4458 [vers
970 4379 1086 4452 55.]
1129 4376 1255 4431 Date
1284 4373 1493 4446 gloriam
1522 4367 1625 4422 Deo
1650 4380 1838 4435 :super
1864 4360 2025 4414 Israel
2051 4373 2162 4411 ma-

590 4479 878 4554 gniﬁcentia
908 4477 1036 4534 cius.
1068 4450 1139 4524 lle
1159 4485 1266 4539 quo
1292 4465 1416 4519 dicit
1448 4461 1730 4531 Apostolus
1762 4477 1773 4510 :
1805 4457 1972 4522 Super
2003 4450 2164 4507 Israel

592 4539 691 4628 “Dei
715 4568 855 4636 (Gal.
889 4583 961 4630 γι,
996 4563 1104 4633 16).
1143 4559 1258 4613 Non
1299 4556 1427 4608 enim
1469 4568 1638 4606 attines
1675 4549 1760 4619 qui
1804 4563 1865 4600 ex
1895 4544 2077 4604 Israel,
2108 4539 2161 4596 hi

591 4673 705 4719 sunt
726 4635 978 4712 Israelita:
999 4650 1171 4720 (llam.
1210 4664 1280 4709 ix,
1307 4647 1398 4713 6);
1431 4642 1676 4711 quoniam
1708 4647 1790 4692 est
1812 4645 1866 4691 et
1893 4635 2047 4688 Israel
2078 4649 2165 4688 se-

591 4753 822 4810 cundum
861 4761 1096 4802 carnem.
1146 4741 1294 4797 Unde
1338 4740 1453 4790 ait:
1497 4733 1667 4786 Videte
1707 4727 1870 4783 lsrarl
1897 4726 2167 4781 secundant

591 4861 790 4903 carnem
820 4841 860 4911 (I
892 4839 1008 4894 Cor.
1035 4853 1089 4899 ι,
1124 4835 1230 4900 18).
1281 4828 1399 4884 Non
1438 4836 1606 4879 autem
1633 4822 1719 4893 qui
1750 4819 1845 4889 ﬁlii
1889 4819 2073 4883 carnis,
2115 4818 2170 4871 hi

594 4939 688 5010 ﬁlii
720 4935 856 4994 Dei;
897 4931 984 4984 sed
1027 4928 1122 4995 lilii
1153 4919 1496 4997 promissionis
1542 4917 1848 4985 deputantur
1891 4912 1943 4964 in
1985 4909 2170 4964 semine

594 5000 772 5101 (llam.
807 5040 885 5089 ix,
913 5019 989 5093 ὃ).
1024 5019 1174 5073 Tuae
1213 5030 1338 5083 ergo
1365 5009 1576 5082 quando
1602 5008 1702 5060 erit
1727 5006 1838 5058 sine
1871 5002 1972 5056 ulla
1999 5000 2168 5055 malo-

592 5139 711 5179 rum
740 5115 1119 5174 commistione
1146 5109 1367 5179 populus
1398 5105 1534 5172 ejus,
1569 5110 1814 5167 tintptam
1844 5109 2017 5149 massa
2043 5107 2172 5146 vcn-

593 5214 788 5270 tilahru
817 5205 1097 5264 eumudata
1127 5196 1341 5269 (Matth.
1386 5211 1462 5258 tu,
1494 5192 1601 5259 l2).
1651 5201 1895 5257 tanquam
1930 5182 2087 5237 Israel
2119 5182 2170 5246 in

593 5323 701 5377 quo
736 5304 888 5356 (Iulus
935 5314 1037 5351 non
1079 5302 1159 5348 est
1187 5289 1362 5362 (Joan.
1387 5303 1424 5342 ι.
1456 5285 1570 5354 47),
1600 5291 1722 5336 tunc
1756 5275 2170 5334 cmitn-ntissima

594 5397 695 5453 crit
725 5409 874 5460 super
902 5387 1067 5444 Israel
1089 5376 1458 5454 magniﬁcentia
1483 5378 1590 5447 ejus
1617 5383 1660 5426 et
1689 5373 1838 5423 rirtas
1860 5371 1966 5440 ejus
1993 5367 2043 5419 in
2075 5382 2170 5418 nu-

598 5491 758 5546 bibus.
789 5459 904 5541 Nou
944 5483 1086 5535 (ξιιὶιιι
1136 5478 1283 5533 sidus
1313 5471 1488 5525 Veniet
1529 5467 1592 5520 ad
1623 5465 1897 5533 judicium,
1939 5459 2030 5516 sed
2058 5475 2172 5512 cum

597 5581 874 5638 senioribus
916 5573 1087 5646 populi
1132 5571 1208 5624 sui
1252 5565 1401 5636 (lsai.
1431 5579 1507 5621 tu,
1544 5561 1670 5629 ll):
1718 5559 1906 5625 quibus
1937 5555 2176 5622 promisit

599 5675 740 5746 quod
788 5670 1048 5727 tedebunt
1092 5677 1252 5734 super
1293 5656 1452 5714 sedes
1496 5648 1774 5725 iudicaturi
1818 5647 2028 5720 (Matth.
2057 5661 2171 5715 XIX,

666 5874 682 5908 ⁸
717 5873 791 5924 sto
811 5879 915 5920 Mss.
942 5875 996 5921 At
1013 5865 1150 5928 ωδ..
1171 5875 1316 5932 quam
1337 5874 1506 5913 mattus
1526 5858 1629 5923 ejus
1653 5866 1765 5910 Deo.

1768 399 1829 458 s.
1865 391 2229 456 annosum
2267 390 2569 450 EPISCOPI
3659 395 3732 452 ιω

2225 511 2342 582 28),
2373 512 2462 582 qui
2491 512 2650 567 etiam
2677 508 2896 582 angelos
2924 507 3235 581 judicabant
3271 506 3320 582 (ι
3346 507 3466 564 Cor.
3493 523 3558 577 rt,
3585 509 3644 580 3).
3670 511 3736 571 tu

2225 615 2348 660 sunt
2374 606 2559 660 nubes.

2296 699 2384 754 M.
2425 697 2578 772 [vers.
2623 695 2739 770 36.]
2779 665 3014 768 Denique
3053 711 3120 750 ne
3159 696 3300 751 aliud
3335 697 3504 752 nubes
3537 699 3738 766 intellige-

2227 799 2432 855 rentur,
2487 799 2700 844 secutus
2735 788 2979 857 adjunsit
3006 807 3020 841 :
3051 787 3296 844 Mirabilis
3337 785 3481 842 Deus
3519 790 3566 842 in
3605 796 3743 847 sanctis

2227 884 2350 944 suis,
2383 879 2522 934 Deus
2547 878 2732 934 Israel.
2759 878 2908 934 Tunc
2945 880 3088 935 enim
3113 889 3169 934 et
3204 894 3404 934 nomen
3440 879 3599 947 ipsum
3621 884 3742 936 reris-

2229 973 2364 1026 simc
2385 986 2447 1027 ac
2473 970 2781 1043 plenissime
2807 970 3108 1040 implebitur
3129 969 3311 1037 Israel,
3339 971 3485 1042 quod
3510 982 3584 1027 est
3600 972 3745 1033 Videas

2232 1062 2432 1126 Deum;
2463 1060 2698 1131 quoniam
2741 1061 3014 1114 videbimus
3049 1076 3162 1114 cum
3200 1060 3353 1114 sicuti
3375 1071 3450 1115 est
3474 1059 3514 1130 (Ι
3539 1059 3670 1116 Im.
3693 1081 3747 1130 tu,

2229 1152 2310 1223 2).
2339 1150 2460 1224 Ipse
2479 1151 2617 1205 dabit
2635 1152 2864 1206 uirtutem
2889 1161 2935 1205 et
2954 1151 3297 1222 fortitudinem
3319 1151 3459 1222 plebi
3483 1170 3582 1208 sua
3597 1157 3748 1209 benedi-

2231 1253 2339 1298 ctus
2366 1241 2505 1297 Deus
2527 1258 2547 1297 :
2576 1257 2716 1297 nunc
2745 1241 2911 1311 fragili
2954 1252 3010 1296 et
3055 1243 3277 1298 inﬁrma:
3295 1244 3339 1297 ⁸.
3380 1241 3620 1298 Habemus
3648 1247 3748 1301 eiiitn

2233 1336 2524 1391 thesaurum
2541 1335 2692 1388 istum
2718 1335 2770 1389 in
2798 1336 2928 1391 vasis
2948 1332 3184 1403 ﬁctilibus
3208 1333 3272 1406 (ll
3299 1332 3425 1389 Cor.
3455 1351 3527 1401 tv,
3553 1335 3621 1406 8).
3645 1337 3750 1396 Tne

2234 1444 2382 1493 vero,
2428 1427 2589 1484 etiam
2627 1442 2910 1498 corporum
2956 1427 3339 1497 gloriosissima
3380 1429 3748 1495 commutatione,

2235 1521 2343 1591 ipse
2365 1519 2504 1573 dabit
2528 1519 2759 1574 uirtutem
2779 1528 2827 1572 et
2848 1518 3193 1586 fortitudinem
3210 1519 3347 1589 plebi
3369 1535 3499 1574 sate.
3525 1519 3751 1576 Seruium

2237 1611 2378 1666 enim
2433 1610 2527 1664 hoc
2575 1626 2760 1680 corpus
2802 1609 2857 1663 in
2918 1609 3244 1678 infirmitate;
3301 1620 3479 1681 surget
3538 1612 3586 1665 in
3631 1613 3756 1666 uirtute

2238 1700 2294 1776 (Ι
2322 1701 2440 1759 Cor.
2464 1718 2556 1768 xv,
2579 1703 2690 1773 43).
2721 1701 2846 1772 Ipse
2871 1716 3001 1771 ergo
3027 1701 3166 1756 dabit
3201 1702 3440 1756 uirtutem
3463 1717 3610 1772 quam
3635 1703 3674 1758 iu
3691 1721 3756 1759 sua

2240 1811 2400 1851 carne
2420 1795 2695 1865 praemisit,
2722 1793 2790 1848 de
2815 1809 2914 1864 qua
2943 1793 3072 1848 dicit
3096 1794 3390 1864 Apostolus
3420 1811 3436 1848 :
3477 1793 3686 1848 Virtutem
3703 1813 3759 1849 rt-

2240 1886 2562 1941 surrectionis
2583 1887 2693 1957 ejus
2721 1883 2980 1956 (Philipp.
2996 1899 3074 1950 ut,
3102 1885 3209 1954 l0).
3230 1883 3600 1940 Fortitudinem
3616 1898 3757 1952 auten,

2242 1993 2346 2049 qua
2373 1977 2576 2032 inimica
2603 1975 2886 2030 destruetur
2905 1992 3040 2030 mors
3069 1976 3110 2044 (l
3141 1975 3260 2030 Cor.
3291 1991 3390 2039 xv,
3421 1975 3537 2047 26).
3566 1977 3763 2044 Quoniam

2244 2070 2423 2140 itaque
2449 2068 2733 2138 prolixum,
2767 2077 2822 2122 et
2841 2065 2907 2120 ad
2944 2066 3346 2138 intelligendum
3378 2067 3634 2124 difﬁcilem
3661 2067 3762 2123 Psal-

2246 2176 2391 2216 mum
2431 2160 2640 2214 tandem
2682 2159 2988 2230 aliquando,
3030 2158 3146 2230 ipso
3189 2159 3501 2230 adjuvaute,
3545 2161 3763 2216 ﬁnitimus.

2249 2250 2548 2306 Benedictus
2572 2249 2730 2304 Deus.
2763 2254 2952 2304 Amen.

2633 2457 2712 2519 IN
2757 2456 3136 2520 PSALMUM
3177 2457 3448 2519 LXVIII

2829 2600 3244 2657 ENAIlllA'IlO.

2925 2751 3098 2793 SIRIO
3122 2752 3138 2792 Ι
3145 2774 3161 2791 ο

2711 2874 2782 2930 De
2813 2874 2977 2946 prima
3005 2882 3148 2945 parte
3173 2871 3396 2927 Psalmi.

2328 3017 2380 3071 Ι.
2422 3014 2500 3070 Eo
2529 3022 2770 3083 tempore
2808 3013 2860 3067 in
2888 3010 2989 3066 hoc
3011 3011 3208 3066 smculo
3236 3010 3416 3067 exorti
3459 3022 3630 3066 sumus
3649 3017 3691 3064 et
3710 3022 3763 3077 ag-

2255 3107 2452 3178 gregati
2480 3105 2676 3175 popula
2703 3104 2817 3168 Dei,
2847 3118 2953 3175 quo
2977 3103 3087 3173 jam
3116 3104 3234 3157 olus
3255 3102 3385 3157 illud
3412 3118 3478 3158 ex
3507 3118 3654 3173 grano
3671 3101 3766 3154 sina-

2259 3199 2341 3269 pis
2367 3197 2588 3252 tetendit
2632 3195 2842 3250 brachia
2884 3209 3010 3260 sua;
3053 3210 3158 3262 quo
3195 3193 3304 3264 jam
3335 3193 3644 3250 fermentum
3669 3189 3765 3253 illud,

2255 3290 2397 3361 quod
2431 3288 2600 3358 primo
2620 3286 3020 3356 contemptibile
3048 3286 3163 3349 luit,
3190 3286 3531 3341 lcrmentavit
3558 3297 3651 3340 tres
3673 3299 3768 3336 meti-

2256 3397 2409 3438 suras
2436 3379 2650 3452 (Matth.
2680 3394 2798 3444 snt,
2825 3378 3043 3450 31-33),
3085 3378 3136 3433 id
3165 3387 3268 3442 est,
3309 3388 3482 3433 latum
3526 3378 3680 3434 orbem
3703 3383 3767 3430 tet-

2261 3489 2437 3530 rarum
2479 3482 2779 3542 rcparatum
2821 3487 2887 3526 ex
2914 3470 3086 3525 tribus
3115 3469 3234 3525 liliis
3278 3469 3564 3541 Noe((a'en.
3593 3485 3654 3528 ts.
3679 3467 3764 3535 l9):

2258 3566 2511 3638 quoniam
2535 3565 2603 3620 ab
2623 3565 2828 3620 oriente
2854 3572 2909 3619 et
2931 3563 3208 3618 occidente
3228 3570 3281 3616 et
3308 3562 3558 3632 aquilone
3583 3569 3630 3617 et
3647 3566 3766 3613 austro

2262 3661 2504 3723 veniunt,
2554 3659 2642 3728 qui
2696 3656 3008 3712 recumbent
3049 3669 3171 3710 cum
3217 3653 3562 3720 Patriarchis,
3603 3649 3766 3721 expulsa

2263 3753 2406 3809 foras
2431 3751 2509 3806 cis
2538 3750 2628 3821 qui
2663 3750 2729 3805 de
2767 3749 2977 3804 illorum
3017 3762 3178 3803 carne
3220 3754 3344 3801 sunt
3392 3747 3518 3812 nati,
3565 3754 3612 3800 et
3641 3755 3764 3798 mrum

2266 3846 2424 3899 tidem
2467 3861 2570 3898 non
2622 3851 2745 3896 sunt
2781 3841 2968 3895 ituitati
3014 3839 3232 3911 (Matth.
3263 3855 3383 3902 \‘ltl,
3417 3838 3525 3910 Η).
3574 3837 3639 3893 Ad
3679 3835 3766 3889 lunt

2263 3955 2390 4006 ergo
2419 3936 2616 3990 (lltristi
2665 3933 2916 3988 Ecclesia:
2943 3933 3164 4002 gloriam
3204 3932 3397 3987 oculos
3427 3932 3766 4004 aperuimus;et

2265 4029 2408 4084 illam
2453 4027 2711 4092 sterilem,
2759 4025 2844 4079 cui
2884 4023 3133 4094 gaudium
3170 4023 3432 4079 indictum
3473 4036 3614 4094 atque
3638 4018 3766 4090 pndi-

2265 4132 2410 4177 ctum
2439 4131 2540 4184 cst,
2573 4119 2712 4187 quod
2743 4118 2920 4188 plures
2947 4117 3082 4171 ﬁlios
3112 4115 3350 4172 habitura
3384 4127 3541 4180 esset,
3567 4129 3692 4185 quam
3712 4110 3765 4164 illa

2265 4231 2384 4284 qua:
2414 4212 2636 4266 habebat
2661 4211 2830 4264 virum
2862 4210 3012 4278 (lsai.
3037 4223 3141 4273 Liv,
3178 4209 3227 4268 Ι.
3258 4217 3306 4262 et
3336 4208 3457 4263 Gal.
3492 4225 3558 4268 tv,
3582 4205 3672 4273 ει),
3693 4203 3764 4270 jam

2268 4306 2427 4359 talem
2473 4303 2769 4356 itm-nimus
2797 4316 2914 4371 quae
2958 4299 3122 4355 oblita
3165 4310 3303 4356 chct
3347 4300 3706 4371 Oppia'ibrtortnu
3733 4302 3765 4345 et

2269 4397 2571 4466 ignominiw
2594 4392 2862 4446 viduitatis
2886 4408 2995 4444 sine
3019 4409 3033 4446 :
3063 4400 3117 4444 et
3138 4391 3256 4444 ideo
3283 4407 3560 4462 possumus
3577 4392 3681 4443 forte
3702 4385 3762 4436 mi-

2272 4489 2379 4542 rari
2407 4502 2526 4541 cunt
2559 4500 2716 4540 voces
2742 4482 3054 4538 humilitatis
3094 4480 3311 4547 Christi,
3345 4484 3428 4539 γει
3459 4493 3647 4541 noster,
3668 4477 3761 4545 lege-

2269 4584 2438 4635 rimus
2467 4582 2516 4632 in
2545 4579 2715 4648 aliqua
2740 4575 3034 4646 prophetia.
3065 4574 3130 4629 Et
3153 4577 3265 4630 lieri
3293 4585 3468 4642 ιιοιυει
3494 4587 3542 4628 ut
3568 4572 3702 4628 minus
3719 4581 3758 4617 ιιι

2269 4677 2355 4730 eis
2381 4673 2693 4735 alliciatuur,
2715 4671 2833 4739 quia
2861 4685 2964 4721 non
2986 4685 3050 4720 eo
3081 4679 3318 4734 lctitjuire
3349 4668 3592 4726 venimus,
3613 4659 3758 4732 quando

2271 4768 2369 4823 ista
2397 4779 2518 4822 eum
2542 4779 2731 4831 sapore
2759 4761 3086 4831 legebantur.
3115 4760 3420 4814 abundante
3448 4771 3670 4829 pressura.
3691 4749 3756 4804 Sed

2272 4874 2458 4913 rursus
2506 4857 2549 4910 si
2582 4854 2978 4909 tribulationum
3021 4850 3398 4907 abundantiam
3439 4850 3697 4921 cogitemus,
3726 4847 3757 4893 el

2273 4954 2325 5008 in
2349 4969 2452 5022 qua
2481 4948 2812 5004 ambulemus
2845 4946 2927 4998 via
2949 4958 3332 5015 cogitescamus
3355 4944 3437 5010 (si
3467 4951 3617 4997 uitien
3639 4938 3676 4989 iu
3698 4931 3750 4984 illa

2273 5044 2674 5109 ambulamus),
2703 5054 2857 5110 quam
2897 5038 3204 5106 sitangusta
3252 5033 3460 5108 (Matth.
3499 5047 3581 5096 ru,
3615 5026 3694 5092 ll),
3721 5029 3754 5074 α

2273 5152 2369 5209 per
2413 5147 2690 5206 pressurus
2738 5139 2898 5199 atque
2941 5127 3305 5182 tribulatioues
3346 5125 3576 5197 perducat
3615 5116 3664 5170 ad
3698 5129 3749 5164 rr-

2275 5230 2450 5301 quicm
2481 5225 2857 5295 sempiternam
2885 5236 2900 5284 ;
2928 5235 3193 5290 quamque
3216 5218 3327 5288 ipsa
3348 5234 3459 5286 qua:
3485 5217 3529 5268 in
3555 5211 3678 5267 rebus
3693 5203 3751 5254 lm-

2278 5322 2448 5376 iuauis
2480 5293 2693 5371 vocatur
2736 5313 2982 5377 felicitas,
3027 5312 3147 5382 plus
3192 5311 3262 5365 sit
3301 5307 3516 5365 timenda
3542 5293 3747 5374 quammi-

2277 5413 2454 5476 seria;
2500 5403 2928 5478 quandoquidem
2974 5402 3187 5456 miseria
3230 5400 3523 5470 plerumque
3562 5393 3679 5447 allen
3706 5394 3747 5436 ει

2279 5503 2620 5560 tribulatione
2649 5499 2875 5554 fructum
2907 5496 3126 5557 bonum.
3157 5494 3377 5550 felicitas
3404 5501 3556 5546 autem
3576 5490 3744 5538 comitu-

2282 5597 2358 5666 pit
2375 5594 2607 5648 animam
2635 5603 2880 5659 perversa
2905 5587 3209 5650 securitate,
3238 5595 3294 5640 et
3319 5584 3406 5638 dat
3432 5583 3580 5635 locum
3601 5563 3742 5626 diabolo

2281 5689 2530 5747 tentatori
2561 5705 2574 5742 :
2599 5702 2720 5741 cum
2746 5698 2873 5755 ergo
2911 5680 3321 5754 cogitaverimus
3348 5675 3596 5751 prudenter
3623 5674 3662 5722 et
3689 5672 3737 5716 η·

2349 5848 2362 5882 ³
2398 5847 2472 5898 sic
2491 5851 2595 5895 Mss.
2623 5850 2679 5893 Αι
2696 5839 2826 5902 Edd.,
2849 5851 2975 5891 naue
2997 5833 3193 5904 fragiles
3213 5841 3260 5887 et
3275 5832 3463 5898 inﬁniti.

3658 5878 3756 5915 s.‘
