3912 6450
174 379 265 438 διι

171 499 270 557 cte,
291 486 431 545 sicut
453 483 607 541 salita
636 481 849 538 victima
868 481 909 549 ⁸,
930 477 1280 535 tentationem
1309 490 1429 534 esse
1458 475 1620 530 vitam
1650 470 1749 528 hu-

170 595 375 639 manam
427 592 592 649 super
640 584 838 634 terram
889 571 1020 646 (Iob
1076 587 1185 636 vn,
1233 567 1322 642 1),
1373 567 1751 637 neminemque

169 673 382 732 omnino
407 686 529 729 esse
561 683 832 736 securum,
863 681 965 723 nec
989 665 1186 723 debere
1206 678 1327 721 esse
1352 677 1621 729 securum,
1648 658 1750 716 do-

169 781 264 825 nec
292 764 358 822 ad
390 764 536 822 illam
578 761 801 834 patriam
831 757 1092 824 veniatur,
1122 755 1265 812 unde
1292 770 1451 812 nemo
1480 754 1591 811 exit
1618 751 1752 808 amio

165 874 279 928 cus,
326 872 435 929 quo
462 869 623 913 nemo
663 852 960 912 admittitur
1001 850 1270 919 inimicus,
1310 849 1471 906 etiam
1514 861 1655 903 nunc
1694 845 1751 901 in

115 988 121 997 .
166 952 277 1024 ipsa
313 947 570 1008 Ecclesia:
605 945 773 1020 gloria
814 947 1154 1017 agnoscimus
1193 953 1355 997 voces
1393 937 1752 995 tribulationis

119 1048 134 1112 ξ
167 1053 401 1110 nostras;
431 1051 485 1099 et
504 1050 752 1113 tanquam
779 1037 1020 1095 membra
1045 1034 1265 1100 Christi,
1286 1047 1544 1105 compage
1571 1031 1751 1090 chari-

165 1134 292 1191 tatis
316 1130 528 1191 subdita
556 1129 718 1202 capiti
748 1137 954 1194 nostro,
980 1135 1036 1184 et
1058 1140 1157 1183 nos
1182 1125 1408 1182 invicem
1440 1123 1747 1192 retinentia,

162 1225 406 1282 dicemus
432 1222 502 1280 de
535 1221 783 1289 Psalmis,
830 1218 974 1291 quod
1018 1217 1105 1274 hic
1144 1216 1346 1273 dixisse
1388 1215 1752 1272 invenerimus

163 1325 430 1390 martyres
451 1314 542 1387 qui
583 1314 798 1370 fuerunt
836 1319 963 1367 ante
990 1324 1111 1378 nos,
1156 1309 1280 1380 quia
1307 1307 1577 1364 tribulatio
1605 1321 1753 1362 com-

163 1408 343 1466 munis
370 1417 454 1464 est
478 1405 746 1470 omnibus,
776 1401 845 1458 ab
874 1401 1024 1458 initio
1063 1415 1232 1472 usque
1258 1399 1313 1454 in
1340 1398 1521 1454 linem.
1549 1397 1750 1453 Tamen

160 1502 331 1560 istum
359 1500 620 1572 psalmum
644 1511 803 1568 quem
833 1494 1167 1551 tractandum
1207 1493 1563 1564 suscepimus,
1604 1499 1660 1548 et
1687 1490 1755 1546 de

166 1607 280 1664 quo
300 1590 442 1662 loqui
467 1586 729 1646 Cbaritati
759 1586 961 1643 Vestra:
991 1585 1044 1640 in
1075 1583 1290 1641 nomine
1316 1583 1527 1639 Domini
1557 1595 1755 1654 propo-

164 1686 396 1752 suimus,
442 1683 497 1739 in
537 1696 707 1753 grano
745 1679 948 1750 sinapis
976 1693 1329 1751 agnoscamus
1352 1695 1366 1733 :
1389 1678 1665 1750 paululum
1689 1677 1758 1733 ab

165 1775 450 1834 altitudine
490 1773 653 1830 oleris
694 1781 749 1830 et
784 1770 1070 1829 dill‘usione
1118 1784 1413 1837 ramorum,
1455 1777 1512 1827 et
1556 1770 1625 1826 ab
1666 1769 1757 1826 illa

164 1868 360 1940 gloria,
383 1865 475 1922 ubi
514 1880 641 1922 aves
668 1864 788 1921 caeli
837 1863 1198 1935 requiescunt,
1238 1877 1526 1919 avocemus
1554 1862 1759 1934 cogita-

169 1960 410 2023 tionem;
437 1965 491 2014 et
512 1956 629 2012 hare
657 1954 965 2026 magnitudo
988 1970 1108 2027 qua:
1134 1969 1234 2011 nos
1253 1953 1483 2011 delectat
1507 1954 1562 2010 in
1586 1954 1756 2022 olere,

168 2064 334 2120 quam
361 2047 428 2104 de
457 2062 620 2118 parvo
657 2047 952 2103 surrexerit
991 2046 1288 2101 audiamus.
1333 2045 1580 2101 Christus
1615 2045 1759 2101 enim

180 2140 272 2196 hic.
305 2137 540 2210 loquitur
580 2136 699 2209 (sed
720 2137 830 2208 jam
875 2136 1166 2194 scientibus
1199 2135 1489 2209 dicimus);
1516 2135 1762 2192 Christus

174 2245 287 2287 non
307 2230 479 2286 solum
505 2236 685 2299 caput,
711 2227 805 2284 sed
831 2235 885 2283 et
912 2240 1127 2298 corpus.
1150 2226 1233 2282 Ex
1254 2225 1383 2297 ipsis
1408 2226 1587 2283 verbis
1606 2241 1764 2297 agno-

173 2321 392 2378 scimus.
437 2319 571 2376 Nam
620 2320 742 2391 quia
786 2317 1032 2375 Christus
1083 2317 1169 2373 hic
1213 2317 1473 2388 loquitur,
1518 2316 1764 2373 dubitare

177 2415 401 2470 omnino
450 2427 558 2469 non
592 2411 969 2483 permittimur.
1019 2410 1117 2466 llic
1158 2419 1283 2465 sunt
1320 2410 1465 2466 enim
1510 2424 1764 2481 expressa

180 2506 346 2562 verba
369 2520 489 2577 qua:
519 2503 572 2559 in
598 2503 716 2574 ejus
738 2502 991 2575 passione
1018 2503 1283 2572 completa
1309 2511 1433 2558 sunt
1463 2519 1476 2556 :
1507 2501 1767 2579 Dederunt

180 2600 238 2655 in
269 2614 433 2655 escam
458 2613 624 2653 meum
649 2596 738 2667 fel,
767 2605 814 2650 et
842 2596 895 2649 in
921 2595 1006 2650 siti
1027 2611 1137 2648 mea
1160 2604 1458 2667 potaverunt
1485 2611 1565 2650 me
1589 2605 1763 2651 aceto:

179 2689 396 2761 quando
426 2688 527 2743 ista
570 2695 625 2743 et
652 2686 721 2741 ad
763 2686 992 2741 litteram
1035 2684 1255 2754 impleta
1294 2694 1438 2751 sunt,
1463 2696 1517 2739 et
1551 2700 1769 2755 prorsus

178 2779 451 2851 quomodo
479 2778 746 2849 praedicta,
775 2777 853 2833 sic
874 2775 1100 2832 reddita.
1123 2774 1361 2846 Cumque
1388 2778 1502 2847 ipse
1524 2776 1770 2831 Christus

177 2871 427 2938 dixisset,
461 2870 614 2937 Sitio,
645 2868 883 2940 pendens
922 2866 977 2924 in
1006 2881 1184 2932 cruce,
1216 2875 1272 2922 et
1310 2866 1377 2922 ad
1419 2868 1520 2922 hoc
1548 2867 1767 2922 verbum

177 2966 230 3019 ei
258 2974 469 3018 acetum
497 2963 547 3016 in
576 2961 794 3032 spongia
832 2959 1011 3014 datum
1039 2968 1201 3025 esset,
1230 2975 1336 3029 quo
1368 2970 1589 3029 accepto
1613 2959 1768 3024 dixit,

177 3056 600 3111 Consummatum
623 3060 715 3116 est,
747 3059 802 3106 et
833 3050 911 3105 sic
942 3049 1198 3105 inclinato
1222 3050 1396 3121 capite
1422 3049 1637 3105 tradidit
1664 3051 1773 3120 spi-

185 3147 349 3202 ritum
383 3143 558 3216 (Joan.
589 3158 703 3209 nx,
733 3141 952 3209 28-30),
982 3139 1272 3196 ostendens
1310 3141 1408 3195 ista
1446 3141 1623 3196 omnia
1652 3156 1773 3210 quae

186 3236 442 3311 praedicta
485 3237 689 3290 suntin
725 3234 814 3288 illo
852 3234 1016 3289 fuisse
1057 3242 1183 3288 tunc
1227 3242 1629 3299 consummata;
1666 3249 1771 3289 non

181 3328 313 3387 licet
332 3327 419 3384 hic
441 3326 581 3382 aliud
609 3326 925 3397 intelligere.
960 3325 1202 3396 Apostoli
1222 3326 1381 3381 etiam
1411 3326 1685 3395 loquentes
1705 3323 1774 3380 de

181 3423 422 3487 Christo,
474 3418 773 3475 testimonia
813 3433 880 3473 ex
927 3417 1030 3473 isto
1077 3418 1284 3488 psalmo
1325 3416 1604 3473 dederunt.
1643 3418 1774 3485 Quis

187 3524 367 3570 autem
395 3511 570 3569 deviet
597 3526 624 3564 a
648 3509 930 3566 sententiis
953 3510 1178 3565 eorum?
1206 3519 1298 3564 aut
1323 3510 1443 3580 quis
1468 3523 1637 3580 agnus
1667 3525 1772 3564 non

184 3614 442 3677 sequatur
475 3601 708 3659 arietes?
753 3601 895 3672 Ergo
938 3600 1181 3657 Christus
1227 3600 1315 3656 hic
1357 3601 1589 3670 loquitur
1617 3618 1631 3655 :
1658 3617 1774 3655 ma-

184 3701 374 3769 gisque
414 3696 568 3752 nobis
608 3693 1082 3750 demonstrandum
1123 3702 1209 3749 est
1246 3691 1335 3747 ubi
1378 3694 1494 3762 ejus
1537 3693 1772 3749 membra

186 3792 494 3861 loquantur,
543 3796 600 3840 ut
641 3785 987 3842 ostendamus
1032 3786 1152 3856 quia
1205 3793 1347 3841 totus
1389 3784 1476 3841 hic
1518 3786 1770 3856 loquitur,

185 3896 348 3953 quam
375 3878 719 3936 dubitandum
751 3877 893 3948 quod
923 3875 1165 3932 Christus
1187 3876 1454 3948 loquatur.

250 3971 308 4025 2.
350 3968 500 4043 [rem
530 3968 607 4041 1.]
645 3968 853 4023 Titulus
897 3967 1092 4023 Psalmi
1121 3977 1201 4022 est
1230 3985 1243 4022 :
1268 3966 1334 4022 In
1358 3970 1533 4038 ﬁnem.
1567 3985 1661 4041 pro
1701 3969 1778 4026 his

185 4065 276 4135 qui
297 4058 756 4128 conantumbuntur,
789 4060 888 4131 ipsi
910 4059 1099 4114 David.
1130 4059 1281 4117 Nunc
1305 4062 1777 4117 commutationem

189 4155 247 4209 in
278 4154 467 4210 melius
489 4153 608 4208 audi
635 4172 648 4209 :
672 4152 1019 4209 commutatio
1042 4152 1206 4219 enim,
1232 4153 1314 4208 vel
1345 4153 1397 4207 in
1421 4153 1655 4208 deterius
1673 4160 1776 4221 est,

187 4245 278 4300 vel
309 4244 363 4298 in
390 4245 599 4300 melius.
630 4242 797 4298 Adam
818 4251 874 4299 et
898 4242 1008 4297 Eva
1037 4243 1089 4297 in
1115 4243 1379 4310 deterius;
1402 4244 1491 4314 qui
1518 4258 1583 4300 ex
1606 4243 1779 4301 Adam

189 4347 255 4393 et
303 4338 408 4390 Eva
450 4335 670 4391 Christo
717 4335 1081 4403 adhaeserunt,
1134 4335 1186 4389 in
1237 4336 1429 4391 melius
1470 4338 1779 4393 commutati

184 4437 340 4486 sunt.
371 4424 515 4483 Sicut
553 4428 685 4481 enirn
715 4443 805 4498 per
842 4443 1001 4481 unum
1040 4427 1293 4482 hominem
1318 4444 1471 4494 mors,
1515 4429 1589 4483 ita
1626 4438 1673 4484 et
1693 4445 1783 4500 per

187 4537 358 4575 unum
407 4518 660 4573 hominem
711 4518 1008 4574 resurrectio
1059 4527 1371 4573 mortuorum
1406 4528 1503 4575 :et
1555 4520 1685 4577 sicut
1729 4522 1784 4578 in

189 4612 362 4671 Adam
392 4626 565 4666 omnes
592 4610 899 4677 moriuntur,
928 4611 999 4663 sic
1037 4619 1085 4665 et
1111 4611 1167 4665 in
1192 4611 1394 4666 Christo
1420 4628 1592 4668 omnes
1610 4613 1781 4684 “vivi/i-

185 4704 509 4778 ειιὺιιιιιιηνμ
541 4702 659 4759 Cor.
691 4717 778 4768 xv,
807 4702 939 4759 21st
962 4700 1079 4773 22.)
1117 4703 1200 4758 Ab
1244 4718 1310 4760 eo
1350 4704 1490 4775 quod
1534 4705 1784 4763 formavit

188 4801 363 4866 Deus,
404 4805 638 4852 mutatus
680 4803 764 4850 est
798 4795 1005 4863 Adam;
1053 4794 1149 4850 sed
1199 4795 1252 4850 in
1297 4794 1450 4866 pejus
1488 4795 1782 4868 iniquitatis

184 4908 309 4948 sum
340 4908 355 4945 ι
385 4890 452 4945 ab
487 4904 554 4945 eo
580 4886 724 4960 quod
750 4895 970 4958 operata
1000 4895 1084 4943 est
1108 4886 1381 4958 iniquitas,
1424 4895 1699 4945 mutantur
1723 4890 1786 4945 li-

188 4986 388 5048 deles;
421 4981 514 5038 sed
543 4981 595 5036 in
623 4980 816 5037 melius
843 4996 938 5052 per
957 4980 1179 5053 gratiam
1212 4978 1332 5036 Dei.
1364 4978 1434 5037 Ut
1457 4989 1784 5038 mutaremur

189 5077 248 5131 in
282 5073 456 5145 pejus,
490 5081 672 5128 nostra
705 5072 956 5143 iniquitas
982 5072 1078 5127 fuit
1102 5087 1116 5126 :
1144 5079 1203 5128 ut
1230 5079 1563 5127 mutaremur
1587 5073 1639 5128 in
1666 5087 1783 5128 me-

185 5169 322 5233 lius,
352 5180 460 5222 non
481 5173 659 5220 nostra
675 5162 901 5234 justitia,
927 5163 1020 5220 sed
1046 5162 1214 5236 gratia
1247 5163 1339 5219 Dei
1364 5172 1602 5236 przestat.
1632 5163 1786 5233 Quod

184 5274 329 5330 ergo
358 5259 410 5314 in
445 5257 595 5329 pejus
622 5257 809 5312 mutati
830 5271 1036 5324 sumus,
1064 5256 1220 5313 nobis
1248 5256 1570 5329 imputemus
1595 5276 1609 5313 :
1640 5259 1784 5331 quod

184 5353 248 5405 in
294 5349 484 5405 aurelius
535 5357 944 5415 commutamur,
988 5349 1153 5404 Deum
1207 5348 1505 5404 laudemus.
1559 5350 1662 5405 Pro
1706 5351 1786 5407 Iris

184 5457 331 5513 ergo
375 5442 477 5496 iste
506 5439 761 5511 psalmus,
800 5438 888 5509 qui
930 5438 1391 5495 commutabantur.
1422 5433 1577 5497 Unde
1604 5448 1783 5496 autem

185 5534 301 5589 ista
333 5531 680 5590 commutatio
714 5528 853 5586 facta
894 5539 997 5593 est,
1028 5530 1131 5586 nisi
1169 5546 1233 5587 ex
1260 5532 1507 5602 passione
1545 5531 1786 5588 Christi?

178 5625 405 5688 Pascha
429 5626 605 5699 ipsum
629 5623 794 5681 latine
820 5623 1100 5681 Transitus
1128 5623 1529 5697 interpretatur.
1556 5623 1674 5681 Non
1700 5634 1787 5681 est

256 5783 277 5819 ι
312 5784 389 5848 sic
410 5780 586 5848 ttegius
602 5784 687 5835 Ms.
712 5787 768 5833 Al.
794 5780 929 5842 [ἐδάη
949 5779 1076 5848 siem
1092 5780 1254 5846 psallit
1291 5782 1397 5835 lucc
1417 5779 1608 5837 uictima
1633 5795 1651 5835 :
1673 5785 1782 5848 qui.

172 5847 286 5901 bus
307 5842 535 5911 pleriqu
556 5852 661 5894 Mss.
688 5855 946 5908 perperam
974 5842 1315 5909 suffragantur.

517 5927 740 5994 Saucr.
784 5929 1060 5991 Ληουεῖ.
1107 5924 1215 5993 ιν.

1293 360 1697 422 ENARRATIO
1733 355 1802 416 IN
1841 359 2167 423 PSALMUM
2203 363 2439 425 LXVIII.

3330 373 3442 431 ω

1857 476 1998 530 enim
2025 475 2226 533 Pascha
2252 493 2486 550 graecum
2512 493 2729 548 nomen,
2758 480 2853 539 sed
2882 481 3176 540 hebrmum.
3200 484 3442 544 Resonat

1856 569 2072 640 quidem
2102 571 2156 625 in
2186 586 2361 642 grmca
2385 573 2561 643 lingua
2592 574 2914 645 passionem,
2942 577 3063 647 quia
3094 593 3311 648 πασχιῖν,
3331 580 3444 650 pati

1855 662 2084 730 dicitur;
2117 664 2209 721 sed
2236 666 2540 721 consultum
2570 665 2838 723 bebraeum
2868 668 3159 739 eloquium,
3189 669 3334 726 aliud
3358 670 3446 727 in-

1855 753 2019 810 dicat.
2056 754 2259 812 Pascha
2290 758 2568 813 transitum
2600 760 2957 817 commendat.
2985 760 3139 830 Quod
3166 761 3447 821 admonuit

1855 847 2015 903 etiam
2040 845 2271 905 Joannes
2296 851 2643 924 evangelista,
2685 852 2775 923 qui
2818 852 3131 911 imminente
3169 858 3440 927 passione,

1855 952 1978 995 cum
2006 938 2216 996 veniret
2247 941 2507 998 Dominus
2545 943 2611 999 ad
2655 958 2863 1001 cumam
2904 960 3007 1017 qua
3049 947 3447 1004 commendavit

1855 1038 2249 1087 sacramentum
2272 1034 2515 1104 corporis
2543 1041 2599 1090 et
2626 1037 2904 1107 sanguinis
2928 1038 3034 1105 sui,
3067 1039 3137 1093 ita
3165 1038 3401 1111 loquitur
3427 1055 3444 1094 :

1855 1119 1982 1179 Cum
2020 1132 2190 1177 autent
2216 1125 2426 1179 venisset
2470 1126 2617 1193 liora,
2654 1144 2757 1198 qua
2798 1129 3032 1183 transiret
3071 1129 3226 1185 Jesus
3258 1132 3322 1185 de
3350 1132 3446 1187 hoc

1856 1217 2126 1271 mundoad
2138 1216 2346 1274 Patrem
2372 1218 2548 1287 (Joan.
2573 1236 2686 1289 xm,
2707 1221 2784 1292 1).
2818 1222 3095 1293 Expressit
3118 1239 3244 1297 ergo
3270 1233 3452 1282 trans-

1859 1307 1991 1364 itum
2029 1308 2267 1365 Paschae.
2290 1309 2393 1367 Sed
2416 1310 2518 1366 nisi
2548 1312 2663 1383 ipse
2689 1314 2940 1369 transiret
2964 1313 3091 1371 hinc
3109 1316 3175 1371 ad
3206 1316 3445 1385 Patrem,

1858 1401 1949 1472 qui
1998 1410 2216 1473 propter
2252 1418 2351 1458 nos
2395 1403 2559 1469 venit,
2612 1418 2712 1460 nos
2742 1405 2971 1461 transire
3014 1406 3139 1462 hinc
3179 1408 3451 1479 quomodo

1859 1506 2160 1562 possemus,
2194 1495 2284 1565 qui
2313 1510 2418 1548 non
2447 1502 2663 1564 propter
2686 1496 2884 1567 aliquid
2911 1497 3195 1554 levandum
3221 1499 3452 1556 descen-

1860 1585 2058 1651 dimus,
2090 1586 2183 1643 sed
2211 1586 2540 1642 cecidimus?
2575 1587 2693 1658 Ipse
2734 1600 2911 1646 autem
2942 1606 3049 1647 non
3082 1590 3314 1659 cecidit;
3354 1591 3454 1647 sed

1860 1676 2156 1745 descendit,
2190 1688 2247 1733 ut
2274 1694 2395 1734 eum
2421 1680 2511 1749 qui
2538 1679 2806 1735 ceciderat
2834 1681 3157 1737 sublevaret.
3177 1681 3458 1738 'I’ransitus

1862 1786 2012 1842 ergo,
2058 1779 2112 1826 et
2151 1770 2312 1836 illius,
2358 1780 2411 1825 et
2440 1780 2643 1836 noster,
2693 1772 2819 1827 hinc
2857 1773 2923 1828 ad
2969 1773 3217 1839 Patrem;
3252 1772 3320 1829 de
3354 1773 3459 1833 hoc

1862 1861 2065 1918 mundo
2085 1861 2151 1917 ad
2178 1878 2398 1935 regnum
2424 1864 2703 1930 etnlorum,
2732 1863 2800 1920 de
2828 1865 2939 1921 vita
2962 1866 3175 1922 mortali
3201 1865 3268 1922 ad
3294 1866 3457 1921 vitam

1863 1962 2144 2019 :eternam,
2176 1954 2243 2010 de
2264 1953 2373 2009 vita
2402 1964 2613 2011 terrena
2643 1955 2709 2011 ad
2740 1958 2902 2012 vitam
2930 1957 3226 2026 ctelestem,
3258 1958 3325 2014 de
3348 1958 3459 2014 vita

1864 2043 2199 2115 corruptibili
2260 2043 2329 2099 ad
2378 2044 2875 2117 ineorruptibilem,
2927 2047 2996 2104 de
3048 2048 3458 2105 tribulationum

1864 2135 2276 2191 conversatione
2312 2135 2381 2191 ad
2421 2148 2733 2208 perpetuam
2770 2138 3132 2195 securitatem.
3166 2139 3311 2206 Ideo,
3351 2139 3463 2196 Pro

1867 2226 1946 2282 Iu's
1986 2227 2074 2296 qui
2118 2228 2583 2294 commutabunmr,
2633 2228 2832 2284 Psalmi
2863 2230 3046 2286 titulus
3088 2238 3190 2287 est.
3233 2229 3464 2287 Causam

1866 2319 2030 2391 igitur
2069 2320 2506 2376 commulationis
2549 2330 2771 2388 nostrae,
2826 2321 2881 2376 id
2924 2331 3008 2378 est
3051 2322 3220 2393 ipsam
3250 2323 3465 2379 Domini

1867 2409 2196 2480 passionem,
2240 2418 2588 2480 nostramque
2630 2410 2683 2465 in
2715 2410 3149 2469 tribulationibus
3175 2427 3363 2469 vocem
3408 2414 3466 2469 in

1871 2509 2018 2558 textu
2047 2501 2247 2557 Psalmi
2273 2502 2638 2571 advertamus,
2668 2516 3074 2573 cognoscamus,
3105 2505 3468 2575 congemisca-

1872 2609 2023 2652 mus:
2048 2604 2102 2650 et
2120 2595 2410 2662 audiendo,
2433 2595 2829 2667 cognoscendo,
2853 2596 3321 2668 congemiscendo,
3347 2613 3469 2653 mu-

1874 2695 2065 2751 temur,
2094 2696 2155 2742 ut
2181 2688 2465 2757 impleatur
2504 2688 2560 2742 in
2599 2688 2753 2744 nobis
2799 2688 2985 2746 titulus
3008 2690 3227 2758 Psalmi,
3254 2689 3362 2745 Pro
3388 2690 3469 2745 his

1873 2777 1960 2846 qui
1979 2776 2434 2831 committebantur.

1945 2867 1997 2921 5.
2022 2865 2171 2939 [uers.
2198 2865 2280 2941 2.]
2306 2867 2518 2923 Salvum
2560 2885 2638 2923 me
2691 2873 2801 2940 fac,
2828 2868 2968 2925 Deus
2987 2913 3001 2937 ,
3029 2871 3268 2944 quoniam
3306 2873 3469 2926 intro-

1873 2960 2037 3014 ierunt
2066 2977 2209 3031 aqua:
2242 2978 2398 3032 usque
2420 2963 2488 3015 ad
2510 2963 2731 3016 animum
2762 2980 2943 3019 meam.
2965 2963 3197 3020 Granum
3229 2967 3355 3021 illud
3387 2977 3471 3023 est

1875 3061 2236 3121 contemptum
2272 3053 2449 3119 modo,
2485 3055 2623 3124 quod
2648 3054 2856 3110 videtur
2880 3055 3110 3111 humiles
3140 3058 3265 3112 dare
3284 3074 3464 3115 voces.

1878 3141 1933 3196 In
1966 3143 2122 3197 horto
2165 3144 2425 3210 obruitur,
2458 3145 2718 3200 miratum
2765 3147 2965 3201 mundo
2992 3148 3152 3202 oleris
3201 3150 3466 3220 magnitu-

1876 3232 2119 3299 dinem‘,
2152 3234 2306 3304 cujus
2349 3234 2514 3289 oleris
2557 3250 2739 3290 semen
2782 3244 3142 3305 contemptum
3191 3248 3272 3294 est
3301 3255 3328 3291 ιι
3374 3239 3470 3294 Ju-

1877 3326 2027 3381 dazis.
2052 3325 2255 3382 Revera
2286 3327 2428 3381 enim
2460 3328 2798 3384 considerate
2824 3344 3009 3386 semen
3050 3332 3249 3401 sinapis
3292 3334 3468 3387 ηιέιιιι-

1879 3425 1988 3473 ιιιιιι
2015 3459 2029 3484 ,
2063 3417 2269 3473 l'uscum
2294 3461 2308 3484 ,
2333 3420 2670 3489 aspernabile
2722 3436 2938 3490 prorsus
2962 3438 2975 3486 ;
3007 3434 3061 3477 ut
3090 3423 3472 3492 ihiimplealur

1878 3509 2019 3581 quod
2068 3509 2267 3565 dictum
2314 3519 2398 3564 est
2426 3529 2437 3563 :
2476 3510 2703 3566 Vidimus
2743 3529 2858 3566 eum
2880 3555 2893 3577 ,
2926 3522 2974 3567 et
3002 3531 3098 3566 non
3127 3514 3333 3569 habebat
3358 3533 3473 3586 spc-

1880 3601 2007 3655 ciem
2053 3617 2213 3671 neque
2258 3601 2488 3657 decorem
2518 3601 2669 3674 (lsai.
2700 3620 2786 3657 Llll
2811 3644 2827 3669 ,
2861 3603 2939 3677 2).
2965 3605 3141 3676 Aquas
3180 3619 3356 3664 autem
3387 3609 3471 3663 in-

1883 3702 2051 3747 trasse
2076 3707 2244 3762 usque
2271 3692 2336 3747 ad
2382 3694 2616 3747 animam
2655 3709 2805 3748 suam
2836 3695 2993 3755 dicit;
3024 3698 3144 3766 quia
3187 3708 3473 3767 potuerunt

1882 3783 1986 3839 illa:
2014 3783 2181 3837 turbae
2206 3826 2221 3851 ,
2249 3798 2382 3855 quas
2420 3798 2675 3854 aquarum
2729 3785 2942 3839 nomine
2988 3787 3330 3856 signiﬁcavit,
3364 3789 3471 3845 huc

1885 3891 2052 3945 usque
2078 3875 2363 3945 prmvalere
2384 3918 2398 3942 ,
2426 3884 2485 3930 ut
2512 3875 2819 3931 occiderent
2840 3876 3128 3931 Christum.
3162 3879 3470 3935 Praevalue-

1885 3974 2010 4022 runt
2039 3967 2104 4021 ad
2136 3967 2605 4030 contemnendum,
2632 3967 2698 4022 ad
2729 3968 3035 4035 tenendum,
3064 3970 3129 4025 ad
3175 3972 3463 4039 ligandum,

1884 4060 1951 4115 ad
1973 4059 2352 4126 insultantium,
2377 4061 2443 4114 ad
2471 4059 2932 4130 colaphizandum,
2955 4062 3020 4117 ad
3046 4065 3467 4133 conspuendum.

1885 4151 2075 4207 Adhuc
2120 4153 2437 4224 quousque?
2484 4152 2665 4224 Usque
2701 4152 2767 4208 ad
2815 4164 3060 4209 mortem.
3114 4156 3251 4227 Ergo
3312 4158 3475 4212 intro-

1884 4245 2047 4300 ierunt
2069 4262 2216 4315 aqua:
2257 4263 2412 4317 usque
2440 4245 2508 4300 ad
2553 4248 2771 4300 animam
2794 4264 2974 4301 meam.
3002 4248 3149 4305 lianc
3175 4250 3370 4321 quippe
3395 4253 3476 4307 vi-

1885 4342 1992 4392 tam
2014 4336 2147 4393 dixit
2184 4338 2413 4392 animam
2447 4354 2595 4393 suam
2617 4380 2630 4403 ,
2663 4354 2942 4410 quousque
2971 4339 3043 4395 illi
3088 4341 3347 4399 accedere
3367 4359 3471 4399 sm-

1884 4429 2079 4485 viendo
2105 4437 2409 4500 potuerunt.
2442 4429 2546 4485 Sed
2575 4431 2830 4500 numquid
2859 4431 2961 4486 hoc
3004 4440 3240 4501 possent,
3272 4434 3371 4489 nisi
3403 4435 3473 4490 ab

1886 4520 2005 4592 ipso
2034 4521 2492 4592 permitterentur?
2518 4520 2674 4579 Unde
2720 4538 2850 4592 ergo
2878 4532 3125 4594 tanquam
3153 4524 3351 4595 aliquid
3380 4526 3468 4582 in-

1886 4614 2029 4669 vitus
2057 4613 2286 4685 patiatur
2331 4612 2410 4670 sic
2458 4614 2689 4679 clamat,
2722 4615 2823 4669 nisi
2868 4616 2989 4685 quia
3035 4625 3193 4687 caput
3235 4617 3475 4674 membra

1888 4719 1983 4760 sua
2027 4704 2373 4775 przeligurat?
2414 4704 2611 4761 Passus
2645 4714 2729 4761 est
2755 4706 2950 4776 quippe
2975 4706 3086 4773 ille,
3119 4706 3240 4777 quia
3269 4709 3474 4774 voluit;

1887 4802 2157 4867 martyres
2175 4811 2305 4853 vero
2324 4836 2340 4862 ,
2368 4795 2579 4851 etiamsi
2623 4796 2927 4851 noluerunt.
2955 4795 3115 4852 Petro
3144 4812 3375 4869 namque
3404 4799 3478 4854 ita

1888 4884 2137 4955 prurdixit
2190 4885 2493 4956 passionem
2543 4900 2694 4940 suam
2742 4901 2755 4937 :
2798 4883 2928 4940 Cum
2976 4888 3239 4955 senueris,
3268 4887 3475 4959 inquit,

1889 4976 2022 5030 alius
2050 4984 2098 5029 te
2126 4976 2415 5047 pra'cinget,
2444 4984 2493 5031 et
2535 4977 2660 5047 feret
2695 4991 2793 5046 quo
2814 4984 2869 5029 tu
2893 4992 2994 5030 non
3028 4979 3101 5032 vis
3128 4976 3307 5047 (Joan.
3338 4995 3432 5035 χχι
3456 5022 3472 5046 ,

1890 5066 2006 5137 I8).
2052 5066 2364 5137 Quanquam
2412 5066 2554 5121 enim
2582 5063 2795 5121 Christo
2846 5066 3108 5123 inhaerere
3153 5068 3431 5138 cupiamus
3457 5111 3476 5135 ,

1890 5156 2029 5214 mori
2058 5164 2233 5215 tamen
2262 5157 2545 5222 nolumus;
2572 5165 2628 5213 et
2652 5155 2774 5213 ideo
2797 5156 3044 5225 libenter,
3073 5158 3159 5214 vel
3186 5159 3359 5228 potius
3380 5176 3476 5231 pa-

1893 5249 2085 5305 tienter
2125 5250 2373 5319 patimur,
2404 5250 2523 5318 quia
2551 5249 2686 5304 alius
2730 5249 2984 5305 transitus
3023 5263 3128 5304 non
3166 5249 3343 5319 datur,
3376 5262 3477 5322 per

1891 5355 2048 5411 quem
2078 5339 2293 5396 Christo
2332 5339 2715 5397 cohmreamus.
2758 5338 2892 5395 Nam
2934 5339 2979 5393 si
3017 5353 3297 5409 possemus
3320 5342 3478 5399 aliter

1960 5542 1977 5571 ί
2013 5544 2089 5612 ἓν·
2116 5544 2171 5588 ει
2190 5538 2289 5612 dus
2474 5542 2794 5612 εοηεεηιριιωι
2828 5534 3208 5612 uenderem
3235 5546 3347 5612 ροει
3385 5553 3476 5612 ero

1891 5599 2127 5685 Mitt,
2134 5600 2309 5685 .3129.
2333 5596 3479 5685 Ξεὲξέξῗὲἓῂιηεέι.εέξὲοηὲἱὲἳῖῖξιῑιίιι,.⁰3¹.ζαζ

1890 5658 2121 5734 Denique
2134 5658 2312 5726 Regius
2331 5661 2488 5712 codex
2520 5661 2650 5711 hunc
2682 5658 2842 5731 locum
2877 5659 2948 5710 sic
2971 5658 3177 5731 exhibet
3204 5673 3217 5709 :
3263 5658 3480 5716 Granum

1887 5722 2011 5796 illud
2033 5729 2103 5796 est
2117 5728 2458 5796 contemplanti.
2467 5725 2606 5796 μοᾳο
2620 5720 2749 5788 quod
2765 5720 2954 5796 videtur
2976 5720 3181 5796 huqutes
3203 5720 3323 5775 dare
3340 5737 3480 5796 me

1886 5782 2377 5901 moramur.
2412 5782 2767 5839 uiratw'mmc
2784 5783 2994 5835 mundus
3022 5782 3169 5835 oleris
3188 5786 3481 5851 magnitudi-

2803 5927 3290 6020 [νῖκαι-δορί.)
3350 6034 3353 6035 ν
