3912 6440
537 409 645 468 8ιό

537 522 818 596 pervenire
857 519 926 577 ad
969 511 1241 576 Christum
1264 557 1279 584 ,
1324 514 1377 572 id
1409 523 1491 572 est
1533 512 1598 572 ad
1626 511 1788 571 vitam
1822 519 2111 574 mternam,

538 615 658 686 quis
687 605 844 669 vellet
884 612 1057 667 mori?
1087 610 1339 664 Naturam
1388 605 1584 678 quippe
1635 611 1903 670 nostram,
1949 602 2001 656 id
2034 610 2116 656 est

539 705 864 763 consortium
887 701 1151 774 quoddam
1179 701 1370 756 anima:
1396 711 1449 754 et
1469 696 1730 768 corporis,
1758 703 1812 750 ct
1833 691 2115 764 quamdam

539 799 592 856 in
639 797 722 854 his
747 796 953 853 duobus
992 783 1404 850 familiaritatem
1449 786 1919 858 conglutinationis
1957 792 2117 853 atque

538 886 866 961 compaginis
907 901 1182 958 exponens
1229 883 1459 956 quodam
1508 882 1627 936 loco
1671 877 1988 949 Apostolus,
2043 875 2119 928 ait

538 983 737 1041 habere
762 997 860 1040 nos
887 982 1104 1038 domum
1132 996 1235 1036 non
1260 977 1635 1039 manulactam,
1655 981 1908 1028 aeternam
1940 970 1992 1028 in
2018 982 2119 1024 cte-

537 1075 637 1140 lis;
664 1071 715 1129 id
739 1083 822 1130 est
848 1071 1300 1128 immortalitatem
1327 1073 1676 1139 praeparatam
1705 1063 1876 1129 nobis,
1907 1075 2011 1131 qua
2033 1059 2118 1114 in-

539 1163 734 1222 duendi
754 1177 938 1219 sumus
966 1162 1016 1217 in
1038 1161 1162 1228 ﬁne,
1193 1176 1315 1216 cum
1338 1157 1789 1216 resurrexerimus
1807 1168 1838 1207 a
1862 1148 2116 1215 mortuis;

541 1268 597 1315 et
627 1258 700 1313 ait
731 1275 744 1312 :
771 1253 835 1311 In
876 1272 976 1328 quo
1009 1247 1246 1311 nolumus
1283 1251 1528 1320 spoliari,
1558 1248 1648 1304 sed
1681 1237 1999 1317 supervestiri
2021 1284 2038 1311 ,
2064 1250 2120 1296 ut

505 1345 508 1348 ’
539 1347 863 1405 absorbeatur
888 1345 1098 1401 ntortale
1121 1361 1152 1398 a
1172 1344 1272 1398 vita
1301 1335 1365 1414 (ll
1383 1341 1498 1396 Cor.
1517 1356 1570 1406 v,
1600 1340 1650 1403 l,
1673 1337 1752 1409 4),
1774 1336 1830 1393 Si
1858 1333 1972 1391 ﬁeri
1991 1347 2118 1415 pos-

489 5900 508 5934 ζ

541 1448 645 1505 set,
687 1438 766 1496 sic
787 1436 1078 1500 vellemus,
1107 1433 1214 1501 ait,
1248 1431 1361 1488 ﬁeri
1391 1431 1732 1496 immortales,
1757 1438 1811 1484 ut
1831 1425 1941 1498 jam
1971 1425 2120 1481 veni-

542 1542 628 1589 ret
652 1533 766 1604 ipsa
809 1523 1177 1586 immortalitas
1199 1567 1215 1593 ,
1246 1523 1483 1580 etmodo
1509 1522 1645 1579 sicut
1669 1534 1854 1576 sumus
1889 1524 2122 1573 mutaret

542 1639 665 1695 nos,
692 1633 751 1680 ut
771 1617 992 1680 mortale
1014 1620 1116 1676 hoc
1141 1627 1378 1676 nostrum
1404 1631 1432 1670 a
1459 1615 1564 1669 vita
1593 1611 1986 1678 absorberetur,
2012 1624 2117 1665 non

542 1732 642 1790 per
669 1706 894 1775 mortem
921 1729 1116 1785 corpus
1140 1710 1488 1784 poneretur‘,
1515 1718 1569 1763 ιιι
1599 1707 1649 1760 in
1690 1705 1795 1761 ﬁne
1816 1705 2004 1760 iterum
2034 1718 2122 1759 re-

542 1811 830 1882 ciperetur.
853 1806 1102 1878 Quamvis
1119 1819 1246 1876 ergo
1275 1818 1304 1856 a
1328 1801 1480 1858 malis
1504 1795 1571 1854 ad
1598 1798 1737 1854 bona
1766 1806 2117 1861 transeamus;

542 1914 722 1962 tamen
752 1903 866 1974 ipse
903 1899 1156 1956 transitus
1195 1893 1523 1966 aliquantum
1564 1903 1776 1946 amarus
1802 1898 1884 1944 est
1907 1929 1927 1974 ,ι
1945 1899 1998 1942 et
2027 1883 2122 1944 ba-

543 1993 637 2052 bet
663 1964 938 2064 fel,'quod
978 1985 1242 2046 dederunt
1284 1964 1508 2042 Domino
1531 1982 1583 2039 in
1614 1985 1862 2053 passione
1903 1964 2074 2038 Judaei
2103 2019 2118 2046 ,

540 2082 703 2146 habet
721 2101 844 2142 acre
869 2083 1116 2157 quiddam
1150 2077 1504 2144 tolerandum,
1531 2091 1637 2147 quo
1657 2072 2011 2156 ostenduntur
2030 2071 2121 2142 qui

540 2197 662 2240 eum
692 2188 843 2236 aceto
885 2150 1204 2249 potaverunt
1228 2171 1439 2243 (Matth.
1491 2183 1669 2235 xxvu,
1714 2164 1826 2237 54).
1871 2150 2123 2234 Pracﬁgu-

540 2289 668 2331 rans
691 2285 820 2342 ergo
839 2311 855 2337 ,
875 2277 931 2328 et
975 2267 1364 2326 trattsl‘ormans
1388 2263 1439 2318 in
1464 2276 1522 2317 se
1544 2274 1642 2315 nos
1672 2259 1839 2329 ipsos,
1872 2255 1973 2312 hoc
1999 2254 2071 2310 ait
2102 2270 2118 2310 :

541 2366 756 2422 Saluum
787 2381 865 2418 me
891 2366 994 2435 fac,
1022 2358 1162 2416 Deus
1183 2399 1198 2426 ,
1221 2355 1460 2428 quoniam
1480 2352 1780 2408 introierunt
1799 2363 1945 2419 aqua:
1970 2363 2123 2417 usque

545 2455 615 2511 ad
642 2455 864 2509 animam
889 2467 1067 2506 meant.
1103 2449 1397 2504 Potuerunt
1418 2443 1508 2516 qui
1534 2438 1796 2512 persecuti
1822 2439 2120 2496 suntetiarn

539 2545 812 2610 occidere;
859 2541 952 2600 sed
995 2540 1221 2612 amplius
1259 2536 1384 2609 quid
1432 2535 1626 2591 faciant
1674 2547 1781 2588 non
1829 2529 2117 2585 habebunt.

539 2635 803 2694 Praemisit
829 2625 969 2692 enim
996 2631 1416 2690 exhortationem
1458 2627 1571 2698 ipse
1598 2619 1854 2680 Dominus
1880 2621 2064 2677 dicens
2097 2637 2111 2674 :

542 2727 719 2783 Nolite
744 2727 916 2781 timere
961 2741 1043 2779 eos
1071 2722 1155 2794 qui
1181 2737 1364 2795 corpus
1389 2717 1625 2774 occidunt
1647 2758 1660 2782 ,
1694 2725 1738 2770 et
1774 2713 1991 2786 amplius
2021 2728 2122 2766 non

541 2820 720 2874 habent
747 2817 866 2888 quid
894 2816 1124 2887 faciant;
1144 2812 1234 2869 sed
1265 2828 1377 2867 eum
1405 2811 1570 2864 timete
1612 2811 1700 2878 qui
1725 2805 1871 2860 habet
1899 2813 2120 2874 potesta-

539 2920 659 2977 tem,
687 2921 733 2966 et
756 2926 938 2981 corpus
965 2918 1010 2964 et
1031 2909 1254 2963 animant
1279 2905 1503 2962 occidere
1529 2902 1582 2958 in
1597 2897 1826 2974 gehenna
1853 2898 1985 2969 ignis
2005 2894 2117 2968 (Id.

539 3017 596 3069 ι,
626 2999 739 3073 9.8).
769 3000 965 3069 ltlajore
1009 2998 1199 3053 timore
1226 2996 1431 3051 minora
1479 2992 1902 3055 contemnimus,
1927 2996 1981 3042 et
2009 3001 2122 3042 ma-

537 3094 655 3166 jore
680 3092 993 3148 mter-uitatis
1031 3089 1320 3159 cupiditate
1361 3086 1540 3142 omnia
1570 3083 1885 3154 temporalia
1910 3078 2112 3136 fastidi-

541 3201 680 3240 mus.
713 3184 843 3239 Nam
882 3181 968 3236 hic
997 3190 1051 3237 et
1075 3180 1276 3236 delicia:
1305 3175 1625 3248 temporales
1649 3173 1833 3230 dulces
1879 3180 2035 3235 sunt,
2066 3179 2122 3226 et

545 3274 912 3330 tribulationes
956 3271 1273 3341 temporales
1319 3283 1514 3323 amarae
1539 3275 1705 3321 sunt:
1737 3263 1831 3320 sed
1869 3264 1990 3340 quis
2013 3276 2120 3318 non

543 3366 689 3421 bibat
742 3363 1094 3418 tribulationis
1163 3357 1470 3429 temporalis
1531 3355 1820 3426 poculum,
1877 3363 2120 3408 metuens

539 3456 714 3528 ignem
743 3452 1102 3524 geheunarum
1125 3467 1139 3517 ;
1165 3459 1216 3506 et
1245 3449 1366 3522 quis
1407 3462 1508 3502 non
1537 3451 1845 3501 contemnat
1875 3437 2119 3512 dulcedi-

539 3527 661 3600 nem
724 3544 941 3610 seculi,
989 3541 1196 3597 inhians
1243 3537 1512 3596 dulcedini
1551 3537 1671 3592 vita:
1707 3527 1959 3591 aeternae?
1987 3532 2120 3588 llinc

538 3655 666 3710 ergo
708 3647 766 3694 ut
812 3636 1102 3693 liberemur
1149 3635 1474 3696 clamemus,
1515 3645 1583 3686 ne
1613 3628 1751 3684 forte
1773 3628 1824 3682 in
1856 3625 2120 3698 pressuris

536 3729 932 3786 consentiamus
981 3726 1276 3797 iniquitati,
1318 3732 1372 3778 et
1399 3737 1523 3778 vere
1561 3717 1975 3791 irreparahilitcr
2001 3732 2119 3772 sor-

534 3821 757 3875 beantur
785 3838 799 3874 ;
831 3817 1042 3873 Salvum
1081 3832 1158 3870 me
1187 3818 1269 3887 fac
1293 3855 1308 3882 ,
1337 3809 1476 3867 Deus
1495 3852 1511 3880 ,
1537 3809 1775 3882 quoniam
1820 3809 2118 3864 introierunt

535 3926 681 3980 aqua."
707 3924 861 3979 usque
885 3906 952 3960 ad
982 3904 1205 3960 animam
1226 3920 1408 3958 nteant.

606 4003 660 4058 4.
685 4000 832 4074 [vers.
854 3997 933 4071 5.]
963 3994 1163 4068 In/ixus
1185 4013 1295 4051 sum
1320 3994 1370 4049 in
1394 3992 1512 4048 linto
1534 3989 1776 4064 profundi
1799 4033 1814 4057 ,
1844 3999 1891 4045 et
1916 4006 2017 4044 non
2044 3997 2117 4044 est

536 4092 832 4148 substantia.
861 4088 998 4158 Quid
1025 4089 1153 4143 dicit
1193 4083 1419 4142 limum?
1443 4101 1510 4139 an
1554 4081 1699 4154 ipsos
1729 4081 1820 4154 qui
1851 4080 2118 4153 persecuti

533 4185 700 4242 sunt?
731 4185 805 4238 De
827 4183 956 4238 limo
976 4179 1118 4236 enim
1155 4179 1326 4235 Iactus
1349 4186 1431 4234 est
1459 4173 1617 4232 homo
1639 4174 1790 4248 (Gen.
1814 4189 1881 4242 tt,
1906 4171 1980 4246 7).
2011 4172 2118 4230 Sed

534 4279 652 4342 isti,
680 4275 918 4332 cadendo
947 4290 977 4329 a
1017 4273 1257 4344 justitia,
1300 4271 1456 4326 limus
1497 4269 1745 4340 profundi
1790 4267 1912 4323 lacti
1949 4274 2112 4332 sunt;

533 4369 729 4444 quibus
753 4365 1192 4441 persequentibus
1228 4371 1283 4420 et
1309 4363 1376 4418 ad
1404 4362 1740 4434 iniquitatem
1783 4355 1994 4415 trahere
2025 4375 2116 4414 cu-

537 4461 802 4534 pientibus
831 4458 1068 4532 quisquis
1094 4473 1199 4513 non
1239 4455 1573 4512 consenserit
1596 4495 1610 4520 ,
1637 4452 1705 4508 de
1739 4452 1865 4507 limo
1890 4466 1988 4505 suo
2016 4465 2113 4505 au-

539 4572 655 4612 rum
679 4553 822 4610 facit.
851 4551 1142 4608 Merebitur
1170 4550 1310 4604 enim
1365 4545 1521 4602 limus
1570 4545 1735 4616 ipsius
1781 4543 2019 4598 converti
2061 4541 2114 4597 in

535 4647 896 4704 habitudinem
921 4645 1190 4703 cteleStem
1217 4683 1231 4706 ,
1259 4652 1312 4696 et
1345 4641 1522 4695 socius
1552 4637 1666 4693 ﬁeri
1693 4651 1878 4691 eorum
1904 4635 1972 4690 de
1999 4635 2117 4706 qui-

533 4739 634 4796 bus
658 4736 982 4795 dicittitulus
1013 4731 1207 4791 Psalmi
1228 4727 1248 4764 ¹
1273 4749 1288 4787 :
1319 4729 1428 4785 Pro
1445 4729 1523 4784 Itis
1546 4729 1631 4799 qui
1661 4726 2113 4782 contmutabuntur.

532 4827 624 4887 Isti
664 4839 838 4884 autem
883 4843 1004 4882 cum
1027 4826 1185 4880 limus
1215 4821 1461 4894 profundi
1497 4828 1678 4886 essent
1700 4861 1714 4885 ,
1746 4813 1875 4872 hiesi
1900 4817 1952 4871 in
1981 4815 2113 4882 illis;

535 4923 589 4978 id
642 4930 725 4977 est
778 4928 1060 4976 tenuerunt
1113 4932 1241 4982 me,
1295 4905 1689 4984 prmvaluerunt
1747 4907 1918 4978 mihi,
1975 4910 2117 4964 oeci—

533 5009 728 5069 derunt
753 5025 859 5068 me.
889 5008 1092 5080 Iit/imus
1123 5022 1252 5079 ergo
1273 5024 1386 5062 sum
1425 5006 1478 5059 in
1505 5005 1624 5058 limo
1652 5001 1919 5073 profundi,
1946 5011 1991 5056 et
2017 5019 2115 5059 non

533 5117 608 5165 est
634 5104 930 5161 substantia.
957 5101 1095 5170 Quid
1120 5110 1203 5157 est
1229 5099 1348 5164 hoc,
1378 5115 1479 5153 non
1506 5107 1575 5153 est
1602 5095 1922 5151 substantia?
1954 5092 2118 5149 Nutu-

535 5200 792 5274 quidnam
817 5197 930 5267 ipse
950 5195 1144 5250 liumus
1168 5208 1274 5249 non
1301 5200 1383 5248 est
1410 5190 1741 5247 substantia?
1768 5189 1881 5252 An,
1912 5205 2010 5260 ego
2033 5189 2117 5244 in-

535 5291 791 5348 haerendo
820 5289 990 5346 factus
1036 5301 1153 5342 sum
1202 5299 1307 5340 non
1337 5299 1457 5340 esse
1499 5281 1828 5338 substantia?
1859 5280 1993 5347 Quid
2036 5288 2120 5336 est

535 5399 687 5456 ergo,
714 5382 920 5452 Inﬁxus
947 5380 1102 5436 sum?
1137 5375 1526 5447 Numquidnam
1554 5375 1630 5430 sic
1657 5373 1811 5428 hmsit
1835 5372 2118 5428 Christus?

537 5479 650 5553 Aut
674 5489 802 5540 vero
850 5473 1043 5538 bassit,
1075 5485 1136 5526 ac
1162 5485 1265 5524 non
1291 5509 1306 5535 ,
1337 5466 1476 5522 sicut
1515 5466 1714 5521 dictum
1763 5474 1845 5520 est
1894 5466 1945 5520 in
1983 5466 2117 5519 lihro

535 5563 673 5635 Job,
696 5563 858 5625 Terra
891 5563 1079 5619 tradita
1099 5570 1172 5618 est
1216 5557 1268 5615 in
1298 5575 1476 5613 manus
1515 5556 1659 5629 impii
1697 5553 1837 5629 (Job
1869 5571 1921 5611 ix
1942 5595 1957 5622 ,
1986 5555 2115 5626 24).

537 5659 625 5718 An
645 5657 934 5717 Secundum
962 5663 1159 5727 corpus
1193 5652 1391 5708 inﬁxas
1415 5657 1499 5707 est
1522 5691 1538 5721 ,
1569 5650 1690 5722 quia
1716 5650 1885 5706 teneri
1908 5650 2078 5720 potuit
2099 5691 2115 5719 ,

589 5809 623 5878 τι
658 5815 730 5866 sle
751 5806 1111 5878 pt-zestantipres
1260 5819 1316 5861 At
1491 5804 1754 5875 puniretur.

601 5877 624 5908 ³
654 5872 782 5939 Issi,
804 5875 957 5930 socius
978 5873 1088 5939 ﬁeri
1103 5875 1238 5928 titulo
1257 5872 1452 5925 Psalmi.

1767 400 1823 455 s.
1867 383 2232 454 AUGUSTINI
2269 395 2571 453 EPISCOPI

3653 417 3726 484 bit

2228 515 2285 564 et
2309 507 2478 579 ipsam
2510 512 2528 544 ι
2553 511 2951 576 cruciﬁxionem
2995 517 3264 577 habebat?
3311 521 3423 582 Nisi
3463 527 3590 584 enim
3609 534 3728 591 clavis

2222 605 2365 664 ﬁsus
2399 617 2580 675 esset,
2607 609 2889 668 cruciﬁxus
2919 626 3025 685 nou
3050 626 3214 671 esset.
3245 616 3395 674 Unde
3423 634 3541 690 ergo
3575 640 3653 678 nos
3683 641 3729 682 stt

2220 696 2538 754 substantia?
2561 700 2643 756 An
2669 701 2826 758 limus
2872 702 2964 758 ille
2989 719 3097 761 non
3122 714 3206 762 est
3240 708 3561 765 substantia?
3587 714 3730 774 intelli-

2221 806 2408 862 gemus
2437 807 2566 864 ergo
2585 832 2601 861 ,
2628 795 2672 850 si
2703 797 3030 867 potuerimus
3053 835 3069 867 ,
3097 800 3223 870 quid
3248 801 3350 867 sit,
3377 812 3427 858 at
3452 820 3545 858 nan
3569 819 3628 860 est
3652 815 3734 863 sst-

2219 885 2424 948 stantia.
2443 886 2487 942 si
2501 887 2645 956 prius
2670 889 3088 948 intellexerimus
3105 894 3230 964 quid
3251 895 3320 950 sit
3336 895 3736 958 substantia.$ub-

2221 977 2412 1032 stantia
2441 980 2638 1050 quippe
2659 979 2853 1038 dicitur
2875 992 2930 1040 et
2955 983 3255 1042 divitiarum
3283 1003 3298 1040 :
3328 988 3606 1046 secundum
3622 1009 3737 1062 quam

2222 1069 2468 1139 dicimus,
2497 1071 2666 1128 Habet
2714 1075 3066 1133 substantiam
3087 1115 3106 1146 ,
3134 1088 3190 1135 et
3212 1120 3228 1147 ,
3273 1080 3515 1138 Perdidit
3545 1084 3738 1142 substan-

2223 1161 2370 1218 tiam.
2401 1161 2508 1220 Sed
2546 1165 2800 1235 numquid
2832 1166 2932 1224 hoc
2952 1169 3256 1238 putabimus
3288 1171 3378 1227 hic
3402 1172 3588 1230 dictum
3626 1191 3738 1244 esse,

2222 1261 2270 1308 et
2318 1269 2418 1310 non
2469 1263 2544 1308 est
2588 1255 2905 1324 substantia,
2965 1259 3014 1314 id
3067 1270 3188 1328 est,
3244 1279 3352 1318 non
3398 1274 3520 1320 sunt
3558 1263 3739 1334 divitia,

2221 1343 2372 1414 quasi
2425 1344 2582 1402 modo
2619 1345 2816 1417 aliquid
2859 1347 2930 1404 de
2954 1348 3150 1406 divitiis
3191 1361 3472 1424 ageretur,
3499 1364 3582 1411 aut
3612 1357 3739 1428 aliqua

2229 1436 2453 1506 quaestio
2497 1437 2568 1494 de
2592 1438 2796 1502 divitiis
2829 1440 3136 1500 haberetur?
3161 1445 3242 1500 An
3266 1445 3407 1502 forte
3425 1447 3542 1517 quia
3567 1448 3642 1502 ille
3660 1449 3740 1516 ipse

2223 1525 2382 1582 limus
2433 1541 2714 1600 paupertas
2757 1540 2906 1600 erat,
2947 1544 3000 1588 et
3053 1534 3251 1590 divitias
3294 1552 3403 1593 non
3452 1548 3628 1605 erunt,
3669 1540 3738 1596 nisi

2223 1617 2436 1692 quando
2477 1621 2787 1678 mternitatis
2816 1623 3100 1695 participes
3139 1627 3316 1683 effecti
3339 1627 3740 1686 fuerimusi'l‘unc

2223 1719 2344 1766 sunt
2373 1712 2515 1767 enim
2559 1727 2699 1768 veras
2739 1713 2970 1781 divitiaz,
3000 1717 3212 1787 quando
3246 1719 3406 1776 nobis
3431 1722 3557 1776 nihil
3597 1721 3736 1782 deerit.

2222 1802 2402 1861 Potest
2444 1805 2603 1862 etiam
2646 1808 2936 1864 secundum
2978 1809 3134 1881 hujus
3162 1813 3308 1868 verbi
3349 1814 3651 1874 intellectum
3677 1831 3740 1871 κο

2223 1897 2327 1968 eipi
2371 1913 2562 1955 sensus
2592 1900 2724 1968 iste,
2772 1911 2832 1958 ut
2874 1903 3161 1971 diceretur,
3191 1903 3402 1975 Iri/iam
3448 1924 3552 1960 sum
3589 1908 3634 1962 in
3656 1908 3740 1967 titan

2223 1991 2464 2062 profundi
2487 2032 2502 2059 ,
2533 2003 2579 2048 et
2621 2009 2723 2050 non
2750 2002 2821 2050 est
2859 1996 3134 2051 substantia
3157 2036 3172 2061 ,
3201 1997 3253 2052 id
3283 2007 3391 2066 est,
3416 1998 3480 2055 ad
3508 2010 3738 2070 pauperta-

2225 2088 2330 2137 tem
2373 2084 2611 2154 perveni.
2643 2084 2773 2140 Nam
2819 2085 2907 2141 hic
2955 2086 3084 2142 dicit
3115 2105 3129 2140 :
3162 2087 3374 2160 Pauper
3417 2098 3462 2143 st
3486 2089 3641 2146 dolens
3674 2105 3738 2162 ego

2220 2191 2373 2241 sum;
2402 2175 2533 2232 dicit
2571 2185 2627 2235 et
2651 2177 2936 2246 Apostolus
2966 2196 2980 2233 :
3012 2178 3262 2246 Quoniam
3303 2191 3511 2250 propter
3549 2194 3624 2236 los
3645 2198 3740 2250 μιο

2224 2282 2313 2336 per
2336 2267 2503 2336 [actus
2527 2277 2601 2323 est
2624 2307 2639 2335 ,
2662 2285 2777 2322 cum
2807 2269 2942 2326 dives
2961 2279 3084 2326 esset
3109 2311 3122 2332 .
3152 2280 3204 2324 ut
3229 2270 3373 2326 illius
3397 2282 3663 2344 paupertate
3681 2287 3740 2326 sos

2222 2356 2508 2412 ditaremini
2553 2358 2616 2427 (ll
2645 2357 2761 2414 Cor.
2813 2375 2931 2425 vm,
2963 2359 3043 2430 9).
3075 2359 3215 2432 Ergo
3244 2373 3594 2432 paupertatem
3631 2377 3738 2416 suam

2222 2447 2407 2504 volens
2434 2449 2689 2506 Dominus
2717 2450 2872 2506 nobis
2897 2453 3293 2522 commendare,-
3329 2453 3550 2510 t‘ortasse
3569 2453 3733 2514 dixerit,

2223 2556 2324 2602 non
2369 2550 2442 2598 est
2483 2541 2780 2596 substantia.
2815 2541 2896 2598 Ad
2940 2559 3201 2598 summam
3243 2546 3390 2606 enim
3439 2553 3739 2616 paupertatem

2224 2629 2501 2700 pervenit,
2531 2630 2744 2701 quando
2778 2631 3000 2687 formam
3046 2634 3185 2688 servi
3225 2633 3420 2690 induit.
3452 2633 3640 2692 Divitias
3659 2635 3738 2703 ejus

2222 2737 2341 2793 qua:
2389 2722 2548 2777 sunt?
2577 2722 2678 2790 Qui
2709 2739 2826 2778 cum
2865 2724 2918 2777 in
2944 2726 3106 2796 forma
3146 2723 3243 2780 Dei
3266 2735 3416 2792 esset,
3446 2742 3543 2780 non
3564 2725 3738 2796 rapinas

2222 2814 2491 2869 arbitratus
2514 2825 2589 2870 est
2629 2832 2735 2871 esse
2777 2815 2985 2888 aequalis
3032 2814 3161 2870 Deo.
3191 2815 3284 2872 lite
3307 2817 3740 2888 magnmincompa-

2223 2905 2524 2976 rabilesque
2571 2905 2789 2962 divitiaz.
2834 2907 2984 2964 Unde
3011 2922 3140 2980 ergo
3176 2908 3279 2964 ista
3318 2905 3738 2979 paupertas?Quia

2222 2998 2547 3069 semetipsum
2585 2999 2860 3054 exinanivit
2898 2999 3115 3068 formam
3155 3000 3286 3056 servi
3328 3001 3607 3069 accipiens,-
3635 2998 3676 3050 iit
3694 2997 3739 3050 sic

2221 3088 2557 3143 ntilitudinem
2606 3088 2865 3145 hominum
2913 3092 3112 3163 factus,
3162 3100 3212 3145 et
3257 3091 3436 3147 habitu
3470 3092 3668 3146 inuentus
3700 3095 3736 3139 ut

2224 3182 2395 3248 homo;
2426 3181 2708 3237 humi/iuuit
2724 3199 2780 3249 se
2799 3223 2814 3248 ,
2847 3185 3012 3255 factus
3031 3182 3263 3240 obediens
3283 3199 3443 3253 usque
3460 3182 3526 3238 ad
3544 3189 3740 3236 mortem:

2223 3285 2281 3330 ut
2304 3274 2499 3332 dicerel
2519 3316 2534 3343 ,
2565 3274 2875 3332 lntroierunt
2903 3292 3050 3347 aqua
3077 3293 3233 3347 usque
3271 3277 3343 3332 ad
3377 3279 3586 3332 animum
3603 3285 3736 3329 mm.

2223 3366 2373 3422 Adde
2395 3382 2554 3437 super
2575 3376 2797 3423 mortem
2823 3385 2837 3424 :
2862 3367 2986 3438 quid
3007 3368 3232 3439 amplius
3255 3369 3530 3424 additurus
3545 3365 3619 3424 es?
3636 3361 3738 3434 Igne

2223 3459 2439 3514 minium
2467 3460 2676 3515 mortis.
2704 3459 2826 3516 Ideo
2846 3462 3084 3530 sequitur
3109 3477 3123 3514 :
3152 3459 3372 3518 Mortem
3409 3469 3565 3516 autem
3581 3452 3736 3512 παιδ’

2226 3548 2501 3622 (Philipp.
2523 3569 2580 3618 ll,
2610 3553 2755 3622 6-8).
2782 3551 2967 3624 Magna
3011 3554 3329 3625 paupertas!
3358 3553 3468 3612 Sed
3494 3552 3607 3608 hinc
3625 3553 3738 3604 erant

2222 3659 2428 3716 magnae
2482 3645 2714 3710 divitiae;
2763 3644 2887 3715 quia
2933 3647 3070 3701 sicut
3120 3645 3334 3716 impleta
3387 3655 3468 3704 est
3511 3647 3735 3714 paupertas

2222 3737 2360 3808 ejus,
2384 3737 2453 3792 ita
2481 3737 2843 3808 implebuntur
2870 3748 2924 3793 et
2944 3737 3142 3793 divitiae
3169 3748 3370 3794 nostra:
3400 3738 3467 3796 de
3491 3737 3736 3809 paupertale

2223 3829 2408 3900 ipsius.
2437 3829 2671 3897 Quantas
2705 3829 2918 3884 divitias
2961 3829 3154 3898 habet,
3180 3839 3237 3884 ut
3263 3829 3332 3886 de
3353 3845 3451 3886 sua
3488 3828 3734 3900 paupeﬂale

2221 3937 2321 3978 nos
2363 3922 2555 3978 divites
2593 3921 2823 3978 faceret!
2848 3922 3040 3990 Quales
3068 3939 3165 3977 nos
3199 3922 3441 3979 facturus
3460 3930 3537 3978 est
3559 3919 3618 3975 de
3635 3911 3734 3970 diri-

2224 4011 2310 4068 tiis
2336 4014 2470 4080 suis,
2511 4029 2646 4084 quos
2671 4013 2860 4070 divites
2890 4013 3016 4070 fecit
3040 4013 3110 4070 de
3135 4025 3446 4087 paupertate
3468 4011 3582 4069 sua!

2292 4104 2345 4160 5.
2375 4077 2578 4173 Inﬁxus
2606 4121 2718 4159 sunt
2755 4105 2806 4159 in
2832 4105 2952 4160 limo
2977 4077 3312 4176 ρνοίιιίιάίίρι
3339 4123 3442 4163 non
3469 4113 3534 4160 est
3556 4099 3734 4157 subactis

2221 4197 2312 4253 tia.
2341 4196 2656 4268 lntelligitur
2683 4196 2788 4252 alio
2833 4196 2990 4254 modo
3028 4197 3353 4264 substantia,
3387 4195 3510 4254 illud
3533 4189 3650 4264 quod
3666 4200 3732 4241 su-
3788 4225 3789 4232 η

2221 4305 2342 4346 mus
2364 4289 2620 4361 quidquid
2657 4304 2859 4344 sumus.
2888 4289 2994 4346 Sed
3033 4290 3133 4346 hoc
3160 4290 3228 4345 ad
3271 4285 3638 4361 intelligendum
3664 4275 3734 4332 ειὶί·
3778 4321 3783 4346 κ

2221 4389 2418 4452 quanto
2446 4389 2530 4436 est
2547 4379 2836 4448 difﬁcilius,
2870 4396 3169 4452 quanquam
3197 4397 3285 4438 res
3311 4386 3512 4438 usitata:
3535 4363 3730 4433 sintzsed

2221 4473 2342 4543 quia
2368 4471 2674 4537 inusitatum
2707 4472 2926 4528 verbum
2952 4481 3064 4540 est,
3098 4472 3297 4543 indiget
3323 4458 3730 4530 commendationis

2221 4574 2276 4621 et
2303 4564 2649 4634 expositionis
2686 4565 3062 4635 aliquantulm;
3093 4566 3178 4619 cui
3210 4576 3388 4622 tamen
3419 4566 3464 4622 si
3491 4554 3649 4619 intenti
3669 4551 3728 4605 lu-

2220 4657 2388 4719 eritis,
2412 4656 2651 4712 fortassis
2682 4657 2733 4711 iu
2762 4672 2824 4717 ea
2846 4673 2950 4712 non
2980 4656 3362 4714 laborabimus.
3383 4657 3570 4714 Dicitur
3593 4648 3727 4704 homo.

2221 4749 2415 4806 dicitur
2445 4764 2606 4820 pecus
2627 4791 2644 4817 ,
2688 4749 2880 4806 dicitur
2908 4757 3044 4805 terra
3072 4788 3088 4816 ,
3119 4749 3314 4805 dicitur
3343 4750 3530 4806 omium
3551 4787 3562 4810 ,
3585 4735 3728 4794 ἀὶοίιυτ

2223 4843 2340 4910 sol,
2368 4843 2524 4910 luna,
2572 4843 2740 4912 lapis,
2771 4857 2949 4909 mare,
2975 4858 3067 4898 aer
3095 4858 3110 4897 :
3137 4842 3315 4897 omnia
3351 4843 3448 4899 ista
3487 4824 3726 4894 subsunt“2

2222 4945 2372 5001 sunt,
2401 4949 2468 4990 eo
2487 4935 2601 5004 ipso
2644 4949 2751 5004 quo
2779 4944 2922 4990 sunt.
2953 4933 3164 4989 Natura:
3185 4934 3312 5005 ipsa:
3335 4971 3353 5003 ,
3383 4923 3651 4991 substantia
3667 4915 3724 4971 ὐὶ·
3805 4987 3807 4998 η

2223 5039 2433 5086 cuntur.
2459 5029 2600 5084 Deus
2623 5037 2706 5084 est
2733 5028 2974 5094 quaedam
3001 5027 3314 5094 substantia;
3348 5044 3468 5083 nam
3485 5018 3602 5095 quod
3622 5006 3723 5095 nu“?

2223 5122 2517 5178 substantia
2531 5129 2633 5182 est,
2654 5091 2781 5174 nihil
2798 5121 3128 5176 omninoest.
3147 5091 3448 5176 Substantia
3459 5091 3723 5186 ergoaliqllid

2224 5229 2343 5270 esse
2362 5222 2463 5268 est.
2495 5211 2648 5269 Unde
2671 5212 2830 5267 etiam
2857 5212 2908 5268 in
2936 5211 3067 5273 Fide
3088 5211 3370 5280 catholica,
3389 5221 3552 5270 contra
3575 5199 3722 5252 vellem

2224 5303 2569 5377 quorumdam
2591 5304 2959 5360 litareticorum
2981 5303 3062 5359 sie
3087 5303 3412 5360 mdiﬁcamur
3429 5305 3465 5370 ³,
3481 5308 3531 5354 ιιι
3547 5289 3722 5377 ἀὶωιηξιε

2225 5399 2456 5464 Patrem,
2473 5407 2526 5454 et
2539 5397 2820 5462 Filium,et
2833 5395 3087 5467 Spiritum
3104 5407 3344 5451 sanctum
3360 5368 3504 5453 unius
3516 5396 3613 5445 esse
3627 5368 3719 5467 ξυδ·

2225 5491 2451 5546 stantius.
2467 5488 2604 5558 Quid
2621 5498 2723 5554 est,
2747 5465 2903 5543 unius
2926 5486 3421 5545 substantia?-Verbi
3437 5465 3722 5558 gratiazsilll'

2225 5601 2344 5640 rum
2365 5593 2446 5638 est
2469 5584 2645 5647 Pater,
2667 5595 2853 5637 aurum
2878 5588 2936 5638 et
2951 5577 3340 5649 Filius,aurtm
3354 5589 3410 5640 et
3429 5570 3622 5651 Spirittl
3635 5561 3720 5615 1³*

2290 5745 2305 5776 ι
2345 5742 2548 5804 Aliquot.
2574 5748 2698 5801 siser,
2724 5753 2788 5792 ea:
2810 5740 2930 5802 ipso.

2290 5807 2309 5838 ί
2343 5799 2470 5862 1.(ιγῖ,
2492 5817 2666 5853 rrnt'ts.
2688 5799 2750 5864 att
2769 5799 2936 5864 caeteri
2956 5799 3088 5864 libri,
3107 5800 3291 5856 morbii.

2291 5868 2310 5899 ³
2343 5868 2413 5915 sic
2437 5853 2542 5914 uss.
2576 5873 2622 5913 ιι
2646 5853 3119 5927 Edd.,.¢di/icamu's.
