3912 6480
167 436 264 492 815

79 591 82 600 ,
172 561 301 601 rtus.
322 543 592 618 Quidquid
612 553 692 602 est
706 542 1017 616 Paterqued
1037 544 1176 600 Deus
1202 553 1304 612 est,
1319 545 1422 600 hoc
1435 544 1621 610 Filius,
1642 545 1744 601 hoc

164 641 383 695 Spiritus
409 650 645 695 sanctus.
677 639 812 694 Cum
840 648 1015 693 autem
1045 637 1203 693 Pater
1230 647 1329 699 est,
1360 653 1468 692 non
1493 637 1626 693 illud
1653 645 1737 693 est

163 733 295 804 quod
342 739 442 787 est.
474 731 633 786 Pater
654 731 796 786 enim
825 741 930 783 non
962 729 1028 783 ad
1056 743 1145 793 se,
1175 728 1270 784 sed
1291 729 1357 783 ad
1386 728 1580 784 Filium
1609 727 1746 784 dici-

162 833 246 878 tur
278 844 290 879 :
315 823 380 879 ad
419 835 484 880 se
509 832 686 878 autem
713 823 854 876 Deus
891 821 1103 876 dicitur.
1135 820 1316 892 [taque
1341 835 1406 876 eo
1430 821 1572 892 quod
1599 822 1741 876 Deus

158 925 256 980 est,
290 917 392 969 hoc
415 916 532 985 ipso
556 915 850 969 subsmntia
873 923 974 968 est.
1000 907 1068 968 Et
1085 913 1205 983 quia
1231 912 1471 983 ejusdem
1494 913 1741 968 substan-

161 1009 246 1062 tiae
277 1007 459 1070 Filius,
483 1007 666 1078 procul
695 1005 856 1060 dubio
895 1016 947 1059 et
973 1005 1142 1060 Filius
1170 1006 1334 1060 Deus.
1363 1007 1432 1060 At
1451 1019 1578 1060 vero
1600 1005 1740 1075 quod

158 1103 318 1158 Pater
357 1113 472 1167 est;
501 1102 625 1170 quia
663 1116 768 1156 non
806 1101 1118 1157 substantia:
1147 1111 1340 1155 nomen
1370 1107 1487 1165 est,
1512 1099 1605 1155 sed
1652 1115 1739 1155 re-

156 1193 327 1252 fertur
354 1195 420 1252 ad
440 1195 655 1258 Filium,
675 1209 781 1248 non
799 1195 877 1249 sic
900 1194 1128 1249 dicimus
1145 1193 1334 1248 Filium
1366 1193 1574 1248 Patrem
1597 1201 1736 1260 eSSe,

155 1287 425 1359 quomodo
445 1287 679 1343 dicimus
704 1287 892 1341 Filium
933 1287 1095 1341 Deum
1123 1300 1260 1341 esse.
1287 1286 1493 1354 Quaeris
1520 1286 1645 1356 quid
1671 1285 1742 1340 sit

153 1383 312 1439 Pater
343 1400 356 1436 :
388 1380 736 1451 respondetur
759 1423 772 1445 ,
805 1381 962 1436 Deus.
1009 1380 1215 1449 Quteris
1251 1380 1378 1451 quid
1419 1381 1490 1434 sit
1529 1380 1733 1435 Filius:

152 1472 526 1544 respondetur,
547 1472 704 1527 Deus.
729 1471 934 1540 Quaeris
953 1471 1078 1542 quid
1098 1472 1168 1527 sit
1193 1471 1350 1527 Pater
1369 1481 1422 1527 et
1438 1472 1630 1528 Filius:
1652 1489 1738 1529 re-

152 1566 478 1636 SpOttdetttr,
506 1566 665 1620 Deus.
715 1565 791 1619 De
818 1565 933 1620 solo
980 1565 1135 1620 Patre
1163 1565 1534 1636 interregatus,
1573 1567 1738 1623 Deum

152 1657 419 1728 responde
449 1675 461 1711 :
495 1657 560 1711 de
599 1658 713 1712 solo
739 1651 874 1712 Fiiio
913 1657 1290 1728 interrogatus,
1322 1659 1488 1713 Deum
1517 1673 1738 1728 respon-

153 1750 222 1805 de
255 1768 268 1804 :
295 1749 364 1804 de
412 1757 635 1818 utroque
688 1747 1040 1818 interrogatus
1063 1789 1078 1814 ,
1111 1764 1215 1803 non
1256 1749 1414 1813 deos,
1447 1749 1540 1804 sed
1570 1747 1738 1804 Deum

155 1839 440 1913 responde.
463 1809 602 1894 ’NOn
649 1840 788 1894 sicut
815 1838 870 1893 in
918 1839 1242 1895 hominibus.
1281 1840 1489 1907 Quaeris
1521 1840 1647 1911 quid
1671 1841 1737 1895 sit

156 1942 308 2004 pater
332 1931 600 1986 Abraham
633 1949 647 1985 :
676 1929 1047 2000 respondetur,
1081 1931 1272 1998 Homo;
1301 1932 1595 1987 substantia
1623 1931 1739 2001 ejus

156 2025 532 2097 respondetur.
581 2023 788 2093 Quaeris
816 2024 944 2095 quid
989 2025 1056 2080 sit
1094 2024 1234 2080 titius
1274 2024 1390 2095 ejus
1429 2024 1575 2080 lsaac
1606 2042 1620 2079 :
1654 2041 1738 2080 re-

158 2113 479 2189 spondetur,
509 2115 718 2182 Homo;
749 2117 986 2187 ejusdem
1029 2117 1338 2172 substantia:
1365 2117 1632 2173 Abraham
1684 2127 1737 2172 et

159 2209 324 2267 Isaae.
351 2209 555 2280 Quaeris
581 2209 710 2280 quid
733 2210 803 2264 sit
828 2208 1096 2264 Abraham
1124 2217 1178 2264 et
1198 2209 1344 2266 Isaac
1363 2227 1377 2262 :
1396 2224 1502 2264 non
1526 2221 1740 2278 respon-

159 2299 332 2369 detur,
360 2299 552 2368 Homo;
575 2302 668 2356 sed
696 2300 966 2357 Homines.
994 2301 1109 2356 Non
1137 2302 1212 2357 sic
1239 2303 1292 2357 in
1331 2301 1544 2358 divinis.
1569 2300 1738 2356 Tanta

160 2395 298 2450 enim
330 2391 401 2448 ibi
433 2401 513 2448 est
535 2393 846 2448 substantiae
870 2394 1096 2449 societas
1117 2435 1131 2460 ,
1165 2401 1222 2448 ut
1251 2392 1610 2464 aequalitatem
1639 2392 1736 2446 ad-

158 2485 371 2550 mittat,
402 2484 760 2555 pluralitatem
805 2498 910 2539 non
939 2484 1200 2539 admittat.
1254 2485 1312 2541 Si
1359 2497 1488 2557 ergo
1533 2485 1626 2541 tibi
1658 2485 1738 2539 di-

159 2588 299 2634 ctum
347 2575 536 2647 fuerit,
565 2577 697 2632 Cum
723 2576 857 2633 dicis
901 2578 1028 2632 mihi
1073 2575 1266 2634 Filium
1298 2578 1397 2634 hoc
1435 2595 1556 2635 esse
1596 2578 1738 2649 quod

157 2667 316 2726 Pater
358 2678 484 2739 est,
512 2668 750 2741 profecto
795 2678 848 2726 et
871 2668 1037 2726 Filius
1068 2671 1225 2725 Pater
1269 2680 1384 2736 est;
1426 2674 1733 2742 responde:

155 2761 456 2818 Secundum
475 2762 822 2818 substantiam
851 2761 943 2815 tibi
964 2760 1072 2815 dixi
1106 2759 1205 2816 hoc
1233 2775 1354 2816 esse
1379 2759 1568 2816 Filiqu
1594 2762 1736 2833 quod

157 2853 312 2909 Pater
338 2862 455 2919 est,
481 2867 584 2909 non
615 2853 906 2909 secundum
938 2852 989 2908 id
1019 2853 1159 2924 quod
1207 2853 1272 2908 ad
1303 2853 1444 2908 aliud
1473 2855 1490 2886 ί
1517 2854 1732 2911 dicitur.

157 2945 237 3002 Ad
267 2957 325 3003 se
365 2947 511 3003 enim
537 2942 675 3004 Deus
704 2945 915 3013 dicitur,
944 2945 1010 3000 ad
1040 2945 1248 3001 Patrem
1299 2943 1468 3001 Filius
1519 2945 1733 3002 dicitur.

155 3035 464 3109 Rursusque
490 3035 650 3093 Pater
673 3037 738 3093 ad
765 3053 826 3093 se
854 3035 994 3092 Deus
1017 3037 1229 3104 dicitur,
1257 3037 1323 3092 ad
1361 3036 1553 3092 Filium
1581 3038 1737 3096 Pater

154 3129 366 3188 dicitur.
400 3130 553 3200 Quod
579 3129 772 3186 dicitur
795 3129 863 3185 ad
880 3127 1073 3187 Filium
1097 3128 1274 3197 Pater,
1297 3145 1404 3186 non
1430 3140 1513 3187 est
1536 3131 1733 3188 Filius:

155 3224 296 3294 quod
325 3221 520 3278 dicitur
541 3223 706 3277 Filius
740 3222 806 3277 ad
836 3219 1047 3278 Patrem
1072 3265 1085 3288 ,
1118 3237 1226 3278 non
1253 3229 1336 3277 est
1360 3221 1520 3279 Pater
1550 3242 1564 3280 :
1593 3225 1736 3295 quod

155 3314 347 3372 dicitur
368 3317 434 3371 ad
466 3332 523 3372 se
545 3316 732 3383 Pater,
764 3325 819 3373 et
843 3310 1010 3372 Filius
1039 3316 1105 3371 ad
1134 3331 1222 3383 se,
1257 3315 1359 3374 hoc
1388 3327 1471 3374 est
1495 3317 1655 3375 Pater
1681 3328 1738 3376 et

153 3403 320 3463 Filius
343 3450 358 3474 ,
389 3405 446 3462 id
469 3417 552 3464 est
580 3407 738 3462 Deus.
760 3405 905 3473 .Quid
934 3417 1016 3464 est
1055 3423 1214 3480 ergo,
1245 3423 1346 3464 non
1389 3418 1462 3464 est
1505 3413 1738 3466 substan-

154 3497 266 3553 tia?
311 3497 617 3554 Secundum
645 3499 785 3554 hunc
832 3499 1155 3555 intellectum
1207 3501 1556 3567 substantiat,
1607 3518 1737 3574 quo-

151 3588 312 3646 modo
331 3589 625 3659 poterimus
652 3590 944 3658 intelligere
973 3591 1129 3646 istam
1148 3591 1346 3648 Psalmi
1372 3596 1690 3650 sententiam
1717 3615 1730 3652 :

152 3679 355 3751 Inﬁma
402 3697 514 3735 sum
563 3681 618 3735 in
667 3681 787 3735 fimo
813 3682 1091 3753 profundi,
1122 3691 1290 3737 etnon
1313 3693 1386 3738 est
1409 3684 1737 3740 substantia?

153 3772 292 3828 Deus
319 3771 449 3828 fecit
477 3771 746 3828 hominem
772 3788 787 3839 ;
817 3772 1164 3828 substantiam
1218 3773 1344 3830 fecit
1375 3792 1388 3828 :
1419 3785 1580 3846 atque
1631 3777 1736 3832 uti-

151 3877 273 3920 nam
300 3873 539 3922 maneret
560 3866 614 3919 in
634 3879 698 3920 eo
719 3865 858 3935 quod
889 3865 1028 3921 Deus
1051 3866 1206 3922 fecit!
1230 3865 1283 3923 Si
1310 3878 1550 3924 maneret
1575 3868 1736 3925 homo

149 3955 202 4012 in
224 3971 291 4011 eo
319 3958 458 4028 quod
487 3955 626 4013 Deus
652 3957 775 4012 fecit
794 4000 808 4022 ,
837 3973 940 4012 non
960 3959 980 3990 ³
1007 3958 1057 4012 in
1081 3959 1171 4014 illo
1197 3959 1390 4016 infixus
1415 3973 1555 4016 esset
1578 3975 1734 4031 quem

147 4045 294 4104 Deus
319 4049 515 4118 genuit.
542 4049 708 4104 Porro
734 4058 908 4105 autem
937 4049 1056 4120 quia
1097 4067 1192 4120 per
1216 4050 1545 4122 iniquitatem
1576 4053 1736 4111 immo

147 4137 330 4208 lapsus
368 4149 450 4194 ρει
492 4155 521 4192 a
569 4140 858 4194 substantia
888 4141 938 4194 in
969 4155 1069 4210 qua
1124 4141 1290 4196 factus
1329 4151 1409 4196 cst
1454 4141 1736 4214 (iniquitas

149 4233 494 4303 quippe'ipsa
524 4247 628 4287 non
670 4241 752 4288 est
797 4233 1125 4299 substantia;
1154 4249 1258 4289 non
1302 4236 1441 4290 enim
1489 4236 1737 4308 iniquitas

148 4335 228 4380 est
258 4336 444 4379 natura
471 4339 627 4395 quam
655 4325 897 4381 formavit
928 4326 1084 4391 Deus,
1109 4326 1199 4380 sed
1231 4327 1477 4398 iniquitas
1498 4338 1581 4383 est
1609 4345 1734 4398 per-

149 4418 376 4472 versitas
400 4431 554 4486 quam
581 4415 704 4472 fecit
727 4417 907 4489 homo)
937 4435 951 4471 :
976 4419 1121 4473 venit
1149 4417 1313 4473 Filius
1339 4419 1430 4473 Dei
1460 4419 1524 4474 ad
1553 4420 1736 4477 limum

147 4508 398 4579 profundi
429 4551 440 4572 ,
469 4517 522 4563 et
569 4508 758 4563 inﬁxus
782 4519 897 4573 est;
947 4520 998 4563 ct
1047 4527 1149 4563 non
1183 4519 1296 4565 erat
1341 4513 1634 4568 substantia
1685 4515 1737 4568 in

145 4613 251 4668 qua
287 4599 482 4652 infixus
507 4608 608 4661 est;
637 4599 753 4668 quia
783 4599 830 4651 in
865 4599 1135 4668 iniquitate
1165 4601 1378 4655 illorum
1413 4603 1606 4658 infixus
1633 4613 1734 4660 est.

142 4693 360 4759 Inﬁxus
381 4708 491 4744 sant
505 4693 554 4744 in
569 4692 687 4744 limo
702 4691 960 4760 profundi,
979 4701 1022 4744 ct
1041 4709 1138 4745 non
1155 4702 1222 4746 est
1235 4695 1530 4748 substantia.
1549 4695 1736 4752 Omnia

140 4801 243 4854 per
261 4785 436 4853 ipsum
456 4782 592 4838 facta
614 4791 756 4845 sum,
774 4793 824 4835 et
841 4783 952 4836 sine
969 4784 1082 4850 ipso
1099 4783 1291 4838 factum
1310 4796 1389 4841 est
1413 4788 1536 4840 nihil
1559 4789 1732 4858 (Joan.

138 4891 176 4942 I,
200 4878 283 4940 5).
314 4873 522 4928 Natura:
540 4887 725 4927 omnes
745 4888 836 4942 per
856 4873 1023 4942 ipsum
1049 4873 1196 4927 facta:
1213 4885 1361 4929 sunt:
1380 4878 1625 4947 iniquitas
1646 4896 1739 4948 per

135 4969 326 5036 ipsum
352 4964 485 5019 facta
505 4980 606 5019 non
628 4974 727 5028 est,
748 4965 866 5035 quia
883 4965 1132 5035 iniquitas
1159 4966 1295 5022 facta
1321 4985 1425 5024 non
1454 4971 1589 5024 est'.
1608 4970 1738 5027 Sub-

129 5057 363 5112 stantia:
395 5057 497 5110 illa:
529 5073 621 5126 per
649 5072 768 5112 cum
798 5055 948 5110 facta:
984 5066 1110 5112 sunt
1156 5075 1272 5128 qure
1327 5060 1543 5116 laudant
1590 5077 1733 5118 eum.

133 5152 419 5207 universa
458 5158 695 5202 creatura
725 5148 946 5203 laudans
978 5150 1143 5204 Deum
1169 5191 1184 5216 ,
1210 5166 1243 5204 a
1269 5152 1434 5208 tribus
1465 5154 1640 5222 pueris
1683 5155 1737 5210 in

127 5243 364 5298 camino
394 5251 858 5306 commemoratur;
885 5251 940 5297 et
961 5258 992 5297 a
1022 5244 1250 5298 terrenis
1271 5246 1335 5300 ad
1365 5247 1623 5316 ctelestia,
1653 5250 1738 5306 vel

125 5353 153 5384 ει
177 5331 506 5389 cmlcﬂibus
524 5324 598 5384 ad'
611 5341 817 5384 terrena
837 5331 1063 5403 hymnus
1085 5333 1408 5390 laudantium
1433 5337 1592 5394 Deum
1622 5354 1743 5408 per-

125 5427 299 5480 venit
343 5421 501 5496 (Dan.
556 5424 898 5497 unﬁt-90).
953 5425 1065 5482 Non
1102 5444 1209 5499 quo
1264 5441 1452 5486 cuncta
1500 5433 1601 5488 ista
1648 5434 1741 5487 ha-

128 5518 317 5574 beant
337 5533 554 5572 sensum
579 5517 842 5584 laudandi;
871 5519 961 5574 sed
985 5522 1105 5591 quia
1136 5534 1325 5580 cuncta
1349 5526 1484 5582 bene
1512 5529 1737 5599 cegitata

198 5631 216 5666 1
272 5635 405 5678 L'uus
426 5631 678 5680 Becceusis
699 5637 801 5689 Ms,
834 5631 898 5680 ad
922 5630 1086 5683 alium.

196 5693 233 5762 ἢ
273 5692 405 5800 Alp’utt
428 5697 537 5740 nev.
579 5693 816 5741 omittitur
833 5696 1079 5756 particula,
1111 5708 1221 5758 non,
1247 5713 1356 5763 quae
1381 5711 1541 5755 exstat
1570 5707 1739 5758 in-caa-

196 5765 273 5802 ωε
318 5766 449 5802 uris.
1660 5799 1663 5802 .

219 5758 273 5801 is
297 5758 449 5802 libris.
1263 5758 1280 5763 “
1660 5799 1663 5802 -

125 5758 228 5847 teri
273 5813 495 5898 Nonnulli
519 5821 622 5865 Mss.
653 5818 1004 5898 omittuntlltaee
1022 5822 1199 5898 ‘ve‘rha,
1225 5824 1338 5896 quia
1369 5828 1592 5898 iniquitas
1614 5833 1742 5895 facta

125 5887 242 5989 no‘n
267 5882 341 5987 ait
411 5884 654 5990 errorum
677 5879 783 5929 loco
804 5883 998 5945 quidam
1020 5879 1221 5945 habent,
1238 5879 1356 5949 quia
1394 5879 1742 5956 sequantui};

126 5951 183 5990 os
236 5951 301 5990 su
337 5958 356 5988 ε
381 5952 440 5988 an
463 5953 526 5990 τα.

126 5951 207 5990 οδε
236 5951 526 5990 suamnam.

1218 429 1613 490 ENARRA'I‘IO
1645 434 1709 490 IN
1747 433 2070 495 PSALMUM
2100 440 2332 498 LXVIII.

3336 453 3434 515 846

1855 545 2334 622 laudem-pariunt,
2362 561 2415 608 et
2444 554 2692 625 impletur
2709 571 2804 614 cor
2831 562 3259 621 consideratione
3289 583 3439 624 erea-

1853 643 2074 698 turaa‘ad
2103 647 2450 702 eructandum
2479 648 2734 720 hymnum
2761 652 3016 709 Creatori.
3045 657 3290 714 Laudant
3318 677 3434 716 om-

1849 732 1935 822 nia
1959 733 2144 802 Deum,
2176 737 2270 793 sed
2289 753 2407 809 qua
2434 737 2558 795 fecit
2578 743 2737 798 Deus.
2764 743 3028 816 Numquid
3051 751 3102 802 in
3119 750 3208 804 illo
3233 752 3432 822 hymno

1850 821 2152 880 advenistis
2171 829 2310 897 quod
2323 833 2538 886 avaritia
2556 833 2733 889 laudet
2752 835 2940 891 Deum?
2953 839 3154 895 Laudat
3172 842 3240 896 ibi
3263 821 3430 899 Deum

1848 922 1902 968 et
1916 931 2152 984 serpens;
2173 920 2394 975 avaritia
2420 937 2524 978 non
2543 923 2739 982 laudat.
2760 927 2947 984 Omnia
2975 933 3170 1002 quippe
3187 937 3427 1004 repentia

1848 1007 2118 1062 nominata
2146 1008 2215 1062 ibi
2244 1021 2366 1065 sunt
2388 1013 2439 1067 in
2465 1015 2618 1071 laude
2647 1018 2738 1072 Dei
2763 1035 2774 1070 :
2800 1022 3068 1076 nominata
3101 1034 3224 1079 sunt
3253 1028 3434 1083 omnia

1846 1097 2103 1166 tepentia;
2129 1099 2223 1154 sed
2254 1115 2357 1156 non
2384 1114 2514 1159 sunt
2542 1107 2612 1161 ibi
2643 1110 2909 1165 nominata
2941 1113 3113 1183 aliqua
3137 1117 3432 1172 vitia.\’itia

1845 1188 1985 1242 enim
2011 1204 2076 1244 ex
2099 1192 2253 1246 nubis
2278 1204 2329 1248 et
2357 1209 2420 1248 ex
2447 1209 2623 1252 nostra
2651 1201 2916 1256 voluntate
2939 1205 3213 1273 habemus;
3234 1219 3286 1265 et
3308 1210 3432 1265 vitia

1845 1291 1952 1334 non
1997 1289 2122 1336 smit
2175 1285 2488 1342 substantia.
2538 1289 2593 1343 In
2643 1291 2726 1345 his
2771 1294 2964 1349 infixus
3005 1306 3087 1351 est
3139 1300 3429 1368 Dominus,

1842 1369 2056 1439 quando
2107 1378 2524 1442 persecutionem
2567 1395 2754 1451 passus
2799 1395 2916 1449 est;
2951 1387 3001 1440 in
3049 1389 3174 1443 vitio
3222 1389 3433 1446 Judaeu-

1845 1475 1982 1527 rutn,
2019 1479 2122 1518 non
2156 1466 2206 1518 in
2234 1468 2526 1524 substantia
2555 1473 2827 1527 hominum
2860 1490 2978 1544 qute
3002 1494 3092 1546 per
3116 1481 3262 1535 illum
3293 1483 3430 1540 facta

1841 1562 1944 1608 est.
1974 1553 2180 1623 Inﬁxus
2198 1575 2338 1623 sum,
2371 1561 2558 1630 inquit,
2590 1564 2641 1616 in
2675 1565 2794 1619 limo
2841 1570 3082 1640 profta-Idi
3104 1614 3117 1636 ,
3151 1583 3197 1625 et
3225 1589 3322 1628 non
3362 1583 3434 1630 est

1842 1645 2139 1700 substantia.
2169 1649 2366 1704 Infixns
2393 1669 2530 1719 sum,
2555 1664 2608 1708 et
2635 1671 2742 1710 non
2771 1659 2948 1714 inveni
2977 1661 3115 1731 quod
3153 1664 3271 1718 feci.

1914 1738 1965 1792 6.
2023 1734 2143 1794 Veni
2168 1744 2223 1794 in.
2249 1745 2568 1799 altitudinem
2594 1749 2766 1814 maris,
2816 1760 2862 1803 et
2897 1761 3164 1822 tempestas
3191 1757 3426 1812 demersit

1841 1841 1940 1882 me.
1963 1829 2178 1887 Gratias
2203 1835 2368 1904 ipsius
2397 1839 2775 1896 misericordite
2812 1844 2900 1912 qui
2932 1847 3071 1901 venit
3104 1847 3156 1902 in
3197 1850 3434 1906 altitudi-

1842 1933 1966 1976 nem
1997 1925 2181 1990 maris,
2204 1935 2257 1981 et
2287 1927 2464 1996 glutiri
2486 1944 2517 1985 a
2542 1933 2748 1987 marino
2768 1943 2886 1990 ceto
2913 1937 3156 2006 dignatus
3183 1950 3262 1996 est
3291 1959 3303 1995 :
3335 1946 3432 1998 sed

1843 2015 2108 2068 evomitus
2125 2025 2206 2070 est
2226 2020 2384 2074 tertio
2405 2020 2492 2076 die
2523 2020 2736 2094 (Matth.
2768 2041 2862 2088 xu,
2895 2025 3006 2100 40).
3045 2029 3197 2084 Venit
3225 2032 3275 2086 in
3307 2033 3432 2087 alti-

1843 2104 2080 2160 tudinem
2108 2109 2292 2175 maris,
2313 2111 2363 2164 in
2380 2127 2480 2182 qua
2501 2114 2784 2170 altitudine
2801 2131 2900 2172 nos
2926 2118 3164 2189 depressi
3192 2139 3428 2190 eramus,

1843 2194 1896 2248 iu
1935 2203 2038 2266 qua
2065 2199 2344 2256 altitudine
2367 2218 2464 2257 nos
2482 2206 2812 2277 naufragium
2840 2212 2979 2278 passi
3007 2229 3217 2269 ermnus
3241 2233 3255 2269 :
3287 2220 3434 2274 venit

1842 2287 1967 2342 illuc
1994 2290 2126 2358 ipse,
2163 2301 2216 2347 et
2245 2301 2535 2363 tempestas
2563 2297 2820 2354 demersit
2846 2299 3030 2366 illum;
3073 2305 3194 2374 quia
3241 2306 3432 2363 iluctus

1843 2375 1916 2432 ibi
1941 2389 2128 2447 passus
2157 2392 2259 2450 est,
2295 2385 2437 2452 ipsos
2466 2387 2708 2442 homines
2733 2407 2748 2452 ;
2784 2400 3144 2462 tempestates,
3171 2412 3330 2452 voces
3351 2399 3434 2453 di-

1841 2468 2097 2535 centium,
2128 2469 2400 2541 Cruei/ige,
2429 2476 2686 2547 cruciﬁge.
2722 2478 2941 2534 Dicente
2975 2481 3160 2550 Pilato,
3199 2483 3319 2540 Non
3349 2489 3434 2542 in-

1841 2558 1983 2611 venio
2003 2574 2211 2614 causam
2234 2562 2395 2617 ullam
2418 2566 2469 2618 in
2499 2567 2593 2619 hac
2614 2568 2814 2623 nomine
2836 2585 2992 2638 quare
3012 2575 3317 2631 occidendus
3343 2580 3432 2647 sit,

1843 2649 2240 2708 invalescebant
2288 2671 2447 2712 voces
2491 2659 2815 2729 dicentium,
2865 2664 3148 2737 Cruci/ige,
3190 2673 3430 2742 crnciﬁge

1843 2740 2020 2810 (Jonn.
2055 2760 2165 2810 xix,
2199 2744 2277 2818 6).
2325 2749 2630 2819 Augebatur
2659 2762 2964 2824 tempestas,
3014 2758 3184 2814 donec
3218 2740 3433 2818 demer-

1841 2843 2057 2902 geretur
2092 2838 2182 2905 qui
2208 2848 2427 2894 venerat
2470 2841 2523 2895 in
2553 2843 2886 2899 altitudinem
2929 2849 3110 2904 maris.
3143 2850 3212 2905 Et
3246 2867 3433 2922 passus

1841 2932 1925 2980 est
1969 2925 2222 2989 Dominus
2273 2931 2414 2987 inter
2453 2949 2641 2991 manus
2666 2937 2992 3006 Judmorutn,
3042 2943 3184 3013 quod
3223 2958 3434 3005 nonest

1842 3027 2032 3082 pessus
2053 3033 2174 3074 cum
2207 3035 2370 3092 super
2397 3037 2561 3093 aquas
2589 3027 2885 3084 ambulatet
2915 3029 3126 3104 (Matth.
3158 3051 3268 3104 xuv,
3298 3036 3430 3108 25);

1841 3108 1984 3175 quod
2005 3124 2110 3166 non
2138 3112 2308 3167 solum
2336 3115 2450 3183 ipse
2471 3129 2658 3186 passus
2679 3135 2784 3176 non
2807 3132 2943 3188 erat,
2973 3125 3066 3180 sed
3093 3141 3192 3182 nec
3215 3127 3433 3187 Petrum

1841 3201 1950 3270 pati
1976 3203 2312 3270 permiserat.
2355 3204 2479 3263 Veni
2513 3211 2566 3264 in
2606 3212 2926 3270 altitudinem
2951 3219 3126 3288 maris,
3170 3228 3216 3275 et
3239 3229 3428 3294 tempe-

1841 3302 1947 3348 stas
1976 3294 2212 3352 demersit
2235 3315 2333 3354 tne.

1915 3388 1966 3442 7.
2008 3386 2156 3461 [eam
2188 3391 2268 3466 4.]
2314 3392 2561 3451 Laboratti
2603 3401 2875 3469 clamans;
2920 3421 3090 3460 rauca:
3129 3411 3280 3478 facta
3316 3412 3431 3468 tuti.

1841 3479 2014 3549 fauces
2055 3498 2196 3538 mea.
2252 3484 2363 3540 Hoc
2412 3489 2542 3544 ubi?
2581 3489 2684 3546 hoc
2733 3494 2985 3562 quando?
3036 3495 3432 3571 lntcrrogetnus

1841 3567 2209 3642 Evangelium.
2243 3575 2554 3636 Passionem
2582 3583 2778 3654 quippe
2809 3586 3017 3642 Domini
3046 3593 3214 3647 nostri
3244 3567 3296 3648 in
3327 3594 3431 3652 hoc

1841 3663 2046 3730 psalmo
2085 3668 2477 3735 cognoscimus.
2526 3671 2591 3726 Et
2625 3675 2838 3743 quidem
2867 3693 3080 3746 passum
3118 3697 3241 3738 eum
3274 3687 3431 3742 novi-

1841 3765 1999 3819 mus;
2035 3754 2264 3812 intrasse
2286 3774 2449 3828 aquas
2475 3777 2643 3832 usque
2672 3762 2738 3819 ad
2761 3767 2990 3824 animam
3023 3771 3154 3840 ejus,
3181 3775 3304 3844 quia
3333 3793 3429 3846 po-

1841 3847 1948 3917 puli
1997 3851 2390 3918 prtevaluerunt
2431 3869 2598 3925 usque
2633 3856 2700 3911 ad
2735 3870 2962 3915 mortem
2990 3863 3126 3933 ejus,
3174 3867 3422 3940 legimus,

1841 3937 2138 4005 credimus;
2194 3950 2508 4010 tempestate
2557 3946 2705 4001 illum
2751 3947 3053 4007 demersum
3107 3937 3250 4025 esse,
3297 3937 3424 4030 quia

1840 4031 2117 4097 praevaluit
2154 4033 2342 4087 seditio
2387 4035 2452 4090 ad
2483 4053 2602 4092 cum
2631 4029 3003 4110 occid'cndum,
3037 4029 3374 4116 agnuseltnus
3404 4073 3419 4108 :

1843 4133 2026 4174 verunt
2073 4132 2126 4176 et
2167 4124 2436 4180 laborasse
2463 4145 2582 4183 eutn
2619 4131 2916 4199 clamando,
2954 4145 3008 4191 et
3046 4153 3233 4196 raucas
3262 4142 3428 4202 factas

1841 4226 1961 4267 esse
1987 4212 2167 4270 fauces
2208 4217 2366 4283 illius,
2398 4236 2504 4274 non
2533 4223 2704 4278 solum
2733 4241 2837 4278 non
2861 4225 3102 4298 legimus,
3146 4233 3238 4287 sed
3267 4237 3446 4292 ctiam'

1842 4314 2025 4359 contra
2057 4307 2299 4377 legimus,
2328 4311 2448 4379 quia
2474 4330 2578 4367 non
2609 4317 2967 4386 respondebat
2997 4322 3074 4376 eis
3101 4325 3340 4392 verbum,
3369 4338 3430 4385 ut

1845 4397 2153 4466 impleretur
2192 4402 2331 4470 quod
2365 4404 2415 4458 in
2458 4406 2562 4460 alio
2607 4411 2809 4477 psalmo
2850 4413 3050 4469 dictum
3093 4428 3195 4486 est,
3235 4419 3429 4479 Factus

1843 4501 1952 4540 sunt
1979 4491 2121 4558 quasi
2143 4491 2289 4545 homo
2317 4511 2416 4548 non
2441 4497 2670 4562 audiens,
2695 4510 2739 4554 et
2768 4519 2868 4557 non
2892 4506 3078 4561 Ιιαὸιιηε
3116 4510 3169 4563 in
3213 4527 3298 4566 ore
3336 4531 3428 4568 suo

1843 4577 2219 4648 redargutiones
2264 4582 2432 4652 (Paul.
2485 4603 2681 4652 xxxvii,
2732 4591 2856 4663 IS);
2918 4605 2972 4650 et
3014 4599 3154 4667 quod
3199 4602 3251 4656 in
3296 4604 3430 4662 Isaia

1844 4667 2216 4736 prophetatum
2266 4682 2366 4740 est,
2413 4674 2557 4729 Sicut
2597 4680 2700 4733 ovis
2733 4685 2802 4734 ad
2841 4684 3207 4744 immolandum
3247 4692 3430 4751 ductus

1844 4767 1937 4825 est,
1961 4769 2006 4811 et
2031 4762 2158 4814 sicut
2179 4780 2338 4832 agnus
2371 4783 2541 4820 coram
2573 4771 2805 4826 tondente
2831 4791 2902 4838 se,
2935 4777 3004 4830 sic
3026 4795 3126 4835 non
3151 4785 3347 4854 ttth
3375 4806 3432 4844 os

1842 4864 1992 4902 suum
2030 4848 2182 4921 (Isat‘.
2207 4869 2316 4920 Lnt,
2347 4853 2422 4926 7).
2452 4856 2506 4912 Si
2535 4859 2705 4914 factus
2743 4872 2824 4916 est
2848 4865 2985 4920 sicut
3011 4848 3302 4930 hontevnon
3332 4894 3430 4932 au-

1845 4939 2019 5006 diens,
2075 4952 2130 4997 et
2188 4960 2292 4999 non
2349 4947 2550 5004 habens
2599 4951 2650 5004 in
2701 4968 2794 5008 ore
2857 4971 2954 5012 suo
3004 4963 3425 5038 redargutiones,

1842 5035 2110 5102 quomodo
2168 5037 2429 5094 laboravit
2470 5043 2737 5113 clamans,
2789 5057 2844 5103 et
2895 5068 3067 5109 rauca:
3108 5056 3261 5113 facta:
3305 5035 3430 5118 sunt

1843 5121 2027 5180 fauces
2053 5126 2210 5196 ejus?
2264 5131 2344 5184 An
2377 5132 2496 5186 ideo
2518 5135 2626 5202 jam
2661 5145 2783 5193 tunc
2823 5143 3045 5214 tacebat,
3079 5148 3197 5216 quia
3239 5166 3431 5210 raucus

1832 5225 1979 5282 erat,
2011 5218 2100 5286 qui
2143 5219 2258 5274 sine
2303 5237 2460 5278 causa
2513 5233 2716 5282 tantum
2766 5231 3130 5290 ciamaverat?
3177 5237 3244 5294 Et
3283 5241 3428 5299 illam

1844 5308 2057 5377 quidem
2091 5312 2205 5381 ejus
2233 5329 2415 5368 vocem
2446 5315 2513 5370 de
2536 5320 2738 5387 psalmo
2756 5325 2982 5392 quodam
3007 5327 3056 5380 in
3087 5343 3244 5386 cruce
3272 5336 3428 5390 novi-

1846 5414 1966 5455 mus
1999 5418 2010 5454 :
2044 5401 2203 5468 Deus,
2234 5403 2372 5460 Deus
2402 5424 2559 5475 meus,
2607 5412 2784 5480 utquid
2817 5431 2897 5466 me
2921 5418 3228 5488 dereliquisti
3255 5422 3426 5495 (Psal.

1845 5506 1955 5558 ml,
1982 5491 2084 5565 2)?
2113 5496 2219 5551 Sed
2245 5509 2441 5567 quanta
2467 5501 2555 5556 illa
2585 5519 2684 5558 vox
2715 5503 2827 5571 fuit,
2859 5519 2946 5561 aut
2969 5525 3125 5578 quam
3151 5491 3421 5589 diuturna,

1845 5597 1904 5640 ut
1932 5586 1981 5640 in
2003 5602 2066 5641 ea
2095 5604 2268 5644 raucae
2291 5591 2439 5647 facta:
2459 5608 2641 5650 essent
2666 5595 2846 5653 fauces
2861 5600 3017 5669 ejus?
3040 5604 3135 5660 Diu
3160 5586 3425 5680 clamavit,

1856 5674 1947 5730 Va?
1972 5678 2116 5764 vobis
2136 5681 2330 5746 scribta,
2369 5694 2416 5738 et
2444 5683 2693 5740 P/ttm'stt’i
2727 5687 2938 5758 (Matth.
2971 5708 3123 5762 XXI",
3167 5699 3254 5766 15,
3301 5674 3428 5772 Ii);

1849 5767 1936 5820 diu
1967 5769 2232 5838 clamavit,
2280 5773 2368 5828 Va:
2403 5777 2590 5830 mundo
2636 5778 2697 5830 ab
2739 5781 2992 5838 scandatis
3024 5784 3131 5854 (Id.
3166 5805 3318 5860 XVIII,

1851 5858 1919 5913 Et
1947 5876 2129 5916 revera
2149 5867 2417 5933 quomodo
2442 5883 2634 5923 raucus
2663 5869 2947 5943 clamabat,
2979 5887 3031 5930 et
3060 5879 3179 5936 ideo
3199 5858 3312 5938 non»
3347 5858 3429 5942 in-

1852 5952 2204 6021 telligebatur,
2238 5957 2447 6024 quando
2476 5959 2722 6016 dicebant
2759 5962 2925 6020 Judtei
2960 5984 2972 6022 :
3027 5971 3172 6048 Quid,
3193 5986 3263 6029 est
3296 5979 3431 6050 quod
