3912 6452
646 402 752 460 8L7

645 516 809 576 dicit!
848 513 1017 568 Durus
1055 517 1125 566 est
1163 510 1242 563 hic
1278 523 1478 574 sermo;
1504 506 1617 579 quis
1641 515 1800 578 potest
1823 507 1970 562 illum
2000 507 2177 560 audire
2199 503 2227 559 2

648 608 772 664 Non
825 606 1009 662 scimus
1052 601 1173 674 quid
1209 601 1345 656 dicat
1388 600 1562 671 (Joan.
1604 616 1674 665 Vl,
1706 599 1803 665 61,
1855 608 1903 654 et
1947 613 2057 666 ιη,
2112 596 2224 668 18).

646 701 741 756 llle
777 698 952 753 omnia
978 695 1135 750 verba
1162 693 1411 757 dicebat;
1438 692 1536 749 sed
1561 692 1664 748 illis
1682 706 1856 747 rauca:
1872 689 2090 746 fuerunt
2117 688 2230 742 fau-

645 805 737 847 ces
765 786 899 860 ejus,
943 787 1032 858 qui
1068 800 1230 841 voces
1270 784 1385 856 ejus
1413 798 1519 839 non
1565 781 1947 853 intelligebant.
1980 780 2230 835 Laboravi

643 882 868 937 clamans
888 897 908 947 ;
933 893 1102 933 ranae
1122 878 1271 947 facta
1288 884 1404 931 sunt
1429 879 1600 947 fauces
1620 890 1763 930 mete.

714 973 768 1030 8.
813 970 1114 1044 Defecerunt
1133 968 1268 1023 oculi
1297 968 1394 1022 mei
1414 966 1476 1021 ab
1496 965 1748 1036 sperando
1772 965 1826 1020 in
1852 963 2018 1019 Deum
2039 979 2223 1018 meum.

643 1063 799 1119 Absit
827 1072 884 1116 ut
912 1061 1015 1116 hoc
1062 1059 1129 1115 de
1155 1071 1381 1129 persona
1429 1057 1619 1128 capitis
1662 1054 2151 1126 accipiaturzabsit
2170 1062 2230 1109 ut

651 1153 946 1212 defecerint
982 1151 1121 1207 oculi
1161 1150 1278 1220 ejus
1319 1147 1388 1203 ab
1426 1145 1693 1217 sperando
1722 1146 1778 1201 in
1816 1145 1980 1201 Deum
2005 1144 2142 1214 ejus,
2175 1144 2230 1199 in

643 1262 751 1319 quo
778 1246 944 1315 magis
969 1244 1110 1299 Deus
1129 1248 1246 1298 erat
1260 1237 1516 1295 mundum
1536 1237 1888 1293 reconcilians
1907 1235 2006 1291 sibi
2025 1232 2090 1309 (11
2106 1232 2225 1289 Cor.

644 1355 703 1409 ν,
732 1337 843 1410 19),
872 1346 926 1393 et
950 1336 1040 1407 qui
1066 1335 1300 1390 Verbum
1322 1346 1449 1387 caro
1474 1330 1669 1387 factum
1692 1338 1794 1394 est,
1816 1336 1871 1383 et
1896 1326 2150 1384 habitavit
2174 1327 2229 1382 in

644 1432 800 1487 nobis
840 1428 1018 1499 (Joan.
1052 1444 1089 1492 ι,
1120 1426 1233 1496 14),
1273 1434 1331 1480 ιιι
1365 1439 1469 1478 non
1496 1422 1667 1478 solum
1689 1420 1833 1476 Deus
1861 1420 1912 1475 in
1946 1418 2037 1474 illo
2064 1425 2227 1485 esset,

644 1523 741 1579 sed
766 1522 926 1578 etiam
967 1521 1080 1591 ipse
1113 1518 1253 1573 Deus
1290 1524 1452 1571 esset.
1483 1513 1597 1569 Non
1639 1528 1766 1583 ergo
1793 1512 1894 1577 ita;
1930 1526 2036 1566 non
2063 1509 2231 1581 ipsius

644 1614 834 1683 capitis
863 1618 1029 1668 nostri
1072 1610 1208 1665 oculi
1234 1608 1541 1664 defecerunt
1567 1606 1634 1661 ab
1662 1603 1930 1676 sperando
1977 1604 2030 1659 in
2060 1603 2229 1659 Deum

647 1706 800 1776 ejus;
830 1703 925 1759 sed
952 1700 1263 1757 defecerunt
1282 1700 1420 1755 oculi
1444 1698 1559 1767 ejus
1580 1696 1634 1751 in
1654 1711 1880 1767 corpore
1906 1696 2044 1767 ejus,
2074 1694 2126 1749 id
2147 1703 2231 1750 est

648 1797 702 1851 in
727 1793 978 1849 membris
1010 1792 1145 1862 ejus.
1180 1791 1302 1846 llaec
1326 1805 1426 1845 vox
1455 1788 1817 1844 membrorum
1840 1796 1941 1855 est,
1985 1786 2103 1843 haec
2127 1802 2229 1842 vox

648 1886 891 1956 corporis
911 1892 1012 1951 est,
1045 1898 1149 1937 non
1180 1882 1387 1952 capitis.
1420 1878 1697 1948 Quomodo
1734 1893 1862 1949 ergo
1889 1893 2007 1934 eam
2034 1877 2086 1932 itt
2114 1876 2231 1946 ejus

645 1993 869 2045 corpore
900 1974 1258 2044 membrisque
1287 1970 1627 2027 invenimus?
1668 1970 1804 2038 Quid
1849 1968 1989 2024 aliud
2018 1968 2232 2024 dicam?

645 2071 771 2141 quid
800 2069 942 2124 aliud
959 2065 1415 2123 commemorem?
1440 2062 1664 2132 Quando
1680 2077 1869 2134 passus
1886 2070 1989 2129 est,
2015 2061 2231 2133 quando

645 2170 888 2217 mortuus
935 2168 1036 2222 est,
1091 2172 1281 2213 omnes
1323 2154 1565 2225 discipuli
1619 2153 2037 2223 desperaverunt
2088 2152 2230 2224 quod

646 2253 761 2321 ipse
785 2259 927 2306 esset
949 2248 1211 2304 Christus.
1246 2249 1289 2301 A
1322 2246 1530 2301 latrone
1560 2244 1801 2315 Apostoli
1826 2244 1946 2299 victi
1967 2252 2115 2310 sunt,
2141 2240 2231 2312 qui

648 2352 773 2397 tunc
793 2340 1035 2405 credidit,
1081 2335 1294 2410 quando
1325 2337 1401 2392 illi
1427 2335 1737 2393 deiecerunt
1762 2335 1911 2405 (Luc.
1940 2350 2085 2403 mu,
2111 2334 2229 2407 42).

648 2435 786 2491 Vide
832 2433 1069 2489 membra
1121 2431 1238 2502 ejus
1280 2430 1652 2501 desperanda;
1709 2427 1924 2483 attende
1948 2426 2083 2482 duos
2112 2427 2231 2483 illos

647 2541 782 2597 quos
808 2535 928 2596 post
968 2523 1410 2577 resurrectionem
1434 2520 1635 2576 invenit
1670 2521 1723 2574 in
1753 2520 1837 2575 via
1866 2520 2232 2590 colloquentes

647 2631 855 2684 secum,
892 2629 1117 2685 quorum
1146 2628 1281 2668 umts
1320 2619 1436 2667 erat
1462 2610 1745 2681 Cleophas,
1783 2610 1995 2681 quando
2020 2609 2229 2667 detine-

645 2707 840 2763 bantur
868 2706 1006 2762 oculi
1052 2720 1236 2761 eorum
1268 2718 1335 2759 ne
1361 2718 1483 2758 eum
1528 2710 1899 2774 agnoscerent.
1953 2701 2231 2770 Quomodo

646 2799 791 2854 enim
840 2799 1009 2854 oculis
1059 2802 1435 2867 agnoscerent,
1487 2809 1517 2848 a
1557 2808 1664 2865 quo
1703 2801 1883 2849 mente
1915 2794 2230 2849 titubarunt?

645 2890 865 2947 Factum
906 2900 1021 2946 erat
1070 2886 1271 2959 aliquid
1308 2887 1362 2942 in
1401 2887 1571 2942 oculis
1607 2901 1793 2942 eorum
1836 2887 2009 2941 simile
2038 2887 2232 2942 mentis

644 2983 905 3054 ipsorum.
954 2980 1332 3051 Loquebantur
1366 2978 1508 3034 enim
1537 2979 1675 3034 inter
1703 2993 1783 3045 se,
1826 2988 2026 3034 etcum
2074 2978 2143 3033 ab
2166 2994 2232 3034 eo

645 3072 1097 3144 compellarentur
1116 3068 1258 3125 unde
1280 3069 1644 3140 loquerentur,
1682 3068 2076 3140 responderunt
2106 3086 2119 3122 :
2150 3067 2233 3123 Tu

646 3164 785 3221 solus
810 3161 1145 3234 peregrinaris
1170 3162 1224 3215 in
1246 3160 1569 3215 Jerusalem?
1601 3158 1776 3215 Nescis
1803 3174 1918 3230 qua:
1936 3162 2073 3230 facta
2091 3168 2228 3225 sunt,

645 3255 898 3327 quomodo
941 3254 1090 3309 Iesus
1137 3251 1460 3317 Nazarenus,
1491 3263 1667 3322 potens
1702 3252 1755 3305 in
1799 3251 1948 3323 {actis
1982 3260 2029 3305 et
2060 3251 2228 3318 dictis,

646 3349 841 3403 occisus
866 3355 941 3403 est
976 3365 1008 3400 a
1045 3345 1322 3400 senioribus
1355 3354 1400 3400 et
1443 3344 1752 3416 principibus
1782 3344 2139 3400 sacerdotum?
2168 3342 2232 3400 Et

646 3456 742 3493 nos
773 3436 1101 3510 sperabamus
1127 3437 1261 3507 quod
1280 3436 1387 3507 ipse
1412 3444 1520 3490 erat
1545 3436 1894 3506 redempturus
1919 3434 2087 3491 Israel
2118 3435 2230 3508 (Id.

648 3544 796 3596 xxiv,
828 3527 1039 3599 15-21).
1066 3526 1444 3600 Speraverant,
1475 3534 1529 3581 et
1553 3541 1660 3582 non
1678 3527 1982 3597 sperabant.
2018 3527 2233 3583 Defece-

644 3629 773 3677 runt
820 3618 961 3676 oculi
1005 3634 1187 3676 eorum
1235 3618 1304 3674 ab
1361 3616 1627 3690 sperando
1672 3618 1724 3672 in
1774 3617 1941 3673 Deum
1971 3618 2229 3688 ipsorum.

644 3709 799 3782 Ipsos
842 3725 971 3783 ergo
1014 3711 1067 3764 iu
1097 3725 1156 3765 se
1188 3709 1579 3781 transﬂguravit
1611 3708 1838 3765 dicendo
1868 3728 1881 3763 :
1928 3709 2234 3782 Defecerunt

644 3802 782 3860 oculi
804 3804 901 3858 mei
920 3803 984 3857 ab
1004 3802 1254 3874 sperando
1275 3802 1328 3856 in
1350 3800 1512 3857 Deum
1543 3819 1727 3857 meum.
1758 3802 1905 3857 Hanc
1925 3818 2073 3872 spem
2104 3803 2232 3860 red-

646 3884 800 3959 didit,
829 3892 1041 3965 quando
1061 3893 1336 3949 cicatrices
1364 3891 1653 3964 palpandas
1681 3892 1873 3949 obtulit
1897 3909 1911 3958 ;
1939 3909 2072 3965 quas
2109 3909 2231 3950 cum

648 3985 911 4057 tetigisset
935 3985 1187 4050 Thomas,
1231 3984 1388 4040 rediit
1429 3985 1495 4039 ad
1530 4000 1678 4054 spem
1716 4000 1873 4056 quam
1903 3984 2229 4056 perdiderat,

649 4086 707 4135 et
744 4077 1060 4133 exclamavit
1090 4094 1102 4130 :
1140 4075 1388 4131 Dominus
1411 4093 1571 4141 meus,
1600 4086 1647 4130 et
1670 4074 1805 4132 Deus
1826 4092 1984 4132 meus.
2008 4075 2232 4134 Defece-

644 4177 775 4226 runt
810 4169 951 4226 oculi
979 4169 1055 4224 tui
1093 4170 1160 4226 ab
1193 4168 1455 4239 sperando
1482 4169 1533 4222 in
1561 4168 1725 4223 Deum
1769 4179 1913 4224 tuum
1947 4187 1962 4225 :
2007 4169 2234 4240 palpasti

645 4261 947 4327 cicatrices,
988 4268 1042 4315 et
1066 4259 1309 4314 invenisti
1336 4260 1497 4314 Deum
1526 4267 1709 4324 tuum;
1755 4260 1977 4330 palpasti
2005 4259 2231 4316 formam

646 4354 809 4421 servi,
838 4360 895 4409 et
920 4352 1215 4423 cognovisti
1243 4352 1522 4406 Dominum
1552 4361 1718 4407 tuum.
1764 4354 1856 4409 (lui
1899 4363 2076 4408 tamen
2120 4353 2234 4423 ipse

649 4444 909 4500 Dominus
935 4443 1044 4497 ait:
1080 4443 1211 4510 Quia
1233 4442 1417 4509 vidisti,
1451 4444 1730 4497 credidisti.
1760 4444 1828 4498 Et
1854 4460 1950 4500 nos
1978 4461 2230 4515 praenun-

648 4537 788 4591 tians
812 4551 944 4591 voce
972 4535 1348 4590 misericordia:
1376 4551 1486 4589 suae
1518 4553 1530 4588 :
1574 4535 1739 4601 Beati,
1778 4536 1966 4607 inquit,
2015 4539 2102 4609 qui
2130 4555 2233 4594 non

647 4624 815 4679 uident
841 4633 888 4678 et
915 4624 1121 4678 credunt
1158 4623 1333 4693 (Joaa.
1374 4640 1465 4688 xx,
1492 4624 1585 4692 28,
1616 4624 1730 4697 29).
1778 4625 2072 4697 Defecerunt
2100 4627 2234 4684 oculi

648 4717 749 4772 mei
772 4716 836 4771 ab
864 4717 1116 4788 sperando
1139 4716 1192 4770 in
1217 4715 1378 4770 Deum
1407 4734 1587 4772 meum.

721 4806 773 4863 9.
810 4805 960 4881 [vers.
993 4806 1070 4880 5.]
1103 4805 1435 4879 Multiplicati
1472 4818 1585 4862 sunt
1612 4825 1765 4879 super
1800 4809 2015 4878 capillos
2050 4811 2233 4882 capitis

649 4899 769 4967 mei,
797 4899 884 4969 qui
904 4898 1116 4952 oderunt
1138 4915 1215 4953 me
1235 4898 1413 4970 gratis.
1446 4899 1614 4967 Quam
1643 4900 2014 4970 multiplicati?
2039 4901 2106 4957 Ut
2136 4901 2232 4956 ad-

649 4992 839 5047 derent
866 4990 967 5046 sibi
993 4999 1047 5046 et
1076 5007 1236 5046 unum
1264 5006 1330 5047 ex
1368 4991 1648 5047 duodecim
1681 4991 1893 5064 (Matth.
1926 5010 2081 5059 xxvi,
2113 4995 2228 5064 H).

649 5083 980 5155 Multiplicati
1008 5092 1127 5137 sunt
1156 5100 1305 5154 super
1329 5084 1541 5153 capillos
1569 5087 1747 5156 capitis
1770 5087 1884 5151 mei,
1910 5087 1998 5155 qui
2017 5086 2231 5143 oderunt

647 5194 726 5232 me
764 5158 941 5250 gratis.
997 5174 1211 5246 Capillis
1254 5178 1443 5248 capitis
1476 5178 1557 5231 sui
1611 5179 1942 5248 comparavit
1985 5178 2228 5236 inimicos

646 5283 792 5324 suos.
823 5268 1012 5323 Merito
1043 5267 1146 5321 rasi
1171 5277 1313 5331 sunt,
1336 5268 1546 5337 quando
1577 5268 1628 5321 in
1657 5269 1774 5324 loco
1811 5267 2065 5326 Calvariie
2100 5284 2227 5326 cru-

647 5361 834 5417 ciﬁxus
874 5369 974 5416 est.
1017 5360 1295 5430 Accipiaut
1320 5361 1556 5414 membra
1583 5376 1764 5416 vocem
1798 5361 1971 5429 hanc;
2021 5363 2229 5420 discant

644 5453 769 5509 odio
787 5452 969 5533 haberi
986 5452 1167 5523 gratis.
1190 5451 1307 5507 Jam
1326 5453 1466 5508 enim
1489 5454 1533 5507 si
1555 5469 1773 5512 necesse
1791 5464 1893 5521 est,
1913 5456 2221 5522 christiana,

644 5555 705 5601 ut
748 5546 975 5601 mundus
1025 5545 1197 5601 oderit
1253 5553 1336 5611 te,
1402 5561 1567 5615 quare
1613 5563 1716 5603 non
1769 5549 1898 5604 facis
1962 5558 2020 5604 ut
2062 5550 2227 5621 gratis

642 5645 696 5693 te
745 5635 950 5703 oderit,
996 5646 1057 5691 ut
1113 5637 1166 5691 in
1216 5651 1440 5707 corpore
1494 5638 1700 5694 Domini
1766 5642 1873 5709 tui,
1926 5650 1980 5697 et
2024 5643 2076 5698 in
2126 5644 2227 5700 hoc

643 5729 853 5799 psalmo
908 5729 974 5783 de
1021 5729 1115 5784 illo
1164 5730 1439 5799 praemisso
1494 5746 1773 5800 agnoscas
1803 5748 1987 5789 vocent
2040 5736 2223 5791 tuam?

648 5819 927 5885 Quomodo
953 5819 1045 5876 ﬁet
1087 5830 1144 5875 ut
1186 5820 1357 5878 oderit
1408 5832 1461 5878 te
1502 5825 1728 5885 mundus
1759 5826 1957 5895 gratis?
1999 5827 2054 5883 Si
2093 5830 2221 5885 nihil

1876 386 1935 447 s.
1976 371 2341 447 AUGUSTIXI
2383 377 2687 446 EI'ISCON
3704 403 3763 463 υ,

2338 505 2584 577 cuiquam
2612 518 2831 571 noceas,
2861 513 2916 562 et
2942 503 3024 562 sic
3051 503 3178 561 odio
3203 502 3437 564 habearis
3461 524 3474 562 :
3495 508 3580 566 hoc
3605 520 3664 568 est
3681 517 3766 574 nim

2331 598 2517 668 gratis,
2544 597 2661 653 sine
2692 610 2872 653 causa.
2896 596 3089 652 Parum
3113 597 3187 654 sit
3216 597 3308 651 tibi
3334 599 3445 655 sine
3464 614 3596 657 causa
3612 604 3768 664 otiolu-

2334 687 2471 752 beri,
2502 687 2724 758 insuper
2756 697 2812 744 et
2850 696 3063 758 pra‘sta,
3108 696 3171 743 ut
3197 688 3474 745 retribuam
3497 693 3574 747 tibi
3599 696 3695 750 mals
3715 715 3769 768 pro

2332 779 2505 836 bonis.
2536 778 2822 853 Confortdti
2846 788 2963 835 sunt
2986 779 3178 834 inimici
3202 781 3317 847 mei,
3342 782 3425 851 qui
3446 797 3771 856 persequamur

2332 871 2536 944 injuste.
2565 871 2717 939 Quod
2740 872 2894 939 dixit,
2918 870 3249 943 Multiplicati
3273 882 3539 943 suntsuper
3559 877 3771 946 capillam-

2334 964 2452 1035 pitis
2475 965 2572 1019 mei
2594 980 2609 1030 ;
2644 964 2743 1020 hoc
2770 972 2977 1035 postea,
3020 962 3303 1032 Confortati
3327 973 3439 1019 sunt
3460 964 3615 1020 inimici
3634 970 3727 1023 uti:
3745 982 3774 1027 tt

2332 1053 2472 1126 quod
2503 1055 2693 1126 primo,
2745 1055 2832 1126 qui
2874 1054 3088 1109 oderunt
3128 1070 3209 1109 me
3235 1055 3424 1126 gratis;
3465 1055 3553 1111 huc
3572 1068 3774 1131 postea,"

2333 1155 2698 1217 persequuntur
2721 1162 2802 1201 nte
2826 1146 3032 1217 injuste.
3066 1145 3217 1215 Quod
3245 1161 3373 1218 ergo
3396 1148 3554 1219 gratis.
3584 1148 3776 1207 hocestis-

2322 1241 2480 1311 juste.
2500 1237 2615 1310 Ipsa
2630 1248 2712 1296 est
2728 1254 2831 1294 vox
2848 1248 3159 1311 martyrum,
3173 1253 3278 1295 non
3293 1240 3345 1294 in
3366 1254 3528 1309 ptem,
3542 1240 3661 1297 sedin
3671 1258 3776 1298 casn.

2333 1330 2449 1387 Non
2488 1331 2913 1402 persecutionem
2956 1331 3083 1401 pati,
3134 1346 3238 1386 non
3268 1331 3452 1396 teneri,
3484 1347 3575 1387 non
3606 1331 3777 1404 ﬂagellari,

2333 1437 2443 1478 non
2469 1422 2690 1491 includi,
2723 1437 2831 1478 non
2860 1421 3144 1492 proscribi,
3193 1438 3298 1479 non
3324 1421 3491 1477 occidi
3523 1422 3616 1478 laus
3634 1429 3779 1489 eiusei

2334 1513 2579 1571 habendo
2630 1529 2848 1572 causam
2905 1514 3122 1580 bonam,
3175 1514 3276 1570 ista
3327 1514 3453 1584 pati,
3494 1515 3592 1571 haec
3619 1516 3780 1573 busest

2333 1605 2475 1662 Laus
2502 1607 2644 1663 enim
2669 1616 2752 1663 est
2778 1607 2830 1662 in
2856 1621 3031 1661 causa:
3060 1605 3324 1671 bonitate.
3351 1621 3455 1661 non
3480 1607 3527 1660 in
3551 1621 3782 1676 putescu-

2333 1700 2514 1757 bitate.
2559 1699 2693 1755 Nam
2731 1708 3159 1770 quantacumque
3199 1697 3395 1754 fuerint
3431 1700 3645 1769 supplicia
3665 1711 3785 1772 marty-

2333 1807 2473 1857 rum,
2495 1790 2751 1861 numquid
2773 1797 3054 1861 aequantur
3074 1789 3352 1860 suppliciis
3373 1790 3587 1844 omnium
3604 1790 3783 1853 latronum,

2332 1882 2573 1938 omnium
2618 1882 3020 1952 sacrilegorum,
3062 1882 3306 1937 omnium
3335 1880 3784 1950 sceleratommioud

2332 1976 2496 2042 enim,
2542 1983 2597 2031 et
2647 1974 2744 2029 hos
2790 1972 2902 2029 odit
2954 1973 3223 2030 mundus?
3272 1971 3399 2029 Odit
3444 1974 3595 2043 plane.
3617 1972 3786 2027 Excutiat

2333 2066 2477 2122 enim
2522 2064 2702 2121 mundi
2735 2065 3076 2121 medietatem
3121 2063 3471 2135 amplitudine
3506 2062 3786 2130 malitia,”

2333 2159 2447 2229 ipsa
2493 2157 2877 2214 mundanorum
2923 2156 3322 2228 quodammodo
3363 2157 3613 2213 hominum
3632 2157 3789 2214 societati

2334 2248 2491 2305 alieni
2542 2259 2690 2312 sunt,
2740 2249 3053 2305 infestantes
3101 2263 3285 2320 pacem
3329 2249 3487 2306 etiam
3513 2256 3789 2311 terrenamet

2333 2340 2604 2413 patiuntur
2629 2339 2795 2395 multa
2846 2340 3003 2407 mala,
3051 2340 3146 2396 sed
3178 2355 3287 2395 non
3328 2341 3507 2410 gratis.
3535 2338 3788 2410 Deniqitevih

2334 2447 2519 2489 vocem
2548 2432 2690 2487 illius
2716 2431 2941 2488 latronis
2968 2448 3090 2487 cum
3116 2432 3344 2487 Domino
3366 2432 3417 2486 in
3442 2429 3787 2500 crucepeadcnt'tt,

2333 2539 2454 2580 cum
2495 2524 2776 2579 insultaret
2821 2539 2888 2579 ex
2917 2523 3021 2578 alia
3052 2531 3201 2594 parte
3237 2538 3378 2579 unus
3405 2523 3608 2580 duorum
3630 2522 3787 2577 homo

2334 2617 2559 2673 Domino
2584 2616 2862 2682 cruciﬂxo,
2907 2623 2962 2670 et
2991 2616 3212 2683 diceret,
3247 2613 3314 2671 Si
3333 2614 3497 2671 Filius
3520 2613 3604 2668 Dei
3623 2630 3678 2680 es,
3702 2614 3789 2666 tim

2335 2718 2381 2763 te
2420 2725 2438 2763 :
2484 2709 2815 2779 compescuit
2864 2707 3011 2762 illum
3053 2709 3208 2774 alter,
3262 2717 3320 2763 et
3347 2706 3495 2772 dixit,
3534 2705 3788 2761 Tamdiu

2334 2798 2517 2867 Deum,
2539 2798 2618 2854 vel
2640 2799 2759 2870 quia
2783 2800 2834 2854 in
2862 2799 3036 2853 eadem
3054 2798 3382 2853 damnatione
3413 2797 3590 2864 positus
3606 2798 3673 2851 es?
3688 2793 3729 2849 Et
3742 2809 3790 2845 ut

2332 2894 2533 2962 quidem
2555 2903 2686 2948 recte
2705 2910 2797 2965 pro
2818 2893 2967 2965 factis
2986 2893 3170 2947 nostris
3191 2891 3348 2964 (Luc.
3375 2905 3520 2958 xxnt,
3538 2889 3703 2957 394i).
3716 2887 3788 2943 Εωε

2335 3002 2438 3041 non
2478 2987 2642 3057 gratis
2671 3003 2685 3039 :
2741 2984 2837 3041 sed
2878 2984 3220 3043 confessione
3248 2983 3440 3042 eﬂ‘udit
3463 3000 3529 3040 ex
3554 2979 3786 3043 semis-3

2334 3087 2389 3133 et
2408 3078 2575 3135 factus
2603 3087 2687 3134 est
2715 3086 2871 3149 aptus
2896 3078 3019 3135 cibo
3048 3077 3281 3133 Domini.
3328 3076 3556 3134 Exclusit
3578 3073 3787 3146 iniquiqu

2334 3183 2507 3234 suam,
2538 3167 2807 3224 accusavit
2843 3183 2983 3235 eam,
3022 3176 3077 3224 et
3102 3166 3276 3223 caruit
3299 3182 3385 3223 ea.
3435 3168 3564 3223 Ecce
3599 3160 3787 3222 ibiduob-

2337 3274 2535 3330 trones,
2565 3251 2722 3318 ibi’et
2750 3262 3039 3329 Dominus;
3088 3268 3143 3318 et
3169 3261 3245 3316 illi
3273 3259 3539 3326 cruciﬁxi,
3563 3252 3787 3315 etilleaw’r

2337 3356 2471 3410 lixus
2500 3371 2512 3407 :
2545 3364 2599 3409 et
2639 3353 2763 3410 illos
2789 3353 2913 3409 odio
2950 3352 3134 3409 habuit
3163 3352 3422 3420 mundus,
3463 3350 3552 3408 sed
3574 3364 3659 3406 non
3675 3346 3786 3420 satis;

2333 3457 2388 3503 et
2410 3447 2560 3502 illum
2590 3446 2714 3502 odio
2734 3445 2937 3514 habuit,
2977 3444 3070 3502 sed
3094 3445 3285 3517 gratis.
3338 3445 3465 3515 Qua
3486 3461 3578 3500 non
3594 3440 3786 3512 raptim:

2334 3540 2668 3595 exsolvebam.
2691 3537 2803 3593 Hoc
2821 3547 2904 3594 est
2922 3537 3108 3609 gratis.
3133 3536 3249 3593 Non
3273 3540 3449 3608 rapui,
3471 3546 3523 3594 et
3540 3532 3786 3593 cxsolvehn;

2337 3644 2443 3685 non
2469 3629 2704 3700 peccavi,
2730 3638 2785 3685 et
2812 3644 3000 3701 pinnas
3025 3628 3240 3684 dabam.
3279 3628 3442 3685 Solus
3472 3628 3600 3685 enim
3620 3627 3703 3698 ipse
3717 3620 3790 3682 tibi

2336 3721 2450 3791 ipse
2477 3735 2603 3776 vere
2655 3720 2784 3775 nihil
2828 3720 3022 3792 rapuit.
3061 3719 3179 3776 Non
3203 3719 3385 3776 solum
3428 3719 3552 3775 nihil
3578 3717 3717 3788 rapuit.
3743 3707 3791 3765 ειά

2335 3812 2494 3867 etiam
2516 3810 2657 3882 quod
2683 3825 2787 3866 non
2816 3810 2886 3866 de
2915 3810 3100 3882 rapina
3129 3809 3387 3876 habebat,
3414 3810 3515 3867 hoc
3538 3824 3590 3866 se
3608 3801 3792 3864 malvit.

2337 3913 2395 3959 ut
2433 3902 2499 3959 ad
2543 3918 2641 3959 nos
2668 3902 2896 3959 veniret.
2946 3900 3069 3957 Non
3098 3900 3241 3959 enim
3292 3903 3524 3975 rapinam
3548 3897 3795 3956 arbitratust

2337 4014 2443 4053 esse
2487 3995 2699 4067 wqualis
2744 3994 2894 4061 Deo;
2933 4003 2989 4051 et
3038 4003 3216 4051 tamen
3267 3996 3578 4064 semetipsum
3612 3983 3796 4048 Mi

2337 4092 2554 4160 fortnam
2572 4087 2700 4142 servi
2724 4086 2975 4158 accipiens
3007 4085 3265 4158 (Philipp.
3298 4103 3356 4152 ti,
3381 4088 3435 4155 6,
3460 4087 3530 4156 7).
3555 4082 3726 4141 Omnino
3737 4087 3797 4130 tua

2336 4180 2530 4250 rapuit.
2572 4177 2680 4235 Sed
2706 4178 2826 4249 quis
2854 4177 3073 4248 rapuit?
3101 4178 3299 4234 Adam.
3348 4178 3478 4246 Quis
3501 4174 3650 4248 rapuit
3669 4163 3797 4244 primo?

2338 4271 2430 4327 llle
2458 4272 2572 4342 ipse
2596 4271 2684 4341 qui
2710 4269 2928 4326 seduxit
2948 4269 3135 4325 Adam.
3162 4269 3444 4337 Quomodo
3460 4268 3610 4339 rapuit
3625 4253 3797 4320 diabolus?

2341 4361 2537 4419 Ponant
2564 4362 2729 4417 sedem
2755 4379 2917 4417 nteant
2940 4362 3008 4415 ad
3031 4363 3340 4433 aquilonem,
3372 4373 3417 4417 et
3443 4378 3522 4416 ero
3548 4354 3690 4414 similis
3705 4349 3795 4404 Αιιὶι·

2336 4458 2463 4510 simo
2495 4454 2645 4528 (Isai.
2670 4471 2777 4521 XIV,
2803 4455 2917 4525 15).
2951 4452 3236 4523 Usurpavit
3277 4454 3381 4509 sibi
3408 4451 3538 4524 quod
3562 4450 3795 4528 neum

2337 4555 2463 4602 rat:
2505 4525 2640 4603 ecce
2687 4545 2948 4617 rapinam.
3005 4544 3296 4616 Usurpavit
3344 4546 3445 4600 sibi
3485 4540 3683 4599 diabolus
3715 4525 3795 4601 ειυοά

2337 4652 2442 4693 non
2471 4645 2768 4707 acceperat,
2820 4634 3049 4706 perdidit
3073 4635 3213 4707 quod
3239 4644 3552 4707 acceperat;
3596 4641 3640 4687 et
3668 4624 3795 4691 dcitIsti

2335 4729 2499 4786 calice
2521 4728 2786 4799 superbia:
2823 4741 2953 4794 suat,
3001 4728 3050 4782 ei
3079 4743 3238 4798 quem
3279 4728 3520 4797 decipere
3545 4720 3793 4785 volebam?

2337 4823 2538 4895 pinavit
2569 4841 2582 4878 :
2617 4821 2846 4890 Gustata,
2896 4822 3085 4894 inquit,
3119 4832 3164 4876 et
3192 4822 3334 4876 eritis
3372 4824 3493 4876 sicut
3526 4818 3589 4872 dii
3618 4810 3792 4895 (Gallio

2337 4893 2414 4986 ὲ).
2461 4917 2669 4988 Rapere
2698 4917 2979 4972 voluerunt
3025 4914 3378 4979 divinitatem,
3414 4909 3696 4983 perdiderunt
3723 4893 3791 4950 teli»

2335 5012 2570 5068 citatem.
2602 5009 2695 5065 llle
2720 5025 2848 5080 ergo
2873 5009 3067 5079 rapuit,
3098 5017 3151 5062 et
3172 5007 3292 5062 ideo
3311 5005 3544 5061 exsolvit.
3568 5000 3790 5070 Egestum.

2336 5102 2521 5172 inquit,
2556 5116 2671 5172 qua:
2690 5116 2788 5154 non
2810 5101 2980 5170 rapui,
3012 5110 3130 5152 tunc
3154 5099 3485 5153 exsoloebam.
3514 5092 3611 5163 Ipse
3632 5080 3791 5172 Domillus

2337 5167 2694 5264 propinquans
2719 5167 2974 5261 passioni,
2999 5190 3052 5244 in
3074 5188 3366 5259 Evangelio
3391 5187 3464 5242 sic
3491 5181 3703 5253 loquitur;
3718 5167 3790 5223 ἰαί

2335 5286 2467 5340 venit
2494 5284 2726 5355 princeps
2769 5284 2922 5353 hujus
2956 5281 3149 5348 mundi,
3190 5280 3245 5335 id
3271 5276 3612 5337 est~diabolus,
3640 5266 3727 5323 ait!
3746 5268 3790 5355 ηεξ

2335 5376 2462 5431 nihil
2472 5346 2706 5443 inveniet,
2722 5374 2775 5429 id
2786 5384 2887 5438 est,
2902 5388 3066 5445 quare
3080 5346 3169 5428 me
3187 5371 3393 5427 occidat
3408 5385 3507 5427 non
3524 5346 3786 5449 inveniet;

2334 5477 2386 5523 ut
2399 5469 2557 5522 sciant
2573 5482 2744 5522 omnes
2760 5465 2879 5538 quia
2902 5465 3210 5519 voluntatem
3228 5463 3398 5517 Patris
3413 5461 3503 5514 mei
3514 5456 3639 5530 facie,
3653 5448 3783 5538 *πίνεις

2334 5576 2502 5616 eamus
2516 5557 2694 5630 (Joan.
2708 5527 2914 5629 xxv,'50)
2934 5575 2948 5612 :
2972 5567 3025 5629 et
3046 5558 3101 5612 iit
3119 5556 3185 5612 ad
3205 5527 3689 5625 passionem,solverc
3702 5527 3787 5630 αξιοδ

2332 5667 2437 5708 non
2458 5626 2647 5724 rapuit.
2673 5650 2807 5718 Quid
2834 5626 2917 5706 est.
2942 5626 3104 5716 enim,
3126 5651 3179 5703 in
3201 5665 3277 5721 tne
3297 5626 3786 5724 iii/tilinscttietiNlilFi"
3838 5626 3839 5697 Ϊ

2332 5715 2557 5815 cttlpatn.
2589 5747 2665 5799 An
2684 5715 2876 5814 aliquid
2903 5716 3483 5815 pet'didittletlphtvtsint
3502 5715 3786 5787 dimitti?!“

2403 5865 2418 5891 ι
2455 5862 2524 5908 sic
2545 5858 2640 5907 duo
2661 5864 2767 5909 MSS.
2792 5856 2875 5923 alii
2896 5868 3139 5919 verofgtttt
3163 5852 3289 5913 rdd.,

3014 5951 3059 5969 χ
