3912 6416
1364 342 1375 347 η.
1399 326 1493 347 fw“
1518 330 1525 337 ‘

87 455 199 516 849

78 571 338 627 discutiat
352 578 596 641 raptores
613 569 654 635 ¹;
681 567 808 623 nihil
828 564 968 635 apud
984 579 1062 619 me
1080 563 1318 619 inveniet.
1332 562 1532 618 Tamen
1552 560 1683 617 nihil

79 664 334 732 rapuisse
357 677 416 718 se
438 661 589 727 dicit,
614 667 888 730 peccatum
910 655 1212 723 attendens,
1243 654 1373 710 nihil
1397 668 1685 724 usurpasse

78 756 232 826 quod
261 755 377 825 ejus
421 769 527 808 non
557 760 737 817 esset;
786 749 890 805 hoc
919 758 1001 806 est
1029 748 1171 805 enim
1197 747 1420 819 rapina»,
1450 745 1554 802 hoc
1584 745 1684 801 ini-

78 846 345 915 qttitatis:
399 857 522 898 nam
552 842 621 896 ah
645 841 762 914 ipso
784 839 999 895 diabolo
1041 837 1267 893 extorsit
1293 850 1430 909 quos
1455 836 1570 908 ipse
1599 849 1686 890 ra-

78 947 299 1009 puerat.
333 935 520 1003 Nemo,
551 935 742 1004 inquit,
770 934 826 988 in
850 933 1057 988 domum
1084 931 1234 1004 fortis
1257 931 1433 997 intrat,
1480 938 1526 984 et
1565 945 1687 984 vasa

77 1031 198 1100 ejus
226 1028 420 1100 diripit,
448 1026 546 1081 nisi
561 1026 703 1097 prius
721 1024 1003 1096 alligaverit
1022 1023 1203 1093 fortem
1224 1019 1681 1091 (Mattlt.xu,29).

77 1118 342 1190 [illigavit
369 1117 583 1183 fortem,
625 1125 679 1172 et
705 1130 833 1171 vasa
855 1114 971 1184 ejus
997 1113 1237 1183 diripuit,
1291 1120 1438 1168 certe
1467 1126 1574 1165 non
1598 1123 1685 1165 ra-

78 1211 236 1280 puit;
263 1209 358 1265 sed
406 1207 696 1279 respondet
725 1206 818 1262 tibi
858 1224 872 1261 :
910 1205 1043 1260 Vasa
1068 1204 1168 1260 ista
1211 1202 1279 1259 de
1304 1202 1467 1259 domo
1493 1215 1684 1273 magna

78 1316 210 1358 mea
234 1302 537 1371 perierant;
568 1314 673 1353 non
700 1296 896 1353 furtum
928 1296 1047 1361 feci,
1079 1295 1170 1351 sed
1195 1291 1393 1349 furtum
1424 1293 1624 1365 recepi.

158 1392 185 1445 1
199 1392 251 1448 0.
282 1389 411 1464 [vers
435 1388 515 1462 6.]
530 1389 669 1444 Deus
695 1396 750 1442 tu
772 1387 943 1442 scisti’
964 1385 1356 1457 imprudentiam
1376 1392 1559 1439 meum.
1577 1382 1682 1440 Ite—

79 1501 212 1540 rum
234 1499 298 1539 ex
319 1499 413 1539 ore
437 1482 701 1552 corporis.
714 1479 847 1536 Nam
868 1494 987 1551 qua:
1004 1477 1357 1549 imprudentia
1379 1476 1432 1531 in
1449 1475 1686 1532 Christo?

79 1575 280 1632 Nonne
302 1576 414 1648 ipse
440 1583 524 1629 est
548 1573 641 1629 Dei
671 1570 852 1628 Virtus
875 1579 931 1627 et
956 1570 1052 1626 Dei
1085 1567 1399 1640 Sapientia?
1424 1569 1507 1622 An
1540 1566 1684 1621 illam

80 1664 223 1722 dicit
257 1664 673 1737 imprudentiam
713 1678 885 1727 suam,
924 1661 993 1718 de
1024 1675 1128 1732 qua
1175 1658 1307 1715 dicit
1351 1658 1681 1728 Apostolus:

85 1755 321 1812 Stultum
362 1754 459 1810 Dei
501 1754 779 1825 sapientius
823 1762 896 1808 est
934 1750 1218 1807 hominibus
1255 1748 1309 1819 (Ι
1332 1746 1452 1806 Cor.
1483 1748 1686 1817 1,25)?

80 1846 497 1919 Imprudentium
536 1863 700 1901 meum
729 1862 748 1900 :
777 1845 878 1902 hoc
918 1846 1090 1916 ipsum
1115 1842 1257 1914 quod
1285 1843 1339 1897 in
1366 1858 1452 1898 me
1501 1843 1685 1897 irrise-

83 1948 217 1996 runt
248 1941 337 2011 qui
361 1939 461 1995 sibi
487 1938 734 1994 videntur
768 1952 887 1995 esse
916 1938 1206 2007 sapientes.
1249 1935 1331 1991 Tu
1356 1935 1503 1992 scisti
1522 1950 1687 2005 quare

90 2029 248 2088 ﬁeret
279 2047 292 2085 :
324 2040 377 2085 tu
417 2030 556 2085 scisti
594 2029 985 2101 imprudentiam
1031 2043 1213 2083 meam.
1241 2026 1377 2096 Quid
1405 2027 1548 2083 enim
1577 2035 1685 2082 tam

100 2123 282 2180 simile
322 2122 717 2195 imprudentiae,
746 2136 903 2192 quam
931 2135 1052 2177 cum
1079 2120 1300 2176 haberet
1322 2119 1374 2175 in
1400 2128 1682 2191 potestate,

97 2230 199 2271 una
227 2230 357 2271 voce
385 2229 511 2271 suos
533 2224 910 2286 persecutores
937 2222 1301 2284 prosternere,
1332 2220 1389 2266 ut
1414 2220 1687 2282 pateretur

94 2324 154 2366 se
171 2309 360 2377 teneri,
376 2308 650 2380 ﬂagellari,
667 2307 912 2377 conspui,
927 2304 1271 2376 colaphizari,
1285 2304 1452 2374 spinis
1469 2318 1688 2360 corona-

94 2400 162 2467 ri,
180 2400 325 2471 ligno
362 2398 543 2471 afﬁgi?
565 2397 941 2467 Imprudentia:
970 2396 1144 2451 simile
1164 2404 1274 2460 est;
1294 2396 1511 2449 stultum
1534 2394 1685 2450 vide-

95 2501 184 2548 tur
201 2509 213 2546 :
230 2490 327 2548 sed
351 2491 569 2548 stultum
591 2490 692 2547 hoc
704 2498 919 2561 superat
934 2503 1123 2545 omnes
1143 2490 1431 2558 sapientes.
1451 2487 1683 2543 Stultum

93 2585 306 2655 quidem
334 2594 419 2640 est
441 2602 454 2639 :
474 2582 566 2639 St‘d
589 2592 643 2639 et
662 2597 884 2655 granum
902 2579 1116 2652 quando
1155 2578 1298 2636 cadit
1321 2579 1373 2634 iu
1403 2587 1620 2647 terram,
1640 2579 1686 2634 si

93 2692 252 2733 nemo
265 2678 397 2732 sciat
407 2675 843 2732 consuetudinem
855 2670 1447 2744 agricolarum,stultnm
1462 2671 1685 2728 videtur.

95 2766 307 2823 Labore
335 2782 527 2836 magno
549 2767 783 2832 metitur,
812 2773 1050 2835 portatur
1074 2763 1139 2818 ad
1162 2778 1365 2827 arcam,
1386 2763 1682 2829 trituratur,

93 2860 409 2914 ventilatur:
432 2868 547 2929 post
567 2868 711 2913 tanta
737 2856 972 2930 pericula
993 2856 1114 2912 coeli
1131 2864 1187 2911 et
1219 2861 1688 2925 tcmpestatum,et

93 2948 308 3006 labores
334 2950 723 3004 rusticanorum
747 2962 1037 3017 curamque
1065 2947 1429 3013 dominorum,
1461 2944 1688 3000 mittitur

93 3040 149 3095 in
207 3040 454 3095 horreum
497 3040 822 3095 frumentum
865 3048 1164 3109 purgatum.
1203 3037 1357 3093 Venit
1397 3036 1603 3103 hiems;
1631 3047 1689 3093 et

94 3129 242 3202 quod
278 3141 555 3202 purgatura
600 3140 736 3196 erat,
764 3129 1033 3200 profertur
1060 3137 1115 3184 et
1143 3128 1419 3199 projicitur
1446 3145 1461 3183 :
1485 3129 1687 3200 impru-

89 3223 274 3280 dentia
305 3223 547 3289 videtur;
576 3221 668 3278 sed
696 3231 755 3278 ut
779 3237 885 3276 non
907 3221 978 3275 sit
997 3220 1373 3291 imprudentia,
1392 3234 1516 3291 spes
1537 3219 1682 3277 facit.

88 3313 218 3370 Non
251 3329 380 3386 ergo
405 3314 494 3370 ille
521 3312 761 3386 pepercit
781 3312 913 3380 sibi;
942 3312 1066 3383 quia
1095 3322 1150 3367 et
1180 3311 1336 3366 Pater
1357 3311 1428 3365 illi
1454 3328 1556 3367 non
1593 3328 1684 3383 pe-

91 3408 275 3477 percit,
299 3406 388 3460 sed
411 3422 504 3477 pro
529 3405 671 3459 nobis
698 3405 927 3460 omnibus
952 3403 1163 3458 tradidit
1197 3403 1340 3458 illum
1369 3401 1544 3476 (Rom.
1565 3419 1680 3472 VIII,

93 3494 214 3567 32).
246 3495 313 3550 Et
339 3494 407 3550 de
447 3496 584 3565 ipso,
619 3492 720 3560 Qui
759 3493 934 3548 dilexit
961 3510 1060 3559 me,
1105 3492 1276 3562 inquit
1304 3493 1610 3562 Apostolus,
1638 3503 1686 3548 et

94 3587 311 3642 tradidit
353 3588 575 3658 seipsum
620 3602 713 3657 pro
740 3602 819 3641 me
842 3583 988 3657 (Gal.
1023 3600 1081 3652 ιι,
1110 3584 1205 3657 20)
1232 3602 1245 3637 :
1275 3585 1398 3655 quia
1440 3603 1680 3656 granum,

92 3678 198 3733 nisi
234 3678 466 3733 ceciderit
506 3678 560 3731 in
586 3687 773 3732 terram
796 3686 852 3731 ut
890 3677 1157 3745 moriatur,
1199 3680 1441 3748 fructum,
1487 3678 1678 3748 inquit,

93 3785 200 3826 non
242 3770 415 3824 reddet
449 3768 631 3835 (Joan.
658 3767 849 3837 x1524,
880 3767 994 3840 25).
1025 3768 1152 3824 llmc
1177 3777 1261 3824 est
1288 3768 1681 3839 imprudentia;

94 3864 194 3920 sed
221 3872 275 3919 tu
301 3862 442 3920 nosti
483 3863 629 3919 illam
660 3881 675 3917 :
704 3862 793 3920 isti
836 3871 1012 3919 autem
1042 3861 1089 3917 si
1115 3863 1509 3934 cognovissent,
1542 3880 1681 3920 nun-

96 3967 263 4024 quam
303 3954 585 4010 Dominum
635 3952 820 4026 gloria:
849 3952 1241 4010 cruciﬁxissent
1269 3953 1324 4024 (Ι
1347 3952 1465 4009 Cor.
1497 3970 1555 4022 ιι,
1586 3954 1681 4027 8).

92 4046 260 4114 Deus,
286 4058 339 4102 tu
361 4047 500 4102 scisti
527 4047 921 4118 imprudentiam
949 4062 1111 4100 meam
1127 4062 1146 4111 ;
1167 4055 1214 4099 et
1239 4045 1421 4100 delicta
1441 4062 1551 4101 mea
1581 4063 1614 4100 a
1638 4056 1685 4101 te

91 4152 199 4193 non
220 4147 335 4193 sunt
361 4137 673 4194 abscondita.
697 4136 809 4193 Hoc
829 4138 1008 4208 plane,
1031 4135 1224 4204 lucide,
1250 4148 1452 4209 aperte,
1474 4138 1594 4209 quia
1618 4152 1682 4194 ex

94 4245 195 4288 ore
218 4231 459 4303 corporis
484 4229 885 4303 intelligendum
921 4239 1023 4287 est.
1042 4230 1244 4286 Delicta
1271 4231 1413 4286 nulla
1439 4229 1683 4287 Christus

94 4321 317 4388 habuit;
347 4321 446 4378 fuit
470 4321 790 4379 delictorum
828 4331 1126 4393 susceptor,
1157 4321 1251 4377 sed
1295 4338 1400 4377 non
1427 4323 1683 4378 commis-

94 4428 212 4469 sor.
246 4411 315 4467 Et
356 4413 541 4469 delicta
582 4430 697 4469 mea
720 4423 823 4471 ate
845 4430 946 4469 non
988 4423 1106 4469 sunt
1148 4412 1440 4468 abscondita
1461 4430 1481 4469 :
1503 4414 1554 4469 id
1576 4423 1679 4480 est,

92 4504 381 4561 confessus
424 4520 543 4561 sum
589 4504 683 4561 tibi
729 4506 906 4560 omnia
953 4504 1148 4561 delicta
1194 4520 1343 4571 mea;
1370 4513 1426 4561 et
1450 4514 1576 4561 ante
1618 4521 1681 4562 os

91 4612 281 4655 meum
321 4597 500 4653 vidisti
528 4612 591 4653 ea
618 4596 674 4653 in
721 4598 1044 4667 cogitatione
1082 4610 1220 4662 mea,
1245 4596 1425 4653 vidisti
1463 4596 1681 4653 vulnera

90 4705 220 4763 qua:
262 4705 504 4747 sanares.
544 4688 651 4746 Sed
698 4688 825 4744 ubi?
855 4687 1049 4758 Utique
1076 4688 1127 4742 in
1156 4702 1401 4757 corpore,
1434 4688 1488 4742 in
1518 4703 1685 4743 mem-

92 4783 239 4849 bris;
264 4784 317 4839 in
338 4783 442 4840 illis
481 4781 741 4845 ﬁdelibus,
763 4779 905 4834 unde
946 4778 1020 4834 illi
1070 4777 1308 4834 hatrebat
1349 4779 1458 4848 jam
1509 4795 1681 4835 mem-

90 4875 254 4933 brum
284 4875 409 4931 illud
441 4875 582 4947 quod
607 4872 957 4930 conﬁtebatur
985 4882 1199 4941 peccata
1227 4886 1345 4927 sua.
1369 4869 1439 4924 Et
1475 4871 1680 4938 delicta,

92 4969 293 5040 inquit,
321 4984 433 5023 mea
459 4985 491 5022 a
521 4977 566 5021 te
591 4984 692 5022 non
720 4975 837 5022 sunt
862 4963 1175 5020 abscondita.

168 5060 232 5116 Η
246 5098 260 5113 .
281 5058 432 5132 (vers.
461 5057 540 5132 7.]
565 5057 683 5113 Non
708 5057 1000 5113 erubescant
1017 5057 1071 5111 in
1087 5070 1185 5123 me,
1201 5055 1286 5125 qui
1307 5064 1355 5109 te
1373 5063 1681 5126 exspectant,

88 5152 336 5219 Domine,
363 5150 581 5206 Domine
616 5152 874 5205 virtutum.
921 5150 1124 5204 Rursus
1165 5163 1265 5202 vox
1311 5148 1521 5218 capitis,
1563 5146 1685 5202 Non

88 5243 386 5301 erubescant
412 5244 466 5298 in
492 5260 572 5298 me
597 5259 617 5298 :
645 5258 748 5297 non
783 5241 1138 5304 dicatnrillis,
1189 5238 1292 5294 Ubi
1337 5247 1420 5294 est
1468 5238 1535 5295 de
1578 5253 1683 5309 quo

89 5331 541 5406 prtesumehatis‘?
566 5348 673 5389 non
716 5332 926 5388 dicatur
964 5331 1094 5397 illis,
1140 5329 1243 5386 Ubi
1288 5339 1371 5385 est
1411 5330 1501 5400 qui
1530 5331 1682 5386 vobis

89 5427 329 5492 dicebat,
359 5424 591 5482 Credite‘
616 5427 669 5481 in
700 5425 882 5491 Deum,
900 5436 946 5480 et
967 5425 1019 5479 in
1045 5440 1124 5478 me
1146 5423 1333 5478 credite
1361 5423 1538 5495 (Joan.
1570 5438 1678 5492 ιιν,

88 5519 186 5588 i)?
215 5517 340 5575 Non
366 5518 657 5575 erubescant
683 5521 736 5574 in
775 5534 873 5587 me,
902 5518 988 5588 qui
1016 5527 1063 5572 te
1085 5525 1395 5587 exspectant,
1437 5515 1677 5585 Domine,

152 5700 173 5771 ξ
208 5701 285 5771 sic
301 5700 527 5771 plerique
549 5706 656 5771 ηεξ·
682 5703 863 5771 Δεῖναν,
876 5690 1458 5771 rarenter-iratior?-

150 5762 286 5826 ’,διο
306 5763 356 5812 in
377 5755 542 5826 probae
565 5769 692 5811 noue
715 5768 819 5810 uss.
839 5755 901 5808 ’Λι
935 5755 988 5808 in
1024 5757 1136 5808 add.
1159 5756 1239 5808 hic
1261 5755 1354 5818 eat,
1392 5761 1444 5807 ta
1478 5755 1604 5819 scis;
1629 5762 1684 5807 et

81 5822 620 5891 μμιοροεειὶωεείδιὶε
712 5886 741 5891 -_
806 5887 816 5891 _
940 5890 943 5891 ,
1034 5889 1067 5891 η
1203 5880 1333 5891 Α-..

149 5887 173 5919 ³
203 5880 284 5937 sic
302 5880 525 5953 plerique
549 5898 599 5938 et
632 5886 846 5938 melioris
870 5890 997 5935 not-tr.
1031 5889 1138 5933 uss.
1167 5888 1220 5931 Αι
1242 5880 1373 5943 add,
1410 5880 1607 5933 creditis
1628 5880 1678 5931 in

81 5955 266 6002 Dem

1160 444 1558 504 ENABRATIO
1596 443 1663 502 IN
1701 444 2030 504 PSALMUM
2068 444 2296 503 LXVIII.

3269 447 3380 506 850

1791 562 2007 619 Domine
2026 563 2284 618 virtutum.
2303 561 2423 617 Non
2442 561 2820 634 confundantur
2843 576 2995 633 super
3019 579 3115 630 me,
3138 565 3224 636 qui
3241 546 3381 636 quer.

1790 666 1909 710 runt
1937 666 2000 722 te,
2026 655 2165 711 Deus
2193 653 2381 712 Israel.
2408 654 2589 710 Potest
2616 653 2718 709 hoc
2744 663 2797 709 et
2817 669 2846 709 a
2866 669 3092 724 corpore
3116 656 3375 728 intelligi;

1792 746 1887 802 sed
1914 746 1962 802 si
1989 761 2185 816 corpus
2213 747 2330 816 ejus
2359 761 2465 802 non
2492 762 2658 801 unum
2706 746 2976 802 hominem
3007 761 3173 818 ponas
3204 765 3217 800 :
3250 749 3375 819 quia

1792 854 1977 896 revera
2000 854 2106 894 non
2136 849 2218 895 est
2256 854 2393 895 unus
2422 841 2582 894 homo
2605 852 2801 908 corpus
2825 839 2960 908 ejus.
2994 838 3091 894 sed
3121 838 3372 910 exiguum

1791 933 2123 997 membrum;
2149 947 2344 1004 corpus
2371 942 2547 988 autem
2588 948 2653 987 ex
2700 932 2956 987 membris
2984 940 3215 986 constat.
3245 934 3378 987 Cor-

1790 1041 1892 1097 pus
1907 1038 2035 1097 ergo
2058 1030 2173 1095 ejus
2197 1024 2433 1095 plenum,
2456 1032 2561 1079 tota
2590 1022 2847 1078 Ecclesia.
2867 1022 3055 1078 Merito
3080 1037 3208 1094 ergo
3246 1022 3369 1078 dicit

1790 1117 2076 1175 Ecclesia:
2110 1115 2232 1172 Non
2274 1116 2564 1171 erubescant
2608 1116 2662 1169 in
2700 1132 2799 1181 me,
2846 1114 2933 1184 qui
2978 1124 3025 1170 te
3061 1125 3377 1183 exspectant,

1791 1206 2034 1274 Domine,
2070 1205 2285 1262 Domine
2328 1207 2589 1260 virtutum.
2622 1205 2737 1260 Non
2766 1207 2844 1261 sic
2873 1203 3078 1276 afﬂigar
3105 1205 3173 1261 ab
3199 1206 3376 1262 insur-

1790 1298 2035 1371 gentibus
2062 1296 2514 1368 persecutoribus,
2545 1310 2650 1351 nou
2683 1297 2761 1352 sic
2789 1296 3005 1352 obterar
3032 1297 3100 1352 ab
3131 1297 3376 1355 inviden-

1792 1390 1933 1447 tibus
1960 1390 2187 1444 inimicis
2214 1389 2368 1453 meis,
2397 1389 2466 1444 ab
2494 1387 2882 1444 oblatrantibus
2911 1388 3179 1445 licerelicis
3214 1391 3302 1461 qui
3346 1406 3379 1446 a

1790 1498 1879 1539 me
1903 1482 2165 1547 exierunt,
2203 1482 2324 1552 quia
2363 1495 2471 1538 non
2508 1489 2663 1536 erant
2687 1495 2755 1537 ex
2784 1496 2899 1549 me;
2926 1496 3047 1535 nam
3075 1482 3120 1536 si
3155 1481 3381 1538 fuissent

1791 1592 1855 1631 ex
1878 1591 1984 1641 me,
2002 1590 2211 1630 mecum
2233 1573 2450 1629 forsitan
2482 1574 2903 1643 permansissent
2925 1573 2975 1644 (l
2995 1572 3151 1628 Joan.
3181 1589 3241 1641 ιι,
3266 1573 3379 1638 l9).

1790 1665 1906 1722 Non
1930 1666 2008 1722 sic
2042 1680 2227 1721 eorum
2271 1663 2532 1720 scandulis
2562 1679 2795 1731 premar,
2825 1673 2877 1717 ut
2904 1663 3196 1718 erubescant
3221 1664 3274 1718 in
3302 1679 3382 1718 me

1790 1762 1878 1834 qui
1901 1772 1947 1816 te
1975 1770 2284 1832 exspectant,
2308 1759 2524 1814 Domine
2546 1800 2559 1823 ,
2576 1757 2795 1813 Domine
2822 1759 3086 1814 virtutum.
3115 1756 3234 1813 Non
3259 1774 3383 1813 con-

1791 1853 2075 1923 fundantur
2102 1867 2257 1923 super
2278 1867 2376 1915 me,
2399 1850 2483 1922 qui
2505 1858 2735 1921 quierunt
2764 1858 2829 1911 te,
2864 1847 3000 1902 Deus
3031 1846 3219 1902 Israel.

1864 1944 1951 2000 i2.
1997 1943 2145 2017 [vers.
2169 1941 2250 2017 8.]
2294 1941 2545 2011 Quoniam
2592 1950 2799 2012 propter
2838 1950 2886 1995 te
2925 1940 3145 1995 sustinui
3189 1954 3377 2011 expro-

1793 2036 2101 2101 brationem,
2155 2034 2352 2105 aperuit
2396 2033 2720 2087 irreverentia
2761 2031 2944 2101 faciem
2993 2046 3177 2085 nteant.
3235 2026 3379 2086 Nihil

1792 2144 2042 2200 magnum
2071 2136 2153 2182 est
2190 2126 2329 2197 quod
2357 2126 2572 2189 dicitur,
2600 2125 2855 2190 sustinui,-
2882 2124 2974 2179 sed
2996 2122 3135 2194 quod
3161 2122 3375 2190 dicitur,

1793 2232 2003 2297 propter
2030 2232 2077 2277 te
2100 2222 2335 2277 sustinui.
2366 2221 2425 2277 Si
2462 2221 2605 2276 enim
2647 2219 2901 2286 sustines,
2948 2218 3071 2289 quia
3114 2218 3374 2287 peccasti;

1790 2323 2010 2388 propter
2050 2324 2104 2369 te
2144 2314 2397 2379 sustines,
2440 2327 2545 2367 non
2589 2321 2805 2382 propter
2846 2310 3034 2366 Deum.
3084 2309 3210 2376 Quae
3246 2310 3381 2364 enim

1791 2408 1929 2463 vobis
1969 2406 2133 2479 gloria
2183 2415 2276 2469 est,
2308 2405 2383 2458 ait
2410 2403 2621 2468 Petrus,
2650 2404 2695 2456 si
2732 2409 2991 2472 peccantes
3030 2400 3300 2472 punimini,
3331 2409 3382 2455 et

1790 2498 2013 2566 suffertis
2046 2496 2088 2569 (l
2109 2496 2251 2552 Petr.
2278 2511 2337 2565 ιι,
2368 2494 2499 2567 20)?
2520 2494 2578 2550 Si
2620 2502 2795 2549 autem
2827 2493 3056 2550 susﬁncs
3082 2494 3205 2564 quia
3232 2508 3381 2548 man-

1791 2590 1976 2646 datum
2004 2589 2099 2645 Dei
2139 2588 2383 2654 servasti,
2412 2601 2541 2642 vere
2578 2595 2794 2657 propter
2830 2586 2997 2641 Deum
3026 2586 3292 2651 sustines;
3323 2594 3380 2641 et

1792 2697 1999 2738 merces
2047 2691 2131 2736 tua
2178 2689 2359 2737 manet
2385 2680 2437 2735 in
2468 2689 2749 2745 aeternum,
2780 2680 2903 2750 quia
2946 2686 3164 2749 prepter
3212 2679 3382 2734 Deum

1792 2773 2087 2831 sustinuisti
2115 2772 2420 2843 opprobria.
2448 2770 2570 2827 Ideo
2612 2772 2754 2826 enim
2792 2770 2938 2842 prior
2962 2769 3056 2825 ille
3098 2769 3373 2836 sustinuit,

1790 2875 1852 2924 ut
1876 2882 1977 2922 nos
2004 2866 2270 2921 sustinere
2297 2865 2644 2921 disceremus.
2675 2863 2743 2918 Et
2762 2862 2807 2917 si
2829 2862 2941 2927 ille,
2963 2862 3054 2932 qui
3077 2875 3183 2916 non
3213 2859 3382 2917 habe-

1789 2959 1883 3018 bat
1903 2958 2043 3031 quod
2076 2958 2148 3014 illi
2169 2957 2545 3027 objiciebatur;
2579 2964 2775 3024 quanto
2800 2953 2971 3024 magis
3010 2966 3107 3008 nos
3136 2951 3245 3023 qui,
3277 2952 3380 3008 etsi

1790 3068 1898 3110 non
1938 3052 2196 3108 habemus
2220 3059 2500 3122 peccatum
2541 3046 2684 3119 quod
2719 3046 2871 3103 nobis
2899 3045 3082 3115 objicit
3108 3043 3378 3111 inimicus,

1791 3145 2051 3203 habemus
2083 3153 2258 3199 tamen
2286 3142 2512 3197 alterum
2542 3138 2684 3211 quod
2727 3138 2885 3210 digne
2911 3138 2964 3192 in
3001 3135 3153 3195 nobis
3190 3134 3379 3207 flagel-

1790 3237 1966 3295 letur?
2009 3236 2202 3292 Nescio
2244 3236 2365 3305 quis
2414 3241 2465 3288 te
2516 3231 2686 3286 furem
2728 3229 2876 3295 dicit,
2903 3237 2958 3285 et
3000 3244 3108 3284 non
3150 3242 3209 3284 es
3248 3226 3376 3282 fur:

1788 3328 1944 3384 audis
1970 3326 2346 3398 opprobrium;
2375 3338 2482 3398 non
2517 3332 2691 3377 tamen
2721 3321 2798 3377 sic
2828 3336 2932 3376 non
2954 3334 3015 3376 es
3056 3319 3157 3386 fur,
3185 3327 3246 3374 ut
3270 3332 3379 3376 non

1790 3421 1864 3476 sis
1888 3393 2087 3490 aliquid
2116 3417 2259 3489 quod
2292 3417 2401 3471 Deo
2427 3393 2697 3484 displicet.
2728 3414 2898 3469 Porro
2923 3412 2967 3466 si
2996 3411 3085 3467 ille
3130 3408 3222 3481 qui
3261 3423 3379 3465 om-

1789 3513 1918 3567 nino
1948 3510 2080 3564 nihil
2109 3518 2376 3579 rapuerat,
2408 3506 2500 3577 qui
2529 3506 2806 3561 verissime
2835 3504 3064 3570 dixerat,
3086 3500 3219 3556 Ecce
3243 3501 3380 3558 venit

1792 3604 2027 3674 princeps
2054 3601 2234 3655 mundi
2276 3599 2452 3668 hujus,
2480 3608 2529 3652 et
2557 3598 2611 3651 in
2651 3612 2730 3650 me
2766 3595 2898 3649 nihil
2937 3592 3172 3658 inveniet,
3201 3592 3379 3649 dictus

1788 3703 1873 3751 est
1893 3700 2142 3765 peccator
2175 3689 2353 3762 (Joan.
2379 3704 2453 3755 ix,
2481 3686 2599 3759 24),
2629 3687 2802 3742 dictus
2827 3694 2909 3741 est
2937 3685 3173 3754 iniquus,
3200 3683 3376 3740 dictus

1789 3795 1871 3841 est
1896 3782 2194 3840 Beelzebub
2219 3780 2433 3852 (Matth.
2460 3796 2518 3845 x,
2546 3778 2662 3849 25),
2687 3777 2860 3833 dictus
2904 3785 2989 3832 est
3033 3776 3285 3843 insanus;
3317 3786 3376 3832 tu

1788 3874 2113 3946 dedignaris,
2136 3888 2309 3937 serve,
2341 3870 2527 3926 audire
2556 3885 2652 3940 pro
2679 3867 2886 3925 meritis
2924 3866 3050 3934 tuis,
3079 3864 3223 3937 quod
3266 3865 3375 3923 Do.

1788 3969 1964 4026 minus
2007 3965 2209 4021 audivit
2252 3964 2415 4020 nullis
2454 3961 2662 4017 meritis
2701 3959 2848 4016 suis?
2888 3959 2983 4017 Ille
3013 3959 3157 4014 venit
3198 3967 3255 4013 ut
3281 3959 3376 4016 tibi

1787 4062 2052 4134 praeberet
2073 4059 2398 4130 exemplum.
2431 4055 2592 4124 Quasi
2624 4053 2791 4124 gratis
2820 4052 2921 4110 hoc
2954 4051 3155 4117 fecerit,
3175 4052 3288 4107 sic‘
3320 4059 3375 4107 tu

1788 4169 1895 4210 non
1922 4151 2158 4224 proﬁcis.
2184 4151 2361 4220 Quare
2410 4149 2554 4204 enim
2584 4146 2674 4202 ille
2701 4144 2920 4211 audivit,
2960 4143 3060 4199 nisi
3080 4150 3140 4198 ut
3166 4150 3225 4197 tu
3251 4156 3376 4200 cum

1787 4247 2003 4303 audires
2045 4260 2152 4301 non
2195 4241 2486 4298 deficeres?
2534 4240 2672 4295 Ecce
2721 4246 2780 4292 tu
2828 4235 3000 4299 audis,
3030 4242 3086 4291 et
3133 4232 3363 4291 deﬁcis:

1788 4341 1985 4399 frustra
2012 4352 2141 4410 ergo
2166 4337 2256 4392 ille
2290 4333 2523 4400 audivit;
2557 4346 2663 4388 non
2708 4329 2852 4387 enim
2899 4338 3116 4398 propter
3158 4342 3238 4392 se,
3280 4325 3377 4384 sed

1788 4442 2007 4506 propter
2032 4442 2084 4488 te
2108 4428 2328 4485 audivit.
2370 4426 2623 4495 Quoniam
2652 4438 2837 4495 proper
2867 4436 2914 4475 te
2936 4420 3150 4477 sustinui
3189 4435 3376 4490 expro-

1789 4526 2084 4591 brationem,
2129 4522 2327 4592 operuit
2375 4516 2699 4573 irreverentia
2737 4514 2918 4584 faciem
2961 4528 3144 4566 meam.
3176 4509 3378 4565 Irreve-

1786 4619 1971 4684 rentia,
2000 4615 2189 4687 inquit,
2214 4611 2415 4685 aperuit
2445 4609 2629 4682 faciem
2653 4622 2835 4661 meam.
2868 4601 3218 4659 irreverentia
3249 4600 3377 4672 quid

1788 4712 1910 4768 est?
1946 4709 2063 4766 Non
2111 4703 2386 4763 confundi.
2440 4701 2677 4771 Denique
2716 4697 2872 4770 quasi
2912 4696 3098 4751 vitium
3141 4693 3371 4762 videtur,

1787 4819 1909 4860 cum
1951 4802 2147 4858 dicitur
2178 4816 2193 4852 :
2223 4796 2532 4853 lrreverens
2581 4790 2746 4845 homo
2783 4796 2885 4844 est.
2934 4786 3121 4857 Magna
3166 4785 3376 4841 irreve—

1787 4894 1959 4951 rentia
2005 4889 2260 4951 homiuis,
2306 4900 2412 4941 non
2452 4882 2602 4939 illum
2630 4879 2972 4936 erubescere.
3003 4876 3143 4946 Ergo
3171 4877 3377 4932 irreve-

1786 4986 1958 5044 rentia
1985 4983 2136 5055 quasi
2180 4976 2511 5049 impudentia
2548 4981 2650 5030 est.
2680 4971 2904 5043 Oportet
2926 4977 2985 5024 ut
3015 4967 3207 5023 habeat
3232 4965 3378 5022 chri-

1789 5080 1995 5137 stianus
2038 5072 2445 5132 irreverentiam
2501 5068 2680 5133 istam,
2729 5063 2944 5136 quando
2982 5061 3193 5116 venerit
3233 5059 3376 5117 inter

1788 5172 2034 5228 homines
2058 5164 2253 5239 quibus
2294 5163 2541 5234 displicet
2582 5158 2849 5215 Christus.
2881 5157 2938 5213 Si
2990 5151 3267 5211 erubuerit
3306 5150 3376 5210 de

1788 5263 2023 5327 Christo,
2062 5258 2326 5315 delebitur
2350 5253 2418 5311 de
2447 5254 2580 5309 libro
2610 5251 2919 5306 viventium.
2950 5246 3095 5317 Opus
3123 5252 3209 5301 est
3237 5258 3369 5315 ergo

1788 5366 1848 5413 ut
1904 5356 2103 5408 habeas
2158 5345 2598 5410 irreverentiam,
2641 5340 2853 5413 quando
2902 5337 2995 5392 tibi
3039 5335 3109 5393 de
3158 5333 3375 5393 Christo

1790 5447 2107 5510 insnltatur;
2136 5441 2351 5514 quando
2375 5440 2586 5505 dicitur,
2615 5434 2800 5490 Cultor
2824 5423 3095 5495 cruciﬁxi,
3124 5429 3378 5484 adorator

1787 5542 1927 5599 male
1971 5536 2197 5595 mortui.
2248 5539 2531 5588 venerator
2594 5526 2800 5582 occisi:
2836 5523 2927 5578 hic
2968 5521 3015 5576 si
3061 5518 3373 5587 erubueris,

1787 5644 2030 5692 mortuus
2057 5646 2138 5687 es.
2167 5624 2499 5684 Sententiam
2549 5619 2744 5690 quippe
2769 5616 2939 5686 ipsius
2980 5612 3124 5681 vide,
3158 5611 3248 5683 qui
3274 5625 3374 5667 ne-

1788 5729 1988 5785 minem
2038 5721 2217 5777 fallit:
2252 5719 2352 5786 Qui
2398 5730 2475 5769 me
2504 5709 2754 5765 erubuerit
2791 5723 2959 5761 coram
3000 5704 3377 5769 liominibus,et

1786 5839 1880 5896 ego
1917 5817 2203 5874 erubescam
2228 5827 2341 5866 cum
2378 5822 2547 5861 coram
2591 5801 2793 5872 Angelis
2835 5798 2935 5854 Dei
2964 5797 3114 5871 (Luc.
3150 5811 3227 5866 Ix,
3252 5792 3371 5866 26).

1853 5938 1867 5968 ί
1906 5940 1977 5982 ετ.
2000 5938 2049 5982 et
2071 5922 2277 5988 t.ov.,si.
2312 5925 2358 5968 tt
2381 5928 2478 5967 itm.
2507 5923 2556 5965 et
2578 5921 2706 5977 uss,
2728 5912 2814 5963 sic.
