3912 6442
530 399 635 464 εει

528 518 769 576 Observa
809 529 936 588 ergo
976 523 1062 583 tu;
1105 513 1174 570 sit
1221 515 1272 570 in
1322 520 1375 569 te
1420 512 1789 576 irreverentia,
1839 512 2112 568 frontosus

455 619 651 668 @esto
705 607 917 680 quando
954 607 1104 661 audis
1143 605 1491 678 opprobrium
1533 604 1600 660 de
1625 601 1865 672 Christo;
1897 619 2116 675 prorsus

473 703 648 794 gesto
679 700 963 756 frontosus.
988 697 1126 768 Quid
1173 701 1327 754 times
1377 697 1536 752 l'routi
1585 706 1706 762 tum,
1757 713 1914 768 quam
1960 698 2112 768 signo

501 791 704 853 icrucis
728 793 986 849 armasti?
1016 794 1126 848 lioc
1156 802 1238 849 est
1263 791 1423 860 enim,
1460 791 1673 860 PrOpter
1703 801 1750 844 te
1780 792 1994 844 sustinui
2022 808 2113 845 ex-

500 879 921 957 probrationem,
950 887 1145 957 operuit
1187 885 1510 939 irreverentia
1551 884 1731 956 [aciem
1766 899 1947 936 meam.
1979 882 2113 936 Pro-

524 990 636 1052 pter
680 989 729 1036 te
765 979 978 1035 sustinui
1019 978 1456 1049 exprobratione»:
1494 993 1511 1031 :
1538 985 1593 1031 et
1632 976 1754 1047 quia
1802 991 1905 1030 non
1951 973 2018 1030 de
2063 983 2114 1029 te

523 1071 734 1137 erubui,
767 1072 978 1144 quando
1004 1071 1132 1126 mihi
1181 1078 1397 1142 propter
1428 1079 1477 1124 te
1508 1068 1880 1134 insoltabatur,
1915 1069 2114 1139 operuit

526 1165 849 1224 irreverentia
871 1168 1052 1234 facient
1083 1179 1265 1217 meam.

594 1259 683 1316 15.
708 1257 857 1332 [νει-ε.
878 1258 932 1324 9,
959 1255 1071 1331 10.]
1089 1256 1351 1312 Alienatus
1377 1256 1541 1327 factus
1565 1271 1676 1309 sunt
1707 1253 1947 1327 fratribus
1967 1254 2108 1321 meis,

523 1357 574 1406 et
613 1351 792 1423 hospes
837 1349 960 1420 ﬁliis
1003 1348 1178 1402 matris
1225 1363 1366 1402 τηεσε.
1397 1346 1438 1401 F
1443 1347 1547 1400 iliis
1590 1345 1883 1418 Synagogm
1912 1347 2108 1414 hospes

522 1441 698 1498 factus
720 1449 819 1496 est.
856 1439 910 1495 lu
943 1440 1110 1510 patria
1145 1439 1340 1509 quippe
1363 1438 1531 1508 ipsius
1569 1437 1846 1492 dicebatur
1878 1455 1890 1489 :
1925 1435 2112 1492 Nonne

523 1549 615 1588 nos
633 1533 816 1587 scimus
832 1548 947 1586 eum
967 1547 1073 1584 esse
1083 1530 1247 1600 ﬁlium
1266 1528 1319 1582 M
1325 1529 1447 1582 aria:
1463 1539 1507 1583 et
1523 1528 1711 1599 Ioseph
1729 1527 1871 1600 (Luc.
1897 1543 1970 1593 tv,
1989 1527 2111 1599 2‘2)?

529 1625 598 1681 Et
643 1623 785 1680 unde
831 1624 934 1679 alio
979 1623 1140 1678 loco:
1177 1621 1328 1676 Ilunc
1373 1631 1542 1677 autem
1581 1622 1830 1676 nescimus
1874 1622 2007 1675 unde
2048 1623 2110 1675 sit

523 1719 700 1793 (Joan.
731 1735 807 1787 rx,
837 1715 966 1789 29)?
992 1716 1178 1772 Factus
1221 1731 1351 1788 ergo
1395 1732 1507 1770 sum
1551 1716 1732 1785 hospes
1772 1715 1892 1784 ﬁliis
1936 1715 2110 1768 matris

525 1827 674 1866 mete.
703 1809 819 1865 Non
867 1810 1103 1866 scierunt
1145 1807 1288 1866 unde
1328 1808 1449 1872 sim,
1478 1807 1545 1862 de
1587 1808 1779 1878 quibus
1813 1815 1927 1862 erat
1971 1821 2100 1862 caro

519 1919 636 1959 mea
670 1922 683 1959 :
714 1918 819 1958 non
849 1916 936 1958 me
975 1900 1215 1956 sciebant
1241 1898 1310 1956 de
1339 1898 1543 1955 femore
1576 1897 1839 1960 Abraham
1885 1907 2096 1964 natum;

519 1996 661 2054 unde
677 2011 806 2053 caro
834 2010 951 2052 mea
980 1994 1189 2052 occulta
1220 2001 1356 2057 erat,
1383 1992 1593 2064 quando
1623 1991 1724 2046 sub
1753 1992 1869 2062 ipso
1898 1991 2103 2048 femore

518 2104 735 2145 manum
765 2101 956 2144 servus
991 2101 1215 2158 ponens,
1240 2086 1438 2156 juravit
1467 2100 1561 2156 per
1597 2085 1762 2139 Deum
1809 2085 1928 2139 coeli
1952 2083 2102 2153 (Gen.

520 2199 666 2249 xnv,
698 2183 776 2254 9).
809 2181 1010 2253 Hospes
1057 2181 1218 2251 {actus
1245 2197 1356 2235 sum
1384 2178 1506 2248 [iliis
1545 2179 1719 2233 matris
1746 2195 1889 2232 meae.
1930 2177 2105 2247 Quare

517 2276 655 2334 hoc?
685 2291 848 2347 quare
867 2290 968 2334 non
985 2272 1356 2343 agnoverunt?
1375 2287 1539 2342 quare
1559 2271 1788 2326 alienum
1821 2268 2104 2325 dixerunt?

521 2383 683 2438 quare
707 2368 820 2426 ausi
851 2376 975 2422 sunt
1001 2365 1180 2422 dicere
1212 2382 1224 2418 :
1259 2363 1527 2424 Nescimus
1567 2363 1699 2417 unde
1722 2364 1824 2416 sit?
1853 2362 2104 2431 Quoniam

523 2458 653 2512 zelus
679 2457 856 2514 domus
879 2465 979 2512 tua:
1026 2453 1238 2510 comedit
1267 2470 1344 2507 me
1375 2469 1392 2507 :
1422 2453 1474 2510 id
1511 2462 1614 2518 est,
1645 2453 1765 2523 quia
1794 2463 2104 2524 persecutus

516 2561 635 2603 sum
662 2546 715 2602 in
760 2547 865 2602 illis
904 2546 1212 2616 iniquitates
1257 2545 1516 2616 ipsorum,
1545 2543 1666 2614 quia
1698 2561 1805 2612 non
1843 2545 2104 2614 patienter

521 2642 615 2696 tuli
641 2654 775 2712 quos
799 2640 1055 2711 corripui,
1099 2640 1220 2710 quia
1249 2639 1468 2709 quatsivi
1499 2637 1721 2708 gloriam
1752 2647 1892 2691 tuam
1925 2637 1975 2692 in
2009 2637 2104 2691 do-

521 2749 616 2790 mo
658 2742 763 2799 tua,
792 2733 913 2806 quia
965 2731 1232 2804 ﬂagellavi
1283 2731 1336 2784 in
1406 2729 1606 2801 templo
1645 2729 1784 2786 male
1829 2739 2105 2794 versantes

519 2825 694 2898 (Joan.
720 2841 776 2892 ιι,
817 2825 939 2897 15);
968 2824 1059 2880 ubi
1103 2824 1262 2879 etiam
1311 2824 1539 2893 positum
1585 2832 1687 2889 est,
1732 2822 1883 2876 Zelus
1925 2823 2102 2878 domus

518 2929 616 2976 tute
651 2918 865 2982 comedit
913 2934 1010 2972 me.
1060 2914 1195 2972 Hinc
1241 2915 1467 2981 alienus,
1507 2913 1639 2980 hinc
1687 2913 1911 2985 itpSpes;
1952 2915 2098 2983 hinc,

515 3009 784 3078 Nescimus
827 3008 961 3078 unde
997 3009 1080 3064 sit.
1129 3009 1496 3078 Agnoscerent
1525 3005 1664 3061 unde
1701 3005 1822 3072 sim,
1853 3007 1895 3061 si
1939 3023 2102 3076 agno-
2143 3009 2146 3013 ’

516 3111 726 3160 soerent
753 3099 894 3171 quod
922 3097 1209 3160 mandasti.
1239 3096 1295 3156 Si
1324 3095 1468 3152 enim
1497 3096 1788 3152 invenirem
1820 3095 1938 3150 illos
1985 3110 2100 3151 ser-

516 3207 696 3252 vantes
717 3193 964 3253 mandata
992 3201 1100 3258 tua,
1131 3190 1278 3253 zelus
1302 3190 1493 3245 domus
1521 3198 1625 3245 tuae
1651 3206 1753 3244 non
1795 3189 2102 3246 comederet

512 3301 621 3342 me.
651 3283 720 3340 Et
776 3283 1047 3356 opprobria
1085 3281 1497 3351 exprobrantium
1527 3281 1614 3334 tibi
1638 3279 1930 3334 cedideruut
1953 3297 2102 3350 super

516 3394 615 3443 me.
659 3375 776 3432 Hoc
825 3374 1130 3432 testimonio
1177 3386 1304 3428 usus
1347 3382 1430 3426 est
1478 3380 1534 3426 et
1590 3371 1786 3424 Paulus
1832 3371 2102 3440 apostolus

516 3471 680 3545 (lecta
704 3477 786 3524 est
813 3467 972 3530 modo
1008 3467 1124 3538 ipsa
1145 3463 1351 3534 lectio),
1380 3471 1433 3519 et
1477 3464 1551 3518 ait
1579 3481 1592 3518 :
1630 3463 1966 3534 Quaecumque
1988 3475 2103 3517 ante

514 3563 705 3632 scripta
744 3568 882 3625 sunt,
930 3567 985 3613 ut
1027 3574 1118 3614 nos
1153 3558 1446 3612 doceremur
1492 3555 1681 3627 scripta
1728 3566 1881 3621 sunt;
1914 3565 1966 3608 ut
2014 3574 2103 3627 per

516 3653 903 3709 consolationem
931 3650 1316 3722 Scripturarunt
1343 3665 1484 3720 spem
1507 3647 1782 3708 habeamus
1804 3648 1980 3721 (Rom.
2003 3666 2098 3717 xv,

513 3745 593 3816 4).
627 3743 768 3798 Dixit
793 3753 920 3813 ergo
948 3739 1145 3796 Christi
1175 3741 1336 3796 fuisse
1377 3739 1530 3794 istam
1555 3755 1739 3794 vocem
1771 3757 1784 3794 :
1818 3737 2102 3812 Opprobria

525 3837 940 3908 exprobrantium
982 3834 1070 3890 tibi
1108 3832 1396 3900 ceciderunt
1443 3849 1595 3904 super
1621 3849 1718 3886 me.
1750 3830 1946 3902 Quare,
1979 3833 2065 3885 tibi
2079 3832 2103 3885 ?

515 3929 783 3999 Numquid
827 3927 972 3984 Patri
1017 3927 1403 4008 exprobratur,
1452 3935 1506 3984 et
1549 3940 1656 3990 non
1705 3925 1802 3994 ipsi
1856 3926 2103 3982 Christo?

514 4024 710 4094 Quare.
745 4021 1021 4096 opprobria
1057 4019 1468 4102 gnprobrautium
1509 4017 1597 4071 tibi
1637 4017 1920 4072 ceciderunt
1953 4036 2105 4090 super

513 4115 627 4172 me?
651 4113 782 4184 Quia
812 4111 905 4186 qui
930 4127 1014 4168 me
1039 4110 1306 4188 cognovit,
1338 4107 1585 4180 cognovit
1608 4117 1662 4165 et
1686 4108 1897 4164 Patrem
1923 4107 2100 4182 (Joan.

516 4224 629 4273 xiv,
669 4206 766 4276 9):
800 4206 920 4275 quia
954 4219 1114 4273 nemo
1163 4202 1510 4272 exprobravit
1551 4201 1798 4268 Christo,
1847 4202 1947 4257 nisi
1996 4204 2104 4260 Deo

515 4299 845 4371 exprobrans
877 4317 890 4352 :
920 4300 1041 4368 quia
1085 4313 1242 4378 nequi
1287 4298 1516 4360 honorat
1572 4295 1806 4360 Patrem,
1857 4295 1958 4350 nisi
2013 4297 2102 4370 qui

513 4390 742 4447 honorat
760 4398 813 4446 et
831 4389 1023 4446 Filium
1040 4389 1057 4458 (
1066 4389 1090 4442 1
1099 4388 1151 4441 tl.
1167 4404 1219 4467 γρ
1241 4387 1355 4459 95).
1384 4387 1669 4458 Opprabria
1695 4386 2106 4463 esprobt'atttium

515 4483 604 4538 tibi
623 4482 905 4540 ceciderunt
933 4496 1084 4550 super
1111 4495 1209 4544 me,
1241 4479 1360 4560 quia
1391 4494 1476 4533 me
1499 4480 1837 4532 invenerunt.

586 4577 674 4632 N.
711 4574 867 4646 [vers.
895 4572 1017 4644 11.]
1045 4572 1106 4628 Et
1124 4572 1361 4642 cooperui
1378 4573 1428 4623 in
1442 4571 1643 4642 jejunio
1664 4572 1883 4646 animam
1907 4589 2104 4640 meam;

516 4676 564 4722 et
590 4667 779 4736 factum
799 4675 870 4720 est
900 4665 1023 4718 mihi
1043 4665 1094 4718 in
1116 4663 1460 4735 approbriunt.
1493 4662 1760 4732 Jejunium
1783 4661 1985 4719 Christi
2007 4647 2106 4735 spi-

514 4757 777 4813 ritualiter
798 4756 906 4826 jam
938 4757 991 4810 in
1021 4755 1125 4810 alio
1157 4755 1362 4826 psalmo
1392 4755 1883 4812 commendat-imus
1918 4755 2106 4812 Chari-

481 4844 488 4928 ί
516 4853 607 4907 tati
643 4849 843 4906 Vestrae
864 4848 959 4924 (a).
993 4848 1262 4918 Jejunium
1289 4847 1458 4918 ipsius
1485 4857 1630 4914 erat,
1660 4847 1872 4918 quando
1895 4845 2106 4922 deiece-

481 4952 638 5001 =runt
679 4957 866 5002 omnes
907 4942 999 5012 qui
1026 4941 1078 5002 in
1108 4956 1230 4998 eum
1263 4940 1632 5004 crediderant;
1672 4941 1792 5010 quia
1820 4949 1874 4995 et
1901 4942 2105 5012 esuries

480 5016 680 5108 7ipsius
708 5044 824 5096 erat
848 5042 905 5091 ut
943 5033 996 5089 in
1035 5047 1154 5088 eum
1182 5032 1526 5090 crederetur:
1557 5032 1680 5103 quia
1718 5041 1771 5087 et
1795 5031 1911 5088 sitis
1938 5032 2104 5102 ipsius

493 5122 648 5196 erat,
691 5125 903 5198 quando
925 5123 1063 5192 dixit
1089 5124 1320 5192 mulieri,
1356 5123 1508 5192 Sitio,
1538 5125 1603 5176 da
1631 5123 1751 5176 mihi
1777 5122 1938 5192 bibere
1961 5109 1992 5191 ’(
2014 5121 2100 5176 Id.

511 5236 592 5287 tv,
623 5220 728 5292 7);
769 5220 927 5284 [idem
949 5217 1143 5289 quippe
1171 5217 1334 5286 ipsius
1355 5217 1584 5290 sitiebat.
1615 5215 1683 5272 Et
1710 5215 1777 5270 dc
1797 5231 1955 5270 cruce
1981 5233 2103 5272 eum

511 5315 747 5380 diceret,
783 5312 915 5368 Sitio
937 5309 1060 5380 (Id.
1090 5325 1205 5374 XIX,
1233 5309 1356 5378 ‘28),
1387 5308 1543 5363 iidem
1567 5309 1777 5362 illorttm
1809 5307 2100 5377 quairebat,

515 5419 616 5477 pro
640 5404 831 5476 quibus
856 5403 1067 5460 dixerat
1095 5416 1106 5455 :
1140 5400 1297 5458 Pater
1317 5391 1561 5470 ,iignosce
1583 5398 1706 5464 illis,
1734 5400 1852 5474 quia
1879 5401 2104 5453 nesciunt

517 5496 637 5566 quid
659 5495 851 5568 faciunt
881 5493 1048 5563 (Luc.
1077 5507 1213 5552 χχιιι
1240 5532 1253 5556 ,
1296 5489 1424 5560 54).
1452 5488 1554 5544 Sed
1597 5489 1667 5541 illi
1698 5489 1940 5543 homines
1979 5489 2103 5558 quid

515 5585 1108 5658 propinaruntsitienti?
1138 5586 1381 5642 Aeetam.
1398 5585 1616 5636 Acetum
1641 5583 1801 5636 etiam
1823 5585 1837 5614 ί
1858 5594 2006 5637 vetus
2025 5585 2104 5637 di-

515 5683 671 5752 citur.
701 5680 888 5738 Merito
917 5679 984 5736 de
1009 5687 1186 5742 retere
1207 5677 1423 5734 homine
1446 5675 1812 5745 prepinarunt,
1835 5675 1955 5744 quia
1980 5675 2102 5730 novi

580 5859 598 5886 ι
633 5857 704 5904 sic
727 5861 828 5903 Mss.
853 5854 1107 5903 tiddxero:
1123 5856 1315 5901 Acetum
1337 5850 1465 5901 enim
1485 5850 1643 5901 riuum
1665 5856 1793 5900 vetus
1813 5849 2006 5900 dicitur.

594 5916 667 5979 (a)
692 5923 854 5977 Supra,
881 5918 930 5966 in
953 5922 1091 5964 Enar.
1116 5912 1236 5964 Psal.
1265 5927 1432 5973 xxxw,
1458 5927 1603 5964 scrin.
1625 5913 1671 5971 2,
1699 5926 1746 5961 ιι.
1771 5911 1819 5962 4.

1763 399 1819 455 s.
1860 396 2230 464 AUGUSTlNl
2268 399 2574 466 EPISCOPI
3148 351 3150 353 ’
3643 432 3712 493 εδ,

2227 531 2346 572 esse
2382 518 2684 574 noluerunt.
2721 519 2897 594 Quare
2925 525 3045 579 novi
3078 539 3197 582 esse
3224 529 3524 587 noluerunt?
3548 539 3706 607 Quian

2226 608 2431 661 titulum
2453 609 2813 681 psaltni'hujus
2836 613 2920 672 ubi
2941 616 3194 690 scriptum
3225 631 3324 686 est,
3355 622 3448 678 Pro
3467 629 3520 682 iis
3536 634 3603 702 qui
3621 654 3711 690 com.

2224 701 2573 770 mutabuntur,
2619 721 2721 759 non
2762 708 3150 776 pertinuerunt.
3185 713 3354 786 Ergo,
3387 725 3596 788 operuiin
3624 731 3716 802 Ma.

2223 794 2308 846 nio
2332 797 2552 850 animam
2579 816 2757 862 meam.
2795 802 3028 873 Denique.
3060 809 3254 876 respuit
3285 812 3440 866 etiam
3467 813 3524 868 fel
3546 794 3716 885 quoii-illi

2222 887 2529 944 obtulerunt
2554 890 2826 964 :jejuuarc
2865 895 3053 968 eli-git,
3082 915 3236 968 quam
3268 906 3630 964 amaritudinem
3663 930 3718 971 ac-

2221 979 2419 1050 cipere.
2453 981 2562 1038 Non
2596 986 2736 1039 enim
2766 987 3038 1058 intrautjn
3070 1008 3260 1061 corpus
3282 997 3398 1066 ejus
3425 1005 3716 1074 amaricautes,

2219 1071 2286 1126 de
2310 1073 2501 1144 quibus
2528 1075 2630 1130 alio
2658 1077 2773 1132 loco
2802 1082 3037 1150 psalmus
3063 1084 3221 1139 dicit:
3245 1089 3344 1152 Qui
3373 1094 3629 1158 amaricion,
3653 1071 3719 1152 noti

2219 1166 2501 1266 equletttur
2530 1169 2580 1222 in
2601 1173 2878 1240 semetipsis
2910 1174 2927 1247 (
2955 1174 3094 1230 Psal.
3131 1193 3232 1232 ιη
3251 1219 3267 1244 ,
3303 1181 3394 1254 7).
3429 1183 3576 1254 Ergo,
3599 1197 3717 1258 aperui

2217 1257 2268 1308 in
2283 1257 2483 1328 jejunio
2505 1261 2724 1316 animam
2753 1280 2913 1316 meam
2930 1283 2948 1330 ;
2972 1276 3015 1319 et
3049 1266 3240 1336 factum
3281 1281 3352 1323 est
3383 1275 3497 1327 mihi
3523 1277 3566 1328 in
3593 1295 3718 1347 appto~

2219 1348 2399 1402 brium.
2421 1350 2529 1404 Hoc
2549 1353 2718 1420 ipsum
2744 1354 2867 1408 mihi
2891 1357 2939 1409 iu
2959 1359 3306 1426 Opprobrium
3333 1361 3518 1418 factum
3538 1371 3714 1437 est,quia

2218 1455 2322 1493 non
2354 1441 2454 1495 illis
2479 1445 2725 1497 consensi
2745 1486 2757 1509 ,
2789 1443 2888 1498 hoc
2910 1455 3023 1512 est,
3050 1448 3116 1500 ah
3140 1451 3501 1519 illisjejnnari.
3525 1454 3605 1520 Qui
3625 1462 3716 1512 enim

2217 1545 2321 1583 non
2353 1535 2618 1588 consentit
2646 1534 2783 1588 male
2819 1535 3164 1594 suadentibus
3185 1581 3197 1604 ,
3224 1539 3429 1610 jejunat
3461 1544 3522 1597 ab
3549 1547 3662 1617 ipsis;
3683 1559 3718 1602 et

2217 1636 2311 1692 per
2346 1621 2722 1694 ltocjejnnium
2774 1637 3009 1684 meretur
3050 1631 3392 1700 approhrium
3417 1675 3431 1698 ,
3473 1643 3524 1687 ut
3565 1635 3653 1690 ideo
3670 1639 3718 1692 illi

2215 1716 2496 1776 insultetur
2519 1760 2532 1779 ,
2561 1720 2682 1789 quia
2712 1736 2814 1776 non
2847 1723 3114 1778 consentit
3138 1724 3203 1778 ad
3234 1725 3450 1781 malum.

2242 1813 2248 1818 ”
2271 1809 2350 1863 i5.
2380 1807 2527 1882 [vers.
2552 1809 2660 1883 12.]
2680 1811 2742 1866 Et
2760 1815 2906 1883 posui
2919 1815 3254 1870 vestimentum
3273 1833 3435 1869 meum
3447 1819 3720 1876 saccumJam

2211 1911 2266 1956 et
2296 1903 2359 1958 de
2385 1918 2541 1958 sacco
2581 1905 2776 1978 aliquid
2808 1907 3038 1964 diximus
3070 1907 3167 1980 (a),
3197 1910 3338 1966 unde
3377 1911 3497 1965 illud
3527 1922 3620 1975 est,
3649 1912 3720 1990 Ego

2213 2004 2375 2048 autem
2402 2013 2513 2049 cum
2541 1997 2662 2050 mihi
2689 1998 2880 2052 molesti
2907 2009 3067 2054 essent
3089 2042 3103 2066 ,
3131 2001 3400 2058 induebant
3425 2019 3497 2054 me
3519 2005 3672 2067 cilicio,
3692 2015 3721 2058 et

2212 2088 2538 2142 humilt'abam
2578 2090 2630 2144 in
2646 2092 2848 2161 jejunio
2875 2094 3098 2148 animant
3133 2111 3315 2150 nteant.
3351 2095 3508 2150 Posui
3531 2100 3720 2154 aestimeti-

2212 2191 2316 2237 tum
2347 2198 2510 2240 meum
2539 2199 2739 2238 saccum
2769 2199 2786 2237 :
2813 2183 2865 2240 id
2896 2194 2996 2248 est,
3030 2187 3252 2256 opposui
3277 2187 3414 2254 illis,
3444 2189 3490 2242 in
3513 2205 3637 2259 quam
3655 2206 3719 2246 sm-

2210 2275 2419 2341 virent,
2450 2290 2661 2334 carnem
2696 2292 2899 2340 meam;
2947 2281 3206 2336 occultavi
3238 2282 3556 2338 divinitatem
3582 2298 3717 2338 meam.

2211 2368 2431 2423 Saccum
2451 2409 2464 2433 ,
2511 2369 2634 2438 quia
2665 2371 2901 2424 mortalis
2931 2386 3054 2425 caro
3080 2381 3194 2426 erat
3215 2415 3230 2436 ,
3257 2382 3313 2427 ιιι
3339 2373 3406 2427 de
3433 2384 3718 2444 peccalocoa-

2209 2459 2488 2516 demnaret
2511 2473 2783 2532 peccatum
2817 2463 2868 2517 in
2897 2479 3057 2519 carne
3095 2465 3112 2534 (
3137 2463 3286 2520 Rom.
3316 2481 3408 2522 rm
3428 2509 3441 2532 ,
3472 2468 3551 2539 ὃ).
3579 2466 3630 2522 Et
3657 2467 3718 2536 μοι

2207 2553 2284 2607 sui
2311 2555 2651 2614 veslinmttum
2681 2573 2844 2610 meum
2872 2574 3071 2612 saccum
3095 2573 3111 2622 ;
3153 2567 3198 2612 et
3235 2559 3403 2628 factus
3448 2577 3549 2614 sunt
3579 2561 3657 2614 illis
3683 2563 3718 2616 it

2208 2648 2536 2717 parabolamx,
2579 2647 2630 2702 id
2671 2658 2752 2703 est
2795 2648 2844 2706 in
2891 2649 3214 2711 irrisionem.
3263 2649 3516 2706 Parabola
3553 2652 3715 2716 dicitur,

2206 2734 2418 2810 quando
2462 2739 2618 2794 datur
2660 2740 2951 2796 similitudo
2993 2741 3061 2798 de
3092 2741 3270 2812 aliquo
3296 2783 3311 2812 ,
3351 2741 3552 2812 quando
3577 2741 3628 2798 de
3661 2741 3716 2795 illo

2207 2830 2344 2886 male
2369 2830 2584 2894 dicitur.
2614 2831 2702 2892 Sic
2738 2833 2824 2888 ille
2849 2874 2861 2894 ,
2892 2833 3038 2888 verbi
3065 2834 3230 2906 gratia
3254 2875 3271 2902 ,
3314 2843 3494 2906 pereat
3519 2832 3716 2905 quomodo

2204 2921 2316 2988 ille,
2338 2924 2587 2995 parabola
2610 2933 2690 2980 est
2715 2941 2728 2992 ;
2760 2925 2809 2982 id
2829 2934 2910 2980 est
2931 2927 3256 2996 comparatio
3280 2939 3335 2984 et
3359 2927 3623 2983 similitudo
3644 2942 3718 2982 ma-

2205 3013 2404 3078 ledicti.
2433 3013 2627 3072 Factus
2656 3032 2780 3087 ergo
2808 3034 2918 3071 sunt
2945 3018 3047 3076 illis
3077 3018 3127 3071 in
3157 3018 3469 3089 parabo/am.

2279 3107 2364 3166 1.6.
2405 3107 2565 3180 (vers.
2599 3108 2720 3183 45.]
2746 3112 2997 3174 Adversus
3017 3129 3094 3170 me
3117 3114 3429 3172 insultabant
3452 3115 3530 3187 qui
3547 3114 3718 3170 sedebat!

2205 3200 2257 3253 in
2287 3211 2453 3272 parta.
2484 3199 2551 3260 In
2578 3212 2751 3273 porta,
2787 3203 2913 3256 nihil
2943 3203 3088 3258 aliud
3115 3221 3272 3277 quam
3304 3207 3357 3262 in
3388 3205 3596 3276 publico.
3618 3203 3718 3259 Elin

2206 3308 2285 3350 me
2309 3292 2589 3360 psallebant
2610 3295 2696 3364 qui
2720 3293 2946 3349 bibebant
2973 3296 3159 3352 vinum.
3191 3296 3394 3352 Putatis
3421 3297 3540 3362 hoc,
3560 3297 3714 3359 fratres.

2206 3383 2417 3439 Christo
2443 3394 2491 3438 ta
2501 3385 2808 3442 utummodo
2827 3387 3111 3458 contigisse
3130 3387 3154 3442 ἲ
3181 3387 3426 3458 Quotidie
3447 3390 3517 3444 illi
3533 3389 3580 3446 in
3598 3402 3715 3448 nian-

2205 3478 2316 3532 bris
2345 3478 2460 3547 ejus
2491 3478 2748 3548 Contingit
2775 3497 2787 3532 :
2817 3480 3027 3550 quando
3057 3480 3193 3541 forte
3221 3498 3445 3544 necesse
3486 3485 3574 3537 erit
3609 3493 3716 3535 serto

2207 3570 2302 3624 Dei
2347 3567 2632 3640 prohibere
2682 3571 2967 3628 ebrietates
3009 3583 3064 3636 et
3109 3574 3348 3638 luxurias
3381 3576 3433 3630 in
3476 3575 3625 3644 aliquo
3662 3571 3715 3625 vel

2207 3659 2370 3722 fundo
2417 3662 2501 3716 vel
2546 3662 2773 3733 oppido,
2822 3664 2910 3724 ubi
2943 3680 3048 3724 non
3091 3665 3331 3728 auditum
3379 3666 3527 3724 fuerit
3553 3667 3712 3722 verbum

2209 3752 2331 3818 Dei,
2366 3771 2552 3823 parum
2579 3765 2660 3810 est
2689 3757 2810 3824 quia
2839 3765 3081 3821 cantant,
3114 3757 3335 3828 insuper
3354 3769 3406 3815 et
3433 3760 3482 3813 in
3508 3761 3644 3828 ipsum
3660 3758 3712 3809 in-

2207 3844 2408 3913 cipiunt
2434 3856 2648 3902 cantare
2667 3889 2682 3913 ,
2712 3865 2741 3900 a
2768 3864 2869 3918 quo
2903 3848 3248 3918 prohibentur
3274 3860 3501 3906 cantare.
3541 3850 3709 3918 Compt-

2207 3945 2320 3989 rate
2349 3952 2486 4006 nunc
2515 3937 2658 3992 illius
2679 3937 2934 4008 jejunium
2956 3981 2970 4008 ,
2999 3950 3054 3994 et
3082 3941 3294 4004 illorum
3323 3944 3510 4002 viuum.
3534 3940 3588 3996 ΕΙ
3604 3941 3645 3992 in
3659 3953 3710 3992 au

2210 4027 2489 4096 psallebant
2535 4030 2621 4100 qui
2659 4029 2886 4084 bibebant
2911 4032 3082 4090 vinum
3103 4048 3121 4086 :
3143 4033 3323 4100 vinum
3353 4034 3711 4101 erroris,tiuttm

2209 4117 2530 4191 impietatis,
2562 4120 2741 4174 vinum
2781 4121 3063 4192 superbiat.

2282 4212 2366 4268 i7.
2398 4210 2561 4284 [uera
2596 4212 2719 4286 14.]
2748 4214 2857 4286 Ego
2881 4226 3047 4270 autem
3067 4217 3294 4277 oratione
3315 4235 3420 4273 mea
3449 4218 3546 4274 ‘ad
3564 4211 3709 4279 te,Do-

2209 4308 2360 4372 mine.
2394 4307 2505 4376 Ego
2543 4316 2716 4362 autem
2745 4309 2808 4368 ad
2846 4318 2895 4364 te
2933 4325 3098 4368 eram.
3142 4311 3249 4374 Sed
3287 4310 3565 4382 quomodo?
3596 4305 3706 4361 Adte

2211 4401 2433 4456 orando.
2465 4400 2687 4467 Quando
2717 4404 2856 4464 enim
2892 4403 3224 4474 maledieeris
3250 4448 3263 4470 ,
3298 4417 3356 4468 et
3379 4404 3494 4477 quid
3516 4418 3616 4471 agas
3638 4412 3709 4451 non

2213 4496 2404 4558 habes;
2441 4494 2650 4563 quando
2679 4495 2769 4554 tibi
2805 4497 3069 4563 jactantor
3093 4498 3400 4567 opprobria,
3429 4505 3479 4560 et
3513 4489 3710 4564 quomodo

2211 4589 2442 4657 corrigas
2469 4603 2588 4641 eum
2634 4603 2662 4647 a
2703 4603 2807 4658 quo
2831 4589 3098 4657 jactantur
3132 4604 3235 4646 non
3269 4591 3494 4655 invenis,
3521 4581 3708 4642 nihiltibi

2210 4688 2378 4736 restat
2418 4679 2516 4734 nisi
2557 4695 2728 4735 orare.
2774 4681 2878 4736 Sed
2916 4692 3184 4743 memento
3223 4691 3277 4736 et
3317 4699 3409 4752 pro
3449 4683 3548 4750 ipso
3584 4689 3706 4732 amre.

2211 4773 2323 4846 Ego
2347 4785 2512 4829 autem
2538 4777 2762 4830 oratione
2781 4793 2890 4834 mea
2917 4777 2982 4835 ad
3011 4786 3058 4830 te
3077 4819 3090 4839 ,
3132 4776 3366 4835 Domine.
3395 4776 3583 4845 Tempus
3605 4773 3706 4824 bent-

2212 4868 2407 4938 placiti,
2441 4867 2592 4924 Deus.
2628 4867 2766 4923 Ecce
2795 4869 2936 4923 enim
2988 4871 3241 4938 sepelitur
3260 4885 3499 4940 granum;
3525 4867 3704 4929 exsurng

2213 4958 2431 5013 fructus.
2469 4958 2509 5011 Τ
2511 4976 2683 5029 ctttpus
2711 4960 3028 5031 beneplaciti,
3055 4959 3214 5018 Deus.
3249 4961 3323 5023 De
3349 4962 3442 5016 hoc
3466 4969 3652 5024 tempore
3669 4956 3703 5004 ei

2210 5053 2492 5123 Propheta}
2543 5052 2790 5112 dixerunt
2837 5053 2977 5124 quod
3030 5063 3410 5110 commemorat
3458 5045 3700 5120 Apostolus:

2211 5144 2345 5199 Ecce
2372 5164 2502 5204 nunc
2527 5157 2720 5217 tempus
2759 5146 3095 5215 acceptabile.
3141 5164 3251 5203 ecce
3295 5164 3423 5202 nunc
3453 5145 3542 5200 dies
3579 5133 3701 5194 solum

2213 5239 2278 5313 (ll
2303 5239 2420 5293 Cor.
2454 5257 2503 5295 νι
2527 5281 2540 5303 ,
2572 5240 2658 5311 2).
2690 5239 2910 5310 Tempus
2930 5241 3250 5311 beneplaciti,
3279 5239 3429 5298 Deus.
3457 5255 3512 5291 in
3537 5233 3697 5288 inultus-

2211 5333 2383 5385 tudine
2411 5332 2763 5386 tttisericortliaz
2801 5342 2917 5386 luat.
2953 5331 3062 5387 Hoc
3082 5341 3165 5387 est
3196 5341 3396 5402 tempus
3425 5319 3693 5395 beneplaciti.

2212 5420 2279 5480 Ιη
2307 5423 2626 5478 "militudine
2667 5422 3021 5478 miscricordite
3054 5433 3171 5478 tace.
3222 5422 3350 5478 Nam
3394 5423 3432 5476 si
3481 5434 3564 5474 non
3598 5414 3690 5466 θεὶηί

2212 5515 2494 5571 multitudo
2533 5519 2912 5574 misericordia:
2940 5529 3073 5583 tuas,
3112 5517 3236 5588 quid
3279 5533 3372 5576 nos
3397 5498 3688 5570 iaicermuusdc

2276 5721 2290 5751 ί
2326 5719 2460 5782 Edd,
2484 5718 2636 5768 oratio
2657 5731 2779 5769 mea.
2824 5725 2879 5782 ,ιι
2915 5719 3130 5782 potiores
3161 5723 3269 5767 Mss.
3307 5718 3444 5782 juxta

2209 5757 2418 5831 oratione
2443 5757 3525 5843 ἷηῖοτι’ἶῖἰιιέἰἶὲἱιδίηἳεῖιιέιῖἑιᾶὖιέι,”ἓναῖκ’ξ’έουιι
3544 5757 3689 5818 me!“

2208 5851 2290 5892 cet
2313 5847 2616 5907 Augustinus.

2277 5907 2347 5967 (tt)
2375 5904 2507 5953 Ιῖιιίιικ
2537 5907 2584 5953 in
2609 5905 2724 5954 Psal.
2748 5911 2937 5966 XXXIV,
2956 5917 3103 5954 serm.
3127 5904 3176 5964 2,
3199 5919 3247 5954 n.
3275 5906 3320 5956 5.
