3912 6418
149 401 252 459 855

151 511 490 574 multitudine
514 507 808 581 iniquitatis
842 504 1077 562 nostrae?
1103 503 1172 558 In
1199 501 1519 558 multitudine
1543 499 1740 553 miseri-

151 609 340 665 cordia
363 616 480 660 tute.
513 601 714 658 Exaudi
738 616 814 654 me
832 600 885 654 in
913 598 1117 652 veritate
1139 595 1316 650 salutis
1351 603 1469 647 tuae.
1493 591 1625 660 Quia
1654 588 1738 643 di-

151 705 259 771 xit,
298 697 654 762 misericordia:
696 705 825 760 tute,
855 691 1136 764 subiunxit
1171 699 1225 746 et
1267 688 1574 748 veritatem;
1617 683 1740 754 quia

149 793 521 854 misericordia
547 801 604 850 et
630 791 826 847 veritas
869 787 1131 843 universa:
1171 784 1271 839 via:
1302 781 1513 836 Domini
1547 778 1567 849 (
1596 777 1737 832 Psal.

149 902 305 954 xxiv,
338 884 468 962 iO).
507 883 683 954 Quare
707 875 1108 936 misericordia?
1152 871 1473 931 Dimittendo
1499 878 1737 962 peccata.

151 981 334 1049 Quare
375 961 614 1034 veritas?
640 970 936 1038 Reddendo
977 968 1263 1052 promissa.
1311 963 1519 1021 Exaudi
1562 977 1642 1017 me
1685 961 1740 1016 in

150 1073 361 1128 ueritate
387 1069 561 1126 salutis
591 1077 711 1123 tute.
981 1059 986 1062 ’

227 1163 317 1220 18.
353 1161 518 1238 [uers.
549 1161 636 1217 15.
659 1158 679 1233 ]
709 1157 920 1215 Salvum
940 1170 1019 1210 me
1039 1154 1121 1225 [ac
1142 1151 1204 1207 de
1227 1152 1331 1207 luto
1346 1191 1360 1216 ,
1382 1159 1437 1205 ut
1460 1164 1560 1203 non
1581 1148 1742 1202 inlue-

156 1273 319 1313 ream.
348 1253 428 1312 De
460 1254 552 1310 illo
575 1253 642 1309 de
663 1239 792 1324 “quo
822 1263 982 1320 supra
1010 1247 1216 1303 dixerat
1257 1261 1271 1299 :
1314 1243 1502 1312 inﬁxus
1540 1257 1650 1295 sum
1689 1241 1744 1294 in

153 1349 282 1402 timo
308 1344 580 1418 profundi,
609 1351 655 1398 et
675 1358 774 1397 non
794 1349 866 1395 est
886 1337 1187 1394 substantia.
1213 1333 1444 1390 Proinde
1473 1331 1593 1402 quia
1616 1330 1743 1386 illud

152 1443 460 1514 expositum
489 1440 624 1495 bene
648 1436 953 1507 accepistis,
985 1431 1125 1504 quod
1153 1429 1242 1486 hic
1269 1429 1493 1484 audiatis
1520 1440 1742 1498 expres-

153 1535 273 1590 sius
294 1546 396 1588 non
419 1539 518 1588 est.
551 1529 685 1585 Hinc.
726 1543 784 1584 se
823 1526 951 1582 dicit
992 1521 1359 1587 liberandum,
1391 1520 1480 1575 ubi
1517 1533 1577 1575 se
1620 1527 1744 1574 ante

154 1624 296 1679 dixit
310 1622 529 1679 inﬁxum
554 1639 568 1675 :
593 1619 805 1674 Salvum
821 1635 900 1672 me
917 1621 1000 1690 fac
1020 1616 1082 1670 de
1101 1615 1228 1678 tuto,
1256 1624 1310 1667 ut
1327 1629 1428 1667 non
1444 1611 1741 1678 inhorreu'm,

158 1713 234 1770 Et
260 1711 476 1784 exponit
505 1710 604 1766 hoc
646 1709 802 1779 ipse:
837 1705 1006 1762 Eruar
1045 1723 1108 1760 ea:
1147 1706 1210 1759 iis
1253 1704 1338 1774 qui
1389 1702 1606 1757 oderunt
1644 1717 1743 1756 me.

157 1805 269 1878 ipsi
292 1819 419 1876 ergo
443 1809 568 1858 sunt
590 1801 758 1856 lutum
783 1799 871 1855 ubi
901 1799 1182 1854 hzeseram.
1213 1795 1322 1854 Sed
1347 1795 1446 1850 hoc
1468 1795 1601 1850 forte
1624 1808 1749 1866 sug-

155 1896 385 1968 geritur.
411 1893 573 1949 Paulo
599 1900 723 1947 ante
749 1890 975 1956 dixerat,
1007 1887 1211 1959 Infixus
1236 1903 1384 1953 sum;
1413 1885 1571 1942 modo
1596 1886 1744 1954 dicit,

161 1985 382 2044 Saluum
400 2002 478 2040 me
502 1989 584 2058 [ac
609 1983 672 2038 de
698 1983 804 2038 luto
822 2023 839 2050 ,
865 1991 919 2036 ut
940 1997 1042 2036 non
1068 1979 1381 2045 inhaereant;
1409 1994 1528 2034 cum
1558 1994 1748 2035 secun-

163 2077 296 2134 dum
324 2075 638 2132 sententiam
664 2073 896 2145 priorem
934 2071 1153 2128 deberet
1172 2070 1351 2128 dicere
1377 2088 1391 2125 :
1420 2070 1633 2128 Salvum
1663 2085 1748 2126 me

160 2166 254 2223 {ac
273 2165 344 2222 de
367 2166 481 2220 into
505 2164 592 2220 ubi
627 2162 886 2220 hazseram
908 2203 924 2228 ,
958 2161 1192 2220 eruendo
1233 2177 1351 2230 me,
1391 2178 1497 2218 non
1543 2162 1749 2234 agendo

162 2267 359 2314 utnon
385 2259 691 2313 inhaeream.
723 2256 868 2328 Ergo
893 2255 1124 2312 harserat
1151 2271 1312 2312 carne
1332 2299 1346 2326 ,
1375 2255 1467 2312 scd
1499 2271 1601 2311 non
1635 2257 1746 2313 ha:-

163 2360 314 2408 serat
348 2351 554 2423 Spiritu.
602 2350 738 2406 Dicit
782 2350 885 2407 hoc
928 2365 994 2407 ex
1041 2349 1348 2406 inﬁrmitate
1387 2350 1746 2406 membrorum

161 2458 408 2500 auorum.
434 2442 658 2512 Quando
681 2441 820 2498 forte
845 2441 1052 2513 caperis
1075 2443 1142 2498 ab
1168 2457 1234 2498 eo
1257 2443 1345 2514 qui
1381 2451 1433 2499 te
1458 2445 1649 2516 premit
1682 2441 1750 2498 ad

161 2536 499 2606 iniquitatem
518 2577 533 2602 ,
563 2545 776 2591 tenetur
803 2536 1015 2606 quidem
1035 2549 1228 2605 corpus
1253 2544 1430 2601 tuum;
1458 2536 1748 2592 secundum

161 2641 363 2698 corpus
383 2625 578 2681 infixus
605 2641 666 2682 es
707 2627 761 2680 in
787 2626 913 2682 iiino
939 2625 1184 2698 profundi
1209 2644 1222 2680 :
1249 2625 1342 2682 sed
1368 2627 1616 2698 quamdiu
1645 2641 1749 2690 non

163 2717 440 2773 censentis
458 2758 474 2784 ,
501 2731 607 2771 non
635 2716 869 2784 btesisti;
899 2717 942 2772 si
981 2724 1157 2772 autem
1185 2718 1454 2773 censentis
1473 2759 1488 2783 ,
1526 2717 1747 2781 laesisti.

163 2807 353 2862 Oratio
376 2821 503 2877 ergo
527 2815 613 2861 tua
646 2807 718 2861 ibi
743 2807 849 2871 sit,
882 2818 938 2860 ut
963 2806 1230 2878 quomodo
1259 2806 1370 2878 jam
1401 2817 1610 2864 tenetur
1628 2822 1749 2863 cor-

167 2913 273 2970 pus
309 2907 454 2954 tuum
477 2941 492 2965 ,
517 2911 625 2954 non
656 2907 900 2955 teneatur
941 2907 997 2953 et
1034 2899 1209 2953 anima
1242 2909 1327 2954 tua
1352 2939 1368 2967 ,
1418 2897 1490 2954 sis
1533 2899 1668 2954 liber
1697 2899 1751 2955 in

167 2987 416 3044 vinculis.
443 2986 615 3043 Erum-
636 3004 698 3045 τε
719 2990 796 3045 Itis
817 2990 904 3056 qui
927 2990 1141 3046 oderunt
1179 3007 1259 3046 me
1279 3031 1295 3057 ,
1327 3000 1372 3046 et
1401 2991 1464 3046 de
1500 2993 1752 3063 profundo

168 3096 437 3154 aquarum.

245 3173 331 3229 ιο.
379 3171 540 3246 [verm
568 3171 689 3246 16.]
718 3173 836 3229 Non
863 3187 945 3229 me
983 3174 1239 3248 demerget
1278 3184 1543 3249 tempestas
1586 3191 1749 3251 aquas.

167 3263 278 3320 Sed
304 3266 412 3334 iam
449 3264 729 3320 demersus
757 3277 890 3321 erat.
945 3264 1071 3322 Veni
1107 3267 1160 3321 in
1204 3265 1520 3339 altitudinem
1562 3269 1746 3336 maris,

169 3365 228 3413 tu
255 3356 476 3423 dixisti;
501 3365 549 3411 et
575 3366 836 3429 tempestas
856 3359 1088 3414 demersit
1107 3375 1212 3426 me,
1239 3367 1291 3414 tu
1313 3358 1509 3414 dixisti.
1537 3341 1750 3416 Denter;

171 3450 242 3506 sit
265 3451 559 3507 secundum
583 3465 822 3516 carnem,
854 3466 960 3506 non
983 3451 1256 3521 demergat
1279 3452 1569 3507 secundum
1596 3452 1753 3523 spiri-

170 3551 306 3597 tum.
349 3541 549 3611 Quibus
583 3542 786 3598 dictum
822 3549 938 3608 est,
983 3541 1044 3598 Si
1077 3558 1166 3598 vos
1207 3543 1450 3613 persecuti
1487 3544 1671 3615 fuerint
1698 3544 1752 3599 in

169 3647 276 3686 uno
317 3631 542 3700 ciuitate,
587 3632 747 3703 fugite
791 3632 846 3686 in
884 3631 1040 3686 aliam
1094 3630 1316 3703 (Matth.
1367 3648 1437 3699 x,
1475 3631 1615 3705 25);
1650 3632 1751 3690 hoc

168 3725 252 3779 eis
279 3724 479 3783 dictum
507 3733 589 3779 est
612 3767 626 3789 ,
646 3711 715 3778 ut
741 3738 841 3779 nec
879 3737 1039 3780 carne
1077 3724 1368 3789 haererent,
1398 3737 1497 3779 nec
1538 3725 1746 3794 spiritu.

171 3813 290 3870 Non
315 3815 458 3871 enim
501 3815 856 3886 appetendum
903 3825 987 3871 est
1017 3823 1078 3870 ut
1119 3814 1418 3871 htereamus
1443 3817 1527 3872 vel
1555 3827 1748 3890 carne;

167 3903 268 3964 od
292 3913 548 3976 quantum
577 3915 859 3976 possumus
880 3949 894 3974 ,
923 3906 1091 3962 vitare
1109 3905 1384 3962 debemus.
1411 3907 1467 3962 Si
1497 3923 1622 3963 vero
1643 3909 1751 3965 ha:-

169 3998 437 4066 serimns,
467 4007 524 4054 et
551 3999 604 4053 in
649 4013 837 4054 manus
883 4007 1218 4069 peccatorum
1260 4000 1598 4070 venerimus,
1640 4000 1750 4073 jam

167 4104 396 4160 corpore
440 4089 722 4156 haesimus;
773 4090 861 4144 iixi
897 4105 1081 4146 sumus
1107 4091 1158 4145 in
1187 4091 1316 4146 limo
1343 4092 1618 4162 profundi:
1663 4108 1750 4148 re-

165 4190 279 4240 stat
323 4198 420 4254 pro
443 4183 618 4238 anima
647 4184 922 4254 deprecari
951 4193 1008 4238 ut
1035 4199 1140 4239 non
1170 4184 1555 4250 inhtcreamus,
1590 4183 1640 4241 id
1671 4195 1753 4243 est

164 4288 277 4332 non
293 4275 716 4340 consentiamus;
735 4291 838 4330 non
863 4289 960 4330 nos
979 4275 1252 4346 demergat
1271 4284 1558 4347 tempestas
1578 4264 1749 4348 aqum;

165 4375 232 4420 ut
254 4381 436 4422 eamus
454 4369 509 4422 in
539 4367 858 4439 profundum
882 4369 1016 4425 limi.
1053 4367 1228 4440 Neque
1253 4369 1508 4442 absorbent
1535 4387 1614 4425 me
1637 4389 1753 4442 pro-

163 4457 407 4526 fundum,
434 4469 593 4524 neque
611 4469 826 4513 coarctat
847 4474 998 4531 super
1016 4476 1096 4514 me
1120 4471 1301 4531 puteus
1332 4475 1388 4517 os
1424 4478 1588 4517 suum.
1615 4449 1752 4532 Quid

161 4558 252 4602 est
279 4548 402 4612 hoc,
428 4549 620 4605 fratres
636 4548 662 4601 Ῥ
686 4549 812 4620 quid
838 4549 1155 4622 deprecatus
1178 4554 1298 4608 est?
1315 4551 1531 4625 Magnus
1546 4563 1628 4610 est
1658 4571 1753 4626 pu-

162 4647 287 4694 teus
312 4639 642 4710 profunditas
667 4640 956 4711 iniquitatis
981 4641 1228 4698 humana:
1253 4662 1266 4697 :
1298 4645 1426 4701 illuc
1454 4647 1678 4719 quisque
1705 4647 1751 4718 si

162 4721 450 4798 ceciderit,
481 4733 540 4789 in
567 4735 730 4790 ultum
769 4736 942 4792 cadet.
975 4735 1081 4793 Sed
1120 4737 1293 4795 tamen
1333 4740 1402 4795 ibi
1444 4742 1676 4812 positus,
1706 4740 1751 4812 si

161 4825 452 4881 conﬁtetur
490 4837 705 4898 peccata
734 4827 844 4883 Deo
867 4844 998 4897 suo,
1029 4845 1136 4885 non
1175 4843 1336 4902 Super
1375 4847 1496 4888 eum
1544 4833 1752 4890 claudet

161 4927 362 4990 puteus
383 4933 448 4974 os
475 4933 627 4975 suum
654 4937 668 4974 :
701 4928 760 4976 ut
787 4931 869 4976 est
898 4922 951 4977 in
979 4923 1084 4977 alio
1109 4923 1336 4994 quodam
1379 4926 1588 4996 psalmo
1615 4928 1751 4982 scri-

157 4997 316 5084 istum
338 5053 351 5076 ,
384 5011 462 5066 De
487 5012 753 5085 profundis
775 5013 988 5070 clamavi
1025 5016 1093 5070 ad
1113 5027 1160 5084 te
1177 5060 1192 5088 ,
1224 5015 1475 5084 Domine;
1499 5018 1748 5096 Domine,

157 5107 355 5162 exaudi
373 5121 540 5161 uocem
557 5119 718 5162 meam
735 5109 903 5181 (Psat.
922 5125 1107 5178 cxxix,
1127 5111 1180 5178 i,
1198 5113 1280 5186 2).
1297 5112 1350 5180 Si
1365 5122 1540 5176 autem
1559 5112 1751 5182 factum

175 5201 233 5254 in
255 5198 344 5254 illo
360 5198 518 5254 fuerit
539 5199 676 5270 quod
695 5200 794 5255 alia
810 5203 1068 5258 sententia
1079 5203 1362 5274 Scriptura:
1376 5204 1522 5270 dicit,
1564 5204 1753 5260 Pecca-

159 5300 268 5355 tor,
284 5306 398 5344 cum
414 5293 597 5345 venerit
612 5291 663 5344 in
681 5293 987 5362 profundum
1004 5295 1270 5362 malorum,
1285 5308 1559 5354 contemnet
1573 5298 1749 5371 (Prov.

159 5398 298 5439 xvnt
322 5423 338 5449 ,
363 5381 398 5438 5
423 5384 479 5450 );
519 5381 712 5438 clausit
739 5399 900 5455 super
924 5403 1046 5442 eum
1074 5397 1264 5474 puteus
1289 5405 1351 5444 os
1385 5405 1561 5445 suum.
1579 5391 1753 5458 Quare

161 5475 358 5531 clausit
384 5491 445 5530 os
473 5473 668 5531 suum?
693 5475 827 5544 Quia
856 5478 1046 5534 clausit
1071 5473 1136 5536 es
1158 5481 1318 5536 illius.
1351 5481 1585 5538 Perdidit
1611 5484 1751 5538 enim

159 5568 586 5635 confessionem;
620 5585 748 5626 vere
777 5581 1019 5627 mortuus
1046 5582 1161 5640 est,
1195 5575 1576 5646 impletumque
1607 5577 1656 5630 in
1689 5591 1754 5632 eo

161 5671 248 5718 est
276 5660 417 5732 quod
441 5661 563 5716 alibi
593 5661 788 5718 dicitur
811 5679 825 5718 :
847 5661 893 5717 Α
921 5675 1120 5720 mortuo
1142 5707 1158 5734 ,
1205 5667 1339 5720 velut
1386 5667 1474 5738 qui
1509 5683 1609 5723 non
1652 5669 1752 5738 sit,

161 5755 296 5830 perit
337 5754 585 5825 confessio
623 5754 827 5823 (Eccli.
858 5771 1005 5824 xvn,
1049 5757 1178 5830 26).
1208 5759 1485 5815 Metuenda
1527 5761 1626 5815 ista
1667 5776 1756 5832 res

165 5835 550 5913 vehementer,
583 5845 794 5904 fratres.
823 5848 879 5906 Si
917 5850 1115 5906 videris
1140 5851 1407 5908 hominem
1435 5851 1623 5909 fecisse
1651 5854 1751 5909 ini-

1176 384 1574 444 ENABRATIO
1611 382 1675 439 IN
1713 381 2032 438 PSALMU.“
2076 381 2302 438 LXVIII.

3322 386 3428 444 854

1852 506 2136 566 quitatem,
2186 511 2392 551 mersus
2421 506 2499 551 est
2531 503 2580 551 in
2613 505 2825 567 puteum
2852 515 2864 551 :
2899 497 3113 569 quando
3138 507 3317 555 autem
3356 500 3434 557 illi
3496 564 3508 588 ι

1847 586 2043 642 dixeris
2071 588 2399 658 iniquitatem
2429 588 2622 658 ipsius,
2655 597 2708 643 et
2733 589 2964 656 dixerit,
3003 590 3136 646 Vere
3173 591 3427 662 peccavi,

1847 677 2052 744 fateor;
2083 693 2186 733 non
2224 693 2385 749 super
2409 693 2528 734 eum
2568 680 2757 734 clausit
2785 690 2974 751 puteus
3000 696 3060 735 os
3085 697 3237 748 suum
3261 700 3276 737 :
3304 697 3427 739 cum

1846 777 2024 823 autem
2048 767 2244 824 videris
2286 785 2407 825 eum
2449 770 2658 838 dicere,
2701 770 2837 838 Quid
2863 774 3006 828 enim
3036 773 3160 827 mali
3187 772 3322 829 ieci!
3351 773 3434 830 fa-
3489 761 3491 766 ’

1847 870 1964 916 ctus
1996 869 2079 916 est
2103 861 2352 917 defensor
2381 863 2583 934 peccati
2611 863 2725 929 sui;
2771 864 2961 920 clausit
2986 880 3147 936 super
3173 879 3299 921 eum
3323 854 3429 937 pit:

1850 963 1966 1008 teus
2003 965 2064 1008 os
2091 966 2278 1017 suum,
2323 969 2423 1025 qua
2453 963 2670 1010 eruatur
2690 969 2796 1012 non
2825 955 3004 1012 habet.
3043 958 3251 1013 Amissa
3293 969 3433 1013 eon-

1848 1042 2080 1100 fessione
2103 1087 2118 1112 ,
2162 1047 2416 1102 uon'erit
2453 1047 2604 1103 locus
2643 1049 3046 1105 misericordize.
3071 1049 3152 1106 Tu
3179 1051 3348 1107 factus
3371 1065 3434 1108 es

1847 1137 2050 1206 peccati
2080 1137 2156 1191 tui
2185 1135 2474 1199 defensor:
2517 1140 2785 1210 quomodo
2821 1143 2924 1197 erit
2951 1143 3092 1199 Deus
3136 1141 3430 1202 liberatori

1848 1225 1920 1284 Ut
1946 1242 2076 1300 ergo
2101 1230 2172 1285 sit
2197 1229 2286 1287 ille
2309 1229 2562 1288 liberator
2578 1273 2593 1300 ,
2625 1241 2682 1288 tu
2706 1243 2822 1290 esto
2845 1245 3146 1294 accusator.

2512 1427 2684 1471 SIMO
2712 1431 2773 1471 li.

2137 1567 2210 1623 De
2223 1569 2496 1640 posteriore
2521 1579 2666 1642 parte
2678 1569 2902 1642 ejusdem
2927 1569 3146 1638 .

1922 1726 1975 1781 ί.
2013 1723 2177 1806 [vere
2211 1724 2457 1812 56,11]
2495 1726 2767 1794 Posterior
2808 1741 2929 1802 pars
2974 1727 3165 1814 psalmi
3214 1725 3282 1803 de
3329 1746 3437 1814 quo

1851 1817 2103 1893 hesterno
2143 1819 2232 1884 die
2267 1820 2429 1892 locuti
2468 1835 2651 1886 sumus
2688 1821 2944 1891 Charitati
2991 1821 3193 1890 Vestra:
3219 1867 3236 1898 ,
3283 1825 3440 1884 hodie

1851 1912 2006 1976 nobis
2044 1912 2353 1984 explicanda
2387 1922 2738 1982 remanserat.
2781 1913 2849 1982 Et
2886 1914 3041 1982 video
3069 1932 3186 1984 esse
3226 1925 3436 1992 tempus

1853 2005 2110 2078 reddendi
2158 2005 2360 2080 debiii,
2392 2007 2435 2082 si
2481 2015 2658 2072 tamen
2706 2007 2822 2082 ejus
2867 2003 3143 2084 proiiritas
3184 2024 3290 2080 non
3339 1995 3439 2068 nos

1853 2099 2011 2171 etiam
2045 2098 2203 2170 hodie
2239 2099 2510 2172 debitores
2539 2099 2833 2171 reliquerit.
2881 2085 3061 2174 itaque
3097 2101 3198 2169 hoc
3238 2101 3433 2174 prmio.

1853 2204 2020 2260 quor,
2052 2198 2106 2260 et
2132 2198 2256 2270 peto
2286 2205 2353 2258 ne
2392 2189 2700 2260 diuturnum
2748 2203 3044 2258 sermonem
3095 2191 3147 2247 in
3189 2192 3271 2261 his
3313 2207 3434 2266 quae

1853 2281 2131 2350 manifesta
2159 2285 2648 2355 δυηιβχερθοιβῑίε.
2680 2281 2754 2348 Ita
2781 2283 2936 2350 enine
2962 2300 3231 2368 possumus
3255 2285 3309 2346 in
3333 2275 3440 2342 ’01)-

1853 2376 2181 2431 scurioribus
2207 2379 2519 2452 necessitate
2545 2378 2838 2448 immorari,
2858 2390 2913 2440 et
2942 2379 3160 2448 fortasse
3189 2379 3442 2460 supplere

1853 2468 1995 2544 quod
2025 2469 2284 2544 (ieiunius
2303 2511 2322 2548 ,
2353 2478 2411 2542 ut
2451 2469 2569 2546 aliis
2597 2469 2788 2540 diebus
2813 2471 2914 2536 alia
2948 2469 3234 2538 debeamus
3255 2511 3270 2540 ,
3311 2471 3446 2530 alia-

1854 2576 1959 2634 quo
1985 2561 2291 2637 reddamus.
2326 2561 2612 2636 Videamus
2639 2577 2768 2633 ergo
2792 2578 2912 2648 quae
2940 2572 3254 2632 sequuntur.
3283 2561 3444 2632 Post-

1856 2668 2079 2726 eaquam
2133 2654 2305 2727 dixit.
2355 2653 2532 2724 Neque
2577 2665 2796 2722 caerete!
2841 2672 2994 2726 super
3041 2671 3119 2710 me
3165 2663 3346 2731 putat:
3388 2671 3448 2724 ρ*

1854 2759 2038 2810 suum;
2065 2744 2208 2823 quod
2242 2743 2500 2812 hesterno
2543 2744 2628 2804 die
2671 2744 3162 2810 commendavimus
3185 2745 3450 2816 Charitati

1858 2833 2095 2910 Vestra,
2128 2845 2186 2910 ut
2207 2837 2353 2906 omni
2378 2835 2541 2912 animi
2566 2835 2861 2906 intentique
2889 2845 2943 2904 et
2969 2836 3071 2904 [ide
3098 2837 3312 2916 pictatis
3350 2852 3447 2904 cap

1857 2940 2079 2994 venatus
2117 2941 2183 3000 ne
2213 2926 2316 2992 hoc
2347 2926 2686 3002 maledictum
2715 2927 3055 3004 superveniat
3092 2927 3268 3000 nobis.
3295 2927 3449 3002 Tune

1856 3020 1996 3082 enim
2019 3027 2255 3086 coarctat
2279 3028 2469 3094 puteus
2492 3035 2654 3094 super
2676 3019 2948 3094 hominem
2980 3034 3042 3085 os
3071 3035 3246 3094 suum,
3275 3019 3332 3086 id
3354 3029 3446 3096 est

1855 3109 2187 3184 profunditas
2225 3111 2549 3183 iniquitatis.
2580 3110 2790 3186 quando
2819 3127 2925 3184 nan
2953 3111 3126 3180 θοιιιιη
3153 3127 3362 3184 mersus
3387 3113 3450 3179 in

1856 3203 2084 3274 peccatis
2123 3201 2261 3279 jacet
2286 3244 2301 3277 ,
2331 3201 2427 3278 sed
2456 3201 2615 3276 etiam
2645 3201 2821 3284 perdit
2845 3202 3047 3270 aditum
3075 3203 3445 3276 confessionis.

1855 3292 2078 3366 Quando
2117 3301 2294 3369 autem
2331 3292 2460 3364 dicit
2503 3291 2702 3374 homo,
2745 3293 2999 3362 Pascatar
3029 3309 3183 3372 sum;
3212 3293 3450 3368 radiata:

1855 3387 2033 3459 aliqua
2059 3387 2262 3462 inmitte
2290 3386 2449 3456 etiam
2479 3385 2810 3460 proiuntlitas
2837 3386 3002 3462 putei.
3024 3386 3275 3472 Sequitur
3293 3402 3446 3472 ergo,

1857 3479 1993 3540 inter
2017 3479 2292 3552 passiones
2315 3477 2621 3554 exclamans
2645 3477 2899 3546 Dominus
2922 3469 3278 3550 uoster'Jestts
3297 3465 3451 3550 Chii-:-

1854 3578 1996 3638 ειυς,
2029 3579 2184 3645 caput
2211 3577 2264 3634 et
2283 3583 2510 3648 corpus;
2540 3569 2679 3644 sicut
2701 3569 3192 3644 commendavimus
3207 3611 3226 3642 ,
3254 3579 3312 3638 ut
3334 3571 3452 3657 qui.

1855 3660 2074 3729 busdam
2092 3660 2446 3732 tormentis
2473 3658 2629 3726 verba
2655 3660 2988 3734 cognoscatis
3005 3675 3153 3736 sque
3177 3670 3352 3736 autem
3369 3661 3452 3736 sii-

1853 3762 1938 3818 cta
1969 3751 2161 3816 fuerint
2186 3751 2258 3826 ita
2283 3760 2341 3822 ut
2361 3749 2524 3828 capiti
2547 3751 2834 3826 convenire
2863 3765 2966 3819 non
2993 3751 3220 3821 possint,
3251 3747 3317 3824 ad
3330 3767 3454 3818 cor,

1854 3861 1953 3918 pus
1982 3843 2243 3914 referatis.
2262 3844 2351 3912 Sit:
2367 3843 2507 3918 enim
2518 3844 2751 3918 loquitur
2763 3843 3008 3916 Christus
3023 3854 3268 3917 tanquam
3286 3860 3450 3922 unus;

1854 3937 1975 4008 quia
1997 3945 2050 3992 et
2073 3951 2197 3994 vere
2217 3951 2350 4008 unus
2366 3933 2432 3991 de
2447 3949 2551 4006 quo
2571 3933 2772 4010 dictum
2791 3942 2874 4010 est
2896 3951 2910 3989 :
2937 3933 3100 4002 Erunt
3117 3935 3217 3991 duo
3233 3937 3285 4008 in
3300 3953 3455 4008 carne

1854 4045 1958 4100 tuto
1986 4027 2198 4102 έΕρΙιρο.
2230 4044 2281 4095 ν,
2300 4025 2412 4103 5t).
2449 4027 2505 4098 Si
2521 4027 2664 4086 enim
2692 4026 2747 4102 in
2769 4041 2933 4104 carne
2959 4043 3084 4100 una,
3102 4028 3225 4098 quid
3239 4028 3453 4102 miraris

1853 4122 1976 4195 quia
2003 4131 2056 4188 et
2084 4122 2136 4182 in
2164 4135 2294 4190 voce
2321 4134 2424 4192 una
2444 4121 2468 4175 ?
2491 4119 2742 4190 Setinitur
2773 4134 2935 4200 ergo,
2969 4119 3172 4188 Exaudi
3196 4137 3306 4194 me,
3335 4119 3453 4196 ρρτ

1793 4247 1795 4249 -
1855 4217 1990 4280 mine
2012 4258 2027 4284 ,
2066 4214 2308 4287 quoniam
2341 4213 2510 4284 quouis
2537 4223 2608 4268 est
2639 4212 2980 4286 misericordia
3006 4222 3113 4280 tua.
3140 4211 3290 4290 ﬁam;
3318 4229 3452 4286 gap-

1855 4323 1968 4374 sam
2009 4308 2240 4378 asseruit
2278 4321 2447 4378 quare
2483 4304 2679 4374 debeat
2720 4304 2990 4380 eppudiri,
3015 4305 3138 4384 quia
3165 4306 3342 4380 suavis
3371 4315 3456 4380 est

1857 4400 2215 4477 misericordia
2260 4399 2378 4458 Dei.
2416 4397 2604 4466 Nonne
2641 4398 2809 4472 magis
2848 4397 2950 4454 hoc
2977 4405 3092 4473 erat
3119 4412 3454 4474 consequens

1856 4503 1915 4550 ut
1937 4493 2160 4561 diceret,
2186 4491 2390 4560 Exaudi
2409 4507 2516 4560 me,
2543 4491 2794 4564 Domine,
2821 4498 2884 4545 ut
2905 4491 3084 4564 suavis
3107 4490 3237 4562 mihi
3263 4491 3333 4546 sit
3352 4492 3456 4560 tui-.-

1855 4587 2140 4658 sericordia
2179 4586 2313 4644 tua?
2353 4585 2530 4655 Quare
2574 4599 2704 4656 ergo
2725 4625 2742 4653 ,
2787 4583 2996 4657 [gaudi
3035 4600 3148 4659 me,
3192 4580 3451 4670 Domine,

1854 4682 2089 4752 quoniam
2114 4679 2281 4742 simis
2307 4687 2381 4744 ou
2409 4677 2752 4746 adscricordia
2777 4686 2867 4748 iga
2889 4677 2911 4732 Ι
2934 4676 3259 4746 Suavitatem
3286 4677 3455 4744 misce.-
3519 4732 3522 4736 .

1856 4773 2102 4832 ricnrdiae
2153 4771 2360 4835 Domini
2411 4770 2482 4828 de
2526 4769 2866 4838 tribulatione
2917 4784 3012 4834 sua
3059 4766 3458 4846 summendavit

1855 4866 1973 4922 aliis
2011 4861 2404 4934 quodammodo
2437 4861 2648 4930 verbis,
2691 4875 2813 4930 cum
2860 4859 2993 4934 (Ilii!
3039 4879 3054 4916 :
3097 4860 3303 4936 Exaudi
3332 4875 3458 4942 me,

1855 4955 2107 5022 Domine,
2156 4955 2396 5026 quoniam
2439 4953 2668 5020 tribular-
2713 4953 2920 5024 Revera
2963 4953 3107 5026 enim
3153 4953 3243 5030 qui
3280 4950 3412 5030 eieit
3437 4991 3461 5034 ρ

1857 5048 2062 5148 Experti
2098 5063 2178 5104 me
2199 5087 2214 5110 .
2255 5043 2504 5148 Domine.
2531 5044 3049 5148 quoniam-tributo”
3319 5042 3456 5145 dicit

1855 5133 2018 5212 quire
2056 5153 2116 5196 se
2147 5136 2385 5194 exaudiri
2421 5145 2571 5206 roget
2612 5135 2746 5203 ειςεῄ
2775 5135 2977 5208 homini
3021 5136 3074 5208 in
3111 5133 3455 5214 tribuiatippe

1857 5230 2033 5302 posito
2050 5271 2067 5297 ,
2097 5242 2319 5294 necesse
2347 5235 2431 5289 est
2459 5237 2516 5282 ut
2542 5225 2722 5296 suav-is
2749 5227 2822 5297 sit
2841 5224 3208 5301 misericordia
3233 5224 3347 5306 Dei,
3375 5224 3456 5304 pe

1856 5322 1957 5380 hac
1998 5322 2260 5380 suavitate
2283 5319 2668 5384 misericordiae
2704 5320 2802 5391 Dei
2839 5319 3014 5392 videte
3037 5318 3164 5396 quid
3191 5319 3300 5396 aiio
3321 5318 3448 5396 ippo

1855 5415 2124 5486 Scriptura
2171 5414 2314 5472 dicat
2344 5431 2358 5468 :
2389 5413 2536 5480 Sicut
2566 5412 2743 5485 ριρςοὶα
2768 5415 2821 5482 ia
2843 5413 3073 5485 siccitate
3088 5455 3106 5482 ,
3129 5414 3203 5489 itg
3223 5413 3456 5492 ημῇρρᾳ

1856 5517 1928 5570 nt
1965 5504 2309 5570 misericordia
2351 5503 2449 5564 Dei
2485 5505 2539 5568 in
2565 5504 2888 5573 mulatione
2911 5503 3099 5578 (Eccli.
3127 5520 3268 5582 μη
3289 5546 3307 5581 ,
3335 5503 3454 5582 36).

1857 5598 2009 5667 Quod
2047 5598 2118 5652 ibi
2147 5597 2260 5664 ait,
2286 5596 2551 5667 speciosa;
2581 5596 2682 5651 hoc
2705 5595 2779 5650 ait
2804 5595 2920 5662 hic,
2947 5596 3135 5650 suavis.
3170 5594 3276 5651 Nec
3303 5595 3458 5666 panis

1857 5691 2031 5747 dulcis
2077 5695 2221 5756 esset
2239 5729 2255 5756 ,
2296 5687 2399 5743 nisi
2425 5685 2592 5742 fames
2617 5684 2964 5758 praecederet.
2993 5685 3136 5758 Ergo
3163 5694 3218 5742 et
3243 5685 3460 5758 qundo

1858 5782 2116 5850 Dominus
2156 5777 2410 5850 permittit
2449 5786 2539 5832 aut
2582 5777 2705 5832 facit
2742 5786 2797 5832 ut
2833 5777 2885 5834 in
2915 5777 3252 5852 tribulatione
3281 5775 3462 5850 aliqua

1861 5876 2061 5940 simus,
2100 5871 2260 5927 etiam
2290 5878 2419 5925 tunc
2446 5868 2752 5925 misericors
2777 5878 2894 5937 est;
2925 5884 3031 5926 non
3061 5869 3204 5926 enim
3225 5868 3456 5925 alimen-
