3912 6438
493 453 599 510 855

493 581 607 625 tum
638 567 940 630 subtrahit,
972 563 1065 621 sed
1085 561 1412 620 desiderium
1425 567 1636 615 'movet.
1662 537 1994 628 ltaqtte'quid
2017 557 2092 612 ait

493 664 656 719 modo
686 680 699 716 :
731 659 936 716 Erandi
964 673 1061 722 me,
1083 654 1324 720 Domine,
1347 653 1585 723 quoniam
1611 651 1776 706 suavis
1803 659 1874 704 est
1894 650 2092 704 miseri-

492 757 667 812 cordia
709 764 794 809 tua
820 754 844 808 ?
881 753 998 808 lam
1035 751 1142 806 noli
1168 748 1384 804 differre
1408 745 1838 807 exauditionem;
1866 744 1918 799 in
1947 752 2092 798 tanta

496 849 837 907 tribulatione
867 862 982 903 sum
1006 888 1021 912 ,
1054 855 1112 900 ut
1135 845 1313 901 suavis
1342 843 1470 898 mihi
1497 844 1565 897 sit
1590 840 1950 896 misericordia
1981 849 2088 894 tua.

493 941 576 998 Ad
602 941 706 996 hoc
733 954 862 1010 ergo
883 938 1166 993 subvenire
1191 934 1478 992 dilferebas
1499 974 1515 998 ,
1546 943 1605 988 ut
1629 932 1757 987 mihi
1778 932 1932 987 dulce
1950 940 2096 986 esset

493 1033 633 1103 quod
654 1031 1008 1088 subveniebas
1042 1047 1055 1084 :
1080 1031 1190 1099 jam
1216 1042 1345 1099 ergo
1369 1027 1506 1082 ultra
1531 1041 1638 1081 non
1663 1035 1745 1080 est
1768 1024 1911 1095 quod
1934 1023 2091 1080 diffe-

491 1139 612 1190 ras;
647 1123 888 1194 pervenit
914 1122 1184 1177 tribulatio
1207 1134 1326 1175 mea
1355 1118 1421 1174 ad
1448 1132 1751 1174 mensuram
1777 1125 1978 1172 certam
1997 1130 2092 1170 ca-

495 1216 785 1282 lamitatis,
826 1214 1006 1268 veniat
1045 1213 1408 1268 misericordia
1435 1221 1521 1267 tua
1543 1210 1608 1264 ad
1637 1208 1935 1265 iaciendum
1955 1221 2094 1277 opus

491 1307 763 1363 bonitatis.
790 1305 998 1359 Exaudi
1021 1322 1100 1359 me
1119 1347 1134 1372 ,
1162 1303 1410 1369 Domine,
1439 1301 1673 1373 quoniam
1698 1300 1865 1354 suavis
1890 1307 1964 1353 est
1992 1298 2091 1351 mi-

489 1400 768 1456 sericordia
816 1409 922 1452 tua.
964 1397 1259 1454 Secundum
1302 1394 1674 1449 multitudinem
1713 1391 2092 1447 miserationum

492 1505 696 1549 tuarum
736 1495 925 1563 respice
969 1494 1022 1545 in
1065 1508 1144 1544 me
1181 1507 1199 1544 :
1238 1504 1343 1544 non
1383 1486 1673 1543 secundum
1699 1483 2090 1541 multitudinem

492 1595 836 1658 peccatorum
862 1598 1124 1640 meorum.

562 1679 619 1734 2.
643 1677 793 1752 [vers.
826 1676 936 1750 18.]
977 1677 1060 1730 Ne
1099 1682 1290 1730 avertas
1327 1673 1510 1745 faciem
1552 1681 1692 1726 tuam
1724 1687 1756 1723 a
1790 1684 1947 1740 puero
1980 1677 2088 1722 tuo.

496 1772 564 1830 Et
594 1773 711 1828 haec
739 1770 1052 1825 humilitatis
1075 1771 1092 1801 ί
1121 1765 1512 1824 commendatio
1534 1772 1637 1830 est,
1667 1780 1698 1816 a
1719 1778 1874 1832 puero
1904 1769 2008 1822 tuo,
2038 1759 2092 1813 id

493 1875 578 1920 est
603 1879 631 1918 a
659 1877 859 1934 parvo;
891 1862 1011 1932 quia
1036 1860 1144 1929 jam
1170 1858 1318 1914 carui
1355 1855 1602 1926 superbia
1629 1867 1726 1924 per
1756 1851 2090 1922 disciplinam

493 1955 855 2012 tribulationis
908 1972 922 2009 :
973 1953 1056 2006 Ne
1084 1961 1278 2006 avertas
1318 1950 1501 2021 faciem
1539 1957 1678 2001 tuam
1717 1962 1750 1999 a
1789 1959 1942 2014 puero
1981 1954 2087 1998 tuo.

497 2047 626 2102 Haec
670 2056 753 2102 est
787 2045 878 2100 illa
919 2045 1157 2115 speciosa
1199 2040 1565 2097 misericordia
1602 2037 1697 2093 Dei
1730 2052 1892 2108 quam
1928 2049 2089 2105 supra

495 2134 650 2193 dixit.
697 2136 830 2192 Nam
861 2136 1104 2207 sequenti
1132 2147 1291 2188 versu
1326 2133 1542 2202 exponit
1567 2129 1707 2200 quod
1735 2127 1867 2183 dixit
1901 2146 1915 2182 :
1949 2127 2091 2192 Quo-

495 2232 633 2286 niam
662 2229 894 2296 tribulor,
926 2228 1159 2282 velociter
1178 2225 1365 2280 exaudi
1390 2241 1489 2278 me.
1520 2222 1658 2289 Quid
1687 2230 1788 2284 est,
1815 2219 2092 2275 velociter?

496 2317 615 2377 Iam
643 2335 750 2375 non
777 2329 859 2374 est
894 2317 1034 2388 quod
1061 2316 1276 2372 differas
1305 2333 1319 2368 :
1347 2315 1604 2379 tribulor;
1648 2311 1922 2384 praecessit
1948 2309 2088 2366 allii-

496 2415 606 2469 ctio
637 2427 774 2476 mea,
809 2420 1063 2480 sequatur
1089 2407 1452 2464 misericordia
1483 2416 1593 2461 tua.

569 2504 626 2560 3.
660 2501 812 2576 [vers.
844 2499 959 2571 19.]
986 2498 1202 2553 Intende
1243 2497 1428 2552 animte
1461 2511 1604 2564 meae,
1636 2505 1681 2550 et
1726 2494 1919 2550 redime
1954 2510 2086 2549 eam.

497 2595 616 2653 Non
644 2595 844 2665 indiget
871 2594 1239 2663 expositione:
1264 2591 1541 2648 videamus
1566 2604 1694 2661 ergo
1730 2589 1872 2660 quod
1907 2590 2088 2660 sequi-

497 2674 606 2745 tur.
648 2687 868 2759 Propter
913 2685 1143 2740 inimicos
1185 2699 1321 2738 meos
1358 2698 1476 2737 erue
1516 2699 1613 2735 me.
1647 2680 1771 2737 Haec
1801 2681 1958 2751 plane
1984 2680 2089 2734 mi-

496 2779 664 2837 randa
695 2778 880 2850 petitio
903 2784 1005 2839 est,
1025 2790 1124 2832 nec
1142 2775 1376 2830 breviter
1400 2771 1824 2844 perstringenda,
1847 2785 1949 2826 nec
1967 2783 2090 2825 cur-

497 2872 599 2929 sim
633 2867 1015 2933 transilienda;
1045 2881 1264 2938 prorsus
1295 2864 1534 2920 miranda
1563 2881 1577 2918 :
1612 2862 1834 2933 Propter
1857 2862 2090 2916 inimicos

497 2979 634 3018 meos
673 2977 790 3016 erue
833 2976 932 3014 me.
974 2958 1112 3025 Quid
1156 2967 1257 3021 est,
1307 2955 1527 3028 Propter
1552 2955 1781 3009 inimicos
1808 2969 1944 3008 meos
1969 2969 2090 3007 erue

497 3055 619 3110 me?
645 3053 716 3110 Ut
740 3049 1159 3116 'confundantur,
1184 3055 1245 3103 ut
1273 3047 1579 3102 crucientur
1603 3045 1917 3100 liberatione
1944 3058 2084 3099 mea.

496 3145 636 3214 Quid
661 3158 789 3215 ergo
810 3186 824 3209 ,
867 3144 910 3198 si
933 3156 1039 3197 non
1075 3145 1258 3196 essent
1280 3138 1356 3192 illi
1383 3137 1471 3208 qui
1501 3136 1816 3191 liberatione
1845 3149 1963 3191 mea
2002 3149 2091 3189 es-

498 3247 620 3294 sent
646 3234 938 3300 cruciandi,
990 3232 1120 3287 mihi
1158 3229 1426 3286 subveniri
1464 3241 1571 3282 non
1604 3223 1827 3282 debuit?
1863 3235 1918 3281 et
1960 3234 2088 3280 tunc

499 3329 597 3384 tibi
622 3325 966 3397 acceptabilis
994 3332 1076 3379 est
1109 3322 1375 3386 liberatio,
1402 3334 1522 3374 cum
1556 3317 1716 3373 fuerit
1739 3316 1958 3371 alterius
1989 3316 2088 3371 da-

499 3418 743 3476 mnatio?
774 3417 914 3471 Ecce
942 3431 1049 3469 non
1072 3422 1198 3469 sunt
1222 3411 1440 3476 inimici,
1462 3410 1552 3480 qui
1568 3409 1652 3464 vel
1674 3407 2086 3472 confundantur,

497 3510 586 3567 vel
614 3517 963 3580 torqueantur
1003 3505 1071 3561 de
1099 3503 1414 3560 liberatione
1463 3509 1552 3555 tua
1585 3517 1598 3553 :
1632 3499 1710 3556 sic
1747 3498 2091 3556 remanebis?

499 3619 607 3663 non
640 3599 987 3658 liberaberis?
1018 3600 1098 3653 An
1143 3595 1209 3651 ad
1251 3595 1354 3650 hoc
1387 3604 1446 3648 ut
1481 3591 1655 3649 valeat
1694 3590 1922 3647 inimicis
1963 3590 2089 3659 tuis,

503 3711 613 3769 quo
643 3695 849 3766 possint
889 3700 944 3748 et
988 3691 1090 3762 ipsi
1130 3698 1219 3744 tua
1247 3679 1566 3742 liberatidne
1595 3681 1874 3739 converti?
1901 3680 2007 3738 Sed
2037 3691 2092 3736 et

499 3789 606 3846 hoc
625 3788 816 3845 mirum
850 3795 952 3852 est,
981 3784 1026 3838 si
1067 3781 1256 3838 habeat
1296 3780 1526 3848 aliquam
1555 3777 1826 3848 petitionis
1850 3788 2086 3831 causam.

500 3879 770 3951 Numquid
797 3877 940 3934 enim
963 3874 1028 3930 ad
1057 3873 1158 3928 hoc
1187 3873 1443 3926 liberatur
1469 3882 1658 3924 servus
1682 3867 1775 3921 Dei
1803 3881 1833 3920 a
1863 3865 2093 3922 Domino

503 3972 616 4029 Deo
647 3980 840 4037 suo,ut
867 3967 953 4022 alii
987 3953 1474 4036 proﬁciant?Quid,
1494 3959 1539 4014 si
1569 3959 1820 4015 deessent
1847 3957 1936 4028 qui
1971 3972 2094 4027 pro-

501 4055 862 4127 ficerent,'ille
888 4073 1074 4114 servus
1112 4056 1207 4111 Dei
1250 4070 1356 4109 non
1397 4061 1511 4109 erat
1558 4049 1905 4106 liberandus?
1943 4051 2089 4117 Quo-

503 4170 732 4226 cumque
760 4166 888 4222 ergo
907 4163 993 4206 me
1018 4155 1351 4212 convertam,
1379 4144 1491 4199 sive
1514 4142 1580 4197 ad
1603 4141 1956 4212 punitionem,
1982 4140 2094 4196 sive

502 4248 570 4304 ad
599 4245 970 4303 liberationem
1005 4240 1364 4302 inimicorum,
1395 4252 1503 4291 non
1538 4234 1694 4290 video
1717 4249 1932 4290 causam
1956 4234 2093 4304 peti-

504 4339 667 4394 tionis
692 4337 870 4406 hujus,
905 4332 1125 4403 PrOpter
1146 4329 1378 4384 inimicos
1404 4343 1540 4381 meos
1576 4342 1693 4380 erue
1731 4342 1810 4380 me
1831 4341 1850 4380 :
1872 4326 1972 4380 nisi
1997 4325 2097 4380 ali-

505 4427 633 4502 quid
674 4426 1052 4496 intelligamus,
1089 4419 1231 4491 quod
1273 4434 1395 4474 cum
1439 4417 1626 4472 dixero
1671 4415 1954 4486 adjuvante
1985 4416 2095 4471 Do-

506 4521 677 4588 mino,
723 4516 983 4589 judicahit
1030 4514 1083 4568 in
1125 4510 1278 4566 vobis
1321 4509 1412 4580 qui
1443 4509 1646 4564 habitat
1696 4508 1752 4565 in
1802 4507 1972 4563 vobis.
2004 4508 2098 4564 Est

507 4611 751 4685 quaedam
790 4605 1034 4668 liberatio
1073 4611 1380 4658 sanctorum
1425 4602 1633 4654 occulta
1670 4617 1684 4652 :
1731 4598 1845 4653 hmo
1877 4606 2098 4668 propter

507 4705 656 4775 ipsos
695 4701 755 4754 lit
790 4700 834 4752 ³.
881 4697 974 4752 Est
1015 4692 1256 4765 quaedam
1298 4690 1506 4762 publica
1534 4699 1589 4744 et
1617 4687 1896 4745 manifesta
1934 4706 1950 4744 :
1981 4687 2097 4744 haec

506 4804 729 4870 propter
766 4791 1012 4847 inimicos
1038 4802 1223 4843 eorum
1255 4787 1346 4851 iit;
1387 4784 1500 4840 sive
1530 4781 1845 4853 puniendos,
1882 4783 1995 4840 sive
2032 4784 2097 4840 ιί-

507 4887 798 4949 berandos.
828 4884 958 4940 Nam
986 4881 1170 4951 utique
1207 4878 1346 4933 Deus
1387 4877 1454 4931 de
1493 4875 1700 4946 ignibus
1740 4876 2097 4944 persecutoris

507 4996 621 5038 non
665 4975 910 5034 liberavit
951 4972 1144 5026 fratres
1186 4966 1542 5032 Machabaeos,
1581 4967 1773 5035 quibus
1802 4965 2099 5021 Antiochus

506 5070 742 5130 saeviens
770 5066 929 5122 etiam
961 5071 1186 5118 matrem
1228 5057 1488 5122 adhibuit,
1539 5057 1692 5126 cujus
1720 5055 1988 5111 blanditiis
2032 5056 2100 5112 ad

511 5175 750 5216 antorem
776 5159 900 5212 vita:
943 5159 1399 5217 converterentur,
1444 5158 1501 5205 et
1529 5147 1760 5204 amando
1785 5150 1962 5204 vivere
1999 5149 2099 5204 ho-

506 5252 764 5315 minibus,
805 5249 916 5305 Deo
955 5252 1308 5302 morerentur.
1351 5242 1422 5297 At
1460 5242 1550 5297 illa
1599 5250 1790 5308 mater,
1836 5241 1946 5312 jam
1995 5257 2098 5297 non

513 5347 661 5412 Eva},
712 5342 808 5399 sed
852 5340 1010 5397 matri
1040 5336 1291 5394 Ecclesia:
1337 5334 1546 5401 similis,
1591 5349 1727 5404 quos
1758 5349 1877 5388 cum
1916 5332 2101 5390 dolore

511 5443 798 5512 pepererat
823 5442 882 5488 ut
911 5432 1061 5487 vivos
1087 5437 1420 5501 agnosceret,
1448 5441 1568 5482 cum
1594 5424 1787 5496 gaudio
1825 5425 1956 5480 vidit
1984 5441 2101 5481 nio-

512 5535 748 5598 rientes;
780 5536 836 5584 et
877 5525 946 5581 ad
991 5523 1097 5579 hoe
1139 5523 1349 5577 hortata
1393 5529 1475 5577 est
1520 5527 1579 5574 ut
1624 5518 1884 5588 eligerent
1926 5517 2103 5589 potius

579 5695 598 5725 ι
634 5699 756 5750 vox,
781 5682 1082 5750 humilitatis,
1105 5682 1246 5732 abest
1265 5693 1296 5750 a_
1317 5687 1426 5750 Mss.

579 5757 600 5785 θ
633 5738 869 5800 ιιὸὸῚοοι)
892 5748 1002 5796 mu.
1029 5738 1402 5800 interponebant
1424 5753 1437 5788 :
1463 5738 1589 5800 quod
1616 5745 1751 5800 Deus
1763 5743 1951 5800 sanctos
1972 5748 2098 5800 suos,

519 5797 983 5877 qitos—dtrm'occnlte,
1015 5797 1243 5877 quosdam
1275 5815 1400 5877 vero
1430 5797 1599 5851 liberat
1638 5797 1826 5877 publice
1860 5811 1877 5845 :
1896 5797 2099 5868 occulte,

519 5859 992 5928 Eiciitviua'clmbteos';
1015 5859 1218 5930 puplice,
1244 5865 1482 5930 sicuthtres
1502 5859 1679 5930 pueros
1691 5862 1764 5930 _de
1780 5859 1966 5910 camino
1981 5859 2104 5924 ignis

523 5923 732 5985 educeres
776 5932 941 5982 tstbzec
962 5923 1056 5979 non
1079 5928 1262 5976 habent
1283 5923 1645 5974 meliorisnotze
1666 5927 1771 5970 Mss.

1735 440 1794 498 s.
1833 439 2200 534 ttUGUSTlNl
2241 440 2540 499 EPISCOPI
3627 461 3703 519 353

2207 558 2340 612 mori
2370 574 2465 628 pro
2497 561 2728 628 paternis
2775 561 2981 632 legibus
3005 562 3211 622 Domini
3251 567 3345 625 Dei
3380 570 3476 638 sui,
3505 588 3630 644 quam
3653 581 3704 636 vi.

2202 667 2327 707 vere
2351 662 2537 707 contra
2567 668 2678 708 eas.
2725 655 2865 721 Quid
2912 656 3000 712 hic
3037 659 3291 716 credituri
3330 677 3523 730 sumus,
3547 667 3706 736 fratres,

2201 743 2301 797 nisi
2333 743 2453 812 quia
2487 743 2692 800 liberati
2722 735 2882 802 sunt?
2911 748 3020 804 Sed
3049 751 3254 806 occulta
3287 751 3386 809 fuit
3409 755 3592 812 illorum
3617 762 3709 819 libe-

2200 839 2338 892 ratio
2371 855 2385 893 :
2413 838 2643 910 denique
2665 841 2779 911 ipse
2808 844 3122 908 Antiochus,
3147 862 3178 900 a
3206 863 3314 918 quo
3339 851 3493 905 occisi
3517 866 3634 919 sunt,
3657 861 3709 914 ri-

2201 945 2294 986 sus
2318 940 2402 986 est
2420 932 2520 988 sibi
2549 933 2746 1004 aliquid
2773 936 2964 993 fecisse
2984 938 3128 1008 quod
3162 939 3280 1009 ejus
3308 943 3574 1003 crudelitas
3593 947 3714 1007 dicta-

2200 1021 2312 1090 bat,
2336 1025 2418 1079 vel
2441 1027 2886 1094 potiusincitabat
2915 1030 2983 1100 (ll
3015 1030 3253 1088 Machab.
3285 1037 3406 1105 vn).
3437 1039 3503 1092 At
3521 1054 3626 1094 vero
3640 1051 3716 1100 tres

2203 1117 2351 1186 pueri
2385 1117 2452 1172 de
2489 1119 2701 1175 camino
2730 1121 2865 1192 ignis
2894 1133 3078 1192 aperte
3105 1124 3316 1182 liberati
3345 1138 3466 1183 sunt
3495 1129 3631 1198 (Dm.
3658 1150 3710 1202 ut,

2199 1211 2291 1278 49)
2316 1228 2330 1276 ;
2361 1212 2482 1282 quia
2507 1221 2561 1268 et
2593 1229 2789 1283 corpus
2814 1230 2998 1271 eorum
3035 1228 3247 1274 erutum
3271 1229 3379 1284 est,
3415 1221 3548 1278 salus
3579 1239 3712 1283 eorum

2199 1301 2409 1370 publica
2457 1302 2572 1356 fuit.
2638 1304 2714 1358 llli
2769 1321 2898 1376 ergo
2945 1316 3071 1364 sunt
3123 1309 3176 1364 in
3241 1311 3451 1367 occulto
3494 1319 3711 1382 coronati,

2199 1392 2286 1446 iSti
2354 1395 2408 1448 in
2475 1405 2664 1464 aperto
2718 1397 2925 1454 liberati
2979 1416 2993 1463 ;
3071 1416 3258 1457 omnes
3318 1414 3490 1460 tamen
3545 1407 3695 1464 salvati.

2198 1482 2329 1551 Quis
2380 1495 2556 1542 autem
2615 1487 2815 1545 fructus
2863 1491 3188 1548 liberationis
3240 1494 3403 1550 trium
3457 1504 3711 1566 puerorum?

2198 1576 2375 1645 Quare
2419 1594 2605 1635 eorum
2667 1598 2861 1638 corona
2923 1584 3083 1641 dilata
3141 1588 3279 1644 est?
3331 1584 3450 1658 Ipse
3500 1590 3715 1648 Nabucho-

2198 1668 2434 1726 donosor
2473 1687 2762 1730 conversus
2809 1684 2892 1730 est
2929 1677 2998 1732 ad
3038 1678 3204 1734 Deum
3255 1681 3514 1752 ipsorum,
3549 1699 3715 1754 eumque

2200 1761 2527 1830 praedicavit,
2569 1765 2690 1833 quia
2729 1767 2871 1822 eruit
2908 1782 3093 1824 servos
3133 1786 3300 1836 suos;
3342 1788 3500 1844 quem
3533 1785 3715 1832 contem-

2199 1862 2399 1954 pserat,
2427 1869 2548 1954 cum
2591 1871 2686 1911 eos
2716 1857 2939 1914 miserat
2977 1860 3031 1917 in
3059 1864 3352 1920 caminum.
3385 1866 3477 1922 Est
3501 1883 3610 1942 ergo
3631 1873 3720 1929 libe-

2197 1946 2338 1998 ratio
2360 1946 2599 2012 occulta;
2646 1957 2728 2003 est
2772 1949 3020 2007 liberatio
3061 1955 3366 2012 manifesta.
3408 1959 3641 2018 Libet-alio
3657 1980 3719 2020 oc-

2197 2037 2337 2090 culta
2367 2037 2433 2092 ad
2461 2039 2716 2106 animam,
2749 2042 2991 2100 liberatio
3020 2047 3298 2104 manifesta
3321 2051 3480 2107 etiam
3503 2053 3561 2108 ad
3579 2070 3721 2126 corpus

2199 2130 2448 2199 pertinet.
2474 2131 2530 2185 ln
2553 2134 2766 2190 occulto
2785 2136 2927 2192 enim
2948 2139 3124 2195 anima
3142 2142 3419 2210 liberatur,
3438 2147 3487 2201 in
3511 2150 3721 2206 manifesto

2197 2236 2408 2292 corpus.
2443 2223 2610 2280 Porro
2633 2227 2676 2281 si
2705 2228 2774 2283 ita
2799 2239 2903 2297 est,
2927 2231 2980 2286 in
3009 2235 3112 2289 hoc
3135 2236 3344 2304 psalmo
3370 2253 3544 2295 vocem
3569 2241 3721 2300 Domini

2196 2326 2550 2383 agnoscamus
2581 2334 2593 2370 :
2624 2318 2690 2372 ad
2711 2321 2974 2376 occultam
3000 2323 3375 2383 liberationem
3400 2332 3608 2402 pertinet
3622 2336 3721 2403 quod

2196 2418 2356 2474 supra
2378 2405 2528 2472 dixit,
2558 2407 2777 2465 Intende
2794 2413 2979 2468 animi:
2998 2431 3142 2477 mete,
3167 2427 3212 2470 et
3241 2420 3436 2478 redime
3458 2438 3576 2478 eam.
3591 2423 3722 2480 Restat

2196 2498 2438 2567 corporis
2465 2498 2709 2556 liberatio
2742 2519 2756 2556 :
2784 2505 2908 2573 quia
2953 2519 3020 2560 eo
3067 2521 3405 2581 resurgente,
3445 2524 3496 2568 et
3534 2515 3582 2570 in
3603 2518 3720 2572 caelos

2197 2588 2558 2657 ascendente,
2611 2601 2668 2647 et
2710 2594 2954 2665 spiritum
2993 2609 3240 2656 sanctum
3281 2602 3509 2675 desuper
3541 2611 3721 2664 mittente

2200 2676 2334 2772 (det.
2361 2695 2401 2747 ι,
2429 2679 2482 2743 9,
2511 2691 2557 2736 et
2581 2698 2640 2750 tt,
2671 2685 2756 2756 4),
2782 2689 3027 2744 conversi
3055 2700 3182 2746 sunt
3203 2693 3273 2748 ad
3297 2694 3415 2765 ejus
3442 2697 3584 2754 fidem
3604 2701 3718 2772 quiia

2195 2769 2312 2841 ejus
2339 2779 2514 2830 morte
2542 2776 2862 2845 saevierunt;
2890 2789 2946 2836 et
2968 2795 3035 2838 ex
3063 2783 3297 2841 inimicis
3324 2789 3478 2845 amici
3513 2769 3722 2847 factisnnt

2194 2877 2292 2933 per
2321 2865 2462 2920 illius
2499 2867 2746 2937 gratiam,
2789 2887 2894 2927 non
2928 2887 3023 2943 per
3046 2875 3312 2945 justitiam
3338 2895 3505 2936 suam.
3532 2881 3637 2940 ldco
3657 2899 3718 2940 se-

2195 2966 2349 3012 cutus
2373 2967 2456 3014 est
2483 2978 2496 3014 :
2529 2959 2751 3033 Pmpter
2774 2964 3006 3024 inimicos
3026 2983 3161 3024 meos
3183 2986 3306 3026 erue
3324 2990 3421 3031 me.
3443 2972 3632 3030 Intende
3646 2979 3720 3031 tuti-

2195 3065 2293 3104 mae
2318 3067 2472 3118 mete;
2499 3053 2592 3109 sed
2624 3054 2799 3112 hocin
2820 3060 3032 3116 occulto
3064 3079 3078 3115 :
3108 3062 3333 3135 Propter
3358 3067 3574 3124 inimicos
3593 3079 3718 3126 autem

2195 3155 2333 3196 meos
2351 3157 2470 3199 erue
2487 3145 2505 3176 ί
2532 3154 2588 3201 et
2607 3160 2802 3217 corpus
2823 3164 3026 3206 meum.
3055 3151 3193 3209 Nihil
3215 3157 3364 3212 enim
3403 3158 3610 3216 inimicis
3629 3162 3721 3216 meis

2196 3232 2456 3300 proderit,
2498 3236 2542 3290 si
2589 3237 2758 3294 sOlam
2798 3241 3032 3297 animam
3077 3243 3396 3304 liberaveris
3439 3269 3453 3306 :
3487 3251 3653 3322 aliquid
3680 3266 3720 3309 se

2195 3321 2388 3391 egisse,
2417 3324 2616 3394 aliquid
2646 3341 2706 3408 se
2735 3329 3044 3401 implevisse
3068 3335 3330 3393 credituri
3363 3350 3501 3395 sunt.
3653 3344 3721 3398 alio

2195 3413 2316 3508 litas
2346 3414 2400 3472 in
2434 3419 2690 3490 sanguine
2707 3437 2845 3488 meo,
2869 3424 2995 3480 dum
3015 3426 3286 3486 descendo
3315 3432 3368 3488 in
3389 3437 3716 3508 corruptionem

2201 3505 2371 3579 (Psal.
2396 3527 2545 3577 xxtx,
2565 3513 2695 3584 10)?
2721 3516 2885 3589 Ergo,
2915 3519 3118 3593 intende
3135 3525 3330 3582 anime
3352 3544 3494 3595 mere,
3581 3531 3718 3584 redime

2195 3614 2344 3666 eant,-
2367 3602 2509 3671 quod
2550 3613 2602 3660 tu
2631 3607 2779 3661 solus
2803 3611 2908 3664 scis
2959 3631 2975 3666 :
3013 3612 3208 3671 deinde
3236 3627 3297 3674 et
3325 3628 3522 3691 propter
3548 3621 3718 3676 inimicat

2196 3706 2333 3746 meo:
2365 3708 2486 3749 erue
2525 3711 2624 3762 me,
2675 3705 2733 3753 ut
2775 3713 2900 3756 caro
2951 3717 3070 3760 mea
3113 3721 3221 3762 non
3267 3709 3447 3767 videat
3484 3711 3719 3782 corruptio-

2198 3797 2344 3839 nem.

2269 3875 2324 3931 4.
2353 3875 2504 3949 [vers.
2536 3877 2651 3952 20.]
2678 3879 2760 3936 Tu
2782 3884 2915 3938 enim
2951 3891 3210 3958 cognoscis
3237 3894 3556 3964 opprobrium
3583 3910 3716 3957 mm.

2199 3975 2246 4022 et
2265 3970 2610 4038 confusionem
2634 3990 2816 4042 meam,
2848 3987 2895 4032 et
2927 3981 3280 4038 verecundiam
3319 4002 3493 4041 aream.
3523 3986 3714 4055 Quidni.

2199 4062 2585 4132 opprobrium?
2610 4066 2737 4138 quid
2757 4078 2842 4125 est
2859 4070 3142 4128 confusio?
3163 4076 3291 4144 quid
3310 4076 3717 4145 verecundiamit-

2201 4154 2472 4225 probrium
2502 4160 2752 4228 estquod
2777 4160 2960 4230 objicit
2988 4163 3252 4221 inimicus.
3285 4167 3534 4225 Confusio
3552 4170 3718 4238 est‘qtm

2201 4248 2412 4304 mordet
2431 4249 2834 4308 conscientiam.
2868 4252 3199 4311 Verecundia
3227 4269 3316 4316 est
3345 4274 3461 4330 qua:
3487 4260 3595 4315 facit
3615 4259 3717 4327 inge-

2203 4354 2363 4394 nuam
2391 4338 2616 4396 frontem
2646 4341 2807 4397 etiam
2835 4341 2902 4398 de
2926 4342 3045 4398 fulsi
3071 4346 3316 4402 criminis
3335 4349 3610 4420 objectione
3628 4359 3715 4402 etl-

2200 4430 2441 4488 bescere.
2467 4431 2585 4487 Non
2607 4441 2689 4488 est
2707 4434 2946 4500 crimen;
2973 4444 3065 4490 aut
3088 4438 3188 4493 etsi
3213 4439 3418 4496 crimen
3440 4450 3531 4507 est,
3557 4441 3714 4494 nonest

2203 4521 2346 4578 illius
2373 4525 2459 4578 cui
2487 4522 2735 4593 objicitur
2765 4541 2779 4579 :
2823 4525 2917 4582 sed
2961 4534 3137 4583 tamen
3187 4528 3468 4586 inﬁrmitas
3504 4531 3522 4561 ¹
3555 4523 3713 4583 honuni

2203 4616 2369 4672 animi
2422 4615 2736 4688 plerumque
2770 4617 3193 4685 verecundatur,
3241 4622 3402 4677 etiam
3439 4636 3548 4677 cum
3579 4617 3712 4672 lalsu

2203 4706 2486 4777 objicitur;
2513 4722 2620 4762 non
2651 4708 2772 4778 quia
2795 4707 3062 4778 objectum
3087 4720 3189 4778 cst,
3219 4711 3315 4768 sed
3358 4712 3473 4785 quia
3496 4707 3709 4767 creditum.

2204 4800 2394 4858 Omnia
2420 4801 2536 4858 haec
2561 4812 2686 4858 sunt
2711 4802 2766 4858 in
2798 4817 3026 4873 corpore
3053 4804 3286 4860 Domini.
3311 4803 3440 4860 Nam
3464 4800 3661 4860 confusio
3677 4798 3710 4850 in

2207 4893 2299 4948 illo
2325 4909 2431 4950 non
2455 4901 2660 4964 poterat
2683 4908 2824 4958 esse.
2857 4893 2910 4949 in
2950 4909 3057 4965 quo
3085 4895 3240 4966 culpa
3266 4911 3372 4953 non
3400 4891 3709 4951 inveniebatur.

2204 4984 2565 5054 Objiciebatur
2605 4984 2808 5040 crimen
2851 4984 3214 5056 Christianis,
3266 4987 3369 5044 hoc
3413 4987 3566 5058 ipsum
3610 4976 3708 5051 quod

2206 5076 2493 5132 Christiani
2529 5086 2727 5133 essent.
2761 5075 2853 5132 Illa
2878 5077 3091 5147 quidem
3128 5079 3295 5150 gloria
3325 5076 3439 5134 erat
3466 5094 3480 5132 :
3510 5076 3641 5130 fortes
3663 5070 3706 5124 li-

2206 5169 2394 5224 henter
2431 5168 2792 5238 accipiebant,
2829 5177 2884 5224 et
2931 5169 3008 5224 sic
3048 5169 3406 5240 accipiebant,
3456 5176 3509 5222 ut
3551 5164 3705 5220 omnino

2206 5263 2274 5318 de
2325 5262 2542 5318 nomine
2613 5262 2821 5319 Domini
2873 5263 2957 5317 sui
3016 5276 3126 5318 non
3181 5263 3553 5320 erubescerent.
3604 5251 3703 5322 οβ’

2209 5366 2389 5413 ruerat
2424 5355 2567 5411 enim
2604 5356 2950 5412 irreverentia
3007 5355 3193 5412 faciem
3247 5355 3502 5427 ipsorum,
3547 5345 3699 5404 balteu-

2208 5451 2339 5506 tium
2389 5449 2622 5507 frontem
2665 5447 2814 5506 Pauli
2853 5447 3084 5506 dicentis
3127 5465 3144 5504 :
3195 5447 3317 5505 Non
3359 5446 3486 5502 enim
3535 5439 3702 5498 autem

2207 5717 2214 5724 .
2271 5671 2297 5706 ⁸η
2324 5673 2406 5721 Hic
2424 5677 2558 5730 Lov.,
2583 5677 2634 5720 et
2654 5669 2836 5730 aliquot
2856 5676 2963 5719 Mss.
2988 5669 3184 5727 addunt,
3207 5679 3296 5719 me.

2271 5736 2292 5766 ³
2325 5735 2398 5782 sic
2421 5741 2522 5784 Mss.
2546 5723 2623 5782 Ἀι
2659 5723 2770 5780 edd.
2812 5740 2943 5792 lost,
2981 5723 3238 5792 obiectione
3273 5727 3546 5792 me!

2209 5804 2421 5860 qnuntur
2445 5808 2456 5843 :
2489 5782 2774 5860 erubescere
2796 5782 2990 5860 quidem
3010 5782 3190 5860 nonest
3213 5783 3546 5860 crimingaftgi

2206 5833 3250 5926 3e?"ora;arrige”;aeratia'iéa‘auz
3268 5833 3538 5916 Itis
3567 5833 3692 5890 ad“

2209 5932 2316 5970 men
2350 5916 2620 5977 iit/inuitus,
2647 5928 2743 5967 etc.
