3912 6480
182 476 312 535 857

183 596 263 651 de
291 592 578 665 Evangelia
595 609 616 660 ;
634 592 789 648 virtus
816 588 949 646 enim
970 587 1069 644 Dei
1092 594 1163 643 est
1189 587 1244 642 in
1280 585 1495 641 salutem
1513 581 1651 639 omni
1681 597 1796 637 cre-

183 688 349 743 denti
391 686 565 757 (Itoni.
608 700 649 752 ι,
696 682 810 755 16).
836 681 883 739 0
921 680 1106 747 Paule,
1148 693 1326 734 nonne
1363 686 1418 732 tu
1457 691 1516 731 es
1545 675 1799 731 adorator

182 779 500 837 Crucilixi?
538 778 733 834 Parum
779 784 881 841 est,
912 774 1105 845 inquit,
1144 771 1269 829 inde
1291 771 1420 827 mihi
1449 786 1556 826 non
1600 768 1796 825 erube-

180 888 393 938 scere;
428 872 536 928 imo
579 869 704 925 hinc
730 869 903 925 solum
946 867 1170 938 glorior,
1202 864 1345 921 unde
1382 878 1471 919 me
1510 869 1664 933 putat
1691 860 1795 916 ini-

182 967 379 1023 micus
423 963 763 1022 erubescere.
812 961 945 1016 Mitti
984 960 1128 1017 enim
1171 958 1300 1014 absit
1336 956 1565 1029 gloriari,
1605 956 1704 1011 nisi
1740 954 1796 1010 in

180 1073 359 1113 cruce
379 1055 586 1112 Domini
606 1056 765 1110 nostri
782 1053 907 1109 Jesu
932 1052 1137 1117 Christi,
1160 1068 1247 1120 per
1264 1067 1411 1119 quem
1432 1049 1556 1103 mihi
1576 1047 1795 1103 mundus

179 1150 482 1219 cruciﬁxus
522 1157 614 1215 est,
658 1157 706 1202 et
738 1163 829 1218 ego
868 1143 1219 1214 ntumlo(Gal.
1255 1139 1466 1215 “.14).
1508 1141 1642 1196 Huic
1667 1154 1809 1211 ergo

181 1243 294 1297 tali
329 1241 489 1296 frtmti
516 1240 860 1311 opprobrium
887 1238 1061 1293 solum
1098 1243 1305 1306 poterat
1330 1233 1508 1304 objici.
1536 1232 1668 1288 Nam
1696 1247 1796 1287 nec

181 1333 453 1391 confusio
489 1341 695 1403 poterat
722 1346 843 1388 esse
880 1331 932 1385 in
969 1328 1299 1385 conscientia
1322 1326 1433 1397 jam
1462 1334 1666 1390 sanata,
1696 1339 1795 1380 nec

184 1425 527 1482 verecundia
560 1424 613 1478 in
642 1424 816 1479 fronte
839 1432 944 1478 tam
976 1421 1162 1477 libera.
1185 1419 1290 1476 Sed
1324 1433 1447 1474 cum
1470 1417 1797 1489 objiceretur

185 1516 525 1589 quibusdam
549 1513 689 1586 quod
715 1511 983 1570 Christum
1008 1512 1400 1575 interfecerint;
1424 1509 1618 1566 merito
1641 1523 1791 1564 com-

184 1612 390 1679 puneti
418 1615 541 1662 sunt
568 1605 707 1661 mala
736 1605 1083 1671 conscientia,
1106 1613 1160 1660 et
1180 1601 1464 1659 salubriter
1488 1600 1691 1658 confusi
1713 1610 1795 1655 at-

185 1715 312 1771 que
338 1697 607 1763 conversi.
635 1707 692 1752 ut
721 1704 938 1768 possent
960 1695 1177 1751 dicere:
1208 1693 1289 1749 Tu
1310 1692 1587 1765 cognouisti
1609 1695 1794 1764 confu-

184 1793 397 1847 sionem
420 1806 601 1845 meam.
627 1789 707 1844 Tu
731 1803 879 1859 ergo,
905 1787 1147 1853 Domine,
1170 1784 1331 1851 nosti,
1363 1798 1470 1839 non
1496 1783 1670 1840 solum
1698 1796 1795 1853 0p-

185 1886 479 1958 probrium
508 1899 706 1950 meum,
737 1882 833 1939 sed
875 1891 932 1937 et
959 1878 1324 1935 confusionem
1350 1891 1560 1942 meam;
1588 1876 1642 1931 in
1671 1876 1792 1944 qui-

190 1978 430 2034 busdam
454 1987 511 2032 et
535 1974 930 2038 verecundiam,
960 1974 1048 2045 qui
1074 1971 1317 2043 quamvis
1352 1973 1406 2025 in
1432 1984 1519 2024 me
1543 1968 1787 2035 credant,

187 2073 418 2143 publice
448 2085 533 2126 me
560 2079 737 2124 tamen
760 2081 943 2123 coram
972 2067 1149 2137 impiis
1173 2064 1416 2120 confiteri
1444 2063 1787 2129 erubescunt,

187 2165 323 2233 plus
349 2162 486 2232 apud
516 2177 575 2217 se
612 2160 824 2216 valente
867 2160 1042 2231 lingua
1082 2156 1312 2212 humana
1354 2171 1512 2227 quam
1557 2155 1790 2226 promis-

187 2256 352 2310 sione
379 2254 577 2309 divina.
611 2251 798 2307 Videte
826 2266 954 2321 ergo
991 2265 1085 2307 eos
1113 2270 1128 2305 :
1161 2256 1215 2303 et
1238 2246 1682 2305 commendantur
1706 2254 1790 2300 ta-

190 2346 283 2401 les
314 2347 440 2410 Deo,
474 2359 578 2399 non
608 2345 770 2398 utsic
809 2342 1093 2412 relinquat,
1142 2339 1237 2396 sed
1276 2350 1335 2395 ut
1358 2354 1453 2394 eos
1489 2337 1792 2408 adjuvando

190 2436 461 2508 perﬁciat.
497 2434 636 2489 Dixit
668 2433 809 2489 enim
834 2441 886 2489 et
908 2432 1123 2504 quidam
1150 2429 1396 2496 credens,
1430 2438 1486 2485 et
1506 2429 1738 2485 titubans
1772 2445 1786 2483 :

190 2528 385 2589 Credo,
415 2525 664 2590 Domine;
691 2526 878 2597 adjuva
903 2524 1302 2579 incredulitatem
1328 2539 1490 2578 meant
1511 2522 1704 2594 (Marc.
1727 2537 1784 2576 ιχ

189 2618 315 2689 23).
351 2617 413 2672 In
438 2626 705 2687 conspectu
727 2625 814 2670 tuo
833 2626 949 2670 sunt
977 2630 1149 2669 omnes
1173 2614 1469 2670 tribulantes
1492 2630 1591 2668 me.
1614 2614 1790 2683 Quare

192 2709 329 2765 mihi
370 2710 439 2764 sit
468 2708 833 2780 opprobrium,
869 2718 924 2763 tu
970 2708 1148 2773 nosti;
1202 2721 1368 2777 quare
1418 2705 1683 2773 confusio,
1731 2713 1790 2761 tu

192 2803 377 2867 nosH;
427 2816 591 2871 quare
636 2802 976 2866 verecundia,
1032 2812 1086 2856 tu
1132 2801 1271 2856 nosti
1312 2814 1484 2871 :ergo
1527 2815 1659 2857 erue
1700 2815 1789 2858 me

197 2906 418 2967 propter
460 2896 705 2951 inimicos
748 2909 915 2960 meos,
956 2895 1079 2966 quia
1111 2903 1166 2950 tu
1193 2895 1333 2951 nosti
1382 2894 1481 2949 ista
1522 2909 1665 2961 mea,
1712 2893 1788 2950 illi

194 3005 307 3043 non
353 2998 582 3051 norunt;
612 3004 674 3044 ac
718 3003 813 3059 per
856 2988 978 3053 hoc,
1009 2990 1131 3059 quia
1166 2987 1267 3058 ipsi
1296 2988 1347 3043 in
1380 2996 1669 3057 conspectu
1694 2995 1789 3043 tuo

196 3090 344 3146 sunt,
391 3080 489 3135 ista
532 3081 830 3136 nescientes
873 3094 979 3134 non
1011 3088 1260 3148 poterunt
1287 3080 1372 3135 vel
1417 3079 1671 3135 confundi
1701 3079 1785 3137 vel

194 3171 512 3240 eorrigi,nisi
527 3170 802 3227 manifeste
815 3185 902 3228 me
916 3171 1118 3227 erueris
1133 3180 1351 3241 propter
1361 3170 1601 3226 inimicos
1611 3184 1782 3227 meos.

266 3263 320 3318 5.
351 3258 515 3333 [vera
544 3261 669 3333 21.]
705 3262 1047 3333 Opprobrium
1075 3262 1379 3332 exspectavit
1417 3277 1505 3316 cor
1537 3278 1703 3316 meum
1735 3272 1786 3317 et

196 3354 469 3408 miseriam.
500 3352 636 3422 Quid
658 3363 761 3416 est,
790 3354 1132 3424 exspectavit?
1157 3353 1355 3409 Futura
1377 3354 1476 3408 ista
1503 3353 1747 3423 praevidit
1765 3395 1780 3420 ,

196 3443 366 3499 futura
395 3445 492 3499 ista
523 3443 786 3516 prtedixit.
805 3444 919 3500 Non
945 3446 1087 3500 enim
1113 3444 1258 3501 venit
1286 3444 1352 3499 ad
1372 3444 1537 3500 aliud.
1562 3444 1617 3500 Si
1645 3445 1783 3502 mori

196 3538 379 3605 nollet,
410 3553 510 3595 nec
540 3539 685 3594 nasci
713 3538 878 3593 vellet
905 3556 919 3593 :
950 3553 1109 3594 causa
1138 3540 1549 3596 resurrectionis
1573 3548 1782 3595 utrum-

195 3644 302 3701 que
329 3628 470 3685 fecit.
500 3629 617 3685 Duo
634 3630 777 3685 enim
803 3630 1043 3701 quiedam
1071 3630 1225 3687 nobis
1243 3630 1294 3685 in
1322 3644 1521 3701 genere
1549 3630 1784 3685 humano

196 3729 321 3775 nota
366 3732 560 3788 erant,
590 3738 756 3778 unum
795 3733 972 3779 autem
1016 3723 1362 3794 incognitum.
1394 3722 1547 3778 Nasci
1587 3724 1783 3795 quippe

196 3813 438 3869 homines
462 3823 515 3870 et
539 3815 676 3871 mori
706 3816 1033 3883 sciebamus;
1059 3831 1335 3885 resurgere
1359 3824 1413 3871 et
1442 3817 1495 3872 in
1523 3824 1781 3871 aeternum

196 3906 373 3961 vivere
411 3907 799 3964 nesciebamus.
830 3907 901 3964 Ut
933 3908 1241 3964 ostenderet
1279 3908 1434 3964 nobis
1480 3907 1622 3978 quod
1673 3924 1780 3964 non

197 4012 552 4065 noveramus,
583 3998 816 4069 suscepit
859 3999 966 4054 dno
1006 4014 1125 4070 qua:
1174 4013 1517 4054 noveramus.
1551 3998 1633 4055 Ad
1679 4000 1781 4055 hoc

198 4105 324 4159 ergo
353 4091 512 4145 venit.
546 4090 885 4163 Opprobrium
913 4093 1216 4162 exspectavit
1247 4108 1334 4147 cor
1361 4109 1526 4147 meum
1551 4102 1600 4147 et
1627 4094 1780 4148 mise-

197 4182 345 4236 riam.
384 4181 490 4238 Sed
520 4184 788 4239 miseriam
831 4183 1023 4253 cujus?
1047 4183 1391 4253 Exspectavit
1426 4184 1568 4239 enim
1616 4184 1779 4239 mise-

197 4270 349 4336 riam,
369 4271 461 4326 sed
482 4274 650 4343 magis
669 4272 1109 4343 erucifigentium,
1126 4273 1292 4343 magis
1316 4274 1778 4344 persequentium;

200 4370 258 4416 ut
280 4362 327 4415 in
359 4362 463 4417 illis
480 4372 627 4419 esset
654 4365 889 4432 miseria,
910 4365 961 4419 in
984 4365 1077 4420 illo
1100 4365 1486 4421 misericordia.
1515 4365 1781 4422 Miseriam

198 4450 388 4521 quippe
436 4453 643 4508 illorum
692 4454 951 4510 miserans
993 4457 1152 4510 etiam
1202 4456 1443 4526 pendens
1477 4457 1530 4511 in
1568 4471 1728 4513 cruce
1763 4474 1776 4513 :

201 4539 383 4608 Pater,
412 4543 599 4613 inquit,
626 4545 827 4616 ignosce
850 4545 988 4613 illis,
1014 4546 1133 4617 quia
1168 4548 1394 4602 nesciunt
1421 4548 1544 4617 quid
1585 4549 1781 4618 faciunt

200 4631 345 4706 (an.
377 4650 504 4689 χχιιι
528 4675 543 4701 ,
566 4635 683 4706 54).
716 4635 1056 4707 Opprobrium
1090 4640 1393 4708 exspectavit
1417 4656 1503 4694 cor
1533 4658 1701 4696 meum
1733 4650 1783 4695 et

201 4730 448 4783 miseriam
477 4744 496 4783 :
520 4740 568 4785 et
606 4731 824 4785 sustinui
858 4730 945 4801 qui
978 4731 1128 4786 simul
1165 4734 1564 4799 contristaretur,
1587 4744 1633 4789 et
1678 4750 1782 4789 non

202 4820 311 4892 fuit.
343 4818 479 4887 Quid
510 4836 639 4893 ergo
663 4820 860 4891 profuit
886 4821 1010 4893 quia
1032 4824 1376 4893 exspectavi?
1401 4824 1504 4879 hoc
1523 4834 1624 4890 est,
1653 4825 1781 4895 quid

205 4914 397 4984 profuit
420 4916 542 4986 quia
572 4916 790 4987 prtedixi
810 4916 835 4972 ἲ
857 4917 985 4988 quid
1009 4916 1209 4989 profuit
1237 4918 1360 4989 quia
1385 4918 1493 4974 dixi
1533 4918 1654 4975 idm
1695 4935 1782 4976 me

201 5007 679 5064 venisse?Ventum
701 5019 785 5065 est
807 5018 865 5064 ut
880 5010 1190 5081 impleretur
1215 5010 1356 5082 quod
1380 5011 1489 5066 dixi
1521 5031 1534 5066 :
1566 5014 1782 5068 sustinui

199 5100 280 5169 qui
300 5100 449 5153 simul
470 5102 867 5169 contristaretur,
884 5110 1052 5157 etnon
1072 5104 1190 5174 fuit;
1209 5113 1254 5157 et
1269 5104 1602 5171 consolantes,
1616 5115 1661 5161 et
1682 5124 1782 5162 non

200 5190 358 5244 inveni
381 5191 516 5253 ;lioe
540 5201 622 5245 est
640 5231 656 5257 ,
678 5206 783 5247 non
814 5192 930 5248 fuit.
960 5193 1113 5259 Quod
1142 5194 1282 5249 enim
1323 5196 1600 5265 superiore
1625 5212 1781 5255 versu

201 5280 366 5348 dixit,
396 5279 631 5338 Sustinui
660 5285 747 5353 qui
779 5283 933 5338 simul
967 5285 1382 5350 contristantur;
1405 5286 1506 5343 hoc
1539 5290 1781 5358 sequenti

202 5388 372 5437 versu,
393 5382 440 5428 et
458 5376 793 5430 consolantes.
829 5374 981 5443 Quod
1008 5385 1184 5433 autem
1214 5379 1493 5448 superiore
1521 5395 1708 5445 versu,
1736 5393 1783 5435 et

203 5467 441 5537 nonfuit;
467 5466 569 5522 hoc
598 5468 838 5538 sequenti
871 5482 1031 5525 versu
1048 5510 1065 5535 ,
1095 5480 1143 5525 et
1169 5485 1271 5525 non
1289 5471 1475 5526 inveni.
1498 5472 1638 5544 Ergo
1674 5487 1781 5530 non

204 5559 361 5614 altera
408 5558 644 5630 subjecta
665 5600 681 5627 ,
711 5558 806 5615 sed
854 5561 1101 5632 superior
1125 5563 1351 5637 repetita
1390 5564 1652 5620 sententia
1677 5575 1779 5621 est.

204 5648 363 5718 Quam
418 5651 734 5707 sententiam
764 5651 809 5706 si
852 5661 1201 5709 retractemus
1227 5696 1244 5722 ,
1269 5656 1496 5725 quzestio
1529 5657 1781 5714 nonnulla

206 5742 389 5812 poterit
421 5742 639 5801 oboriri.
669 5742 935 5815 Numquid
970 5746 1111 5803 enim
1138 5746 1380 5819 discipuli
1397 5748 1511 5818 ejus
1540 5764 1644 5805 non
1664 5758 1786 5805 sunt

205 5833 518 5923 contristati,
549 5836 760 5907 quando
787 5837 977 5894 ductus
1010 5847 1092 5894 est
1124 5840 1191 5894 ad
1220 5841 1521 5910 passionem
1541 5841 1786 5912 ,quando

206 5924 351 6001 ligno
370 5945 689 6002 suspensus,
713 5932 925 6005 quando
954 5935 1228 5993 mortuus?
1266 5933 1445 6006 Usque
1472 5935 1607 5994 adeo
1657 5950 1785 5993 con-

1314 462 1712 523 ENARBATIO
1739 460 1807 520 IN
1842 463 1969 522 PSA
1982 464 2177 526 LMUM
2219 469 2447 528 LXVIII.

3392 480 3496 537 858

1908 583 2101 641 tristati
2121 626 2136 652 ,
2165 595 2223 641 ut
2265 587 2350 644 illa
2390 587 2551 645 Maria
2573 589 2898 663 Magdalene,
2921 609 3040 665 qua:
3069 594 3240 666 primo
3266 611 3387 654 eum
3418 600 3497 654 vi-

1904 673 2003 741 dit,
2032 678 2267 746 gaudens
2301 679 2602 751 lugentibus
2631 686 2896 741 nuntiaret
2944 687 3068 757 quid
3094 688 3286 744 viderit
3307 688 3490 764 (Joan.

1905 783 1995 835 xx,
2021 770 2109 837 18,
2134 780 2183 826 et
2207 771 2373 829 Marc.
2391 791 2500 842 xvn,
2520 776 2600 846 9).
2618 777 2963 850 Evangelium
2990 781 3087 837 ista
3106 782 3367 854 loquitur;
3387 801 3493 841 non

1903 871 2087 918 nostra
2123 869 2497 937 praesumptio,
2528 885 2632 926 non
2668 881 2850 928 nostra
2888 875 3121 945 suspicio
3159 885 3243 932 est
3297 894 3310 931 :
3357 893 3493 934 con-

1903 962 2009 1010 stat
2052 956 2312 1022 doluisse,
2361 971 2568 1017 constat
2616 964 2813 1023 luxisse
2856 968 3163 1040 discipulos.
3212 971 3493 1029 Extraneaa

1904 1047 2158 1105 mulieres
2177 1048 2397 1118 ﬂebant,
2422 1055 2635 1124 quando
2661 1057 2728 1112 ad
2755 1059 3057 1129 passionem
3079 1062 3391 1131 ducebatur;
3422 1066 3489 1120 ad

1904 1154 2038 1210 quas
2075 1156 2367 1199 conversus
2408 1146 2483 1201 ait
2514 1165 2527 1201 :
2561 1146 2742 1214 Flete;
2766 1152 2854 1205 sed
2877 1168 2964 1206 vos
2987 1194 3002 1218 ,
3030 1155 3183 1208 nolite
3222 1173 3299 1210 me
3325 1156 3488 1226 (Luc.

1901 1246 2031 1288 χχιιι
2048 1272 2065 1300 ,
2092 1233 2209 1306 28).
2240 1235 2521 1304 Quomodo
2548 1254 2676 1311 ergo
2699 1243 2950 1299 sustinuit
2976 1245 3065 1316 qui
3103 1247 3261 1302 simul
3283 1250 3487 1303 contri-

1900 1331 2133 1381 staretur
2154 1366 2170 1391 ,
2192 1336 2247 1382 et
2274 1343 2379 1384 non
2407 1330 2543 1386 fuit?
2573 1331 2913 1390 Attendimus
2934 1377 2950 1401 ,
2985 1345 3042 1391 et
3067 1337 3365 1394 invenimus
3393 1340 3489 1395 tri-

1900 1424 2010 1472 stes
2030 1458 2046 1483 ,
2069 1426 2125 1474 et
2147 1419 2388 1489 lugentes
2407 1461 2423 1483 .
2446 1431 2501 1477 et
2521 1422 2865 1494 plangentes;
2895 1428 3038 1483 unde
3062 1430 3216 1485 nobis
3242 1430 3373 1485 mira
3405 1432 3487 1486 vi-

1898 1508 2056 1565 detur
2085 1511 2185 1567 ista
2206 1516 2468 1570 sententia
2499 1533 2512 1570 :
2546 1517 2783 1572 Sustinui
2809 1521 2893 1590 qui
2919 1521 3071 1575 simul
3084 1523 3485 1592 contristaretur,

1899 1611 2064 1656 etnon
2097 1604 2194 1674 fuit
2215 1620 2234 1668 ;
2254 1616 2303 1659 et
2323 1607 2673 1674 consolantes,
2705 1618 2753 1663 et
2784 1626 2885 1664 non
2917 1611 3105 1665 inveni.
3145 1611 3487 1669 lntendamus

1898 1691 2202 1765 diligentius
2228 1736 2243 1761 ,
2272 1705 2327 1752 et
2350 1696 2649 1754 videbimus
2679 1715 2800 1755 cum
2836 1701 3157 1758 sustinuisse
3195 1704 3284 1773 qui
3328 1704 3488 1759 snmul

1899 1785 2323 1853 coittristaretur,
2345 1797 2401 1844 et
2423 1804 2527 1843 non
2552 1789 2735 1846 fuisse.
2757 1792 3222 1849 Contristahantur
3247 1795 3388 1850 enim
3413 1796 3487 1850 illi

1897 1875 2185 1932 carnaliter
2210 1876 2276 1933 de
2301 1879 2408 1933 vita
2432 1882 2662 1947 mortali,
2680 1897 2801 1953 quae
2825 1884 3078 1939 mutanda
3099 1885 3269 1941 luerat
3288 1896 3483 1955 morte,

1897 1977 1953 2023 et
1970 1970 2265 2039 reparanda
2283 1974 2710 2030 resurrectione:
2742 1974 2867 2031 hinc
2891 1986 3005 2032 erat
3026 1978 3115 2032 illa
3148 1980 3379 2035 triStitia.
3411 1981 3487 2039 De

1897 2058 2004 2115 illis
2027 2061 2170 2116 enim
2194 2076 2313 2118 esse
2339 2062 2561 2132 debuit,
2584 2066 2673 2135 qui
2703 2066 2831 2121 eteci
2859 2067 3125 2124 medicum
3150 2070 3482 2137 occiderunt,

1896 2151 1986 2224 qui
2005 2161 2252 2223 tanquam
2272 2156 2569 2225 perniciose
2583 2156 2871 2215 febrientes
2888 2160 3205 2231 phrenetici,
3226 2163 3487 2220 faciebant

1896 2244 2146 2314 injuriam
2174 2247 2225 2301 ei
2252 2262 2283 2302 a
2311 2263 2418 2317 quo
2444 2249 2545 2304 illis
2570 2250 2743 2306 fuerat
2763 2253 2908 2308 salus
2937 2255 3120 2311 allata.
3153 2256 3247 2311 llle
3275 2258 3487 2313 volebat

1895 2351 2103 2405 curare,
2132 2338 2207 2393 illi
2231 2341 2419 2396 stevire
2439 2359 2451 2393 :
2475 2341 2598 2397 hinc
2619 2343 2828 2399 tristitia
2851 2345 3078 2401 medico.
3101 2347 3292 2416 Qua-re
3310 2358 3483 2405 utrum

1894 2430 2159 2487 invenerit
2185 2431 2343 2503 hujus
2370 2433 2598 2489 tristitia:
2626 2437 2900 2492 comitem.
2925 2436 3041 2493 Non
3072 2440 3214 2494 enim
3246 2442 3340 2503 ait,
3361 2456 3485 2497 sus-

1896 2521 2027 2577 tinui
2055 2522 2146 2591 qui
2185 2524 2620 2592 contristarelur,
2647 2534 2703 2581 et
2743 2543 2849 2582 non
2881 2527 3016 2594 fuit;
3049 2529 3142 2584 sed
3162 2571 3177 2596 ,
3204 2532 3289 2603 qui
3334 2532 3485 2588 simul

1892 2614 2274 2669 contristantur
2295 2655 2310 2681 ,
2345 2614 2397 2670 id
2424 2624 2524 2682 est,
2556 2631 2622 2672 ex
2648 2633 2710 2674 ea
2740 2634 2828 2685 re,
2858 2635 2960 2689 qua
2986 2635 3108 2691 ego,
3140 2623 3487 2680 contristare-

1893 2713 2013 2773 tur,
2042 2715 2086 2761 et
2108 2722 2210 2761 non
2233 2708 2420 2763 inveni.
2449 2709 2641 2766 Petrus
2667 2720 2813 2767 certe
2844 2712 3132 2783 plurimum
3158 2715 3358 2771 amarit
3386 2759 3400 2782 ,
3432 2725 3489 2773 et

1892 2795 1946 2853 in
1969 2796 2163 2853 ﬂuctus
2192 2799 2478 2855 calcandos
2501 2814 2561 2857 se
2584 2801 2699 2856 sine
2724 2801 3056 2859 dubitatione
3077 2804 3321 2875 projecit,
3340 2815 3394 2861 et
3417 2806 3487 2863 ad

1890 2905 2079 2946 vocem
2106 2892 2316 2948 Domini
2342 2892 2600 2949 liberatus
2627 2903 2709 2948 est
2736 2894 2948 2966 (Matth.
2977 2910 3089 2960 xw,
3119 2895 3190 2952 29
3214 2938 3229 2963 ,
3259 2898 3352 2968 5|)
3382 2915 3396 2953 :
3428 2908 3486 2954 et

1889 2997 2012 3038 eum
2048 2983 2266 3040 ductum
2304 2983 2371 3040 ad
2403 2986 2701 3055 passionem
2728 3025 2742 3050 ,
2774 2987 2972 3042 amoris
3020 2987 3238 3043 audacia
3294 3004 3485 3045 conse-

1889 3084 2044 3132 cutus
2066 3118 2081 3142 ,
2114 3086 2291 3133 tamen
2321 3077 2603 3145 turbatus,
2636 3086 2716 3134 ter
2744 3077 2973 3151 negavit.
3008 3078 3159 3136 Unde
3182 3121 3197 3146 ,
3227 3082 3328 3136 nisi
3358 3083 3483 3152 quia

1889 3167 2088 3223 malum
2137 3168 2211 3223 illi
2256 3169 2535 3226 videbatur
2562 3172 2742 3226 mori?
2772 3171 2829 3227 ld
2869 3171 3012 3227 enim
3041 3171 3311 3228 devitabat
3339 3176 3481 3244 quod

1889 3258 2087 3315 malum
2112 3259 2347 3330 putabat.
2376 3261 2489 3317 Hoc
2512 3276 2642 3333 ergo
2664 3270 2718 3318 et
2742 3262 2795 3318 in
2826 3263 3050 3319 Domino
3076 3263 3309 3330 dolebat,
3336 3265 3481 3336 quod

1888 3351 2003 3422 ipse
2031 3351 2318 3407 devitabat.
2347 3352 2632 3423 Propterea
2662 3363 2716 3408 et
2743 3361 2867 3409 ante
2894 3354 3133 3421 dixerat,
3165 3354 3308 3410 Absit
3343 3374 3374 3410 a
3405 3368 3473 3425 te,

1887 3444 2127 3509 Domine;
2156 3445 2404 3517 prapitius
2435 3446 2524 3500 tibi
2548 3455 2672 3511 esto,
2697 3463 2796 3500 non
2822 3447 2907 3517 ﬁet
2930 3447 3067 3501 istud
3085 3463 3104 3502 :
3124 3449 3338 3519 quando
3365 3464 3479 3505 nte-

1886 3537 1995 3592 ruit
2025 3537 2228 3602 audire,
2261 3536 2525 3604 Satanas;
2571 3546 2916 3608 posteaquam
2958 3538 3241 3606 audierat,
3291 3538 3479 3596 Beatus

1885 3644 1958 3697 es,
1978 3626 2159 3683 Simon
2186 3627 2293 3682 Bar
2316 3627 2457 3683 Iona
2478 3627 2590 3700 (Id.
2617 3644 2726 3693 xvu,
2752 3631 2837 3693 l7,
2861 3630 2951 3690 22,
2977 3631 3092 3702 25).
3129 3631 3268 3702 Ergo
3300 3634 3351 3688 in
3383 3634 3481 3691 tri-

1884 3720 2027 3776 stitia
2054 3736 2213 3792 quam
2243 3720 2470 3777 habebat
2492 3720 2749 3776 Dominus
2778 3722 2844 3778 de
2874 3722 2975 3776 illis
3005 3739 3099 3791 pro
3128 3723 3319 3792 quibus
3352 3740 3477 3780 ora-

1883 3812 1960 3869 vit
1987 3853 2004 3878 ,
2042 3810 2195 3866 Pater
2216 3853 2232 3877 ,
2263 3812 2467 3883 ignosce
2507 3812 2611 3866 illis
2631 3852 2648 3873 ,
2676 3812 2796 3881 quia
2836 3814 3060 3867 nesciunt
3095 3812 3216 3882 quid
3242 3814 3473 3884 faciunt,

1883 3903 2087 3959 nullum
2108 3902 2360 3959 comitem
2380 3902 2602 3958 invenit.
2617 3902 2683 3956 Et
2700 3900 2914 3957 sustinui
2933 3905 3018 3973 qui
3037 3904 3188 3958 simul
3208 3906 3476 3961 contrista-

1882 4004 2021 4050 retur
2043 4035 2058 4060 ,
2080 4004 2249 4049 etnon
2274 3995 2390 4066 fuit.
2421 3996 2649 4050 Prorsus
2674 4009 2779 4049 non
2805 3993 2922 4049 fuit.
2952 3993 3018 4048 Et
3046 3997 3361 4051 consolantes
3380 4038 3394 4062 ,
3425 4007 3475 4052 et

1881 4104 1985 4142 non
2024 4087 2210 4141 inveni.
2253 4086 2354 4153 Qui
2392 4094 2515 4140 sunt
2552 4084 2925 4141 consolantes?
2957 4085 3322 4141 Proficientes.
3369 4088 3474 4158 lpsi

1882 4179 2024 4235 enim
2053 4193 2152 4233 nos
2185 4177 2547 4245 consolantur,
2581 4177 2680 4248 ipsi
2708 4186 2832 4233 sunt
2858 4176 3048 4232 solatio
3067 4177 3314 4234 omnibus
3336 4193 3473 4250 pra:-

1882 4268 2211 4326 dicatoribus
2239 4268 2501 4325 veritatis.

1954 4364 2008 4419 6.
2038 4362 2185 4436 [vers
2203 4362 2321 4437 22.]
2345 4362 2410 4417 Et
2428 4361 2675 4417 dederunt
2693 4361 2746 4415 in
2766 4376 2931 4416 escam
2951 4378 3112 4417 meam
3139 4363 3229 4432 fel,
3246 4372 3296 4418 et
3315 4365 3367 4419 in
3390 4367 3475 4421 siti

1881 4470 1996 4509 mea
2015 4462 2311 4524 potaverunt
2341 4468 2419 4506 me
2444 4460 2605 4507 aceto.
2629 4450 2850 4506 Factum
2881 4461 2962 4507 est
2990 4453 3202 4523 quidem
3234 4453 3300 4508 ad
3331 4456 3473 4510 litte-

1882 4562 2020 4613 ram,
2038 4555 2093 4603 et
2118 4544 2468 4616 Evangelium
2492 4544 2593 4601 hoc
2618 4545 2770 4601 nobis
2791 4545 3008 4601 indicat.
3035 4545 3139 4602 Sed
3169 4547 3473 4619 intelligen-

1882 4638 2010 4697 dum
2038 4650 2122 4694 εει
2144 4680 2159 4705 ,
2191 4639 2410 4703 fratres,
2440 4637 2541 4692 hoc
2568 4637 2739 4707 ipsum
2769 4637 2910 4709 quod
2939 4653 3049 4693 non
3072 4639 3249 4694 inveni
3279 4655 3475 4697 conso—

1884 4730 2058 4787 iantes
2081 4773 2093 4797 ,
2122 4731 2221 4786 hoc
2253 4731 2425 4799 ipsum
2456 4728 2595 4799 quod
2626 4744 2733 4784 non
2763 4728 2939 4783 inveni
2965 4728 3058 4800 qui
3086 4729 3245 4785 simul
3275 4734 3476 4787 contri-

1882 4834 2136 4891 staretur,
2162 4823 2262 4877 hoc
2302 4823 2397 4877 fuit
2435 4822 2501 4878 fel
2530 4837 2728 4887 meum,
2770 4822 2870 4877 huc
2904 4822 3034 4877 mihi
3071 4838 3345 4891 amarum,
3374 4825 3475 4880 hoc

1882 4928 2091 4972 acetum
2146 4915 2241 4969 fuit
2288 4933 2301 4967 :
2346 4929 2585 4969 amarum
2642 4921 2856 4983 propter
2906 4928 3223 4983 maerorem,
3264 4927 3471 4971 acetum

1887 5017 2101 5077 propter
2128 5019 2315 5060 eorum
2354 5011 2694 5058 vetustatem.
2724 5002 2964 5074 Namque
2994 5005 3217 5077 legimus
3246 5005 3317 5059 illi
3349 5006 3470 5074 quia

1884 5099 2004 5156 dem
2027 5098 2259 5152 oblatum
2276 5095 2366 5163 fel,
2384 5096 2522 5151 sicut
2541 5095 2884 5168 Evangelium
2905 5096 3139 5167 loquitur
3166 5095 3215 5169 (1
3223 5096 3275 5149 d.
3304 5112 3466 5163 χχιιι,

1886 5192 1974 5263 5i)
1999 5210 2012 5259 ;
2037 5191 2128 5246 sed
2162 5192 2213 5245 in
2243 5200 2421 5260 potum
2452 5232 2465 5257 ,
2496 5204 2603 5245 non
2642 5191 2694 5245 in
2728 5205 2929 5248 escam.
2977 5191 3351 5248 Verumtamen
3396 5194 3500 5263 εἰς.

1885 5283 2247 5353 accipiendum
2270 5290 2324 5336 et
2354 5280 2630 5352 impletum
2658 5282 2802 5353 quod
2822 5283 2909 5339 hic
2932 5282 3107 5339 fuerat
3130 5292 3255 5340 ante
3278 5285 3473 5356 praedi-

1884 5382 2026 5430 ctum
2054 5416 2068 5441 ,
2103 5372 2359 5427 Desierunt
2394 5374 2445 5427 in
2489 5390 2655 5428 escam
2688 5390 2852 5430 meam
2879 5375 2952 5446 fel
2975 5383 3069 5431 :et
3106 5376 3160 5432 in
3209 5378 3312 5431 isto
3355 5381 3473 5447 ipso

1885 5467 2024 5523 facto
2044 5510 2058 5534 ,
2091 5482 2195 5522 non
2226 5467 2399 5521 solum
2429 5466 2481 5521 in
2514 5465 2614 5523 hoc
2644 5465 2822 5534 dicto,
2847 5467 3159 5538 mysterium
3199 5470 3471 5539 requirere

1885 5558 2142 5614 debemus
2162 5600 2176 5624 ,
2205 5567 2408 5613 secreta
2440 5558 2651 5629 pulsare
2673 5600 2688 5624 ,
2717 5558 2890 5613 velum
2934 5553 3113 5629 teinpli
3139 5561 3469 5619 conscissam

1887 5650 2114 5717 intrare,
2144 5649 2325 5704 videre
2350 5650 2419 5704 ibi
2445 5658 2833 5704 sacramentum
2855 5689 2871 5715 ,
2892 5650 2972 5704 vel
3003 5650 3143 5720 quod
3170 5652 3239 5706 ita
3268 5651 3468 5708 dictum

1888 5745 2088 5814 est,vel
2115 5746 2252 5816 quod
2280 5746 2347 5800 ita
2378 5745 2569 5801 factum
2600 5754 2700 5801 est.
2720 5743 3000 5812 Dederunt,
3020 5746 3209 5817 inquit,
3227 5746 3280 5801 in
3309 5764 3473 5803 escam

1889 5857 2050 5894 meant
2072 5840 2158 5912 fel.
2193 5838 2303 5893 Non
2330 5842 2499 5908 ipsum
2530 5836 2670 5907 quod
2698 5836 2958 5893 dederunt
2991 5853 3112 5894 esca
3141 5847 3287 5905 erat;
3318 5851 3472 5909 potus

1890 5931 2031 5987 enim
2061 5940 2173 5985 erat
2202 5948 2214 5982 :
2241 5928 2330 5985 sed
2359 5929 2411 5983 in
2439 5943 2602 5982 escam
2626 5928 2871 5984 dederunt
2890 5948 2907 5995 ;
2926 5930 3047 6001 quia
3075 5931 3184 6002 jam
3217 5931 3473 5989 Dominus
