3912 6440
476 281 580 340 859
1732 265 1793 324 s.
1833 261 2198 322 AUGUSTINI
2235 260 2538 322 EPISCOPI
3605 278 3681 337 ιω

474 410 651 464 escam
691 399 996 465 acceperat,
1024 398 1080 447 et
1105 388 1157 445 in
1188 387 1357 460 ipsam
1383 384 1635 456 injectum
1669 391 1751 452 est
1775 380 1866 442 fel.
1894 382 2062 450 Acce-
2173 382 2388 454 prodest
2414 382 2732 472 intelligere,
2761 391 2817 439 et
2834 398 2899 440 ex
2921 383 3152 441 inimicis
3179 386 3450 456 proiicere.
3475 389 3684 466 Fiatergo

474 499 623 561 perat
651 496 828 542 autem
859 486 972 556 ipse
1000 496 1174 538 escam
1197 494 1434 542 suavem,
1455 475 1666 548 quando
1693 474 1887 546 pascha
1912 487 2064 529 man-
2167 473 2290 540 illis,
2322 482 2367 528 et
2395 476 2446 529 in
2477 475 2871 541 retributionem,
2899 486 2946 530 et
2974 477 3027 530 in
3057 479 3372 533 scandalum.
3400 480 3463 536 Et
3485 489 3688 554 numquid

473 580 684 635 ducavit
710 595 828 633 eum
859 574 1132 644 discipulis
1151 572 1262 626 suis
1286 589 1298 624 :
1328 571 1400 625 ibi
1430 577 1819 626 sacramentum
1841 567 1924 622 sul
1943 581 2063 623 cor-
2167 567 2420 638 iniustum
2445 578 2526 623 est
2554 568 2658 623 hoc
2676 569 2698 622 ἰ
2717 568 2926 624 iustum
2947 577 3049 626 est.
3074 570 3285 639 Quare?
3311 573 3555 638 Quoniam
3576 579 3620 634 in
3636 597 3691 634 rs-

475 673 621 744 νοτίς
642 667 1022 725 demonstravit
1043 666 1194 739 (Luc.
1218 681 1354 728 xxii,
1379 664 1489 733 19).
1512 663 1566 718 In
1587 663 1721 717 hanc
1748 676 1922 716 escam
1954 671 2060 718 tam
2169 659 2482 713 tributionem
2505 674 2646 714 :non
2671 661 2813 715 enim
2838 661 3038 730 aliquid
3071 661 3177 720 illis
3197 663 3461 728 accideret
3478 669 3599 735 quod
3618 688 3696 728 non

474 780 710 828 suavem,
736 772 840 816 tam
867 759 1076 814 dulcem
1108 758 1323 812 unitatis
1349 753 1566 821 Christi,
1597 769 1755 826 quam
1785 769 2062 809 commen-
2167 750 2479 806 debebatur.
2515 750 2579 804 In
2607 753 2984 808 retributionem
3012 755 3070 812 ﬁt
3089 795 3104 820 ,
3132 755 3248 812 etin
3269 756 3580 827 scandalum,
3605 765 3697 832 quis

473 859 566 914 dat
596 855 879 926 Apostolus
897 897 910 917 ,
939 853 1143 914 dicens,
1179 852 1311 919 Quia
1341 867 1470 904 unus
1497 850 1670 919 panis,
1698 865 1853 902 unum
1879 863 2065 918 corpus
2169 841 2268 912 ipsi
2297 842 2399 896 sibi
2425 853 2549 900 sunt
2567 843 2903 900 scandalum.

474 948 613 1004 multi
653 963 826 1000 sumus
856 945 900 1014 (Ι
945 945 1062 999 Cor.
1094 959 1128 997 χ
1156 985 1168 1004 ,
1199 943 1324 1010 i7);
1351 944 1402 995 in
1437 940 1573 994 hanc
1620 954 1795 994 eseam
1846 954 2062 994 suavem
2241 937 2294 994 8.
2341 937 2682 992 Observantur
2711 939 2844 992 oculi
2874 955 3066 1006 eorum,
3097 955 3162 995 tte
3186 943 3432 1008 videant;
3458 953 3501 1000 et
3541 945 3700 1008 dom.

462 1041 592 1110 ,quis
613 1048 694 1093 est
717 1039 806 1108 qui
833 1037 923 1090 dat
949 1035 1038 1101 fel,
1068 1034 1168 1089 nisi
1187 1033 1607 1089 contradictores
1627 1032 1920 1102 Evangelii,
1946 1040 2063 1085 ιλιι-ο
2167 1031 2376 1085 illorum
2394 1047 2591 1099 semper
2613 1031 2842 1086 incuruo.
2864 1031 2980 1088 Hoc
2994 1047 3327 1104 consequens
3348 1045 3450 1094 est.
3473 1035 3588 1092 Nam
3605 1056 3704 1108 quo-

475 1147 629 1201 quam
658 1130 731 1184 illi
777 1136 1148 1199 persecutores
1170 1124 1409 1182 Christi?
1437 1125 1608 1180 Minus
1633 1125 1775 1180 enim
1806 1139 2062 1194 peccave-
2168 1137 2288 1178 rum
2315 1123 2456 1177 oculi
2489 1122 2686 1177 iuerint
2709 1124 2981 1178 obsecrati
3007 1164 3022 1188 ,
3050 1141 3120 1180 ne
3145 1125 3402 1194 videant,
3431 1130 3642 1200 sequitur
3661 1143 3700 1189 ut

479 1229 599 1275 runt
622 1220 790 1275 Judaei
822 1220 1192 1289 crucifigentes
1221 1218 1272 1272 in
1307 1226 1444 1272 terra
1475 1215 1836 1270 ambulantem
1861 1257 1875 1281 ,
1903 1229 2063 1284 quam
2169 1214 2389 1269 dorsum
2419 1213 2630 1276 illorum
2660 1216 2986 1272 incurvatus.
3004 1216 3158 1274 Unde
3175 1217 3313 1274 hoc?
3339 1218 3473 1287 Quia
3496 1235 3703 1282 cumess-

476 1314 562 1385 qui
587 1323 932 1368 contemnunt
953 1314 1002 1366 in
1024 1312 1160 1366 coelo
1187 1311 1481 1364 sedentem.
1505 1307 1656 1375 Quod
1678 1321 1807 1378 ergo
1825 1306 2066 1361 fecerunt
2169 1306 2406 1361 saverint
2431 1321 2659 1376 superna
2689 1321 3049 1377 cognoscam,
3083 1323 3306 1370 necesse
3335 1320 3422 1367 est
3445 1321 3502 1370 ut
3523 1313 3584 1370 de
3604 1313 3703 1379 iule-

475 1405 664 1472 Jtldzl‘i,
690 1415 744 1458 ut
772 1406 822 1458 in
854 1419 1029 1458 escam
1055 1415 1214 1474 quam
1239 1404 1347 1471 jam
1370 1409 1646 1468 acceperat
1667 1398 1855 1455 darent
1876 1398 2066 1453 biben-
2169 1399 2402 1455 riorlbus
2433 1400 2685 1470 cogitent.
2718 1400 2819 1468 Qui
2845 1401 2986 1458 bene
3011 1401 3187 1468 audit,
3217 1402 3450 1464 Sursum
3477 1419 3592 1471 cur,
3612 1421 3701 1465 ssr-

477 1497 602 1552 tluut
631 1512 870 1551 amarunt
917 1495 1061 1551 illum
1093 1504 1276 1564 potum
1303 1535 1316 1557 ,
1345 1492 1447 1548 hoc
1479 1493 1677 1548 iaciunt
1703 1493 1792 1562 qui
1821 1491 1962 1547 male
1986 1491 2064 1544 via
2169 1506 2292 1545 vum
2319 1490 2538 1546 dorsum
2567 1507 2672 1548 non
2700 1493 2878 1548 habet.
2907 1493 3098 1550 Ereeta
3121 1496 3320 1567 quippe
3343 1505 3539 1554 statura
3564 1513 3707 1571 exspe-

479 1590 652 1644 vendo
677 1589 984 1645 scandalum
1014 1587 1246 1642 inierunt
1275 1585 1528 1641 Ecclesia:
1559 1603 1572 1639 :
1607 1585 1708 1640 hoc
1738 1585 1936 1640 faciunt
1957 1583 2065 1638 hai-
2169 1593 2444 1654 ctatspem
2460 1585 2748 1654 repositam
2775 1586 2876 1640 sibi
2899 1587 2954 1644 in
2979 1587 3136 1653 celo;
3153 1591 3390 1646 maxime
3409 1591 3453 1646 si
3477 1594 3707 1662 pramittst

477 1680 628 1736 retici
668 1683 1048 1744 atnaricantcs;
1082 1679 1176 1734 sed
1217 1694 1322 1733 nou
1354 1679 1653 1733 exaltentur
1683 1678 1733 1732 in
1763 1678 2064 1747 semetipsis
2171 1675 2479 1730 thesaurum
2504 1692 2694 1741 suum.
2723 1693 2830 1747 quo
2864 1689 3122 1748 sequutus
3146 1695 3242 1735 σοι·
3279 1681 3401 1752 ejus
3428 1682 3704 1755 (κωκυ,

479 1773 647 1846 (Psal.
683 1789 813 1839 t.xv,
849 1771 920 1842 7).
951 1773 1085 1827 Dant
1114 1771 1180 1829 fel
1218 1787 1379 1840 super
1404 1782 1511 1826 tam
1537 1770 1829 1840 jucundum
1861 1768 2060 1825 cibum.
2167 1766 2280 1836 21).
2313 1768 2382 1821 At
2407 1782 2538 1822 vero
2556 1769 2646 1838 qui
2669 1769 2860 1827 futura:
2879 1771 3003 1825 vita
3021 1785 3172 1841 spem
3193 1788 3305 1828 non
3327 1775 3707 1848 intelligentiam

478 1867 583 1922 Sed
631 1866 755 1937 quid
816 1864 943 1920 facit
983 1865 1280 1920 Dominus?
1313 1864 1429 1919 Non
1472 1863 1706 1919 admittit
1757 1862 1824 1918 ad
1870 1875 2066 1932 corpus
2169 1860 2442 1922 eacacati,
2474 1859 2543 1915 de
2569 1859 2910 1916 inferioribus
2934 1863 3287 1932 cegitontmt
3313 1865 3425 1922 hoc
3449 1878 3530 1923 est
3552 1868 3707 1928 habere

477 1972 649 2011 suum.
686 1957 796 2011 lloc
821 1965 1158 2011 sacramento
1183 1956 1298 2024 ipse
1325 1956 1600 2020 Dominus,
1629 1955 1842 2026 quando
1873 1954 1945 2010 illi
1967 1954 2066 2010 ob-
2169 1950 2388 2006 dorsum
2430 1966 2680 2018 curvum;
2715 1967 2745 2007 a
2795 1968 2902 2023 quo
2949 1955 3139 2016 morbo
3180 1955 3443 2014 Dominus
3483 1960 3710 2020 mulierem

478 2048 708 2102 tulerunt
737 2047 840 2114 fel,
870 2049 1130 2119 gustavit,
1163 2056 1216 2103 et
1242 2048 1412 2102 noluit
1438 2047 1622 2103 bibere
1646 2047 1857 2119 (Matth.
1885 2061 2060 2114 xavn,
2170 2045 2314 2099 illam
2348 2044 2616 2100 liberavit.
2646 2045 2976 2116 Alligaverat
3016 2048 3160 2104 enim
3194 2063 3318 2106 eam
3366 2061 3572 2107 satanas
3594 2054 3710 2110 mis

477 2141 587 2210 54).
616 2140 670 2196 Si
701 2157 806 2195 non
837 2157 932 2195 cos
960 2151 1284 2210 pateremur,
1312 2155 1411 2195 nec
1441 2141 1660 2194 omnino
1687 2150 2060 2210 gustaremus:
2169 2136 2353 2191 decem
2381 2146 2436 2196 et
2461 2145 2620 2202 octo;
2652 2147 2705 2191 et
2727 2152 2848 2193 eam
2869 2141 3181 2196 cunctanti
3203 2141 3400 2207 erexit,
3430 2151 3484 2202 et
3504 2144 3614 2214 quia
3627 2144 3712 2201 ssb

475 2234 597 2304 quia
643 2247 771 2290 vero
814 2247 1036 2288 necesse
1071 2241 1154 2288 est
1181 2247 1274 2287 eos
1304 2233 1441 2301 pati,
1475 2245 1693 2286 necesse
1721 2241 1804 2286 est
1840 2231 2061 2300 gustari.
2167 2227 2293 2282 bsto
2322 2226 2569 2296 faciebat,
2597 2229 2942 2285 scandalizati
2968 2239 3094 2288 sunt
3115 2231 3289 2290 Judaei
3327 2250 3340 2288 :
3375 2233 3512 2290 bene
3539 2237 3712 2292 scanda-

476 2326 581 2381 Sed
610 2327 730 2396 quia
760 2326 812 2380 in
845 2326 1099 2381 membris
1127 2325 1325 2381 Christi
1357 2324 1489 2379 tales
1515 2338 1633 2378 esse
1663 2338 1768 2379 non
1799 2331 2061 2394 possunt,
2169 2317 2312 2374 litati
2338 2327 2465 2376 sunt
2491 2321 2560 2374 de
2580 2320 2667 2376 illa
2691 2332 2893 2389 erecta,
2922 2323 3024 2391 ipsi
3043 2325 3188 2380 curvi
3213 2324 3370 2396 (Luc.
3400 2343 3525 2394 aut,
3548 2329 3641 2399 16).
3663 2328 3714 2384 Et

475 2420 673 2488 gustari
705 2426 948 2494 possunt,
978 2418 1142 2490 recipi
1174 2417 1225 2472 in
1255 2431 1452 2487 corpus
1481 2432 1585 2471 non
1616 2427 1856 2486 possunt.
1885 2415 1950 2470 Et
1976 2418 2066 2471 de.
2169 2410 2376 2466 dorsum
2403 2411 2608 2467 illorum
2631 2429 2826 2485 semper
2853 2417 3080 2472 incuruo.

478 2512 658 2565 derunt
689 2512 742 2564 in
769 2527 932 2565 escant
958 2527 1122 2565 nte/tm
1143 2510 1233 2580 fel,
1263 2517 1307 2563 et
1331 2511 1385 2563 in
1410 2509 1494 2563 siti
1521 2525 1629 2562 mea
1659 2518 1956 2578 potaverunt
1985 2525 2066 2563 me
2239 2501 2293 2556 9ο
2321 2501 2487 2576 [νοτε.
2510 2505 2602 2559 35.
2624 2503 2646 2576 ]
2670 2504 2896 2573 Eiunde
2917 2523 3070 2578 super
3097 2524 3183 2564 eos
3199 2509 3334 2574 iram
3358 2521 3496 2568 tuom
3516 2553 3531 2577 ,
3555 2524 3596 2568 et

477 2611 637 2658 aceto.
678 2601 932 2657 Sitiebam
956 2642 974 2667 ,
1006 2609 1060 2656 et
1087 2610 1298 2656 acetum
1333 2600 1534 2669 accepi;
1564 2599 1615 2655 id
1645 2607 1728 2656 est
1752 2598 1912 2655 fidem
1943 2599 2064 2654 illo-
2169 2595 2342 2665 gnatio
2375 2597 2469 2650 ira
2497 2605 2600 2650 tu
2623 2599 3016 2668 comprehendat
3038 2616 3143 2656 eos.
3168 2601 3338 2658 Plana
3369 2614 3490 2660 sunt
3515 2623 3529 2660 :
3554 2605 3635 2662 sed
3655 2617 3712 2662 ts-

478 2709 595 2748 runt
625 2692 945 2760 desideravi,
978 2701 1031 2748 ct
1062 2701 1376 2748 vetustatem
1408 2693 1607 2748 inveni.
2167 2701 2290 2742 mon
2312 2725 2329 2750 .
2353 2688 2746 2756 comprehendat
2775 2706 2860 2744 eos
2882 2732 2897 2758 ,
2923 2693 3076 2762 quasi
3105 2694 3371 2764 fugientes
3402 2701 3709 2768 agnoscimus.

549 2787 599 2841 7.
635 2786 783 2860 [vers
825 2785 914 2853 25,
944 2786 1033 2841 24.
1057 2785 1077 2859 ]
1103 2784 1220 2840 Fiat
1247 2802 1421 2840 mensa
1453 2801 1626 2841 eorum
1656 2802 1826 2840 coram
1849 2787 1980 2858 ipsis
2007 2788 2062 2842 in
2167 2777 2286 2844 Quo
2336 2787 2514 2834 amem
2562 2779 2779 2850 lugiluri
2821 2783 2987 2836 sunt?
3025 2781 3080 2838 In
3107 2785 3347 2841 celum?
3367 2787 3446 2842 Tu
3481 2788 3549 2844 ibi
3585 2804 3650 2844 es.
3673 2789 3712 2844 lt.

475 2880 828 2949 muscipulam.
861 2878 1080 2946 Qualem
1112 2878 1460 2947 muscipulam
1498 2877 1627 2932 mihi
1665 2878 2018 2934 cahibuerunt

2170 2870 2482 2927 infernum?
2526 2872 2672 2928 Ades
2701 2872 2722 2946 (
2746 2872 2890 2930 Psol.
2941 2890 3175 2934 casum
3196 2919 3212 2943 ,
3243 2879 3346 2950 8).
3377 2879 3578 2936 Pennas
3621 2897 3711 2939 suis

477 2971 654 3026 dando
699 2969 825 3025 mihi
876 2970 1035 3024 talem
1082 2979 1298 3040 potum,
1332 2969 1452 3024 talis
1479 2969 1775 3040 muscipula
1820 2970 1924 3024 illis
1970 2972 2059 3027 sit.
2169 2965 2362 3020 nolunt
2386 2967 2624 3036 recipere
2647 3007 2664 3030 ,
2701 2975 2758 3022 ut
2783 2967 2965 3038 volent
2994 2969 3045 3024 in
3080 2969 3348 3038 directum
3381 2991 3395 3026 :
3425 2971 3715 3045 Comprehen-

477 3064 649 3132 Quare
674 3077 820 3134 ergo,
849 3059 1525 3131 caramipsis?Sufllcerct,
1550 3058 1670 3114 Fiat
1697 3077 1870 3115 mensa
1891 3076 2063 3116 eorum
2169 3057 2260 3110 dat
2306 3073 2388 3112 θοι
2425 3059 2708 3129 indignam
2756 3059 2850 3116 ita!
2888 3069 3027 3124 ιιι(τί
3052 3077 3162 3117 non
3198 3077 3292 3119 008
3331 3065 3594 3134 permittat
3611 3065 3712 3122 ellu-

477 3157 528 3210 in
554 3154 908 3222 muscipulant.
936 3154 1069 3208 Sunt
1095 3152 1226 3208 tales
1250 3153 1336 3222 qui
1370 3153 1699 3222 iniquitatem
1728 3168 1877 3207 suam
1906 3167 2064 3208 nove-
2167 3163 2314 3218 gere.

479 3255 622 3312 runt,
651 3255 702 3299 et
733 3245 784 3299 in
803 3259 863 3298 ea
892 3243 1313 3313 pertinacissime
1332 3251 1677 3313 perseverant
1701 3259 1910 3298 :coram
1931 3242 2063 3313 ipsis
2239 3240 2327 3296 {0.
2349 3239 2498 3314 [item
2520 3239 2636 3314 αεὶ]
2663 3241 2782 3297 Fiat
2812 3243 3056 3300 habitatio
3077 3260 3250 3316 eorum
3275 3246 3496 3314 demta.
3523 3247 3620 3305 Hoc
3633 3249 3712 3319 jam

480 3342 537 3394 fit
562 3339 851 3408 muscipula
881 3352 1086 3393 eorum.
1114 3336 1404 3392 Pcrniciusi
1454 3337 1609 3390 nimis
1641 3337 1739 3404 ipsi
1779 3344 1939 3405 sunt,
1969 3339 2075 3408 qul’
2169 3333 2223 3389 iu
2247 3333 2547 3389 manifesto.
2570 3334 2848 3400 Quomodo
2883 3336 3027 3391 enim
3060 3337 3437 3396 liberationem
3470 3355 3606 3400 suam
3639 3356 3715 3394 nos

479 3430 809 3486 descendunt
836 3430 886 3482 in
917 3428 1176 3483 infernum
1207 3428 1444 3482 viventes
1471 3426 1642 3496 (Psal.
1674 3441 1778 3493 Ltv,
1814 3429 1924 3499 16).
1959 3430 2062 3485 De-
2169 3427 2341 3482 solum
2368 3428 2636 3482 occultam
2661 3428 3056 3484 commendavit
3081 3430 3270 3487 dicens
3291 3473 3306 3498 ,
3327 3412 3554 3498 ’Iutends
3575 3437 3716 3490 ani-to

479 3521 640 3590 niquc
680 3521 747 3574 dc
791 3519 1218 3590 persecutoribus
1251 3517 1376 3588 quid
1419 3518 1616 3572 dictum
1645 3518 1764 3572 est?
1787 3516 1904 3572 Nisi
1944 3519 2065 3589 quia
2169 3534 2311 3584 mea,
2346 3530 2402 3573 et
2420 3519 2606 3574 redime
2634 3535 2771 3584 eam;
2799 3536 2983 3576 verum
3012 3522 3173 3578 etiam
3195 3525 3534 3582 nuniiestaln
3560 3542 3714 3584 secus-

481 3613 730 3668 Domt'nus
753 3623 859 3666 erat
884 3613 936 3666 in
970 3610 1110 3666 nobis
1131 3653 1144 3676 ,
1181 3616 1396 3682 fortasse
1416 3609 1552 3665 vivos
1580 3609 1950 3666 absorbuissent
1973 3625 2065 3666 nos
2168 3611 2295 3666 dum
2320 3626 2534 3679 corpus,
2560 3613 2836 3680 adjiciens,
2862 3613 3083 3684 Rropter
3101 3617 3332 3684 inimicos
3362 3637 3716 3680 merserat:

481 3703 652 3774 (Psal.
696 3719 861 3758 cum
883 3745 897 3766 ,
925 3703 962 3756 2
984 3745 998 3767 ,
1032 3704 1107 3772 3).
1134 3701 1271 3770 Quid
1306 3709 1417 3766 est,
1457 3702 1632 3756 rivos?
1654 3702 2064 3760 Consenticntes
2169 3704 2242 3758 ita
2269 3715 2324 3762 ct
2363 3703 2445 3758 his
2473 3703 2680 3759 futuras
2703 3706 2961 3775 quaedam
3009 3708 3350 3767 calamitates
3400 3715 3622 3783 praedicit
3649 3729 3714 3769 oe-

482 3798 615 3864 illis,
648 3806 701 3852 et
728 3797 960 3851 scientes
985 3797 1108 3866 quia
1140 3797 1218 3850 eis
1255 3797 1560 3852 consentire
1583 3810 1690 3851 no
1716 3797 2060 3851 debebamus.
2169 3795 2366 3859 cultas,
2395 3795 2464 3850 de
2503 3795 2696 3865 quibus
2741 3797 2898 3867 paulo
2940 3809 3063 3854 ante
3087 3801 3429 3869 loquebatur.
3459 3804 3578 3860 Nam
3612 3821 3714 3876 quo-

481 3889 622 3959 Ergo
664 3905 842 3946 coram
885 3891 1012 3961 ipsis
1043 3889 1102 3944 iit
1132 3891 1422 3960 muscipula
1443 3933 1456 3955 ,
1488 3897 1541 3944 et
1571 3904 1674 3944 non
1704 3892 2061 3959 corriguntur.
2173 3889 2479 3958 tusquisque
2513 3894 2597 3941 est
2617 3927 2633 3952 ,
2661 3889 2752 3957 qui
2800 3890 3062 3960 intelligat
3112 3891 3478 3952 infelicitatem
3530 3896 3714 3952 hominis

481 3982 578 4036 Vel
609 3983 729 4053 quia
759 3997 938 4037 coram
980 3983 1107 4060 ipsis
1134 3991 1217 4038 est
1246 3983 1537 4052 muscipula
1562 4025 1577 4050 ,
1611 3998 1714 4038 non
1744 3983 2018 4038 incidant‘
2039 3984 2065 4037 ῗ
2169 3981 2321 4049 cujus
2345 3995 2439 4035 cor
2463 3981 2576 4048 jam
2602 3995 2805 4036 caecum
2832 3982 2956 4046 est?
2980 3983 3258 4052 'Eollantur
3284 3987 3363 4043 illi
3390 3989 3523 4050 oculi
3559 4004 3709 4059 corpo-

482 4074 619 4130 Eccc
645 4083 837 4130 norunt
859 4076 1228 4146 muscipulam,
1258 4083 1311 4130 et
1342 4075 1528 4144 pedem
1542 4076 1780 4142 mittunt,
1803 4084 1854 4130 ct
1880 4083 2069 4131 tenen-
2169 4073 2334 4141 poris;
2365 4085 2554 4128 omnes
2580 4071 2822 4129 homines
2844 4075 3099 4131 miserum
3124 4078 3339 4136 dicunt:
3369 4083 3549 4153 perdat
3570 4082 3712 4138 oculos

479 4165 544 4222 da
575 4167 708 4221 colla
740 4168 1042 4235 subjiciunt.
1071 4167 1280 4234 Quanto
1313 4168 1498 4221 melius
1543 4175 1658 4221 erat
1686 4169 1852 4223 averti
1882 4181 1912 4222 a
1943 4185 2024 4224 mu

2169 4162 2384 4228 mentis,
2400 4162 2492 4218 sed
2519 4171 2694 4219 Lamon
2719 4153 3540 4229 circumllttatomniabundantia
3555 4187 3707 4237 rerum;

479 4261 679 4328 scipula
711 4276 725 4322 ;
755 4269 1029 4336 peccatum
1079 4273 1402 4328 cognoscere
1432 4301 1446 4324 ,
1479 4267 1715 4316 errorem
1768 4261 2022 4316 damnare
2045 4306 2062 4331 ,
2171 4256 2380 4312 felicem
2409 4257 2698 4327 appellant.
2717 4257 2813 4316 sed
2829 4260 2918 4328 qui
2949 4260 3196 4316 similiter
3221 4267 3418 4326 mentis
3441 4268 3604 4322 oculos
3620 4279 3711 4336 pero

480 4351 834 4424 amaritudine
854 4349 1124 4415 carcre,in
1144 4363 1339 4418 corpus
1364 4349 1558 4404 Christi
1583 4353 1829 4420 transire,
1857 4353 2064 4410 Domini
2169 4349 2438 4405 diderunt.
2469 4350 2610 4418 Ergo
2623 4350 2734 4420 jam
2759 4350 2889 4420 quid
2919 4362 3125 4421 aperte,
3154 4363 3211 4409 ut
3238 4369 3490 4426 appareat
3511 4359 3710 4415 ominibus

479 4441 699 4512 gloriam
744 4457 984 4511 qumrere
1009 4443 1021 4495 ε
1048 4440 1155 4496 Sed
1187 4450 1388 4496 tantum
1438 4442 1574 4497 valet
1603 4445 1763 4498 animi
1808 4461 2068 4516 praesum-
2170 4443 2294 4511 quia
2333 4441 2654 4495 vindicatum
2681 4450 2763 4497 est
2801 4443 2852 4497 in
2895 4444 3005 4497 eis?
3029 4443 3161 4500 Nam
3191 4450 3406 4504 caecitas
3433 4450 3706 4510 Judazorunt,

481 4535 592 4603 ptio
616 4577 630 4599 ,
659 4543 720 4588 ut
748 4547 801 4588 et
825 4549 1004 4588 coram
1046 4534 1173 4604 ipsis
1202 4536 1495 4605 muscipula
1522 4538 1626 4600 sit,
1659 4549 1711 4594 et
1752 4539 1984 4594 incidant
2011 4541 2064 4595 in
2171 4531 2378 4588 occulta
2421 4531 2649 4586 vindicta
2678 4541 2797 4586 est:
2829 4535 3108 4590 manifesta
3136 4553 3267 4593 vero
3289 4541 3450 4610 quasi
3472 4541 3578 4598 Fiat
3597 4537 3708 4593 Itali-

481 4639 540 4680 ea
553 4642 624 4678 m.
659 4624 995 4678 Obscurentur
1043 4625 1180 4680 oculi
1227 4643 1397 4680 eorum
1416 4667 1430 4692 ,
1463 4645 1524 4681 ne
1559 4631 1759 4684 videant
1785 4673 1798 4695 ,
1827 4633 2069 4702 sequitur
2172 4626 2295 4680 (alio
2322 4640 2496 4679 eorum
2520 4625 2735 4692 άεοθτια,
2762 4636 2809 4680 ει
2831 4628 2886 4681 εκ
2911 4629 3246 4686 δεδέηται·υῶ
3263 4648 3441 4689 eorum
3465 4651 3553 4690 non
3575 4636 3626 4686 sit
3643 4629 3707 4701 σιῦ

483 4715 602 4780 hic;
638 4723 692 4769 ut
721 4713 974 4785 quoniam
1003 4716 1120 4772 sine
1148 4730 1306 4772 causa
1332 4717 1597 4785 viderunt,
1634 4720 1722 4774 fiat
1750 4721 1853 4776 illis
1876 4731 1931 4777 et
1960 4739 2027 4779 no

2169 4716 2430 4770 inhabitet.
2462 4715 2681 4770 Factum
2710 4726 2793 4772 est
2819 4717 2924 4772 hoc
2950 4719 3000 4772 in
3031 4721 3144 4790 ipsa
3177 4723 3395 4781 civitate
3427 4724 3700 4785 Jerusalem,

478 4807 683 4861 videre.
716 4803 838 4860 Fiat
865 4821 992 4878 ergo
1019 4824 1192 4862 mensa
1217 4825 1391 4863 eorum
1412 4826 1580 4864 coram
1603 4813 1724 4883 ipsis
1748 4813 1798 4867 in
1821 4816 2072 4886 muscipu-
2172 4806 2225 4860 in
2244 4821 2347 4876 qua
2373 4805 2474 4860 Sibi
2501 4805 2600 4860 νίει
2625 4815 2751 4861 sum
2775 4817 3051 4878 Ρφιωιιθε.
3078 4811 3361 4876 clamando
3387 4817 3616 4872 adversus
3635 4812 3703 4866 Fi-

477 4899 597 4952 lam.
629 4899 811 4953 Coram
836 4893 960 4970 ipsis
985 4899 1076 4968 ﬁat
1097 4901 1149 4954 in
1171 4902 1524 4970 muscipulam,
1549 4920 1652 4959 non
1683 4909 1917 4975 optantis
1941 4916 2022 4963 est

2172 4897 2300 4952 lium
2328 4897 2440 4964 Dei,
2474 4896 2762 4969 Cruciﬁge,
2797 4894 3036 4973 cruoiﬁgs
3063 4902 3260 4974 (Joan.
3292 4922 3400 4972 xix,
3431 4909 3502 4977 6);
3528 4916 3574 4961 et
3596 4918 3694 4975 prs:-

477 4993 567 5046 sed
599 4991 966 5061 praphctantis
991 5009 1009 5057 ;
1031 4981 1147 5047 non
1171 5001 1228 5046 ιιι
1254 4995 1362 5060 liat,
1385 4994 1478 5050 scd
1507 4996 1627 5066 quia
1658 4996 1764 5052 lict.
1791 4998 1902 5055 Hoc
1924 5015 2022 5070 smf

2173 4988 2430 5055 valendo,
2461 4989 2583 5060 quia
2624 5000 2911 5060 potuerunt
2953 4994 3202 5051 occidere
3239 5012 3359 5052 eum
3401 4999 3485 5069 qui
3513 5005 3691 5051 mortua!

475 5075 991 5148 commcudavimus,
1022 5092 1076 5139 ct
1101 5085 1405 5141 meminisse
1426 5083 1653 5156 debetis,
1675 5104 1740 5144 ne
1761 5090 1901 5160 quod
1934 5108 2070 5160 prm-
2173 5083 2485 5138 suscitabat.
2538 5083 2707 5150 Quam
2756 5086 2858 5141 sibi
2909 5092 3194 5158 penates,
3225 5105 3384 5159 quam
3427 5088 3582 5160 magni
3627 5083 3698 5137 risi

478 5194 599 5250 saga
629 5193 780 5233 mens
821 5178 871 5232 itt
901 5177 1105 5248 Spiritu
1137 5177 1231 5233 Dei
1262 5179 1412 5247 dicit,
1445 5182 1702 5237 malevolo
1732 5183 2013 5252 imprecari

2256 5179 2329 5231 ttl
2357 5174 2656 5231 Consecuta
2699 5188 2781 5233 est
2827 5188 3014 5248 postea
3042 5181 3269 5238 vindicta
3322 5183 3696 5247 Domini;espu-
3795 5179 3801 5188 '

479 5271 734 5326 videatur.
767 5269 886 5325 Fiat
910 5286 1064 5342 ergo;
1096 5287 1194 5326 nec
1221 5283 1394 5341 potest
1419 5273 1575 5328 aliter
1601 5275 1746 5340 lieri,
1777 5275 1875 5329 nisi
1904 5286 1960 5330 ut
1987 5285 2070 5330 ta-
2172 5276 2331 5338 etram
2361 5276 2444 5322 cst
2472 5268 2687 5332 civitas,
2713 5267 2964 5324 debellati
2985 5271 3192 5341 Judti.
3219 5274 3394 5330 occisa
3421 5273 3581 5332 nescio
3603 5275 3694 5338 ίιυυί

479 5362 615 5416 libus
638 5363 734 5416 ista
758 5363 1024 5417 eveniant.
1054 5362 1121 5417 Et
1149 5365 1395 5432 quoniam
1425 5363 1666 5419 videmus
1697 5380 1791 5433 per
1813 5366 2069 5435 Spiritum
2175 5358 2453 5414 hominum
2484 5359 2671 5414 millia-
2703 5359 2890 5416 Nullus
2920 5363 3044 5418 illuc
3068 5363 3228 5421 mOdo
3255 5367 3556 5436 permittitur
3583 5373 3695 5416 θατ-

477 5453 567 5510 Dei
597 5454 699 5509 dici
730 5455 852 5508 talia
883 5465 1136 5509 eventura
1168 5455 1357 5520 malis;
1390 5455 1455 5509 ad
1488 5456 1589 5510 hoc
1631 5456 1682 5510 in
1712 5457 1815 5510 illis
1844 5456 1958 5512 hrec
1984 5459 2069 5513 in-
2174 5450 2302 5505 dere
2352 5449 2688 5517 ιυάωοτυως
2711 5453 2799 5506 Ubi
2844 5462 3132 5522 potuerunt
3170 5456 3423 5515 adversus
3467 5453 3691 5512 Dominum

454 5517 815 5621 ‘telligautus,
849 5559 905 5605 ut
944 5565 1040 5604 nos
1080 5550 1202 5604 talia
1243 5549 1542 5605 devitemus
1571 5568 1585 5604 :
1617 5550 1719 5606 hoc
1742 5551 1887 5606 enim
1916 5552 2070 5609 nobis
2175 5542 2438 5608 Clamare.
2485 5542 2554 5597 ibi
2594 5559 2624 5597 ει
2676 5544 2901 5602 θοιιιίηι)
2941 5561 3046 5604 non
3087 5551 3456 5620 permittuntur
3489 5547 3688 5602 Ιιειιίυη·

543 5687 558 5716 ι
580 5687 651 5734 sic
675 5694 778 5736 MSS.
800 5693 853 5736 Al
872 5685 1004 5744 add"
1023 5691 1068 5736 et
1088 5682 1326 5738 ina-dm.
2174 5632 2532 5691 Perdiderunt
2549 5635 2724 5692 locum
2749 5635 2946 5694 furoris
2965 5639 3050 5695 sui
3070 5651 3258 5716 :atque
3282 5643 3474 5701 utinm
3496 5639 3568 5697 vel
3587 5643 3692 5693 nunc

544 5749 564 5779 ³
589 5754 716 5810 5155.,
742 5746 1013 5812 deprecari.
2242 5747 2261 5780 ⁸
2293 5755 2474 5800 Omnes
2491 5751 2644 5815 prope
2665 5755 2796 5818 ita,
2815 5759 3053 5808 malam.-
