3912 6420
181 369 287 438 sai

182 490 485 557 agnoscant
514 481 689 537 locum
727 477 923 550 quietis
952 476 1096 531 suae!
1127 472 1265 542 Quid
1298 474 1500 552 profuit
1530 474 1636 529 illis
1661 473 1788 531 Cai-

184 578 325 649 phas
369 576 594 632 dicendo
617 576 632 606 ¹
667 592 678 627 :
708 570 818 626 Nos
841 571 884 623 si
908 571 1058 623 istum
1097 567 1434 627 dimiserimus
1463 567 1536 620 sic
1555 608 1568 634 ,
1595 569 1793 622 venient

188 672 433 736 Romani,
450 677 493 722 et
507 667 678 721 tollent
692 665 832 718 nobis
842 673 888 718 et
910 659 1074 716 locunt
1096 670 1141 713 et
1158 675 1366 730 regnum
1386 656 1437 731 (J
1447 675 1563 714 oan.
1580 675 1654 721 XI,
1670 658 1789 730 48)?

186 765 330 820 Ecce
371 771 425 815 ct
462 776 568 814 non
603 773 724 813 eum
755 754 1074 809 dimiserunt
1101 751 1308 815 vivum,
1335 761 1388 806 et
1417 751 1506 805 ille
1534 751 1663 804 vivit
1689 768 1703 817 ;
1736 759 1792 807 et

185 865 451 910 venerunt
480 850 724 914 lim-iani,
749 857 801 902 et
821 847 1056 901 tulerunt
1079 843 1156 898 eis
1181 854 1234 898 et
1254 843 1429 898 locum
1455 851 1509 900 et
1537 858 1784 914 regnum.

183 947 347 1002 Modo
388 944 736 1002 audieoamus
757 984 770 1005 ,
815 954 936 993 cum
967 935 1318 1006 Evangelium
1352 933 1621 1006 legeretur
1650 952 1663 988 :
1689 931 1787 987 Je-

184 1041 442 1103 rusalem,
497 1033 814 1099 Jerusalem,
863 1029 1054 1101 quoties
1108 1026 1244 1081 volui
1295 1041 1601 1096 congregare
1652 1025 1789 1094 ﬁlios

183 1146 300 1188 tuos
323 1177 336 1196 ,
365 1141 604 1200 tanquam
635 1126 826 1198 gallina
855 1122 1021 1194 pullos
1051 1136 1168 1174 suos
1194 1118 1284 1172 sub
1309 1117 1418 1178 alas
1455 1135 1608 1184 suas;
1631 1127 1675 1170 et
1704 1134 1788 1171 no-

183 1227 371 1283 luisti!
426 1223 560 1278 Ecce
607 1221 914 1288 relinquetur
964 1211 1100 1268 vobis
1152 1213 1329 1266 domus
1375 1225 1537 1264 vestra
1593 1210 1790 1264 deserta

188 1323 406 1393 (Matth.
433 1331 586 1377 χχιιι,
615 1315 681 1369 57
695 1308 866 1383 et58).
894 1307 1006 1362 Hoc
1032 1315 1086 1361 et
1113 1304 1198 1359 hic
1223 1303 1439 1358 dicitur:
1458 1299 1579 1354 Fiat
1600 1300 1790 1354 habita-

185 1389 258 1469 tio
318 1427 488 1466 eorum
536 1407 764 1469 deserta,
809 1410 854 1454 et
896 1400 950 1453 in
998 1395 1332 1451 tabernaculis
1379 1409 1550 1447 eorum
1583 1407 1683 1444 non
1722 1389 1788 1446 sit

183 1511 275 1580 qui
305 1503 563 1560 inhabitet.
591 1497 711 1552 Non
735 1497 798 1550 sit
818 1495 901 1568 qui
923 1490 1187 1554 inhabitet,
1217 1487 1311 1544 sed
1336 1502 1401 1542 ex
1427 1500 1652 1541 numero
1679 1484 1790 1548 illo-

184 1616 330 1657 rum.
353 1600 482 1654 Nam
507 1596 620 1648 loca
642 1592 730 1646 illa
757 1588 934 1644 omnia
960 1597 1015 1642 et
1041 1583 1346 1640 hominibus
1375 1581 1533 1654 plena
1559 1587 1706 1650 sunt,
1733 1588 1790 1643 et

185 1696 391 1750 ludatis
421 1689 618 1745 inania.

262 1788 352 1843 Η.
384 1784 531 1858 [ret-s.
558 1776 675 1850 27.]
705 1776 879 1844 Quare
907 1770 1052 1836 hoc?
1096 1767 1349 1836 Quoniam
1382 1783 1528 1838 quem
1569 1776 1627 1820 tu
1666 1781 1785 1836 per-

185 1879 413 1940 cussisti,
443 1875 538 1947 ipsi
569 1868 816 1942 persecuti
843 1875 980 1928 sunt,
1012 1872 1056 1917 et
1084 1878 1238 1932 super
1267 1859 1494 1915 dolorem
1522 1858 1784 1916 vulnerum

189 1987 416 2025 meorum
443 1962 769 2024 addiderunt.
811 1956 944 2028 Quid
971 1970 1098 2024 ergo
1125 1959 1518 2024 peccaverunt,
1549 1951 1591 2006 si
1620 1966 1648 2003 τι
1679 1952 1788 2007 Deo

188 2076 506 2138 percussum
540 2052 804 2125 persecuti
831 2049 997 2104 sunt?
1024 2046 1160 2115 Quid
1193 2046 1371 2100 animo
1396 2059 1580 2099 eorum
1611 2044 1786 2114 impu-

191 2135 375 2216 latur‘l
415 2151 630 2208 Malitia.
676 2145 808 2206 Nam
848 2142 899 2198 id
943 2141 995 2194 in
1025 2139 1236 2193 Christo
1279 2137 1478 2192 factum
1523 2146 1605 2191 est
1643 2135 1786 2205 quod

191 2249 496 2324 oportebat.
535 2241 648 2297 Pati
679 2239 862 2307 utique
889 2241 1142 2298 venerat,
1175 2238 1229 2285 et
1271 2229 1476 2301 punivit
1506 2244 1600 2299 per
1626 2243 1785 2298 quem

190 2320 384 2420 passus
409 2347 511 2396 est.
545 2333 678 2396 Nam
703 2329 868 2386 ludas
895 2325 1120 2386 traditur
1153 2322 1367 2393 punitus
1397 2330 1514 2388 est,
1543 2329 1598 2376 et
1626 2320 1785 2375 Chri-

191 2413 312 2496 stus
339 2428 622 2492 cruciﬁxus
649 2433 765 2487 est;
797 2419 892 2476 sed
921 2432 1019 2472 nos
1047 2414 1274 2472 redemit
1299 2413 1559 2483 sanguine
1587 2427 1706 2476 suo,
1733 2419 1787 2466 et

189 2525 404 2604 punivit
442 2521 590 2576 illum
629 2515 700 2574 de
740 2512 912 2585 pretio
949 2526 1069 2565 suo.
1103 2508 1333 2578 Proiecit
1366 2506 1510 2562 enim
1551 2504 1783 2575 pretium

190 2601 399 2695 argenti
423 2629 530 2686 quo
553 2611 620 2668 ab
644 2609 737 2664 illo
766 2605 1024 2664 Dominus
1052 2601 1300 2658 venditus
1325 2607 1462 2666 erat,
1491 2611 1590 2654 nec
1615 2611 1784 2695 agno-

193 2687 523 2785 vit'pretium
551 2718 658 2776 quo
689 2702 803 2770 ipse
827 2713 857 2752 a
889 2695 1118 2752 Domino
1142 2693 1453 2762 redemptus
1477 2693 1498 2724 ³
1525 2702 1640 2752 erat
1664 2687 1782 2760 (Id.

191 2783 358 2869 xxvii,
382 2804 460 2869 5).
487 2799 707 2856 Factum
735 2801 821 2854 est
846 2791 946 2846 hoc
975 2790 1027 2848 in
1053 2787 1208 2844 Juda.
1233 2785 1336 2842 Sed
1359 2801 1483 2842 cum
1506 2783 1784 2842 videamus

193 2908 502 2956 mensuram
531 2887 816 2964 quamdam
855 2898 974 2939 esse
1015 2879 1377 2938 retributionis
1414 2878 1468 2938 in
1513 2876 1778 2946 omnibus,

191 3010 293 3050 nec
329 2999 647 3061 quemquam
679 2994 836 3052 posse
865 2975 1100 3050 permitti
1135 2972 1363 3042 amplius
1399 2970 1590 3034 sievire
1621 2982 1781 3046 quam

188 3081 460 3152 acceperit
487 3083 844 3149 potestatem;
889 3066 1159 3140 quomodo
1203 3064 1277 3120 illi
1321 3062 1659 3125 addiderunt,
1692 3066 1784 3114 aut

189 3193 310 3248 quae
335 3181 416 3228 est
445 3170 544 3230 ista
572 3162 846 3238 percussio
885 3157 1130 3217 Domini?
1173 3154 1431 3210 Nimirum
1459 3169 1526 3208 ex
1556 3165 1784 3222 persona

190 3243 402 3326 locutus
425 3271 507 3328 est
531 3259 646 3331 ejus
675 3255 819 3312 unde
849 3266 1044 3323 corpus
1072 3256 1373 3318 acceperat,
1397 3243 1540 3307 unde
1565 3258 1782 3302 carnem

191 3362 583 3426 aSsumpscrat,
620 3350 671 3408 id
715 3357 797 3403 est
824 3344 1036 3416 generis
1068 3339 1314 3403 humani,
1343 3337 1508 3407 ipsius
1535 3334 1664 3390 Adre
1691 3333 1782 3406 qui

190 3463 476 3526 percussus
516 3452 600 3500 est
641 3440 814 3512 primo
855 3445 1028 3490 morte
1075 3440 1295 3502 propter
1321 3437 1598 3500 peccatum
1625 3442 1780 3492 suum

192 3524 348 3618 (Gen.
376 3559 450 3604 ιιι,
482 3537 592 3610 19).
625 3531 876 3590 Mortales
902 3542 1030 3598 ergo
1071 3525 1157 3579 hic
1200 3524 1444 3618 homines
1472 3536 1591 3618 cum
1626 3535 1780 3618 pinna

190 3612 486 3696 nascuntur
517 3649 530 3684 :
561 3629 685 3688 huic
714 3638 885 3697 pinna:
920 3619 1154 3683 addunt,
1185 3614 1505 3688 quicumque
1533 3612 1782 3670 homines

189 3731 389 3790 fuerint
438 3719 720 3797 persecuti.
773 3715 888 3776 iam
945 3709 1087 3768 enim
1137 3707 1302 3762 homo
1357 3703 1443 3760 hic
1492 3704 1780 3758 moriturus

189 3842 299 3884 nou
327 3827 488 3884 esset,
513 3815 615 3871 nisi
645 3812 791 3868 illum
819 3809 958 3864 Deus
990 3802 1340 3874 percussisset
1370 3816 1384 3851 :
1417 3797 1542 3869 quid
1570 3811 1696 3867 ergo
1725 3804 1780 3849 tu

189 3920 357 3976 homo
384 3909 542 3974 saevis
568 3902 840 3976 amplius?
880 3911 1138 3974 parumne
1168 3892 1366 3949 homini
1395 3901 1496 3958 est,
1520 3889 1659 3961 quod
1685 3889 1782 3944 ali-

189 3980 408 4083 quando
434 3999 726 4062 moriturus
753 3993 875 4052 est?
915 3993 1096 4048 Portat
1119 4000 1247 4058 ergo
1284 3983 1649 4083 unusquisque
1676 3997 1780 4083 no:

188 4075 365 4162 stram
411 4110 622 4170 pinnam
653 4105 806 4147 suam
837 4106 851 4142 :
883 4085 1006 4142 huic
1032 4096 1205 4152 paenae
1234 4079 1419 4138 volunt
1465 4076 1660 4142 addere
1690 4075 1778 4147 qui

189 4211 292 4256 nos
321 4167 733 4265 persequuntur.
778 4181 904 4238 Hinc
933 4189 1090 4249 pmna
1129 4169 1406 4244 percussio
1439 4177 1521 4223 est
1548 4167 1776 4230 Domini.

191 4261 451 4347 Dominus
479 4283 675 4354 quippe
719 4273 980 4332 sententia
1017 4267 1280 4340 percussit
1315 4264 1584 4331 hominem
1615 4279 1628 4328 ξ
1664 4261 1781 4329 Qua

191 4383 276 4437 die
301 4353 581 4448 tetigeritis,
611 4370 801 4438 inquit,
834 4372 994 4418 morte
1017 4358 1300 4415 moriemini
1330 4355 1438 4448 (Id.
1464 4370 1530 4424 Il,
1566 4353 1671 4426 l7).
1700 4353 1780 4421 Ex

190 4473 297 4529 hac
323 4475 496 4528 morte
535 4475 750 4518 carnem
796 4462 1128 4524 susceperat,
1159 4458 1390 4506 etvetus
1417 4447 1577 4515 homo
1599 4454 1782 4510 noster

190 4562 354 4620 simul
384 4553 669 4614 cruciﬁxus
699 4557 782 4605 est
809 4562 928 4604 eum
960 4547 1051 4602 illo
1081 4543 1255 4616 (Rom.
1289 4556 1342 4602 vt
1364 4583 1379 4610 ,
1413 4539 1498 4611 6).
1533 4539 1611 4600 Ex
1638 4537 1780 4602 illius

190 4669 331 4711 voce
375 4652 474 4706 ista
518 4645 692 4702 dixit:
728 4640 888 4709 Quem
931 4646 983 4691 tu
1032 4634 1362 4707 percussisti,
1408 4631 1507 4702 ipsi
1537 4629 1782 4702 persecuti

191 4754 314 4804 sunt
334 4785 348 4809 ,
385 4751 432 4796 et
461 4753 610 4810 super
637 4733 862 4797 dolorem
899 4729 1162 4792 uulnerum
1191 4741 1414 4780 meorum
1451 4724 1778 4778 addiderunt.

195 4841 374 4909 Super
393 4845 551 4905 quem
572 4827 812 4883 dolorem
838 4817 1163 4878 vulnerum?
1190 4817 1360 4887 Super
1388 4815 1625 4871 dolorem
1655 4828 1782 4886 pec-

195 4907 440 4987 cal—orum
473 4921 573 4992 ipsi
602 4916 922 4980 addiderunt
953 4930 965 4966 :
995 4910 1215 4972 vulnera
1255 4907 1396 4966 enim
1427 4920 1521 4962 sua
1566 4913 1781 4976 peccata

197 5025 353 5080 dixit.
383 5017 488 5076 Sed
516 5030 585 5072 ne
610 5013 675 5070 ad
703 5019 860 5082 caput
883 5004 1176 5076 respicias;
1220 5002 1286 5058 ad
1315 5013 1510 5072 corpus
1539 4997 1777 5063 adverte,

201 5115 499 5175 secundum
545 5108 698 5178 cujus
726 5117 910 5164 vocem
958 5099 1154 5164 dictum
1201 5103 1284 5150 est
1321 5093 1388 5148 ab
1433 5093 1548 5164 ipso
1594 5091 1646 5146 in
1691 5089 1783 5145 illo

197 5211 430 5285 psalmo,
462 5203 513 5258 in
541 5215 648 5272 quo
673 5211 856 5258 vocem
901 5207 1050 5258 suam
1079 5187 1338 5252 ostendit,
1371 5186 1492 5256 quia
1528 5183 1642 5254 ejus
1673 5182 1782 5254 pri-

198 5277 346 5358 rnum
378 5308 587 5352 versum
617 5290 685 5345 de
727 5302 884 5343 cruce
913 5283 1200 5340 clamavit:
1236 5279 1397 5345 Deus,
1445 5277 1583 5337 Dens
1622 5293 1780 5341 meus,

199 5396 398 5465 respice
419 5393 474 5446 in
503 5406 582 5443 me
605 5403 623 5451 ;
650 5399 804 5455 quare
827 5398 906 5436 me
934 5375 1284 5446 dereliquisti?
1327 5372 1398 5428 ibi
1428 5379 1640 5427 secutus
1664 5370 1736 5424 ait
1765 5385 1778 5423 :

203 5461 378 5560 Longe
417 5502 446 5542 α
484 5482 646 5540 salute
674 5492 785 5532 mea
823 5473 970 5538 verba
999 5469 1292 5526 delictorum
1336 5481 1559 5520 meorum
1639 5461 1781 5560 Psal.

202 5553 426 5650 Πιξῖ).
456 5576 569 5645 Ipsa
596 5578 722 5626 sunt
745 5566 966 5620 vulnera
995 5562 1188 5616 iullieta
1218 5575 1246 5612 a
1276 5557 1570 5614 latronibus
1596 5553 1648 5608 in
1676 5553 1782 5618 via,

201 5677 253 5732 ei
287 5647 444 5743 quem
474 5666 668 5724 levavit
696 5665 746 5717 in
786 5661 1086 5731 jumentum
1112 5669 1266 5711 suum
1299 5672 1313 5708 :
1343 5666 1500 5723 quem
1531 5647 1785 5706 sacerdos

265 5831 288 5863 ι
321 5835 448 5887 Μεεη
471 5821 546 5875 illi
559 5816 754 5887 Caipltte
777 5815 956 5887 dicere.

267 5892 290 5923 ¹
322 5897 421 5939 Duo
436 5876 572 5945 'Mss.,
595 5876 920 5932 redimendus.

1259 359 1662 418 ENARRATIO
1691 361 1758 426 ΙΝ
1795 364 2118 430 PSALMUM
2158 366 2391 428 LXVIII.

1899 490 1952 536 et
1977 480 2191 544 Levites
2228 491 2564 548 transeuntes
2591 485 2905 552 invenerant
2941 496 2996 554 et
3022 498 3485 569 contempserant,

1897 587 1927 626 a
1957 574 2149 643 quibus
2173 575 2346 648 curari
2377 591 2484 632 non
2508 579 2713 646 potuit;
2747 580 3014 644 transiens
3039 593 3219 648 autem
3243 585 3484 646 Samari-

1898 673 2054 722 tanus
2095 668 2344 724 misertus
2385 681 2466 726 est
2493 671 2640 740 ejus;
2687 675 2935 743 accessit,
2982 683 3040 732 et
3083 677 3134 732 in
3178 679 3486 749 iumentum

1898 761 2170 831 proprium
2201 761 2395 824 levavit
2428 762 2587 836 (Lua.
2613 781 2649 821 ι
2671 808 2685 832 ,
2715 767 2942 840 50-54).
2983 769 3276 830 Samarites
3319 775 3484 834 latine

1895 850 2089 914 Custos
2115 851 2494 923 interpretatur
2526 873 2539 915 ;
2572 857 2690 926 quis
2717 867 2895 916 autem
2925 869 3105 928 custos
3126 903 3144 928 ,
3170 863 3272 922 nisi
3297 864 3486 924 Salva-

1901 951 1984 997 tor
2027 945 2283 1006 Dominus
2321 958 2505 1006 noster
2547 948 2705 1016 Jesus
2747 951 3034 1008 Christus?
3078 955 3177 1025 Qui
3222 959 3476 1028 quoniam

1897 1037 2129 1094 surrexit
2154 1051 2184 1090 a
2211 1039 2436 1094 mortuis
2468 1041 2577 1108 iam
2616 1057 2722 1099 non
2752 1044 3044 1104 mor-iturus
3072 1045 3247 1118 (Rom.
3277 1054 3359 1118 vi,
3386 1049 3478 1124 9),

1896 1141 2002 1188 non
2027 1127 2223 1186 dormit
2243 1145 2418 1202 neque
2439 1131 2739 1190 obdormiet
2759 1135 2845 1205 qui
2867 1136 3100 1200 custodit
3123 1139 3286 1211 Israel
3306 1139 3479 1216 (Psal.

1895 1234 2002 1276 cxx
2024 1263 2038 1287 ,
2076 1222 2164 1293 4).
2198 1221 2265 1282 Et
2301 1240 2450 1295 super
2491 1225 2715 1288 dolorem
2759 1229 3023 1294 vulnerum
3063 1247 3289 1294 meorum
3330 1235 3484 1300 addi-

1896 1310 2095 1367 derunt.

1967 1404 2055 1458 12.
2090 1404 2239 1480 [vers
2267 1406 2383 1480 28.]
2412 1408 2625 1479 Appone
2655 1411 2969 1483 iniquitatem
2996 1430 3148 1484 super
3171 1417 3486 1490 iniquitatem

1894 1495 2142 1565 ipsorum.
2191 1497 2328 1568 Quid
2357 1507 2439 1556 est
2470 1501 2612 1555 hoc?
2655 1503 2784 1572 Quis
2826 1519 2933 1562 non
2974 1510 3332 1577 expavescat?
3371 1510 3486 1568 Deo

1894 1587 2089 1646 dicitur
2112 1609 2125 1646 :
2147 1592 2361 1664 Appone
2384 1594 2695 1666 iniquitatem
2721 1614 2877 1669 super
2893 1600 3210 1670 iniquitatem
3235 1604 3483 1672 ipsorum.

1893 1680 2050 1738 Unde
2078 1695 2310 1754 apponet
2337 1686 2477 1742 Deus
2507 1689 2882 1758 iniquitatem?
2922 1691 3094 1750 Habet
3117 1696 3261 1754 enim
3291 1696 3488 1769 iniqui.-

1895 1780 2057 1830 tatem
2086 1790 2242 1846 quam
2272 1780 2549 1848 apponat?
2577 1779 2788 1842 Scimus
2817 1783 2958 1842 enim
2981 1799 3168 1842 verum
3195 1802 3316 1846 esse
3342 1790 3486 1861 quod

1894 1863 2094 1924 dictum
2126 1875 2208 1930 est
2249 1884 2345 1938 per
2378 1868 2602 1928 Paulum
2641 1873 2986 1942 apostolum:
3023 1875 3161 1943 Quid
3198 1893 3316 1950 ergo
3345 1881 3486 1938 dice-9

1893 1958 2051 2012 mus?
2088 1961 2332 2031 numquid
2356 1962 2594 2032 iniquitas
2622 1974 2694 2020 est
2733 1966 2871 2032 apud
2894 1964 3056 2021 Deum
3080 1969 3104 2022 ?
3138 1969 3279 2024 Absit
3305 1969 3480 2044 (Rom.

1895 2064 1974 2116 lx,
2005 2047 2116 2123 14).
2161 2051 2312 2108 Unde
2350 2069 2510 2124 ergo,
2545 2054 2756 2125 Appone
2778 2059 3089 2128 iniquitatem
3116 2077 3271 2133 super
3297 2064 3486 2135 iniquis

1895 2143 2088 2198 tatem?
2117 2144 2384 2213 quomodo
2414 2146 2465 2206 id
2493 2147 2812 2206 intellecturi
2843 2153 3069 2214 sumus?
3111 2155 3265 2218 Adsit
3289 2155 3478 2215 Domi-

1893 2245 1996 2286 nus
2021 2241 2080 2296 ut
2107 2234 2369 2300 dicamus,
2397 2245 2452 2290 et
2476 2247 2696 2307 propter
2720 2238 3083 2310 fatigationem
3109 2254 3339 2309 vestram
3362 2248 3486 2304 bree

1893 2324 2032 2380 viter
2061 2325 2244 2389 dicere
2274 2327 2566 2384 valeamus.
2614 2328 2868 2400 iniquitas
2917 2333 3151 2402 ipsorum
3187 2344 3322 2405 erat,
3359 2341 3484 2410 quia

1894 2416 2171 2478 hominem
2215 2417 2419 2488 justum
2448 2420 2764 2486 occiderunt
2796 2441 2809 2478 :
2843 2423 3020 2492 addita
3049 2435 3134 2493 est
3177 2428 3314 2496 alia,
3361 2433 3486 2502 quia

1893 2510 2088 2576 Filium
2131 2510 2225 2576 Dei
2270 2511 2670 2574 cruciﬁxerunt.
2703 2513 2904 2580 Saevire
2947 2517 3187 2588 ipsorum
3231 2528 3485 2591 tanquam

1891 2602 1948 2656 in
1994 2601 2266 2670 hominem
2316 2603 2413 2660 luit
2463 2621 2476 2658 :
2522 2604 2620 2668 sed
2665 2604 2711 2662 si
2761 2608 3159 2679 cognovissent,
3209 2626 3484 2684 nunquam

1893 2694 2179 2756 Dominum
2208 2696 2393 2766 gloria:
2417 2696 2810 2762 crueitixissent
2833 2699 2885 2770 (ἰ
2909 2697 3026 2754 Cor.
3056 2717 3113 2768 ιι,
3142 2700 3176 2770 8
3195 2701 3235 2773 ).
3265 2703 3342 2769 Illi
3380 2706 3484 2766 ini-

1839 2837 1841 2839 .
1891 2787 2095 2857 quitate
2141 2803 2236 2850 sua
2280 2797 2531 2858 tanquam
2564 2788 2837 2846 hominem
2869 2791 3118 2850 occidere
3150 2794 3432 2861 voluerunt
3465 2817 3481 2855 :

1889 2883 2132 2953 apposita
2161 2892 2242 2939 est
2275 2883 2528 2958 iniquitas
2572 2898 2733 2954 super
2762 2883 3093 2956 iniquitatem
3124 2887 3391 2957 ipsorum,
3424 2899 3484 2956 ut

1892 2971 2090 3028 Filium
2119 2973 2210 3034 Dei
2251 2973 2646 3045 cruciﬁgerent.
2678 2975 2808 3044 Quis
2845 2973 2986 3043 hanc
3028 2974 3358 3046 iniquitatem
3388 2995 3483 3050 ap-

1890 3067 2109 3139 posuit?
2162 3067 2256 3122 llle
2305 3067 2394 3138 qui
2439 3067 2578 3130 dixit
2625 3085 2638 3122 :
2684 3067 2842 3122 Forte
2887 3069 3238 3132 reverebantur
3285 3070 3483 3134 Filium

1888 3177 2053 3214 meum
2076 3177 2096 3228 ;
2121 3159 2289 3232 ipsum
2320 3161 2516 3222 mittam
2542 3159 2752 3232 (Matth.
2780 3176 2891 3229 χιι,
2913 3160 3027 3231 57).
3055 3161 3311 3230 Solebant
3336 3166 3479 3224 enim

1889 3254 2137 3316 occidere
2178 3254 2373 3320 missos.
2419 3253 2484 3308 ad
2518 3268 2576 3308 se
2617 3269 2842 3322 servos,
2875 3263 3155 3322 exactores
3199 3255 3480 3320 locationis

1888 3359 2049 3420 atque
2075 3345 2359 3415 mercedis.
2383 3345 2522 3413 Misit
2545 3346 2717 3420 ipsum
2745 3346 2960 3418 Filium,
2985 3358 3042 3403 ut
3065 3358 3118 3412 et
3143 3349 3317 3420 ipsum
3338 3352 3482 3417 neci-

1889 3441 2099 3500 derant.
2128 3438 2394 3510 Apposuit
2419 3439 2751 3509 iniquitatem
2784 3454 2947 3510 super
2973 3440 3308 3511 iniquitatem
3336 3443 3482 3513 ipso.-

1886 3549 2026 3588 rum.
2060 3533 2126 3587 Et
2168 3531 2285 3588 haec
2331 3530 2471 3598 Deus
2517 3529 2784 3592 sreviendo
2828 3531 2969 3596 fecit,
3003 3547 3069 3590 an
3115 3534 3294 3602 petitis
3335 3534 3481 3602 juste

1887 3623 2271 3682 retribuendo?
2304 3621 2424 3678 Fiat
2451 3622 2594 3678 enim
2620 3623 2748 3690 illis,
2781 3622 2972 3693 inquit,
3001 3623 3055 3678 in
3077 3625 3474 3691 retributionem,

1888 3727 1933 3772 et
1959 3719 2012 3774 in
2038 3715 2359 3772 scandalum.
2389 3713 2561 3770 Meriti
2591 3721 2746 3770 erant
2771 3712 2847 3768 sic
2875 3716 3129 3770 excmcari
3152 3757 3166 3780 ,
3199 3724 3255 3769 ut
3281 3716 3474 3773 Filium

1891 3809 1981 3865 Dei
2027 3822 2135 3864 non
2174 3813 2546 3878 agnoscerent.
2596 3805 2661 3860 Et
2693 3803 2796 3864 hoc
2838 3803 2966 3862 fecit
3008 3805 3170 3874 Deus,
3201 3821 3476 3878 apponens

1887 3901 2220 3971 iniquitatem
2265 3912 2426 3967 super
2467 3897 2799 3966 iniquitatem
2829 3894 3100 3966 ipsorum;
3150 3912 3255 3952 non
3283 3900 3474 3956 vulne-

1886 3993 2079 4062 rando,
2125 3991 2219 4046 sed
2260 4005 2366 4045 non
2396 3989 2655 4045 sanando.
2702 3987 2982 4056 Quomodo
3026 3989 3167 4054 enim
3198 4005 3360 4061 auges
3393 3990 3473 4047 l‘e-~

1885 4085 2036 4142 brem
2055 4126 2068 4150 ,
2100 4097 2265 4154 auges
2293 4081 2576 4150 morbum,
2602 4095 2708 4136 non
2737 4079 2982 4142 morbum
3009 4079 3312 4144 adhibendo
3331 4120 3344 4146 ,
3379 4082 3473 4144 sed

1887 4194 1993 4236 non
2031 4175 2396 4240 succurrendo
2424 4192 2436 4230 :
2469 4174 2548 4232 sic
2590 4175 2712 4244 quia
2757 4174 2893 4228 tales
2941 4173 3153 4230 fuerunt
3198 4183 3255 4230 ιιι
3299 4176 3472 4238 curari

1885 4287 1992 4328 non
2025 4276 2392 4334 mererentur,
2436 4267 2490 4321 in
2537 4266 2651 4336 ipsa
2682 4266 2879 4320 malitia
2923 4264 3318 4334 quodammodo
3349 4281 3476 4334 pro-

1885 4365 2155 4432 fecerunt,
2203 4360 2342 4416 sicut
2379 4357 2578 4416 dictum
2611 4366 2729 4423 est,
2761 4357 2890 4411 Mali
2917 4367 3085 4422 autem
3116 4365 3162 4422 et
3203 4357 3478 4427 facinerosi

1887 4454 2158 4525 proﬁciunt
2205 4452 2258 4506 in
2301 4451 2445 4522 pejus
2485 4448 2557 4520 (ll
2584 4447 2718 4505 Tim.
2749 4463 2826 4514 ιιι,
2858 4447 2985 4517 15);
3027 4457 3080 4509 et
3117 4449 3355 4518 apposita
3395 4459 3478 4506 est

1887 4547 2138 4617 iniquitas
2164 4558 2324 4614 super
2369 4541 2702 4612 iniquitatem
2735 4541 2992 4612 ipsorum.
3035 4537 3104 4608 Et
3144 4556 3246 4606 non
3288 4540 3478 4608 intrent

1885 4642 1936 4696 in
1958 4639 2160 4711 justitia
2190 4647 2296 4690 tua.
2330 4633 2441 4689 Hoc
2469 4633 2682 4704 planum
2709 4639 2810 4687 est.
3222 4682 3229 4691 ,

1959 4732 2047 4794 15.
2096 4727 2260 4802 [υενε.
2287 4723 2402 4797 29.]
2436 4723 2718 4782 Beleantur
2763 4723 2826 4778 de
2867 4722 2995 4788 libro
3040 4723 3326 4782 viventium.
3359 4725 3475 4782 Ali-

1887 4823 2102 4898 quando
2143 4821 2286 4876 enim
2330 4819 2438 4884 illia
2484 4818 2669 4888 scripti
2717 4817 2914 4887 erant?
2963 4812 3216 4886 Fraires,
3246 4834 3349 4873 non
3394 4819 3474 4876 sic

1887 4919 2130 4986 accipere
2153 4913 2433 4978 debemus,
2463 4910 2714 4981 quoniam
2739 4925 3060 4982 quemquam
3104 4912 3243 4977 Deus
3278 4912 3477 4968 scribat

1889 5011 1942 5065 in
1969 5009 2103 5064 libro
2131 5006 2254 5062 vitae
2279 5047 2292 5070 ,
2323 5012 2378 5058 et
2404 5002 2580 5058 deleat
2610 5001 2780 5058 illum.
2828 5001 2885 5058 Si
2935 5002 3098 5060 homo
3125 5003 3294 5070 dixit,
3328 5003 3477 5069 Quod

1888 5102 2096 5172 scripsi,
2123 5097 2334 5170 scripsi,
2364 5095 2432 5153 de
2461 5097 2614 5154 titulo
2642 5096 2731 5152 ubi
2772 5097 3026 5166 scriptum
3061 5106 3176 5152 erat
3195 5137 3208 5160 ,
3244 5096 3354 5154 Rex
3373 5095 3474 5154 Ju~

1890 5195 2116 5250 daaorum
2140 5190 2317 5262 (Joan.
2346 5205 2467 5253 XIX,
2495 5186 2602 5261 2‘2)
2630 5205 2645 5256 ;
2689 5188 2828 5246 Deus
2863 5203 3182 5260 quemquam
3214 5187 3399 5244 scribit
3423 5197 3479 5244 et

1889 5283 2073 5342 delet?
2103 5281 2362 5340 Praecisus
2392 5290 2512 5348 est;
2557 5280 2952 5351 pratdestinavit
2978 5294 3165 5340 omnes
3191 5289 3316 5336 ante
3342 5295 3473 5336 con-

1894 5379 2224 5436 stitutionem
2256 5375 2440 5432 mundi
2483 5383 2802 5446 regnaturos
2836 5391 2954 5430 cmn
2985 5374 3119 5434 Filio
3149 5389 3246 5430 suo
3275 5374 3327 5430 in
3367 5375 3476 5430 vita

1893 5483 2091 5530 aeterna
2127 5469 2305 5543 (Rom.
2331 5484 2423 5525 vui
2444 5512 2460 5537 ,
2486 5468 2556 5524 ἓξ)
2574 5469 2612 5541 ).
2646 5469 2756 5526 Hos
2783 5467 3137 5537 conscripsit;
3170 5469 3314 5538 ipsos
3343 5481 3477 5523 con-

1896 5567 2032 5623 tinet
2083 5563 2219 5620 liber
2264 5563 2406 5618 vitta.
2472 5562 2710 5632 Denique
2760 5561 2811 5615 in
2865 5560 3182 5632 Apocalypsi
3232 5559 3358 5631 quid
3405 5559 3482 5614 ait

1896 5657 2125 5729 Spiritus
2155 5655 2280 5720 Dei,
2307 5670 2427 5712 cum
2456 5653 2523 5718 de
2547 5652 2815 5725 pressuris
2839 5653 2906 5707 ab
2936 5651 3261 5708 Antichrislo
3291 5653 3483 5709 futuris

1894 5753 2205 5821 loqueretur
2231 5751 2416 5808 eadem
2448 5749 2768 5819 Scriptura?
2814 5746 3129 5810 Consentient
3153 5745 3252 5816 illi,
3284 5747 3481 5818 inquit,

1913 5864 2084 5916 omnes
2107 5846 2193 5918 qui
2217 5861 2319 5903 non
2341 5852 2460 5905 sunt
2482 5842 2657 5914 scripti
2683 5843 2737 5904 in
2759 5842 2888 5904 libro
2912 5843 3031 5904 vita
3060 5841 3246 5918 (Apoc.
3273 5857 3392 5913 sui,
3423 5840 3485 5913 8)
