3966 6456
471 392 579 453 865

470 509 700 567 Proinde
742 509 860 566 sine
899 506 1231 565 dubitatione
1271 521 1377 562 non
1421 513 1578 563 erunt
1603 506 1919 562 consensuri
1964 507 2054 577 qui

471 605 658 678 scripti
702 614 845 661 sunt.
896 603 986 659 Isti
1028 617 1157 673 ergo
1199 601 1466 673 quomodo
1494 600 1619 657 inde
1660 600 1927 669 delentur,
1963 600 2057 657 ubi

472 711 746 769 nunquam
795 693 976 764 scripti
1022 691 1191 747 sunt?
1236 692 1348 748 Hoc
1394 691 1591 747 dictum
1634 699 1717 746 est
1756 690 2051 747 secundum

474 803 627 861 spem
668 790 898 858 ipsorum
919 826 933 850 ,
961 784 1082 856 quia
1121 784 1220 855 ipsi
1255 798 1315 840 se
1353 784 1578 854 scriptos
1606 781 1883 855 putabant.
1912 781 2055 850 Quid

469 890 575 947 est,
600 879 880 934 Deleantur
904 877 966 931 de
992 875 1119 930 libro
1144 876 1299 931 vitaz?
1325 875 1395 931 Et
1419 876 1546 946 ipsis
1570 882 1778 931 constet
1802 888 1908 930 non
1934 873 2057 929 illos

470 970 543 1027 ibi
572 985 713 1027 esse.
749 970 826 1025 Ex
852 967 955 1024 bac
982 966 1251 1023 locutione
1276 966 1477 1023 dictum
1503 974 1589 1022 est
1612 966 1665 1021 in
1690 965 1796 1021 alio
1825 965 2051 1035 psalmo,

472 1064 666 1119 Cadent
692 1081 725 1118 a
750 1065 907 1118 latere
935 1072 1021 1117 tuo
1057 1061 1227 1129 mille,
1259 1070 1307 1116 et
1331 1061 1461 1116 dena
1490 1060 1651 1114 millia
1676 1076 1708 1114 a
1733 1058 1924 1114 dextris
1953 1059 2056 1115 tuis

472 1154 647 1229 (Psal.
676 1172 769 1225 xc,
796 1156 894 1227 7);
939 1154 994 1211 id
1021 1163 1104 1210 est
1122 1195 1136 1219 ,
1174 1153 1328 1209 multi
1354 1151 1873 1218 seandalizabuntur,
1902 1158 1957 1206 et
1986 1165 2054 1207 ex

473 1263 541 1304 eo
571 1262 798 1303 numero
841 1247 931 1319 qui
962 1261 1022 1302 se
1061 1245 1352 1317 sperabant
1378 1258 1622 1301 sessurus
1665 1253 1838 1299 tecum
1861 1284 1876 1309 ,
1906 1251 1961 1298 et
1988 1258 2053 1299 ex

470 1354 540 1397 eo
568 1354 793 1395 numero
835 1337 927 1409 qui
971 1353 1031 1392 se
1072 1336 1359 1408 sperabant
1404 1344 1637 1390 staturos
1674 1332 1741 1389 ad
1779 1332 2055 1389 dexteram

472 1440 617 1487 tuam
637 1472 652 1499 ,
682 1429 913 1501 separati
938 1427 1005 1483 ab
1029 1427 1199 1483 hazdis
1228 1426 1457 1483 sinistris
1484 1425 1503 1497 (
1526 1423 1715 1479 Matth.
1743 1439 1877 1492 xxv,
1905 1422 2010 1498 35)
2041 1442 2055 1480 :

472 1535 582 1578 non
625 1522 750 1593 quia
788 1535 911 1577 cum
955 1519 1026 1575 ibi
1066 1518 1274 1575 steterit
1298 1517 1522 1590 aliquis,
1550 1526 1732 1588 postea
1762 1516 1936 1584 cadet,
1966 1525 2059 1573 aut

473 1626 597 1669 cum
627 1611 827 1668 sederit
852 1625 972 1666 cum
1012 1609 1103 1665 illo
1130 1610 1429 1681 quisquam,
1465 1607 1779 1679 abjicietur;
1810 1606 1904 1663 sed
1935 1607 2056 1678 quia

474 1703 633 1761 multi
656 1703 829 1759 casuri
857 1710 1010 1758 erant
1043 1702 1094 1757 in
1125 1702 1434 1757 scandalum
1460 1743 1475 1769 ,
1504 1702 1592 1772 qui
1613 1700 1724 1772 jam
1752 1700 1823 1757 ibi
1853 1716 1912 1757 se
1937 1714 2058 1758 esse

473 1794 768 1867 putabant;
815 1793 866 1850 id
909 1802 1012 1863 est,
1057 1792 1209 1849 multi
1252 1793 1342 1863 qui
1381 1807 1440 1847 se
1484 1791 1771 1863 sperabant
1812 1806 2058 1847 sessuros

472 1894 672 1952 tecum,
695 1884 849 1941 multi
870 1885 962 1958 qui
981 1900 1039 1941 se
1051 1892 1396 1955 speraverant
1420 1891 1651 1938 staturos
1669 1883 1735 1937 ad
1757 1882 2055 1950 dexteram,

473 1977 576 2050 ipsi
604 1979 779 2034 casuri
808 1987 953 2034 sunt.
975 1976 1064 2035 Sic
1089 1992 1217 2048 ergo
1246 1984 1303 2032 et
1329 1975 1416 2032 hic
1455 1976 1531 2031 illi
1565 1976 1655 2046 qui
1683 1991 1742 2031 se
1769 1977 2058 2044 sperabant

474 2077 729 2141 tanquam
771 2070 963 2126 merito
998 2069 1215 2140 iustitiae
1263 2084 1373 2123 suae
1421 2067 1474 2122 in
1515 2066 1649 2122 libro
1678 2066 1905 2139 scriptos
1940 2066 2055 2134 Dei,

471 2163 665 2236 quibus
688 2162 904 2230 dicitur,
938 2161 1250 2218 Scrutamini
1278 2159 1594 2231 Scripturas,
1625 2159 1678 2213 in
1703 2160 1882 2229 quibus
1910 2167 2059 2228 puta-

472 2257 536 2312 tis
562 2272 648 2311 vos
675 2256 829 2311 uitam
853 2266 1093 2310 teternam
1122 2254 1305 2309 habere
1335 2251 1512 2324 (Joan.
1538 2268 1594 2318 v,
1627 2251 1718 2322 59)
1749 2270 1762 2305 :
1791 2266 1912 2305 cum
1943 2265 2062 2321 per-

473 2348 631 2405 ducta
675 2348 833 2405 fuerit
872 2347 1144 2403 damnatio
1180 2361 1366 2402 eorum
1395 2345 1557 2401 etiam
1595 2342 1663 2398 ad
1703 2342 2061 2414 cognitionem

474 2455 661 2497 eorum
682 2481 697 2506 ,
725 2438 1048 2496 delebuntur
1084 2438 1153 2494 de
1192 2437 1326 2492 libro
1356 2434 1653 2490 viventium
1673 2475 1687 2499 ,
1719 2433 1771 2487 id
1811 2443 1926 2499 est,
1955 2446 2062 2487 non

474 2529 549 2587 ibi
577 2545 636 2586 se
664 2543 786 2585 esse
809 2535 1155 2600 cognoscent.
1180 2526 1312 2583 Nam
1342 2539 1529 2583 versus
1557 2525 1647 2596 qui
1676 2524 1936 2595 sequitur,
1968 2538 2063 2579 ex-

475 2621 628 2693 ponit
653 2620 793 2693 quod
823 2620 1025 2677 dictum
1049 2628 1133 2676 est
1163 2637 1176 2673 :
1209 2616 1280 2673 Et
1304 2634 1419 2673 cum
1434 2618 1592 2687 justis
1618 2633 1720 2672 non
1755 2617 2061 2673 scribantur.

476 2714 599 2771 Dixi
624 2728 772 2788 ergo,
800 2712 1093 2782 Deleantur,
1122 2711 1416 2769 secundum
1445 2724 1595 2782 spem
1623 2725 1843 2777 eorum;
1873 2724 2063 2767 secun-

477 2806 603 2864 dum
620 2815 794 2863 autem
816 2806 1119 2878 aequitatem
1139 2815 1281 2860 tuam
1299 2804 1421 2874 quid
1448 2802 1604 2859 dico?
1626 2801 1747 2856 Non
1758 2802 2063 2858 scribantur.

548 2902 636 2957 14.
669 2898 839 2974 [uers.
866 2897 995 2972 ω]
1045 2898 1249 2972 Pauper
1288 2907 1334 2951 et
1376 2896 1551 2952 dolens
1589 2911 1679 2968 ego
1716 2911 1846 2951 sum.
1889 2893 2066 2962 Quare

476 2991 623 3050 hoc?
668 2993 752 3048 An
794 3000 855 3048 ut
899 3004 1312 3064 agnosceremus
1348 2988 1489 3060 quod
1533 3003 1626 3058 per
1652 2986 2064 3043 amaritudinem

478 3083 641 3140 animi
683 3082 953 3140 maledicit
995 3097 1198 3155 pauper
1239 3080 1381 3137 iste?
1420 3079 1583 3135 Multa
1613 3079 1753 3135 enim
1785 3078 1917 3134 dixit
1945 3093 2065 3150 quae

479 3175 587 3233 illis
624 3177 890 3233 eveniant.
939 3176 1005 3232 Et
1048 3175 1196 3247 quasi
1239 3175 1288 3230 ei
1318 3173 1649 3241 diceremus,
1677 3172 1873 3246 thuid
1901 3172 2020 3228 talia
2042 3174 2068 3227 ‘t

479 3270 589 3327 noli
618 3278 861 3336 tantum;
906 3268 1196 3340 respondet
1228 3285 1240 3321 :
1284 3266 1492 3339 Pauper
1521 3275 1566 3321 et
1605 3266 1781 3320 dolens
1814 3281 1905 3337 ego
1932 3281 2064 3319 sum.

479 3360 856 3419 Perduxerunt
900 3376 987 3417 me
1031 3360 1098 3416 ad
1137 3368 1459 3432 egestatem,
1502 3360 1568 3414 ad
1616 3358 1774 3414 istum
1829 3357 2066 3413 dolorem

480 3452 879 3525 deposuerunt;
922 3452 1041 3508 ideo
1083 3453 1181 3508 ista
1213 3452 1353 3507 dico.
1384 3449 1499 3506 Non
1526 3459 1610 3506 est
1648 3458 1824 3505 tamen
1866 3460 2066 3505 stoma-

484 3544 663 3601 cbatio
691 3543 1080 3612 maledicentis,
1105 3544 1199 3601 sed
1226 3543 1498 3615 praedictio
1520 3541 1905 3613 prophetantis.
1935 3541 2068 3597 Nam

480 3634 549 3692 de
578 3645 890 3708 paupertate
915 3652 1008 3691 sua
1038 3644 1092 3693 et
1129 3635 1314 3692 dolore
1342 3649 1441 3691 suo
1476 3634 1718 3706 qumdam
1745 3650 1863 3706 qua:
1894 3644 2069 3704 poste-

482 3728 597 3785 rius
637 3726 785 3793 dicit,
833 3727 1304 3784 commendaturus
1349 3735 1432 3783 est
1476 3726 1650 3794 nobis,
1702 3735 1758 3781 ut
1802 3727 2069 3782 discamus

482 3834 603 3876 esse
629 3835 891 3892 pauperes
917 3829 970 3875 et
1001 3820 1263 3875 dolentes.
1304 3817 1450 3873 Beati
1475 3818 1615 3874 enim
1645 3834 1909 3889 pauperes,
1939 3833 2068 3889 quo-

483 3911 620 3967 niam
640 3913 863 3983 ipsorum
884 3921 956 3967 est
976 3928 1187 3983 regnum
1208 3912 1484 3973 caelorum;
1511 3918 1584 3973 et,
1607 3907 1750 3963 Beati
1771 3910 1856 3981 qui
1877 3910 2066 3980 lugent,

483 4006 722 4077 quoniam
745 4005 844 4077 ipsi
871 4006 1266 4062 consolabuntur
1294 4004 1372 4078 (Μ
1380 4005 1505 4059 attlr.
1532 4022 1585 4073 v,
1613 4006 1667 4073 5,
1698 4005 1773 4076 5).
1809 4005 1918 4061 Hoc
1943 4020 2070 4076 ergo

483 4096 600 4167 ipse
622 4097 768 4167 prius
787 4097 897 4168 jam
928 4097 1086 4154 nobis
1114 4096 1346 4153 ostendit
1372 4114 1387 4164 ;
1418 4107 1471 4153 et
1501 4097 1640 4163 ideo,
1671 4095 1880 4165 Pauper
1905 4107 1951 4152 ct
1979 4097 2072 4168 do-

485 4162 591 4242 lens
618 4162 708 4260 ego
746 4162 880 4245 sum.
910 4187 1103 4243 Totum
1147 4203 1341 4258 corpus
1370 4162 1487 4257 ejus
1528 4162 1632 4244 hoc
1671 4162 1819 4244 dicit.
1866 4162 2072 4260 Corp‘us

483 4277 678 4335 Christi
711 4279 763 4333 in
804 4279 906 4336 hac
937 4290 1079 4336 terra
1119 4295 1320 4350 panper
1347 4291 1432 4336 est
1471 4291 1524 4334 et
1566 4280 1773 4335 dolens.
1820 4279 1922 4336 Sed
1963 4281 2073 4336 sint

484 4366 677 4425 divites
703 4368 1014 4425 Christiani.
1055 4370 1282 4426 Prorsus
1307 4371 1352 4426 si
1383 4369 1665 4427 Christiani
1694 4379 1835 4435 sunt,
1865 4386 2069 4443 paupe-

482 4471 573 4515 res
593 4468 750 4527 sunt;
781 4460 833 4516 in
862 4460 1261 4532 comparatione
1288 4460 1590 4516 divitiarum
1619 4462 1917 4518 caelestium
1941 4478 2072 4533 quas

484 4563 722 4625 sperant,
748 4570 908 4611 omne
925 4571 1114 4611 aurum
1142 4570 1298 4611 suum
1326 4570 1543 4610 arenam
1568 4554 1843 4627 deputant.
1868 4555 2073 4626 Pauper

488 4654 535 4701 et
564 4645 739 4700 dolens
768 4663 856 4718 ego
881 4663 1014 4701 sum.

560 4737 649 4792 15.
680 4732 828 4810 [vers.
857 4734 971 4810 3L]
993 4735 1062 4792 Et
1082 4737 1226 4793 salus
1246 4738 1411 4792 vultus
1431 4738 1526 4805 tui,
1546 4736 1700 4803 Deus,
1726 4739 1945 4809 suscepit
1965 4755 2066 4795 me.

487 4828 753 4901 Numquid
783 4830 1029 4888 desertus
1057 4840 1140 4888 est
1169 4848 1371 4904 pauper
1397 4831 1535 4887 iste?
1555 4830 1781 4901 Quando
1804 4840 1857 4887 tu
1885 4831 2071 4903 digna-

485 4926 561 4980 ris
586 4940 882 4994 pannosum
911 4940 1199 4996 pauperem
1231 4924 1500 4997 applicare
1527 4923 1593 4980 ad
1623 4940 1863 4981 mensam
1893 4926 2073 4981 tuam?

486 5013 654 5072 Porro
677 5026 857 5072 autem
885 5031 1175 5088 pauperem
1200 5018 1356 5073 istum
1380 5018 1522 5072 salus
1549 5017 1731 5071 vultus
1764 5016 1856 5071 Dei
1894 5031 2074 5073 susce-

487 5108 599 5181 pit;
643 5110 695 5164 in
734 5110 881 5165 vultu
922 5124 1022 5165 suo
1061 5108 1340 5165 abscondit
1377 5110 1492 5180 ejus
1536 5116 1847 5180 egestatem.
1878 5107 1955 5163 De
1980 5108 2072 5163 illo

480 5201 684 5272 quippe
709 5201 909 5258 dictum
935 5212 1055 5258 est:
1082 5202 1367 5257 Abscondes
1387 5219 1470 5257 eos
1493 5201 1548 5256 in
1578 5200 1873 5255 abscondito
1904 5198 2073 5254 uultus

486 5294 559 5346 tui
583 5290 758 5363 (Psal.
780 5309 908 5361 xxx,
935 5292 1053 5367 2|).
1083 5294 1141 5349 in
1164 5293 1259 5349 illo
1282 5303 1459 5349 autem
1483 5292 1628 5348 vultu
1661 5306 1782 5363 qute
1808 5290 1916 5345 sint
1940 5289 2073 5345 divi-

486 5384 574 5439 tia:
603 5383 762 5441 vultis
789 5388 986 5442 nosse?
1013 5385 1219 5442 Divitiae
1260 5385 1375 5441 ista:
1418 5384 1518 5440 hoc
1561 5383 1654 5438 tibi
1697 5389 1980 5454 pra‘stant,
2017 5390 2074 5438 ut

485 5479 626 5550 quod
652 5479 762 5546 vis,
793 5480 1007 5551 quando
1042 5480 1151 5545 vis,
1195 5479 1490 5549 prandeas;
1520 5477 1624 5533 illae
1649 5492 1810 5545 vero,
1853 5484 1911 5531 ut
1940 5491 2076 5531 nun-

484 5586 642 5643 quam
668 5572 890 5628 esurias.
921 5571 1123 5644 Pauper
1143 5584 1189 5627 et
1208 5572 1383 5625 dolens
1401 5585 1493 5643 ego
1517 5586 1628 5623 sum
1642 5585 1662 5634 ,'
1680 5577 1728 5623 et
1748 5567 1886 5623 salus
1911 5566 2076 5621 vultus

487 5666 582 5731 tui,
615 5665 769 5730 Deus,
798 5667 1016 5736 suscepit
1036 5683 1131 5721 me.
1157 5666 1236 5722 Ad
1263 5680 1419 5737 quam
1444 5662 1597 5720 rem?
1621 5661 1692 5718 Ut
1714 5665 1822 5732 jam
1843 5675 1949 5715 non
1975 5659 2075 5714 sim

487 5771 713 5829 pauper,
740 5774 845 5813 non
873 5759 971 5815 sim
998 5760 1208 5815 dolens.
1234 5759 1475 5814 Laudabo
1496 5774 1674 5812 nomen
1701 5755 1791 5809 Dei
1817 5770 1929 5807 cum
1952 5769 2076 5807 can-

488 5846 624 5915 tico,
646 5847 983 5919 magniﬁcam
1006 5865 1120 5905 eain
1148 5850 1203 5905 in
1227 5847 1397 5905 laude.
1424 5848 1546 5909 lam
1572 5847 1773 5906 dictum
1800 5852 1913 5912 est;
1944 5858 2077 5915 pau-

1685 394 1745 449 S.
1784 390 2152 449 AUGUSTINI
2195 391 2503 449 EPISCOPl
3614 407 3699 470 ω

2167 520 2264 577 per
2304 508 2405 562 iste
2450 505 2634 562 laudat
2670 522 2863 563 nomen
2897 508 2988 564 Dei
3018 525 3140 566 cum
3176 512 3417 583 cantico,
3443 520 3698 590 magniﬁca:

2163 612 2286 653 cum
2315 598 2367 652 in
2388 597 2562 653 laude.
2587 597 2812 666 Quando
2838 600 3060 675 auderet
3079 613 3315 668 cantare.
3344 606 3445 661 nisi
3471 624 3699 670 recreatus

2163 697 2308 745 esset
2332 704 2362 743 a
2392 687 2569 745 fame?
2589 689 2836 745 Laudabo
2862 709 3041 747 nomen
3063 692 3161 748 Dei
3186 712 3298 749 cum
3322 702 3535 767 cantico,
3552 708 3704 776 magni:

2164 781 2326 851 ﬁcabo
2365 798 2478 835 eum
2519 783 2573 835 in
2615 783 2783 838 laude.
2826 784 3029 857 Magnae
3073 787 3300 845 divitiae!
3347 790 3488 860 Quas
3512 810 3709 864 gemmas

2164 870 2339 927 laudis
2363 871 2459 927 Dei
2484 871 2552 928 de
2578 871 2831 929 thesauro
2858 876 3112 932 interiore
3141 882 3389 950 protulit!
3412 880 3711 956 Magniﬁcam

2162 978 2279 1017 eum
2304 963 2358 1017 in
2384 964 2553 1018 laude.
2581 964 2676 1019 lla:
2718 974 2845 1019 sunt
2888 966 3089 1023 divitia:
3117 985 3269 1026 meae.
3296 969 3546 1031 Dominus
3574 978 3709 1047 dedit,

2162 1051 2416 1109 Dominus
2459 1055 2688 1111 abstulit.
2718 1056 2862 1128 Ergo
2900 1059 3065 1115 miser
3091 1063 3384 1118 remansit?
3417 1064 3579 1123 Absiz.
3612 1068 3712 1126 Vide

2162 1144 2377 1201 divitias
2406 1165 2419 1200 :
2453 1146 2598 1202 Sicut
2617 1146 2841 1204 Domino
2875 1151 3089 1223 placuit,
3112 1154 3184 1208 ita
3210 1155 3408 1225 factum
3436 1167 3537 1224 est;
3564 1160 3620 1214 sit
3639 1180 3710 1217 no-

2169 1256 2282 1295 men
2302 1238 2513 1295 Domini
2533 1242 2842 1299 benedictum
2890 1244 3011 1318 (Job
3051 1264 3089 1315 ι,
3130 1248 3246 1322 21).
3287 1249 3535 1308 Laudabo
3571 1272 3712 1313 nomen

2162 1329 2262 1386 Dei
2290 1349 2404 1386 cum
2433 1334 2650 1400 cantico,
2679 1338 3013 1408 magniﬁcabo
3036 1356 3151 1394 eum
3175 1342 3228 1396 in
3253 1343 3427 1399 laude.

2237 1424 2325 1480 16.
2359 1423 2511 1498 [vers.
2541 1426 2656 1501 32.]
2690 1427 2756 1483 Et
2784 1430 2999 1501 placebit
3023 1431 3152 1500 Deo,
3187 1433 3287 1491 hoc
3316 1437 3462 1507 quod
3491 1454 3601 1494 eum
3629 1443 3711 1495 lau-

2164 1513 2327 1583 dabo,
2356 1516 2603 1587 placebit,
2636 1535 2787 1592 super
2806 1522 3017 1575 vitulum
3043 1524 3313 1591 novellum,
3349 1544 3540 1583 cornua
3562 1534 3711 1601 prodit.

2168 1614 2426 1661 centcmet
2452 1609 2688 1679 ungulas.
2711 1608 2925 1667 Gratius
2958 1612 3030 1668 illi
3057 1616 3160 1669 erit
3193 1617 3520 1676 sacriﬁcium
3543 1623 3710 1690 laudis,

2165 1713 2325 1769 quam
2351 1700 2669 1757 sacrificium
2701 1703 2873 1758 vituli.
2902 1704 3228 1777 Sacriﬁcium
3258 1711 3430 1766 laudis
3455 1713 3715 1786 gloriﬁcabil

2164 1805 2278 1855 me;
2298 1801 2347 1845 et
2374 1792 2443 1845 ibi
2462 1793 2542 1845 via
2565 1802 2637 1846 est
2663 1793 2714 1847 in
2739 1811 2838 1865 qua
2865 1796 3127 1852 ostendam
3152 1799 3230 1855 illi
3253 1803 3484 1859 salutare
3500 1804 3607 1861 Dei.
3630 1805 3715 1860 lm-

2164 1885 2303 1939 mola
2321 1883 2429 1939 Deo
2454 1886 2760 1954 sacriﬁcium
2790 1888 2978 1955 laudis,
3001 1898 3048 1945 et
3067 1892 3221 1946 redde
3242 1894 3502 1951 Altissimo
3527 1910 3627 1954 vota
3649 1909 3717 1955 tua

2167 1974 2337 2044 (Psal.
2371 1991 2524 2042 xux,
2554 1975 2642 2043 23,
2675 1977 2787 2049 14).
2814 1976 2958 2049 Ergo
2984 1981 3212 2037 laudabo
3244 1983 3450 2051 Deum;
3482 1997 3531 2041 et
3558 1990 3718 2058 plusei

2167 2067 2398 2137 placebit
2421 2084 2579 2140 quam
2607 2070 2802 2125 vitulus
2830 2072 3071 2129 novellus
3093 2115 3108 2141 ,
3135 2090 3337 2131 cornua
3381 2079 3657 2148 producens
3679 2091 3717 2139 et

2166 2160 2415 2231 ungulas.
2444 2163 2689 2233 Amplius
2730 2178 2858 2235 ergo
2885 2166 3117 2234 placebit
3143 2167 3255 2223 Deo
3284 2168 3403 2225 laus
3427 2172 3541 2241 ejus
3566 2174 3717 2230 exiens

2167 2252 2235 2308 de
2264 2268 2359 2309 ore
2389 2269 2528 2319 meo,
2558 2271 2717 2325 quam
2744 2272 2933 2328 magna
2967 2258 3180 2315 victima
3225 2260 3458 2318 adducta
3502 2264 3564 2320 ad
3602 2280 3718 2323 aram

2167 2344 2355 2414 ipsius.
2382 2347 2467 2400 An
2493 2346 2691 2417 aliquid
2719 2346 2785 2404 de
2811 2349 3066 2407 cornibus
3089 2362 3145 2407 et
3167 2353 3385 2424 ungulis
3422 2355 3566 2410 vituli
3596 2356 3721 2427 hujus

2169 2434 2450 2492 dicendurm
2481 2440 2601 2493 est?
2627 2437 2728 2506 Qui
2758 2440 2897 2496 bene
2921 2442 3214 2498 instructus
3242 2455 3325 2500 est
3346 2485 3362 2508 ,
3394 2455 3449 2500 et
3475 2445 3620 2504 laude
3648 2449 3719 2505 Dei

2169 2527 2484 2597 opulentus,
2532 2539 2587 2585 et
2628 2546 2827 2586 cornua
2854 2531 3016 2589 debet
3054 2532 3253 2592 habere
3283 2537 3481 2606 quibus
3511 2539 3722 2595 adversa-

2168 2620 2307 2675 rium
2324 2622 2566 2686 ventilet,
2587 2634 2641 2678 et
2661 2625 2886 2694 ungulas
2907 2625 3101 2696 quibus
3124 2637 3323 2684 terram
3346 2630 3561 2687 excitet.
3579 2630 3723 2688 Nostis

2170 2714 2313 2768 enim
2342 2713 2447 2769 hoc
2471 2713 2650 2771 facere
2676 2715 2871 2772 vitulos
2912 2719 3299 2788 pubescentes,
3337 2730 3394 2777 et
3420 2722 3471 2777 in
3501 2725 3721 2778 taurinum

2167 2802 2445 2860 audaciam
2497 2806 2935 2877 grandescentes.
2980 2808 3113 2865 Nam
3166 2810 3291 2868 ideo
3346 2813 3587 2869 novellus
3625 2822 3719 2880 est,

2171 2906 2395 2967 propter
2424 2896 2588 2954 vitam
2636 2914 2848 2956 novam.
2885 2901 3093 2974 Aliquis
3134 2919 3262 2976 ergo
3302 2906 3583 2964 haereticus
3620 2910 3724 2963 forte

2171 2990 2519 3057 contradicit;
2548 2993 2802 3047 cornibus
2830 2995 3136 3050 ventiletur.
3170 2997 3324 3053 Alius
3363 3015 3468 3054 non
3497 2999 3724 3055 contradi—

2172 3082 2282 3151 cit,
2313 3083 2404 3139 sed
2436 3093 2611 3141 tamen
2650 3094 2920 3142 terrenum
2947 3086 3154 3158 abiecte
3178 3091 3353 3160 sapit;
3384 3091 3584 3161 ungulis
3608 3091 3724 3147 exci-

2173 3185 2335 3233 tetur.
2358 3178 2497 3250 Ergo
2526 3194 2687 3249 super
2711 3179 2853 3234 hunc
2878 3180 3097 3237 vitulum
3146 3181 3239 3237 tibi
3269 3184 3499 3254 placebit
3534 3183 3723 3239 laudatio

2172 3282 2322 3335 mea;
2349 3269 2460 3339 jam
2487 3268 2578 3325 illa
2603 3271 2620 3301 ¹
2654 3279 2773 3339 post
2799 3280 3163 3341 paupertatem
3186 3281 3242 3328 et
3264 3272 3506 3329 dolorem
3532 3275 3579 3328 in
3599 3284 3723 3328 arter-

2174 3374 2242 3415 na
2272 3360 2529 3415 societate
2566 3359 2891 3431 Angelorum
2916 3402 2933 3429 ,
2963 3361 3051 3418 ubi
3082 3378 3181 3417 nec
3208 3362 3543 3419 adversarius
3577 3364 3661 3419 erit
3685 3362 3723 3418 in

2174 3452 2467 3508 certamine
2521 3442 2892 3519 ventilandus,
2950 3468 3051 3510 nec
3106 3454 3255 3525 piger
3300 3455 3373 3511 de
3427 3462 3562 3511 terra
3608 3453 3721 3511 exci-

2174 3543 2386 3598 tandus.

2247 3636 2334 3690 17.
2365 3634 2513 3709 [vers.
2547 3632 2661 3709 55.]
2703 3634 2914 3691 Videant
2936 3637 3131 3707 inopes,
3156 3646 3205 3691 et
3224 3637 3480 3693 lartentur.
3508 3634 3718 3700 Credam.

2174 3737 2229 3783 et
2256 3743 2351 3799 spe
2379 3729 2658 3799 gaudeant.
2683 3728 2846 3800 Magis
2886 3731 3072 3801 inopes
3102 3728 3244 3797 sint,
3285 3741 3348 3786 ut
3386 3733 3599 3788 saturari
3632 3744 3721 3786 me.

2175 3831 2427 3891 reantur;
2462 3838 2528 3877 ne
2555 3838 2677 3877 cum
2720 3822 2987 3893 superbiae
3020 3824 3256 3895 saginam
3278 3834 3511 3893 ructant,
3535 3834 3720 3895 negetur

2174 3914 2253 3969 eis
2295 3914 2446 3984 panis
2486 3929 2591 3984 quo
2629 3913 2920 3969 salubriter
2957 3914 3157 3969 vivant.
3200 3914 3425 3981 Quterite
3464 3913 3715 3979 Dominum,

2177 4008 2396 4077 inopes;
2424 4008 2645 4076 esurite,
2674 4016 2729 4062 et
2752 4008 2894 4063 sititc
2920 4007 3131 4080 (Matth.
3158 4024 3221 4076 v,
3248 4008 3304 4081 6)
3335 4030 3350 4065 :
3378 3990 3489 4081 ipse
3512 4017 3589 4065 est
3607 4008 3715 4063 enim

2176 4102 2329 4174 panis
2373 4102 2526 4158 vivus
2570 4105 2656 4173 qui
2705 4101 2773 4159 de
2817 4104 2954 4161 etelo
2997 4104 3271 4160 descendit
3300 4105 3491 4176 (Joan.
3518 4118 3595 4166 vt.
3621 4098 3715 4171 51).

2181 4195 2407 4264 Quaerite
2431 4196 2728 4262 Dominum,
2752 4208 2799 4251 et
2828 4198 2954 4252 vivet
2979 4199 3151 4252 anima
3175 4208 3358 4253 vestra.
3392 4197 3618 4268 Quaaritis
3644 4209 3714 4264 pa-

2177 4302 2325 4355 nem,
2354 4294 2412 4342 ut
2436 4287 2577 4342 vivat
2596 4303 2723 4343 caro
2744 4299 2917 4344 vestra
2940 4306 2955 4356 ;
2982 4289 3258 4345 Dominum
3280 4292 3522 4360 quaerite,
3542 4297 3593 4345 ut
3609 4287 3716 4341 vivat

2175 4380 2352 4435 anima
2381 4390 2576 4436 vestra.

2249 4471 2337 4527 18.
2371 4470 2523 4544 [vers.
2557 4470 2672 4546 34.]
2698 4471 2949 4540 Quoniam
2964 4474 3217 4529 exaudivit
3237 4491 3482 4546 pauperes
3496 4470 3711 4528 Danum.

2176 4564 2460 4623 Exaudivit
2489 4580 2785 4636 pauperes;
2811 4580 2911 4621 nec
2937 4565 3212 4621 exaudiret
3242 4580 3516 4636 pauperes,
3547 4563 3630 4618 nisi
3648 4575 3712 4616 es-

2177 4665 2298 4711 sent
2335 4670 2620 4726 pauperes.
2659 4655 2753 4709 Vis
2795 4655 3073 4711 exaudiri?
3110 4657 3317 4727 Pauper
3346 4656 3647 4714 esto:dolor
3663 4650 3711 4706 de

2177 4754 2232 4801 te
2257 4746 2471 4815 clamet,
2500 4762 2606 4801 non
2635 4745 2920 4802 fastidium.
2956 4747 3208 4814 Quoniam
3235 4751 3489 4804 exaudivit
3512 4760 3709 4821 paupera

2176 4837 2467 4903 Dominus;
2511 4848 2557 4893 et
2593 4840 2903 4909 compeditos
2939 4857 3057 4894 suos
3092 4858 3193 4895 non
3233 4844 3440 4911 sprevit.
3464 4840 3709 4898 Ollensuss

2180 4930 2351 4985 servis
2375 4972 2390 4996 ,
2421 4928 2547 4984 fecit
2573 4944 2667 4985 eos
2692 4930 3057 5001 compeditos;
3088 4931 3180 4985 sed
3208 4933 3493 4987 clamantes
3512 4928 3571 4985 de
3593 4941 3707 4983 com-

2157 5021 2405 5093 pedibus
2445 5039 2551 5079 non
2595 5024 2938 5095 contempsit.
2976 5024 3108 5093 Qua:
3136 5034 3262 5080 sunt
3299 5026 3415 5081 ista:
3436 5018 3708 5094 compedes?

2179 5115 2495 5183 Mortalitas,
2523 5116 2937 5186 eorruptibilitas
2965 5118 3161 5181 carnis.
3191 5118 3472 5189 compedes
3496 5123 3599 5171 sunt
3621 5109 3704 5180 qui-

2180 5206 2280 5262 bus
2305 5208 2448 5278 ligati
2478 5221 2678 5262 sumus.
2708 5207 2774 5263 Et
2803 5207 2963 5263 vultis
2999 5223 3159 5265 nosse
3187 5209 3409 5265 istarum
3442 5201 3702 5274 compede

2178 5298 2530 5369 gravitatem?
2568 5298 2696 5353 inde
2732 5297 2963 5354 dicitur:
2991 5297 3187 5370 Corpus
3224 5299 3361 5370 quod
3403 5293 3699 5364 corrumpitur.

2180 5382 2422 5462 aggravnt
2450 5391 2668 5444 animam
2695 5391 2715 5460 (
2740 5390 2868 5462 Sap.
2898 5406 2982 5458 Ix,
3016 5392 3142 5466 l5).
3173 5390 3396 5460 Quando
3424 5388 3633 5445 homines
3662 5381 3700 5435 in

2180 5483 2377 5540 steculo
2402 5482 2597 5538 divites
2630 5498 2750 5538 esse
2779 5483 2991 5549 volunt,
3037 5484 3151 5539 istis
3189 5483 3521 5556 compedibus
3543 5487 3697 5551 pannos

2181 5585 2443 5649 qurerunt.
2494 5575 2600 5631 Sed
2647 5574 2912 5631 sufficiant
2956 5576 3114 5646 panni
3164 5576 3473 5649 eompedum
3500 5592 3513 5628 :
3541 5576 3695 5627 tantum

2247 5736 2263 5766 ¹
2299 5735 2372 5798 sic
2394 5732 2610 5783 melioris
2632 5739 2759 5782 noue
2781 5738 2887 5782 Mss.
2916 5731 3015 5792 Alii,
3031 5731 3291 5798 jamillam
3308 5737 3522 5798 post,_etc.
3539 5719 3692 5798 At

2182 5809 2295 5848 nam
2316 5794 2450 5858 illam
2473 5803 2595 5858 post,
2621 5804 2716 5845 etc.
2741 5803 2841 5845 δοκι
2875 5784 3052 5857 recte;
3069 5796 3161 5847 nisi
3197 5784 3334 5847 illam
3364 5784 3535 5847 rei“
3559 5784 3609 5839 sd
3640 5784 3691 5830 αἱ·

2183 5858 2329 5911 deattt
2348 5857 2531 5921 inopes,
2556 5866 2651 5908 etc.
