3966 6448
281 522 490 582 qumre,
509 514 763 578 quantum
785 499 1113 574 depellenda:
1133 493 1443 554 necessitati
1467 490 1598 548 satis
1621 498 1723 547 est.
1747 488 1880 545 Cum

284 578 471 657 autem
501 596 768 668 superﬂua
795 593 1019 666 quaeris,
1051 586 1337 659 compedes
1377 593 1498 639 tuas
1526 596 1757 638 onerare
1785 578 1884 634 de-

287 693 519 749 sideras.
548 689 606 744 ln
635 689 722 744 tali
755 701 883 757 ergo
909 682 1150 740 custodia
1185 679 1273 735 vel
1317 676 1446 732 solae
1474 671 1762 744 compedes
1792 684 1882 726 re-

289 791 564 840 maneant.
590 779 832 835 Sufﬁciat
850 776 956 832 diei
987 773 1185 829 malitia
1209 785 1308 826 sua
1333 765 1544 841 (Matth.
1567 780 1642 830 vi,
1670 761 1784 835 34).
1810 762 1888 816 De

291 875 398 930 ista
444 872 646 928 malitia
678 871 972 925 clamamus
1001 864 1071 921 ad
1100 865 1265 918 Deum
1295 879 1310 915 :
1342 859 1595 928 Quoniam
1633 853 1889 910 exaudivit

294 981 546 1036 pauperes
574 962 854 1024 Dominus;
883 969 928 1014 et
951 955 1257 1028 compeditos
1284 967 1403 1007 suos
1425 966 1524 1004 non
1548 947 1752 1019 sprevit.

372 1056 461 1112 l9.
497 1053 647 1128 [vers.
676 1050 791 1125 35.]
825 1049 1053 1104 Laudent
1093 1045 1239 1101 illum
1276 1044 1387 1098 caeli
1417 1050 1464 1095 et
1493 1051 1648 1106 terra,
1680 1052 1819 1091 mare
1843 1042 1892 1089 et

299 1147 476 1202 onmia
500 1125 732 1214 repentia
775 1143 828 1195 in
867 1141 958 1195 eis.
998 1138 1149 1192 Vera:
1193 1133 1396 1189 divitiae
1441 1130 1600 1198 hujus
1642 1125 1892 1198 pauperis

264 1243 278 1265 ⁴
296 1237 420 1293 ista:
449 1243 573 1291 sunt
591 1276 606 1297 .
637 1231 980 1289 considerare
1005 1235 1306 1283 creaturam
1335 1231 1391 1277 et
1429 1221 1642 1274 laudare
1669 1218 1893 1272 Creato-

266 1346 440 1418 ‘rem.
466 1326 695 1381 Laudent
720 1323 866 1377 illam
881 1320 992 1374 cteli
1009 1328 1054 1372 et
1078 1328 1233 1379 terra,
1253 1329 1392 1367 mare
1411 1321 1457 1366 et
1479 1310 1649 1364 omnia
1667 1306 1894 1376 repentia

268 1397 358 1478 3in
387 1422 480 1477 eis.
512 1421 572 1473 Et
598 1425 842 1473 creatura
873 1413 983 1468 sola
1013 1412 1113 1466 ista
1141 1407 1320 1465 laudat
1349 1405 1536 1468 Deum,
1567 1415 1690 1457 cum
1714 1397 1895 1454 consi-

302 1515 492 1572 derata
523 1528 581 1568 ea
611 1510 859 1566 laudatur
882 1508 1040 1560 Deus.

377 1605 467 1660 20.
500 1602 663 1676 [vers.
695 1599 763 1655 56
787 1639 802 1662 ,
841 1595 971 1668 57.]
1001 1593 1136 1649 Audi
1176 1601 1229 1646 et
1254 1587 1396 1645 aliud
1427 1605 1438 1639 :
1473 1586 1724 1653 Quoniam
1758 1581 1896 1636 Deus

305 1700 501 1754 salvam
542 1695 688 1768 faciet
720 1693 866 1748 Sion.
899 1691 1133 1758 Reparat
1161 1683 1455 1740 Ecclesiam
1485 1695 1634 1736 suam
1661 1695 1675 1731 :
1707 1684 1896 1748 gentes

308 1791 494 1846 fideles
541 1789 846 1856 incorporat
885 1779 1168 1850 Unigenito
1209 1790 1341 1839 suo;
1386 1788 1494 1827 non
1525 1769 1735 1825 fraudat
1773 1781 1896 1822 cre-

307 1881 499 1937 dentes
531 1878 582 1932 in
613 1892 672 1931 sc
695 1873 912 1945 prtemio
936 1867 1303 1942 promissionis
1324 1879 1454 1920 sum.
1482 1861 1734 1927 Quoniam
1760 1857 1898 1911 Deus

306 1970 502 2028 salvam
532 1968 679 2040 faciet
713 1964 839 2020 Sion
864 1979 882 2018 :
913 1971 958 2016 et
982 1957 1366 2029 (edi/icubuntur
1391 1953 1610 2008 civitates
1628 1949 1832 2003 Juda’a:
1856 1949 1895 2001 ί.

311 2062 449 2135 lpsze
490 2039 614 2114 sunt
659 2055 933 2113 Ecclesim.
961 2052 1128 2107 Nemo
1157 2049 1334 2104 dicat:
1360 2044 1586 2114 Quando
1615 2043 1720 2098 erit
1758 2039 1900 2095 istud

312 2167 373 2210 ut
401 2153 728 2208 ardilicentur
756 2148 998 2200 civitates
1025 2139 1261 2196 .ludmae?
1294 2137 1338 2193 Ο
1367 2138 1410 2192 si
1442 2135 1572 2191 velis
1609 2145 1902 2204 agnoscere

313 2255 634 2304 structuram
656 2283 671 2306 ,
700 2252 894 2297 etesse
921 2237 1054 2306 lapis
1078 2236 1258 2299 vivus,
1286 2241 1344 2285 ut
1372 2230 1538 2283 intres
1569 2227 1618 2280 in
1650 2240 1766 2281 eam
1791 2224 1804 2277 !
1837 2222 1905 2276 Et

317 2354 462 2397 nunc
485 2337 726 2392 civitates
749 2331 949 2388 ludant:
975 2325 1322 2382 aediﬁcantur.
1345 2318 1479 2374 Juda
1509 2318 1652 2373 enim
1673 2311 1902 2369 Confes-

317 2433 401 2490 sio
431 2431 825 2497 interpretatur.
853 2423 926 2476 De
948 2417 1280 2475 confessione
1305 2408 1616 2466 humilitatis
1637 2403 1908 2460 aediﬁcan-

320 2534 407 2579 tur
447 2496 688 2577 civitates
729 2513 965 2576 Judmm;
1017 2518 1072 2563 ut
1117 2505 1244 2561 foris
1272 2503 1340 2558 ab
1369 2501 1448 2557 eis
1472 2496 1689 2568 superbi
1725 2508 1905 2550 rema-

319 2622 506 2675 neant,
538 2610 628 2683 qui
656 2604 899 2664 conﬁteri
925 2601 1266 2658 erubescunt.
1287 2594 1539 2660 Quoniam
1558 2589 1695 2643 Deus
1715 2585 1909 2641 salvam

322 2709 471 2783 faciet
500 2680 650 2762 Sion.
673 2703 842 2772 Quam
869 2697 1036 2754 Sion?
1068 2693 1205 2750 Audi
1234 2692 1285 2746 in
1313 2685 1658 2758 sequentibus
1689 2700 1701 2736 :
1737 2680 1803 2734 Et
1832 2697 1912 2734 se-

322 2775 438 2856 inen
462 2811 719 2854 servorum
758 2793 864 2864 ejus
903 2785 1188 2844 obtinebunt
1212 2797 1356 2847 eam;
1382 2787 1428 2835 et
1455 2777 1539 2850 qui
1578 2775 1794 2846 diligunt
1820 2787 1911 2825 no-

324 2907 438 2947 men
457 2890 564 2961 ejus
589 2883 937 2940 inhabitabuut
964 2881 1016 2934 in
1040 2895 1120 2933 ea.

399 2955 492 3036 21:
522 2978 768 3035 Psalmus
800 2973 978 3027 ﬁnitus
1005 2978 1117 3033 est;
1153 2965 1248 3022 sed
1291 2961 1560 3033 paululum
1606 2958 1738 3012 istos
1779 2955 1915 3010 duos

325 3089 514 3132 versus
538 3087 642 3127 non
668 3069 1029 3136 relinquamus
1056 3083 1069 3116 :
1099 3059 1386 3112 admonent
1409 3053 1550 3108 enim
1573 3066 1671 3104 nos
1692 3045 1912 3118 aliquid,

329 3185 400 3227 ne
438 3161 772 3234 desperando
819 3161 870 3214 in
921 3157 1064 3212 illam
1108 3160 1428 3208 structuram
1479 3161 1585 3200 non
1631 3143 1913 3198 intremus.

329 3258 538 3324 Semen,
557 3254 745 3322 inquit.
769 3265 1025 3306 servorum
1041 3247 1149 3315 ejus
1169 3241 1453 3297 obtinebunt
1479 3253 1608 3292 eam.
1625 3234 1740 3290 Jam
1760 3247 1914 3302 ergo,

328 3367 497 3407 semen
514 3361 769 3404 servorum
796 3344 902 3413 ejus
927 3339 1015 3410 qui
1046 3335 1202 3392 sunt?
1233 3332 1392 3387 Forte
1420 3328 1576 3393 dicis,
1609 3325 1779 3382 Judmi
1807 3323 1918 3377 nati
1942 3342 1956 3356 κ

333 3442 406 3499 de
451 3437 758 3495 Abraham:
792 3448 889 3487 nos
937 3441 1112 3485 autem
1159 3427 1249 3496 qui
1300 3438 1403 3479 non
1451 3436 1635 3476 smnus
1691 3417 1799 3472 nati
1852 3415 1921 3470 de

331 3529 625 3592 Abraham,
657 3521 921 3597 quomodo
949 3519 1262 3574 habebimus
1290 3515 1445 3569 istam
1476 3509 1782 3568 civitatem?
1809 3506 1919 3563 Sed

333 3638 444 3680 non
467 3629 589 3677 sunt
613 3633 794 3674 semen
826 3612 1054 3669 Abrahae
1083 3611 1156 3665 illi
1179 3606 1344 3664 Judmi
1367 3605 1559 3677 quibus
1579 3604 1775 3658 dictum
1797 3608 1880 3656 est
1903 3617 1918 3655 :

337 3717 402 3773 Si
428 3715 522 3786 ﬁlii
548 3712 766 3768 Abrahae
785 3709 935 3771 estis,
970 3709 1106 3777 facta
1137 3702 1351 3756 Abrahae
1381 3699 1530 3771 facile
1570 3695 1764 3766 (Joan.
1795 3709 1883 3748 vnt
1903 3735 1920 3760 ,

337 3808 469 3880 39).
498 3805 684 3861 Semen
708 3817 836 3870 ergo
865 3813 1122 3855 servorum
1157 3796 1272 3866 ejus
1295 3836 1307 3858 ,
1342 3793 1634 3846 imitatores
1661 3788 1783 3842 ﬁdei
1813 3802 1926 3840 ser-

341 3913 532 3956 vorum
573 3899 692 3965 ejus
738 3892 1025 3949 obtinebunt
1066 3905 1197 3943 eam.
1229 3887 1464 3956 Denique
1494 3883 1710 3937 ultimus
1739 3896 1926 3936 versus

338 3991 672 4064 superiorem
703 3987 938 4056 exponit.
967 3981 1128 4052 Quasi
1156 3980 1294 4033 enim
1326 3976 1585 4039 turbatus,
1617 3991 1684 4028 ne
1712 3982 1928 4044 putares

338 4063 482 4143 forte
507 4081 610 4136 hoc
637 4079 705 4134 de
733 4076 931 4133 Judecis
960 4074 1086 4139 dici,
1121 4071 1186 4126 Et
1218 4086 1381 4125 semen
1411 4083 1666 4122 servorum
1696 4065 1804 4134 ejus
1833 4063 1927 4115 οὺ-

343 4176 568 4231 tinebunt
590 4188 719 4234 eam,
742 4168 926 4223 dicens
949 4207 963 4231 ,
990 4163 1097 4219 Nos
1117 4177 1300 4218 semen
1325 4160 1560 4230 gentium
1579 4171 1784 4220 sumus,
1810 4168 1930 4224 quae

345 4267 488 4326 idola
518 4268 818 4325 coluerunt,
851 4271 905 4316 et
931 4255 1260 4312 daemonibus
1288 4254 1621 4312 servierunt;
1647 4247 1771 4318 quid
1801 4261 1929 4316 ergo

347 4360 502 4416 nobis
529 4359 580 4412 in
607 4357 704 4410 hac
733 4352 946 4409 civitate
967 4347 1287 4419 sperandum
1330 4343 1449 4398 est?
1477 4341 1652 4395 statim
1684 4336 1928 4406 subjecit,

351 4461 408 4507 ut
443 4463 731 4522 praesumus
759 4452 813 4499 et
842 4456 1062 4511 speres:
1100 4437 1160 4490 Et
1201 4437 1285 4505 qui
1313 4434 1530 4503 diltgttnt
1571 4445 1750 4484 nomen
1789 4427 1927 4496 ejus,

351 4541 696 4600 inhabitabant
725 4536 775 4588 in
799 4550 876 4586 ea.
912 4531 1020 4584 [loc
1045 4537 1126 4584 est
1155 4527 1295 4579 enim
1327 4540 1491 4578 semen
1513 4533 1766 4575 servorum
1797 4517 1929 4586 ejus,

352 4645 441 4714 qui
467 4640 683 4709 diligunt
709 4648 887 4689 nomen
912 4632 1040 4700 ejus.
1085 4626 1217 4696 Quia
1255 4623 1396 4679 enim
1435 4619 1574 4675 servi
1600 4617 1715 4686 ejus
1737 4609 1940 4668 dilexe-

358 4705 482 4790 runt
509 4705 702 4786 nomen
724 4727 868 4794 ejus;
889 4722 1206 4792 quicumque
1224 4732 1329 4770 non
1346 4714 1569 4783 diligunt
1589 4723 1778 4764 nomen
1797 4705 1937 4775 ejus,

360 4847 465 4885 non
497 4842 555 4882 se
577 4825 754 4878 dicant
788 4832 968 4874 semen
1004 4826 1279 4869 servorum
1305 4810 1453 4877 ejus;
1499 4814 1552 4860 et
1590 4804 1678 4873 qui
1717 4801 1942 4870 diligunt

361 4933 554 4975 nomen
582 4916 716 4985 ejus,
749 4926 853 4966 non
879 4923 937 4962 se
957 4913 1150 4976 negent
1170 4916 1348 4956 semen
1380 4910 1655 4953 servorum
1681 4892 1818 4962 ejus.

372 5036 1279 5064 Μ

745 5123 824 5184 ΙΝ
867 5115 1247 5182 PSALMUM
1315 5110 1525 5173 LXIX

934 5241 1160 5298 ENARR
1170 5236 1348 5294 ATIO.

1001 5368 1174 5411 scnuo
1206 5350 1302 5423 (a).

443 5501 494 5554 l.
525 5496 677 5570 [uers.
709 5491 790 5564 2.]
818 5489 1027 5548 Gratias
1054 5503 1221 5560 grano
1248 5484 1424 5546 tritici.
1459 5481 1580 5553 quia
1617 5479 1750 5535 mori
1780 5476 1946 5532 voluit

371 5603 426 5649 et
455 5586 794 5658 multiplicari
825 5581 1004 5656 (Joan.
1033 5597 1131 5648 xu,
1162 5577 1256 5650 25)
1277 5596 1289 5632 :
1308 5575 1503 5646 gratias
1525 5573 1681 5628 unico
1702 5570 1836 5625 Filio
1855 5569 1948 5623 Dei

374 5683 600 5740 Domino
625 5689 681 5738 et
708 5676 971 5736 Salvatori
999 5683 1183 5730 nostro
1203 5671 1329 5728 Jesu
1350 5669 1586 5736 Christo,
1607 5665 1697 5738 qui
1725 5671 1950 5720 mortem

439 5821 455 5853 ¹
490 5819 564 5880 sic
581 5831 646 5870 ex
661 5813 1066 5880 melioribusjttss.
1077 5809 1364 5880 justam};
1391 5805 1594 5870 [Jama]

438 5870 516 5943 (αδ
549 5885 598 5932 tn
617 5886 868 5940 Martyrum
887 5870 1196 5926 solemnitate
1217 5870 1425 5921 habitus.

1383 370 1784 433 ENARRATIO
1820 367 1888 427 1N
1925 365 2250 426 PSALMUM
2270 362 2458 422 LXIX.

3467 359 3575 420 866

1994 497 2232 543 nostram
2253 485 2435 541 subire
2453 495 2560 538 non
2585 480 2900 552 dedignatus
2922 487 3024 546 est,
3048 486 3105 533 ut
3129 491 3227 534 nos
3248 477 3356 534 vita
3377 492 3473 534 sua
3493 479 3578 536 di-

1991 593 2126 650 gnos
2157 577 2381 632 faceret.
2413 575 2552 630 Ecce
2573 573 2663 644 qui
2693 571 2979 643 singularis
3005 580 3122 626 erat
3142 612 3157 638 ,
3189 571 3364 626 donec
3395 579 3577 628 trans-

1993 671 2116 736 iret,
2147 670 2284 726 sicut
2309 668 2443 724 dixit
2470 669 2521 723 in
2553 667 2776 738 psalmo,
2811 664 3104 735 Singularis
3132 681 3224 735 ego
3251 680 3385 732 sum,
3416 665 3577 718 donec

1995 772 2245 816 transeam
2271 759 2441 831 (Psal.
2465 773 2586 828 οη,
2621 756 2710 827 10)
2734 773 2747 808 :
2771 756 2893 826 quia
2921 755 2998 810 sic
3023 762 3140 810 erat
3165 755 3433 826 singulare
3453 768 3583 824 gra-

1995 867 2145 917 num,
2171 860 2230 906 ut
2255 851 2305 904 in
2333 866 2392 906 se
2420 849 2643 904 haberet
2675 861 2923 917 magnam
2949 844 3308 900 multitudinis
3340 843 3582 901 fecundi-

1997 949 2195 1006 tatem;
2227 945 2279 994 ln
2307 938 2520 1010 quantis
2546 936 2728 1008 granis
2768 936 3072 1006 passionem
3101 935 3216 1006 ejus
3255 935 3586 991 imitantibus

1999 1031 2362 1099 exsultantes,
2385 1029 2600 1100 quando
2623 1028 2859 1084 natalitia
2896 1027 3184 1100 Martyrum
3217 1027 3584 1084 celebramus!

1997 1124 2162 1180 Multa
2190 1138 2319 1195 ergo
2347 1123 2588 1177 membra
2615 1122 2753 1192 ejus,
2785 1121 2884 1177 sub
2915 1136 3021 1176 uno
3045 1122 3218 1190 capite
3253 1122 3369 1193 ipso
3397 1121 3588 1178 Salva-

2000 1227 2117 1274 tore
2142 1225 2326 1272 nostro
2354 1213 2633 1271 charitatis
2654 1221 2711 1268 et
2740 1213 2887 1283 pacis
2910 1213 3129 1268 vinculo
3149 1212 3421 1286 colligata,
3449 1214 3590 1270 sicut

2001 1321 2162 1363 nosse
2190 1304 2484 1376 dignemini
2509 1344 2526 1370 ,
2556 1304 2806 1374 quoniam
2836 1304 3133 1373 smpissimc
3163 1303 3387 1360 audistis
3406 1346 3424 1372 ,
3452 1319 3590 1362 unus

2001 1397 2166 1452 homo
2209 1404 2372 1451 sunt:
2403 1404 2459 1451 et
2488 1395 2726 1464 ipsorum
2772 1403 2828 1448 ut
2858 1395 3015 1448 unius
3051 1395 3285 1450 hominis
3325 1410 3427 1450 vos
3477 1395 3592 1466 ple-

2001 1502 2226 1558 rumque
2252 1487 2307 1541 in
2337 1485 2564 1541 Psalmis
2592 1484 2834 1550 auditur;
2867 1491 2924 1540 et
2945 1484 3024 1538 sic
3057 1485 3252 1540 clamat
3296 1500 3434 1541 unus
3473 1494 3594 1541 tan-

2001 1595 2162 1652 quam
2191 1592 2379 1633 omnes
2398 1619 2414 1645 ,
2457 1577 2579 1648 quia
2607 1591 2796 1632 omnes
2827 1577 2878 1630 in
2925 1592 3031 1631 uno
3061 1592 3197 1631 unus
3226 1585 3370 1632 sunt.
3395 1577 3595 1634 Audia-

2005 1685 2124 1724 mus
2153 1684 2282 1739 ergo
2307 1669 2560 1739 quoniam
2603 1668 2985 1723 laboraverunt
3031 1675 3329 1740 martyres,
3361 1677 3417 1724 et
3453 1670 3595 1728 inter

2005 1775 2227 1832 magnas
2254 1767 2596 1830 tempestates
2626 1757 2872 1813 odiorum
2915 1759 2970 1812 in
3010 1757 3115 1812 hoc
3142 1758 3338 1815 smculo
3377 1761 3596 1830 pericli-

2007 1853 2099 1906 tati
2125 1859 2278 1918 sunt;
2313 1866 2418 1905 non
2449 1861 2556 1904 tam
2581 1864 2828 1919 corpore,
2857 1849 2998 1920 quod
3022 1850 3347 1922 quandoque
3370 1855 3598 1924 posituri

2007 1953 2184 2010 erant,
2210 1942 2301 1999 sed
2340 1943 2452 2013 ipsa
2479 1942 2603 2007 ﬁde,
2635 1957 2703 1998 ne
2725 1940 3073 2009 deﬁcientes,
3114 1949 3170 1997 et
3211 1943 3350 2000 forte
3389 1947 3600 2004 acerbis

2009 2039 2439 2109 persecutionum
2486 2035 2740 2091 cedentes
2784 2033 3097 2103 doloribus,
3137 2035 3228 2092 vel
3267 2039 3437 2094 amori
3475 2040 3600 2098 vitae

2008 2130 2189 2200 hujus,
2222 2130 2531 2184 amitterent
2550 2128 2691 2199 quod
2720 2128 3040 2198 promiserat
3061 2128 3201 2184 Deus
3231 2145 3246 2182 :
3273 2131 3361 2202 qui
3391 2147 3498 2190 non
3521 2149 3602 2190 so-

2011 2223 2121 2278 lum
2169 2224 2365 2287 verbo,
2413 2221 2508 2276 sed
2555 2221 2716 2277 etiam
2761 2221 3009 2290 exemplo
3052 2219 3345 2278 abstulerat
3387 2240 3602 2284 omnem

2012 2317 2292 2381 timorem;
2320 2313 2508 2379 verbo,
2539 2312 2745 2379 dicens,
2773 2310 2951 2365 Nolite
2981 2311 3156 2366 timere
3179 2328 3264 2368 eos
3297 2315 3384 2385 qui
3419 2332 3604 2387 corpus

2011 2415 2279 2477 occidunt;
2308 2415 2532 2468 animam
2559 2421 2727 2466 autent
2754 2429 2855 2467 non
2885 2423 3096 2483 possunt
3121 2415 3348 2470 occidere
3381 2413 3598 2486 (Matth.

2013 2523 2070 2573 ς,
2094 2504 2222 2576 28);
2252 2505 2517 2575 exemplo,
2548 2503 2748 2560 faciens
2769 2503 2910 2575 quod
2930 2505 3096 2560 verbo
3117 2507 3388 2576 praecepit,
3419 2515 3479 2561 ut
3506 2520 3606 2563 nec

2021 2612 2206 2654 eorum
2239 2596 2640 2652 verberantium
2668 2611 2859 2652 manus
2898 2597 3061 2652 vellet
3087 2596 3346 2660 devitarc,
3379 2612 3478 2654 nec
3504 2598 3610 2654 ala-

2018 2703 2112 2758 pas
2143 2687 2551 2758 percutiendum
2578 2727 2592 2750 ,
2636 2701 2735 2742 nec
2777 2686 2972 2742 salivas
3019 2689 3422 2757 conspuentium
3448 2730 3463 2755 ,
3508 2704 3609 2746 nec

2017 2793 2271 2835 coronam
2299 2777 2368 2834 de
2393 2778 2562 2846 spinis
2594 2777 2982 2846 imponentium
3001 2820 3017 2845 ,
3043 2794 3142 2834 nec
3171 2794 3382 2835 crucem
3411 2780 3607 2835 interﬁ-

2008 2867 2268 2926 'cientium
2298 2887 2310 2922 :
2341 2868 2470 2924 nihil
2514 2868 2708 2924 horum
2739 2869 2908 2923 vitare
2934 2869 3124 2934 voluit,
3169 2871 3255 2925 cui
3298 2869 3428 2926 nihil
3474 2886 3612 2942 opus

2019 2973 2156 3029 erat,
2185 2971 2401 3032 propter
2430 2975 2524 3016 eos
2549 2960 2743 3031 quibus
2763 2961 2863 3016 hoc
2882 2975 3018 3031 opus
3040 2969 3184 3027 erat;
3218 2961 3417 3018 faciens
3438 2979 3609 3032 :egro-

2025 3056 2091 3109 tis
2145 3055 2214 3110 de
2270 3054 2447 3123 seipse
2505 3052 2976 3108 medicamentum.
3034 3052 3434 3109 Laboraverunt
3484 3070 3612 3127 ergo

2023 3155 2320 3217 martyres;
2363 3154 2417 3201 et
2446 3145 2548 3199 nisi
2580 3144 2668 3199 ille
2708 3159 2921 3215 semper
2948 3143 3159 3200 adesset
3202 3146 3293 3216 qui
3336 3146 3438 3217 ait,
3482 3145 3613 3202 Ecce

2024 3254 2113 3309 ego
2133 3235 2384 3291 vobiscum
2402 3252 2515 3290 sum
2531 3252 2686 3308 usque
2705 3237 2772 3290 ad
2792 3237 3271 3290 consummationem
3288 3237 3464 3292 saeculi
3496 3235 3610 3309 (Id.

2024 3345 2209 3393 xxvnt,
2241 3327 2359 3400 20),
2390 3329 2572 3398 utique
2597 3325 2938 3383 defecissent.

2095 3421 2149 3473 9..
2182 3419 2279 3474 Est
2299 3433 2427 3489 ergo
2455 3418 2508 3472 in
2537 3419 2643 3473 hoc
2670 3418 2876 3488 psalmo
2901 3432 3003 3472 vox
3029 3418 3502 3475 contribulatorum
3523 3435 3538 3485 ;
3561 3429 3614 3476 et

2027 3511 2147 3568 ideo
2169 3513 2352 3581 utique
2379 3520 2673 3581 martyrum
2707 3510 2848 3564 inter
2877 3509 3152 3579 passiones
3176 3511 3611 3580 periclitantium,

2027 3604 2121 3659 sed
2147 3602 2214 3656 de
2259 3616 2357 3656 suo
2386 3602 2562 3671 capite
2597 3599 3054 3670 prmsumentium.
3087 3601 3380 3657 Audiamus
3408 3619 3530 3671 eos,
3561 3612 3618 3661 et

2030 3695 2308 3763 loquamur
2323 3705 2441 3745 cum
2463 3690 2542 3745 eis
2567 3705 2631 3744 ex
2653 3689 2845 3745 aﬁ‘ectu
2871 3689 3069 3756 cordis,
3093 3691 3304 3748 etiamsi
3334 3707 3438 3748 non
3465 3694 3617 3749 simi-

2031 3783 2254 3838 litudine
2281 3781 2560 3852 passionis.
2589 3779 2667 3834 illi
2695 3780 2836 3834 enim
2875 3779 2988 3850 jam
3034 3783 3272 3836 coronati
3316 3790 3470 3850 sunt;
3517 3799 3616 3841 nos

2031 3876 2205 3931 adhuc
2232 3873 2594 3945 periclitamur
2618 3890 2631 3925 :
2657 3887 2762 3926 non
2790 3873 2911 3942 quia
2941 3873 3073 3927 tales
3097 3888 3194 3928 nos
3216 3876 3616 3944 persecutiones

2034 3976 2243 4039 urgent,
2275 3965 2459 4037 quales
2488 3965 2632 4034 ipsos
2672 3974 2954 4030 urserunt;
3002 3964 3096 4019 sed
3138 3963 3361 4022 fortasse
3408 3969 3616 4038 pejores

2035 4061 2088 4114 in
2119 4057 2441 4114 omnimodis
2468 4057 2752 4128 generibus
2781 4066 3048 4112 tantorum
3075 4052 3472 4114 scandalorum.
3504 4061 3616 4118 No-

2035 4161 2144 4207 stra
2169 4152 2310 4206 enim
2343 4159 2584 4219 tempora
2621 4149 2789 4218 magis
2818 4147 3088 4202 abundant
3117 4150 3205 4202 illo
3235 4147 3323 4204 Va:
3342 4151 3483 4220 quod
3503 4153 3617 4208 cla-

2037 4245 2199 4297 mavit
2222 4242 2478 4296 Dominus
2510 4257 2522 4293 :
2565 4238 2649 4293 Va:
2676 4239 2864 4293 mando
2902 4239 2964 4293 ab
3005 4241 3260 4294 scandulis
3298 4240 3426 4312 (Id.
3463 4259 3616 4312 xvnl,

2039 4333 2118 4402 7).
2143 4331 2208 4386 Et
2237 4333 2475 4401 quoniam
2496 4331 2764 4385 abundavit
2793 4331 3050 4400 iniquitas,
3083 4332 3370 4402 refrigescet
3397 4335 3620 4392 Charitas

2036 4426 2311 4479 multorum
2355 4422 2482 4493 (Id.
2531 4439 2688 4487 sxw,
2735 4421 2864 4489 12).
2911 4421 3091 4492 Neque
3133 4424 3275 4477 enim
3321 4435 3375 4479 et
3403 4426 3501 4479 Lot
3531 4427 3622 4483 ille

2038 4525 2252 4572 sanctus
2274 4557 2289 4578 ,
2318 4515 2370 4570 in
2401 4513 2648 4570 Sodomis
2677 4515 2744 4569 ab
2784 4515 2962 4584 aliquo
2987 4516 3322 4584 corporalem
3366 4533 3619 4586 persecu-

2042 4611 2237 4665 tionem
2261 4609 2575 4680 patiebatur,
2599 4617 2689 4662 aut
2707 4608 2906 4662 dictum
2931 4608 3004 4662 illi
3033 4619 3147 4664 erat
3173 4619 3230 4664 ut
3257 4627 3362 4665 non
3383 4612 3451 4666 ibi
3475 4613 3623 4668 habi-

2041 4712 2212 4767 taret;
2268 4702 2565 4771 persecutio
2619 4699 2776 4768 ejus,
2836 4701 2971 4755 facta
3026 4702 3162 4758 mala
3217 4703 3648 4761 Sodomitarum

2040 4803 2191 4848 erant
2214 4792 2363 4862 (Gen.
2383 4794 2512 4862 xix).
2531 4791 2681 4846 Nunc
2700 4792 2950 4859 ergojam
2973 4790 3185 4847 Christo
3202 4793 3255 4849 in
3279 4797 3416 4852 caelo
3437 4796 3622 4852 seden-
3645 4773 3648 4776 i

2043 4893 2123 4947 te,
2157 4884 2260 4953 jam
2293 4882 2622 4952 glorilicato,
2663 4881 2771 4949 jam
2803 4880 3058 4948 subjectis
3100 4885 3394 4940 cervicibus
3433 4903 3616 4957 regunt

2037 4975 2163 5045 jugo
2193 4974 2310 5043 ejus
2335 5013 2349 5039 ,
2380 4983 2434 5027 et
2463 4971 2752 5042 suppositis
2779 4987 2964 5026 eorum
2995 4971 3259 5029 frontibus
3288 4977 3440 5044 signo
3470 4980 3618 5044 ejus;

2037 5066 2146 5137 jam
2178 5063 2323 5117 nullo
2366 5071 2677 5118 remanente
2714 5063 2802 5132 qui
2850 5063 3022 5131 palam
3064 5064 3380 5120 Christianis
3427 5054 3639 5124 audeat

2042 5155 2319 5220 insultare,
2342 5151 2515 5207 adhuc
2545 5161 2718 5207 tamen
2749 5152 2888 5208 inter
2909 5168 3102 5224 organa
3129 5165 3182 5210 et
3208 5145 3646 5227 symphoniacos"

2042 5244 2338 5317 gemimus;
2367 5243 2540 5297 adhuc
2567 5241 2640 5296 illi
2673 5242 2868 5298 inimici
2895 5242 3181 5314 Martyrum
3203 5286 3218 5308 ,
3249 5245 3371 5315 quia
3401 5247 3621 5303 vocibus

2042 5347 2096 5393 et
2121 5338 2264 5394 ferro
2290 5352 2393 5390 non
2423 5343 2678 5406 possunt,
2711 5351 2804 5393 eos
2831 5351 2925 5390 sua
2964 5336 3168 5392 luxuria
3206 5349 3618 5411 persequuntur.

2044 5433 2215 5500 Atque
2243 5430 2441 5482 utinam
2473 5428 2712 5497 Paganos
2735 5427 3098 5482 tantummodo
3123 5429 3426 5486 doleremus
3449 5433 3465 5463 ⁸
3489 5434 3501 5487 !
3531 5447 3620 5488 es-

2044 5530 2125 5577 set
2153 5521 2537 5591 qualecumque
2561 5519 2841 5585 solatium,
2876 5529 3190 5590 exspectare
3216 5537 3312 5578 eos
3355 5525 3442 5594 qui
3481 5542 3619 5580 non-

2042 5612 2164 5667 dum
2193 5625 2350 5666 cruce
2380 5610 2574 5666 Christi
2602 5609 2792 5678 signati
2816 5619 2971 5676 sunt,
2997 5613 3209 5681 quando
3238 5615 3532 5683 signentur,
3563 5625 3620 5675 et

2043 5703 2256 5776 quando
2288 5703 2403 5774 ejus
2431 5700 2748 5758 auctoritate
2782 5700 2980 5772 alligati
3013 5703 3258 5761 desinant
3302 5706 3499 5764 furere.
3530 5707 3615 5766 Vi-

2111 5841 2128 5872 ι
2164 5840 2237 5890 sic
2259 5846 2366 5890 Mss.
2388 5835 2503 5886 add.
2526 5847 2665 5896 vero,
2685 5832 3020 5889 toleraremus.
