3966 6484
497 363 601 423 167

497 477 687 533 demus
716 475 880 533 etiam
904 484 1175 549 portantes
1210 474 1262 532 in
1292 475 1467 533 fronte
1497 478 1704 548 signum
1735 479 1852 547 ejus
1877 517 1891 544 ,
1921 478 2074 531 simul

499 570 554 625 in
583 570 695 639 ipsa
725 571 899 625 fronte
929 580 1140 639 portare
1168 570 1549 639 impudentiam
1583 570 1933 632 luxuriarum,
1967 569 2080 622 die-

497 661 702 732 busque
729 672 784 717 et
811 661 1238 716 solemnitatibus
1283 670 1579 732 martyrum
1625 675 1731 715 non
1771 661 2073 726 exsultare,

497 755 590 811 sed
615 755 888 809 insultare.
912 755 975 808 Et
1002 757 1139 810 inter
1166 754 1281 809 inec
1301 756 1585 824 gemimus,
1609 765 1665 810 et
1691 755 1804 810 hmo
1823 770 2075 825 persecu-

497 849 570 904 tio
586 859 762 903 nostra
785 859 886 915 ρει,
917 852 959 902 sl
983 860 1062 903 est
1090 849 1144 902 in
1172 851 1326 904 nobis
1351 849 1588 904 Charitas
1613 863 1730 918 qua:
1753 849 1927 903 dicat:
1954 850 2078 916 Quis

492 939 802 1008 inﬁrmat",
844 951 887 993 et
931 955 1029 992 non
1059 956 1149 1010 ego
1178 942 1450 1006 in/irmor?
1475 941 1585 1009 quis
1611 939 2008 1004 scandalizatur,
2033 948 2079 992 et

492 1049 592 1086 non
614 1049 704 1104 ego
732 1050 851 1088 uror
879 1035 894 1102 (
925 1033 964 1086 ll
989 1033 1104 1086 Cor.
1140 1047 1213 1101 χι,
1242 1034 1312 1087 29
1337 1033 1389 1104 )?
1414 1034 1598 1088 Nullus
1625 1049 1752 1104 ergo
1774 1045 1958 1088 servus
1984 1033 2078 1086 Dei

491 1129 608 1180 sine
639 1129 1046 1196 persecutione;
1076 1141 1366 1197 verumque
1395 1136 1477 1182 est
1519 1127 1646 1182 illud
1676 1126 1815 1196 quod
1850 1128 2078 1195 Aposto-

490 1217 573 1272 lus
601 1219 673 1272 ait
701 1237 714 1272 :
747 1218 851 1272 Sed
881 1229 925 1272 et
955 1235 1125 1272 omnes
1153 1220 1238 1286 qui
1265 1219 1436 1272 catum
1470 1219 1522 1271 in
1556 1217 1755 1274 Christo
1782 1221 1862 1290 pie
1894 1219 2074 1284 viuere,

491 1312 882 1378 persecutionem
918 1311 1170 1378 patientur
1191 1308 1257 1378 (ll
1283 1307 1412 1362 Tim.
1437 1323 1514 1375 ιιι,
1545 1307 1653 1381 ιιι).
1678 1308 1886 1364 Videris
1913 1309 2070 1373 unde,

491 1401 690 1454 videris
721 1400 1025 1469 quomodo;
1059 1399 1303 1453 diabolus
1333 1400 1423 1453 ille
1451 1398 1693 1455 biformis
1720 1408 1823 1454 est.
1861 1399 1969 1453 Leo
1995 1411 2078 1454 est

490 1491 547 1546 in
577 1492 813 1560 impetu,
845 1492 1010 1545 draco
1043 1491 1096 1545 in
1126 1491 1352 1545 insidiis.
1382 1491 1492 1547 Leo
1533 1491 1783 1554 minetur,
1828 1491 2075 1547 inimicus

491 1593 606 1648 est;
635 1583 800 1638 draco
830 1584 1134 1646 insidietur,
1181 1583 1426 1636 inimicus
1455 1591 1557 1638 est.
1591 1582 1815 1648 Quando
1859 1597 1954 1636 nos
1985 1595 2075 1638 se-

490 1676 644 1730 curi?
669 1677 801 1730 Ecce
832 1676 962 1729 flant
1001 1687 1188 1729 omnes
1214 1674 1538 1740 Christiani,
1574 1673 1832 1743 mihiquid
1868 1682 1922 1727 et
1957 1674 2073 1728 dia-

490 1765 647 1819 bolus
689 1766 1009 1819 christianos
1057 1765 1200 1820 erit?
1245 1765 1475 1819 Tentare
1523 1779 1650 1834 ergo
1707 1779 1812 1817 non
1863 1774 2068 1829 cessat;

489 1857 728 1912 insidiari
770 1871 875 1912 non
915 1865 1110 1913 cessat.
1139 1856 1436 1912 Infrenatus
1464 1867 1546 1911 est
1574 1866 1731 1924 atque
1759 1857 1989 1927 illigatus
2021 1858 2074 1911 in

485 1952 735 2008 cordibus
767 1953 1069 2022 impiorum,
1101 1965 1168 2007 ne
1193 1953 1378 2007 smviat
1405 1953 1454 2004 in
1482 1947 1775 2006 Ecclesium
1800 1993 1816 2017 ,
1859 1959 1913 2006 et
1953 1959 2072 2005 tana-

486 2054 603 2097 tnm
634 2042 788 2097 iaciat
815 2052 1073 2114 quantum
1113 2043 1245 2096 vult.
1281 2041 1536 2096 Fremant
1561 2042 1749 2096 dentes
1789 2042 2073 2111 impiorum

485 2135 742 2190 adversus
785 2134 1096 2204 dignitatem
1126 2133 1382 2189 Ecclesia)
1425 2142 1480 2188 et
1526 2145 1707 2202 pacem
1739 2133 2072 2188 Christiano-

483 2244 604 2284 rum
627 2268 642 2292 ,
672 2237 724 2283 et
748 2227 871 2298 quia
903 2243 1009 2282 non
1043 2226 1239 2282 habent
1283 2225 1408 2296 quid
1453 2236 1609 2295 agant
1637 2227 1934 2292 saeviendo;
1968 2228 2073 2281 sai-

486 2320 686 2384 tando,
737 2319 1194 2389 blasphemando,
1239 2317 1591 2384 luxuriando,
1640 2331 1749 2372 non
1792 2319 2074 2388 impellunt

483 2427 710 2482 corpora
740 2411 1182 2475 Christianorum,
1207 2409 1304 2466 sed
1331 2411 1565 2465 lacerant
1592 2411 1797 2466 animas
1817 2411 2072 2465 Christia-

483 2521 697 2561 norum.
721 2503 1026 2559 Clamemus
1051 2519 1176 2575 ergo
1204 2519 1309 2558 una
1338 2518 1472 2560 voce
1501 2519 1691 2561 omnes
1719 2505 1878 2560 verba
1914 2503 2028 2561 haec
2054 2523 2070 2560 :

482 2597 647 2663 Deus,
668 2597 719 2652 in
736 2596 1047 2666 adiutorium
1063 2612 1226 2651 meum
1253 2598 1470 2652 intende.
1486 2595 1630 2667 Opus
1649 2599 1790 2653 enim
1815 2599 2072 2654 habemus

484 2691 814 2760 sempiterno
859 2691 1121 2760 adiutorio
1160 2691 1211 2745 in
1257 2691 1362 2746 isto
1390 2693 1607 2748 sarculo.
1641 2692 1864 2761 Quando
1892 2703 2070 2747 autem

483 2799 589 2838 non
613 2783 626 2836 l
659 2781 816 2837 Modo
843 2792 1018 2837 tamen
1047 2783 1063 2814 ι
1092 2783 1146 2837 in
1175 2783 1513 2838 tribulatione
1539 2785 1698 2854 positi
1733 2785 1963 2839 maxime
1984 2786 2069 2839 di-

481 2891 666 2932 camus
691 2893 702 2928 :
729 2874 885 2942 Deus,
916 2876 968 2929 in
995 2876 1308 2945 adjuton‘um
1337 2891 1501 2930 meum
1531 2877 1751 2932 intende.

552 2969 605 3022 5.
646 2965 796 3041 [πη.
827 2965 906 3039 5.]
946 2967 1338 3038 Confundantur
1387 2979 1432 3022 et
1458 2979 1778 3024 reoereantur
1803 2971 1892 3039 qui
1926 2987 2067 3040 qua:-

477 3071 596 3115 runt
620 3063 842 3114 animam
875 3077 1054 3114 meam.
1096 3060 1339 3116 Christus
1373 3062 1501 3116 dicit
1529 3080 1542 3115 :
1573 3063 1689 3117 sive
1713 3072 1871 3132 caput
1907 3064 2069 3130 dicat,

481 3153 593 3206 sive
616 3167 810 3222 corpus
837 3151 1015 3215 dicat;
1049 3153 1134 3207 ille
1165 3154 1310 3217 dicit,
1353 3153 1441 3223 qui
1482 3149 1613 3208 dixit
1645 3173 1659 3210 :
1685 3154 1820 3219 Quid
1849 3171 1926 3207 me
1955 3172 2071 3225 per-

479 3246 698 3316 sequeris
745 3245 878 3314 (Act.
934 3261 1007 3307 Ix,
1041 3246 1138 3311 4)?
1183 3247 1270 3300 ille
1315 3247 1462 3309 dicit,
1494 3248 1580 3317 qui
1630 3247 1762 3301 dixit
1793 3265 1806 3302 :
1832 3247 1956 3302 Cum
1985 3251 2072 3302 uni

480 3353 544 3390 ex
569 3338 785 3391 minimis
816 3338 937 3390 meis
959 3339 1162 3408 fecistis,
1182 3339 1306 3391 mihi
1322 3339 1731 3409 fecistis(Matt/¢.
1783 3357 1909 3407 xxv,
1953 3341 2070 3412 40).

480 3427 616 3481 Nota
642 3438 725 3482 est
748 3442 874 3499 ergo
903 3443 1003 3482 vox
1045 3429 1200 3499 hujus
1225 3429 1476 3495 hominis,
1511 3432 1672 3485 totius
1696 3431 1945 3497 hominis,
1979 3449 2074 3487 ca-

484 3519 606 3589 pitis
632 3529 684 3573 et
703 3521 944 3590 corporis
968 3538 979 3573 :
1009 3537 1113 3576 non
1141 3537 1284 3592 sepe
1303 3524 1742 3589 commendanda,
1773 3526 1894 3597 quia
1923 3535 2071 3582 nota.

480 3607 890 3680 Confundantur,
924 3613 1112 3681 inquit,
1149 3623 1196 3668 et
1223 3625 1541 3669 rever-cantur
1577 3616 1660 3686 qui
1693 3625 1924 3685 quaerunt
1954 3621 2072 3672 ani-

481 3718 618 3756 mam
657 3717 838 3757 meam.
895 3701 952 3758 lu
993 3705 1096 3758 alio
1139 3707 1346 3776 psalmo
1393 3707 1970 3765 dicit:Considerabam
2016 3713 2070 3766 in

481 3797 758 3865 dexteram,
787 3807 836 3853 et
873 3798 1119 3862 uidebam,
1147 3808 1194 3853 et
1220 3815 1320 3854 non
1351 3809 1456 3853 erat
1488 3801 1572 3871 qui
1591 3815 1906 3873 cognosceret
1957 3822 2032 3858 me
2051 3821 2070 3858 :

483 3891 628 3961 periit
655 3895 775 3962 fuga
796 3908 827 3944 a
852 3907 947 3959 me,
979 3902 1027 3946 et
1052 3909 1153 3946 non
1186 3903 1256 3947 est
1280 3894 1366 3964 qui
1394 3895 1620 3961 exquirat
1640 3897 1861 3950 animum
1907 3914 2070 3951 meam

485 3979 657 4051 (Paul.
685 3996 824 4044 cxu,
853 3983 927 4052 5).
957 3981 1029 4037 lbi
1052 3982 1117 4038 de
1140 3985 1564 4053 persecutoribus
1590 3985 1664 4040 ait
1689 3987 1808 4055 quia
1832 4002 1936 4040 non
1957 3998 2069 4042 erat

480 4072 570 4142 qui
602 4074 901 4144 exquireret
929 4075 1160 4129 animam
1188 4075 1335 4144 ejus;
1363 4074 1449 4130 hic
1473 4087 1650 4131 autem
1685 4093 1699 4132 :
1734 4075 2072 4147 Confuudan-

483 4170 586 4230 tur,
615 4172 662 4217 et
684 4175 1001 4221 reuercantur
1025 4168 1111 4234 qui
1138 4176 1370 4237 quierunt
1389 4169 1610 4221 animam
1639 4186 1820 4224 nteant.
1846 4171 2075 4228 Dolebat

482 4268 541 4310 se
571 4271 674 4310 non
704 4257 866 4327 qureri
899 4257 964 4312 ad
1005 4259 1350 4325 imitandum;
1394 4261 1638 4331 gemebat
1680 4277 1738 4318 se
1789 4265 1953 4332 qumri
2003 4266 2070 4320 ad

482 4347 913 4417 opprimendum.
944 4348 1149 4416 Quaeris
1173 4350 1407 4404 animam
1426 4351 1575 4421 justi,
1609 4367 1728 4407 cum
1758 4353 1953 4408 imitari
1981 4370 2074 4409 co-

481 4438 653 4507 gitas;
699 4440 895 4508 QIIIIBI'iS
937 4441 1166 4495 animam
1202 4441 1349 4509 justi,
1396 4457 1516 4498 cum
1563 4442 1806 4499 occidere
1847 4446 2069 4515 cogitas.

483 4527 744 4592 Quoniam
771 4530 978 4585 duobus
1005 4531 1178 4585 modis
1203 4534 1456 4600 qureritur
1476 4535 1648 4587 anima
1673 4534 1901 4590 hominis
1918 4537 2067 4604 justi,

484 4619 674 4688 singuli
719 4623 769 4674 in
798 4622 1021 4690 singulis
1046 4623 1262 4691 psalmis
1301 4625 1537 4692 expressi
1578 4634 1718 4680 sunt.
1751 4626 1857 4681 lllic
1902 4627 2068 4695 dolet,

485 4714 609 4783 quia
638 4728 740 4766 non
765 4721 845 4767 est
876 4713 965 4782 qui
995 4715 1228 4782 requirat
1256 4716 1484 4768 animam
1517 4716 1633 4784 ejus
1671 4717 1734 4771 ad
1759 4718 2072 4775 imitandum

485 4806 762 4875 passiones
785 4805 900 4874 ejus
924 4823 937 4866 ;
971 4806 1052 4860 hic
1077 4816 1252 4862 autem
1287 4823 1299 4861 :
1329 4806 1717 4879 Confundantur
1746 4820 1790 4863 et
1817 4828 2076 4866 reueremi-

485 4908 565 4950 tur
593 4898 678 4967 qui
704 4907 934 4969 quierunt
953 4899 1171 4952 animum
1203 4911 1381 4953 meum.
1410 4900 1660 4968 Quaerunt
1682 4902 1910 4957 animam
1933 4905 2069 4972 ejus,

485 5003 591 5042 non
624 4997 681 5041 ut
715 4987 846 5042 duas
894 4989 1140 5043 habeant.
1171 4990 1284 5045 Non
1313 4993 1454 5046 enim
1496 4991 1572 5046 sic
1599 4993 1905 5064 quaerebant
1957 4995 2073 5048 ani-

487 5094 628 5134 mam
676 5079 810 5150 ejus,
857 5081 1124 5152 quomodo
1150 5083 1341 5154 quaerit
1385 5084 1522 5138 latro
1557 5087 1784 5142 tunicam
1811 5089 2026 5142 viatoris
2056 5107 2069 5143 :

487 5188 553 5228 aa
600 5173 701 5228 hoc
727 5175 943 5238 occidit,
973 5183 1030 5230 ut
1075 5177 1362 5246 eXspoliet,
1409 5185 1466 5231 ut
1506 5173 1717 5234 habeat.
1751 5179 1849 5246 Qui
1895 5187 2070 5235 autem

487 5268 824 5337 persequitur
866 5276 925 5323 ut
979 5268 1204 5335 occidat,
1261 5267 1494 5325 excludit
1547 5272 1797 5339 animam,
1855 5289 1959 5328 non
2013 5289 2073 5329 sc

487 5360 664 5415 veStit.
703 5361 958 5428 Qtnerunt
993 5361 1066 5416 illi
1095 5363 1322 5417 animam
1356 5375 1558 5429 meam;
1590 5365 1831 5420 cecidere
1861 5381 1946 5421 me
1977 5383 2072 5421 vo-

488 5450 620 5506 lunt.
649 5452 786 5521 Quid
814 5465 944 5523 ergo
972 5461 1026 5507 tu
1047 5453 1152 5510 iliis
1181 5453 1378 5524 optas?
1399 5454 1806 5528 Confundantur,
1857 5468 1903 5512 et
1932 5475 2072 5512 reve-

487 5555 711 5598 reantur.
751 5546 815 5599 Et
842 5545 928 5598 ubi
971 5555 1052 5600 est
1078 5547 1219 5616 quod
1247 5546 1437 5601 audisti
1469 5563 1496 5600 a
1523 5547 1744 5603 Domino
1773 5559 1862 5604 tuo
1889 5567 1900 5602 :
1934 5547 2073 5602 Dili-

491 5637 590 5705 gitc
623 5638 852 5691 inimicos
895 5646 1099 5701 vestros,
1128 5636 1398 5706 benefacite
1425 5640 1502 5693 Itis
1530 5641 1614 5711 qui
1651 5641 1860 5695 oderunt
1888 5657 1992 5707 vos,
2026 5652 2075 5696 et

488 5737 630 5782 orate
653 5745 744 5799 pro
765 5730 843 5784 his
862 5730 947 5800 qui
970 5737 1326 5801 persequuntur
1349 5743 1434 5786 ws
1455 5725 1668 5801 (Matth.
1699 5739 1752 5798 v,
1781 5732 1869 5802 4-1)
1889 5731 1914 5784 ?
1936 5731 2074 5788 Ecce

553 5864 571 5897 ⁸
606 5864 794 5930 Aliquot
813 5873 942 5918 Mssa
969 5864 1164 5929 quando
1181 5869 1338 5921 aram:
1359 5851 1451 5924 non
1470 5867 1612 5923 nudo
1639 5882 1656 5923 .'
1677 5845 1853 5931 tamen,
1881 5879 1974 5921 etc.

1731 370 1790 421 δ.
1832 357 2196 420 aususnon
2231 359 2534 416 EPISGDPI
2895 310 2905 317 ’
3657 372 3735 430 ωε

2196 477 2616 544 persecutionem
2661 479 2880 546 pateris,
2915 487 2970 535 et
2995 477 3261 537 maledicis
3294 482 3371 537 eis
3409 495 3436 533 ει
3479 483 3739 554 (ιυὶὺιιςιιςι.

2193 569 2357 623 teris:
2386 568 2654 638 quomodo
2707 570 2932 625 imitaris
2972 575 3241 641 passiones
3291 575 3644 640 prmeedentes
3670 578 3744 631 bo.

2189 661 2320 714 mini
2375 662 2471 722 tui,
2528 661 2811 729 pendentis
2852 664 2904 717 in
2949 671 3128 728 cruce,
3182 675 3235 718 et
3277 664 3510 718 dicentis
3551 683 3566 717 :
3608 666 3743 730 Pater,

2189 753 2532 822 ignosceillis,
2560 755 2682 824 quia
2707 756 2933 810 nesciunt
2955 757 3078 828 quid
3100 758 3294 823 faciunt
3321 757 3476 829 (Luc.
3497 762 3747 829 muniit)?

2189 845 2499 914 Respondet
2544 849 2666 903 talia
2696 846 3000 903 dicentibus
3043 861 3265 919 martyr,
3313 860 3371 904 et
3401 849 3570 903 dicit:
3610 853 3748 904 Domi-

2192 955 2318 993 num
2348 940 2477 994 mihi
2509 943 2830 1010 proposuisti
2871 942 3158 1008 dicentem,
3193 942 3377 1007 Pater,
3427 942 3619 1012 ignosce
3656 945 3750 1012 illis,

2189 1033 2308 1094 quia
2332 1033 2559 1085 nesciunt
2601 1033 2726 1103 quid
2751 1034 2980 1104 faciunt;
3021 1048 3249 1103 agnosce
3277 1044 3338 1089 et
3368 1047 3556 1088 vocem
3594 1039 3750 1102 meam,

2187 1133 2248 1178 ut
2275 1125 2344 1178 sit
2367 1134 2420 1179 et
2452 1135 2559 1179 tua.
2603 1125 2738 1192 Quid
2767 1127 2908 1180 enim
2951 1125 3060 1181 dixi
3084 1127 3152 1182 de
3179 1127 3418 1181 inimicis
3441 1126 3611 1181 meis?
3647 1128 3752 1183 Coa-

2188 1215 2491 1288 fundantur,
2518 1226 2564 1270 et
2591 1226 2928 1271 revereantnr.
2963 1216 3079 1272 iam
3110 1217 3242 1272 facta
3285 1227 3378 1273 est
3408 1218 3532 1271 talis
3555 1219 3750 1273 vindicta

2187 1307 2254 1362 de
2284 1309 2513 1363 inimicis
2539 1317 2851 1378 martyrum.
2873 1308 3065 1364 Saulus
3092 1309 3182 1362 ille
3203 1309 3294 1379 qui
3325 1307 3653 1377 Stephanum
3667 1325 3754 1378 per-

2185 1409 2404 1455 secutus
2428 1410 2530 1462 est,
2561 1401 2815 1455 contusus
2843 1409 2923 1456 est
2958 1409 3014 1455 et
3040 1401 3326 1455 reveritus.
3365 1399 3658 1456 Anhelahat
3677 1417 3754 1454 ra-

2185 1495 2302 1559 des,
2361 1493 2638 1563 qumrebat
2665 1509 2800 1564 quos
2845 1491 3141 1548 attraheret
3189 1500 3246 1547 et
3287 1499 3520 1546 necaret
3559 1508 3574 1544 :
3617 1491 3753 1546 audita

2185 1584 2417 1654 desuper
2444 1599 2595 1651 voce,
2621 1584 2798 1649 Saule,
2838 1583 3014 1648 Saute,
3043 1583 3165 1654 quid
3187 1600 3266 1638 me
3292 1583 3758 1654 peraequeriticua-

2186 1675 2334 1730 fusus
2363 1683 2419 1729 et
2440 1684 2741 1745 prostratus
2761 1685 2862 1739 est,
2887 1684 2942 1729 et
2974 1684 3186 1729 erectus
3214 1673 3282 1729 ad
3315 1673 3670 1729 obediendum
3688 1675 3752 1742 qui

2186 1766 2547 1820 inﬂammatus
2583 1774 2699 1820 erat
2737 1766 2802 1819 ad
2844 1765 3272 1836 persequendum
3322 1765 3470 1834 (Act.
3501 1780 3591 1828 vn,
3621 1764 3754 1828 57,et

2184 1871 2260 1924 ix,
2293 1863 2343 1924 1,
2374 1858 2426 1921 4,
2447 1858 2524 1927 6).
2555 1858 2664 1912 Hoc
2703 1873 2830 1928 ergo
2855 1867 3044 1928 optant
3070 1868 3340 1930 mrtyres
3367 1856 3600 1911 inimicis
3637 1856 3756 1910 suis:

2183 1947 2594 2019 Confundantur,
2624 1959 2670 2003 et
2705 1958 3041 2004 "vereantur.
3068 1949 3338 2018 Quamdiu”
3367 1951 3517 2005 enim
3542 1964 3640 2005 non
3661 1964 3760 2004 con-

2183 2038 2479 2094 funduntur
2504 2048 2559 2094 et
2586 2053 2916 2109 reverentur,
2955 2056 3178 2098 necesse
3204 2052 3288 2097 est
3325 2043 3474 2097 facta
3500 2055 3592 2096 sua
3615 2041 3761 2097 delen-

2182 2132 2586 2203 dant;gioriosi
2613 2131 2714 2189 sibi
2743 2134 3011 2201 videntur,
3049 2135 3172 2204 quia
3204 2143 3418 2202 tenent,
3454 2134 3575 2204 quia
3610 2134 3754 2203 ligant,

2182 2225 2306 2295 quia
2333 2225 2640 2292 verberant,
2679 2227 2800 2295 quia
2831 2226 3100 2290 occidunt,
3132 2227 3253 2296 quia
3284 2227 3518 2290 saltant,
3565 2227 3674 2295 quia
3699 2225 3754 2279 in.

2183 2317 2386 2372 sultant
2412 2335 2427 2370 :
2453 2317 2521 2372 de
2548 2317 2629 2371 liis
2666 2318 2915 2372 oninibos
2946 2317 3100 2372 factis
3121 2317 3423 2388 aliquando
3468 2317 3757 2372 confundan-

2182 2419 2307 2475 tur,
2371 2419 2425 2464 et
2479 2420 2843 2464 revereantur.
2901 2409 2958 2464 Si
3021 2410 3162 2464 enim
3231 2408 3664 2472 confundantur,
3719 2417 3758 2462 et

2182 2507 2596 2569 convertentur;
2620 2503 2741 2572 quia
2769 2502 3006 2557 converti
3030 2518 3133 2556 non
3161 2511 3416 2572 possunt,
3451 2502 3554 2557 nisi
3587 2499 3759 2556 confusi

2182 2592 2401 2659 fuerint,
2451 2602 2506 2649 et
2546 2593 2780 2650 rever-ili.
2811 2593 3070 2663 Optamus
3100 2607 3229 2664 ergo
3258 2594 3386 2648 haec
3437 2593 3660 2648 inimicis
3681 2606 3757 2646 no-

2182 2685 2342 2750 stris;
2395 2687 2570 2741 securi
2597 2695 2863 2755 optemus.
2913 2686 3052 2741 Ecde
3107 2699 3209 2757 ego
3253 2685 3395 2752 dixi,
3432 2694 3490 2740 et
3525 2685 3756 2740 vobiscum

2180 2775 2410 2830 dixerim
2443 2790 2668 2832 :omnes
2695 2778 2786 2847 qui
2813 2776 2989 2833 adhuc
3010 2776 3210 2831 saltant
3251 2787 3306 2833 et
3341 2786 3572 2832 cantant
3602 2788 3651 2831 ot
3696 2777 3756 2829 in-

2182 2867 2383 2922 sultant
2441 2867 2794 2938 Martyribus,
2850 2867 3273 2940 confundantur,
3330 2879 3384 2922 ot
3440 2877 3754 2930 reuertantur;

2181 2956 2469 3030 aliquando
2498 2958 2552 3013 iu
2597 2959 2678 3014 his
2719 2958 3012 3028 parietibus
3059 2959 3284 3014 tundent
3315 2958 3538 3014 confusi
3577 2969 3754 3029 pectora

2182 3063 2298 3106 sua.

2252 3143 2308 3198 4.
2348 3141 2502 3215 [βενε.
2533 3141 2612 3214 4.]
2643 3144 2943 3197 Auertantur
2969 3154 3262 3210 retrorsum,
3297 3153 3351 3197 et
3379 3143 3663 3198 erubescant
3686 3141 3752 3212 qui

2182 3236 2402 3306 cogitant
2419 3235 2545 3287 mild
2569 3235 2727 3288 mata.
2758 3235 2938 3288 Primo
2951 3233 3049 3289 iuit
3069 3235 3296 3304 impetus
3315 3236 3747 3305 persequentium;

2181 3327 2344 3382 modo
2367 3326 2625 3382 remansit
2642 3326 3014 3382 maleVolentia
3030 3326 3400 3396 cogitantium.
3421 3325 3637 3380 Prorsus
3649 3333 3752 3377 tutn-

2185 3435 2313 3490 pora
2339 3429 2464 3475 sunt
2490 3419 2542 3473 in
2572 3419 2810 3474 Ecclesia
2835 3419 3225 3489 persecutionis
3261 3419 3522 3473 distincta
3564 3429 3749 3485 seinten-

2183 3511 2258 3566 tia
2285 3511 2324 3565 ί.
2359 3511 2554 3566 Factus
2579 3521 2660 3566 est
2690 3512 2920 3581 impetus
2950 3511 3001 3564 in
3033 3510 3362 3576 Ecclesium,
3398 3507 3606 3580 quando
3627 3521 3749 3577 reges

2181 3605 2642 3674 persequebantur
2676 3621 2689 3657 ε
2718 3611 2772 3658 et
2801 3605 2921 3673 quia
2951 3602 3190 3673 praedicti
3223 3610 3388 3656 erant
3415 3615 3566 3672 reget
3590 3608 3748 3668 etper-

2181 3696 2417 3750 secuturi
2467 3701 2522 3750 et
2569 3694 2847 3761 credituri,
2893 3695 3112 3764 impleto
3142 3709 3270 3758 uno,
3323 3695 3518 3765 utique
3557 3693 3745 3747 alterum

2182 3790 2526 3860 sequebatur.
2559 3789 2779 3844 Factum
2808 3797 2891 3844 est
2918 3799 2972 3844 et
2992 3789 3118 3843 illud
3137 3788 3277 3859 quod
3301 3801 3631 3858 consequens
3645 3784 3743 3849 fuit;

2181 3886 2525 3942 crediderunt
2550 3902 2722 3956 reges,
2746 3887 2865 3940 data
2889 3902 2987 3956 pax
3009 3895 3090 3942 est
3111 3887 3390 3952 Ecclesiae,
3413 3887 3570 3956 ccepit
3585 3899 3684 3939 esse
3704 3882 3742 3934 in

2183 3979 2414 4035 culmine
2444 3979 2716 4050 dignitatis
2749 3979 3007 4046 Ecclesia,
3032 3981 3190 4034 etiam
3230 3981 3280 4034 in
3306 3980 3414 4035 hac
3442 3989 3595 4042 terra,
3616 3975 3739 4031 etiam

2183 4072 2240 4128 in
2271 4073 2371 4128 hac
2396 4074 2501 4126 vita
2537 4090 2548 4125 :
2582 4073 2678 4127 sed
2715 4087 2819 4127 non
2859 4073 3006 4127 deest
3055 4073 3298 4127 fremitus
3345 4080 3736 4141 persecuturum;

2183 4165 2413 4236 impetus
2447 4181 2573 4220 suos
2613 4166 2676 4219 ad
2704 4167 3050 4236 cogitationes
3079 4175 3377 4221 verterunt.
3411 4165 3468 4220 lu
3499 4165 3596 4219 illis
3618 4161 3733 4232 cogi-

2185 4259 2474 4314 tationibus
2500 4267 2750 4329 tanquam
2793 4260 2843 4313 in
2876 4260 3069 4330 abysso
3089 4260 3282 4330 ligatus
3315 4273 3403 4315 est
3444 4263 3464 4293 '
3506 4243 3736 4318 diabolus;

2183 4351 2386 4416 fremit,
2415 4361 2468 4407 et
2492 4368 2594 4406 non
2625 4353 2875 4422 erumpit.
2911 4353 3116 4408 Dictum
3151 4364 3233 4408 est
3262 4355 3412 4410 enim
3441 4355 3506 4410 de
3536 4354 3609 4408 bis
3629 4363 3733 4405 tcta-

2183 4445 2406 4515 poribus
2449 4444 2742 4499 Ecclesim:
2780 4444 3020 4499 Peccator
3050 4446 3252 4513 videbit,
3303 4455 3350 4500 et
3402 4449 3647 4501 irascetur.
3687 4442 3736 4496 Et

2183 4537 2312 4606 quid
2363 4536 2554 4590 faciet?
2609 4537 2871 4607 Numquid
2917 4537 3058 4607 quod
3108 4539 3320 4608 primo?
3361 4540 3594 4603 Attrahe,
3633 4537 3731 4605 liga,

2185 4636 2426 4697 percute.
2460 4628 2576 4682 Non
2604 4629 2728 4683 facit
2753 4630 2874 4683 hoc.
2899 4629 3035 4696 Quid
3065 4630 3228 4699 ergo?
3249 4630 3498 4686 Dentibus
3514 4632 3606 4686 suis
3623 4633 3730 4699 {rea-

2187 4717 2291 4784 dct,
2311 4726 2358 4771 et
2385 4718 2596 4773 tabescet
2621 4718 2791 4792 (Psal.
2825 4727 2933 4785 ctu,
2965 4719 3074 4790 lli).
3109 4719 3177 4773 Et
3200 4721 3282 4774 his
3313 4730 3555 4792 tanquam
3583 4718 3728 4774 iiascic

2189 4819 2275 4865 tur
2298 4822 2532 4882 martyr;
2565 4821 2617 4865 et
2647 4822 2832 4867 tamen
2863 4827 2959 4881 pro
2985 4811 3068 4866 his
3097 4822 3218 4866 orat
3245 4826 3469 4886 martyr.
3501 4809 3728 4881 Quomodo

2185 4904 2331 4956 enim
2360 4903 2494 4956 bene
2532 4905 2732 4972 optavit
2779 4903 2883 4956 illis
2919 4903 2986 4958 de
3023 4904 3215 4974 quibus
3254 4905 3414 4973 dixit,
3444 4902 3722 4973 Confundan-

2183 5001 2302 5059 tur,
2357 5004 2404 5047 et
2463 5006 2782 5047 reuere-antur
2844 4996 2929 5064 qui
2996 5006 3227 5065 quierunt
3292 4999 3508 5050 animum
3569 5005 3722 5047 meum:

2184 5085 2267 5139 sic
2317 5094 2372 5140 et
2433 5100 2598 5152 nunc,
2658 5086 2961 5140 Auct-lantur
3005 5097 3315 5154 retrorsum,
3393 5099 3438 5142 et
3484 5087 3722 5141 erubtsrant

2185 5178 2276 5248 qui
2313 5179 2531 5248 cogitant
2572 5178 2694 5230 mihi
2733 5180 2886 5234 mula.
2919 5178 3130 5245 Quare?
3185 5179 3254 5234 Ut
3301 5197 3404 5235 non
3451 5176 3716 5250 praicedant,

2188 5270 2287 5324 sed
2312 5281 2617 5340 sequantur.
2650 5271 2752 5338 Qui
2780 5272 2921 5326 enim
2954 5271 3297 5340 reprehendit
3321 5273 3633 5330 Christianam
3657 5281 3719 5320 re-

2189 5361 2463 5432 ligionem,
2492 5371 2545 5417 et
2569 5363 2794 5417 consilio
2823 5376 2922 5417 suo
2951 5361 3065 5416 vnit
3099 5364 3295 5431 vivere,
3325 5365 3468 5435 quasi
3494 5357 3714 5434 prece-lo-

2234 5563 2381 5634 stic
2402 5561 2616 5634 melioris
2635 5569 2764 5612 notas
2786 5570 2893 5634 uss.
2912 5570 2966 5613 At
2979 5562 3117 5626 Eddq
3137 5562 3190 5614 in
3213 5564 3435 5617 Ecclesia
3452 5557 3713 5629 panem

2186 5625 2428 5676 distincta.
2455 5633 2658 5688 Sequere
2681 5625 2941 5688 sequentia.

2251 5689 2274 5718 ι
2305 5693 2436 5754 l.ov._,
2463 5681 2588 5754 υἱέςο
2611 5681 2783 5754 ligatus
2807 5693 2890 5736 est.
2917 5688 3080 5754 Abest,
3104 5681 3248 5750 dsco,
3272 5689 3335 5739 ab
3358 5696 3430 5754 er,
3454 5693 3499 5754 et
3517 5683 3708 5754 plerisque

2188 5757 2316 5814 mss,
2341 5738 2868 5814 sed'quidarifhabent,
2909 5738 3323 5814 colligatuses'tw:
3360 5738 3569 5803 ttlludititr
3587 5738 3708 5814 llic-3'1

2187 5803 2679 5882 illi.id"Apoc-.illyps‘eos
2699 5809 2776 5870 20,
2801 5809 2832 5859 2
2845 5803 2869 5882 ﬁ
2897 5812 2953 5862 Et
2975 5803 3140 5879 lirium
3397 5819 3530 5867 W03
3541 5803 3659 5863 nullo
3676 5805 3708 5848 ει

2193 5872 2323 5921 misit
2345 5885 2454 5922 eum
2476 5872 2786 5936 iu’abysattm,
2812 5877 2904 5924 etc.

3603 5916 3898 6386 Δ
