3966 6444
200 513 267 554 re
303 498 414 552 vult
438 485 744 562 Christum;
779 497 835 551 ut
861 487 951 551 ille
974 493 1223 551 videlicet
1261 494 1538 560 erraverit,
1571 501 1625 550 et
1659 491 1808 550 inva-

201 587 353 646 lidus
397 590 744 660 inﬁrmusque
789 583 968 655 fuerit,
1014 589 1103 660 qui
1129 581 1219 642 vel
1245 585 1476 642 voluerit
1521 587 1628 658 pati
1666 587 1808 645 inter

201 691 403 736 manus
448 675 779 744 Jlldll‘Ol‘um,
809 680 890 734 vel
919 679 1152 750 potuerit
1178 697 1191 734 :
1232 678 1324 736 ille
1352 687 1528 735 autem
1554 677 1807 736 cordatus

200 773 278 829 sit
336 779 533 829 cavetis
573 769 667 828 ista
696 773 894 840 Otllltia,
941 771 1216 829 declinans
1247 783 1495 842 mortem,
1539 775 1807 833 mentiens

202 867 372 921 etiam
404 865 582 935 inique
613 877 680 920 ne
719 865 996 930 moriatur,
1021 865 1345 921 interﬁciens
1379 867 1614 922 animam
1653 875 1807 925 suam

202 959 264 1011 ut
295 957 438 1012 vivat
463 963 709 1026 Corpore,
738 958 917 1027 magni
943 958 1152 1013 consilii
1180 953 1564 1032 prudentisque
1589 959 1691 1016 sibi
1721 962 1805 1017 vi-

201 1047 383 1104 detur.
421 1047 680 1103 Praecedit
707 1045 1107 1119 reprehendens
1126 1045 1396 1106 Christum
1424 1068 1438 1116 ;
1463 1053 1621 1109 veluti
1649 1063 1804 1110 ante-

199 1140 353 1195 cedit
397 1138 668 1197 CitriStum
703 1157 716 1195 :
746 1140 932 1196 credat
983 1141 1036 1196 in
1087 1137 1396 1210 Christum,
1444 1151 1498 1198 et
1551 1151 1806 1216 sequatur

198 1230 498 1287 Christum.
523 1229 656 1287 Nam
678 1231 817 1303 quod
835 1239 1071 1302 optatum
1094 1241 1174 1287 est
1193 1232 1352 1288 modo
1375 1236 1805 1305 persecutoribus

198 1324 562 1395 Cogitantibus
609 1324 770 1391 mala,
822 1317 956 1380 dixit
1001 1325 1104 1379 hoc
1153 1325 1268 1395 ipse
1327 1321 1582 1382 Dominus
1622 1323 1800 1385 Petro.

200 1412 524 1472 Prmccdere
550 1414 746 1486 quippe
783 1414 1012 1488 Quodam
1050 1413 1175 1471 loco
1202 1405 1392 1472 Petrus
1422 1417 1589 1473 voluit
1619 1417 1802 1474 Domi-

201 1519 360 1566 num.
413 1509 753 1580 Loquebatur
800 1507 943 1565 enim
997 1503 1243 1567 Salvator
1289 1497 1360 1566 de
1414 1513 1659 1582 passione
1681 1527 1797 1582 sua,

201 1611 367 1676 quam
397 1603 442 1660 si
469 1617 575 1659 non
606 1601 954 1674 suscepisset,
989 1611 1088 1659 nos
1125 1601 1256 1659 salvi
1288 1609 1392 1660 non
1427 1615 1705 1671 essemus;
1748 1617 1804 1663 et

201 1693 399 1751 Petrus
455 1694 545 1764 qui
593 1693 758 1766 paulo
798 1703 920 1751 ante
963 1683 1086 1752 eum
1132 1685 1410 1753 Confessus
1451 1707 1567 1754 erat
1607 1687 1799 1756 Filium

200 1787 323 1853 Dei,
353 1796 406 1844 et
436 1789 486 1844 in
505 1787 593 1843 illa
621 1787 962 1845 confessione
992 1789 1288 1862 appellatus
1303 1791 1418 1845 erat
1440 1781 1798 1863 Petra,supra

200 1893 362 1952 quam
383 1877 1007 1948 iabt'icarettn'Ecclcsia,
1030 1879 1186 1951 paulo
1203 1887 1322 1950 post
1344 1881 1568 1939 Domino
1589 1883 1798 1940 dicente

200 1967 465 2031 defutura
493 1973 741 2046 passione
769 1991 889 2042 sua,
914 1975 990 2030 ait
1019 1993 1032 2029 :
1055 1973 1216 2041 Absit,
1243 1974 1500 2044 Domine;
1549 1977 1797 2050 propitius

201 2069 307 2122 esto
333 2066 442 2133 tibi,
476 2081 578 2120 non
603 2066 688 2135 [iet
713 2065 868 2121 istud.
901 2066 1066 2122 Paulo
1113 2077 1257 2136 ante,
1288 2065 1478 2124 Beatus
1504 2089 1574 2135 es,
1614 2071 1795 2128 Simon

199 2153 308 2213 Bar
350 2156 510 2226 Iona,
540 2159 660 2230 quia
705 2173 805 2212 non
845 2157 934 2213 tibi
970 2157 1205 2215 reuelauit
1231 2177 1349 2215 caro
1375 2167 1424 2215 et
1448 2163 1673 2234 sanguis,
1705 2163 1795 2218 sed

200 2249 361 2306 l’ater
388 2263 526 2306 meus
554 2250 640 2322 qui
663 2250 716 2304 in
742 2250 880 2305 caelis
900 2253 971 2305 est
996 2265 1014 2306 :
1035 2252 1197 2308 modo
1228 2259 1450 2322 repente
1472 2297 1486 2322 ,
1520 2254 1650 2309 Redi
1682 2263 1794 2325 post

201 2355 300 2411 me,
335 2345 532 2397 satana.
588 2341 724 2410 Quid
781 2349 882 2411 est,
933 2333 1064 2397 Redi
1108 2349 1219 2415 past
1261 2347 1384 2400 me?
1425 2346 1658 2417 Sequere
1685 2364 1790 2404 me.

201 2435 517 2493 Prmcederc
586 2451 674 2491 me
744 2434 858 2503 vis,
926 2435 1208 2492 consilium
1280 2437 1413 2493 mihi
1484 2439 1614 2495 dare
1679 2440 1790 2507 vis;

199 2528 392 2586 melius
431 2535 513 2586 est
555 2536 616 2584 ut
656 2522 940 2586 consilium
990 2539 1170 2585 meum
1216 2531 1500 2602 sequaris:
1552 2520 1656 2588 hoc
1680 2543 1784 2601 est,

199 2619 335 2678 Redi
371 2628 547 2688 retro,
605 2620 724 2678 redi
780 2631 903 2693 p05t
955 2637 1060 2679 me.
1109 2617 1532 2680 Antecedentem
1577 2640 1795 2698 compe-

199 2713 336 2781 scit,
388 2717 446 2769 ut
492 2719 638 2768 retro
695 2713 912 2779 redeat;
966 2715 1022 2768 et
1063 2711 1299 2785 appellat
1340 2723 1618 2784 satanam,
1670 2718 1793 2789 quia

199 2805 317 2860 vult
373 2802 681 2877 prazcedcre
739 2803 1046 2860 Dominum.
1105 2801 1271 2861 Paulo
1336 2813 1498 2873 ante,
1558 2799 1746 2864 Beatus
1774 2826 1793 2863 :

198 2899 391 2968 modo,
444 2898 691 2958 Satanas.
725 2893 879 2956 Unde
931 2899 1090 2969 paulo
1133 2909 1302 2966 ante,
1354 2899 1595 2957 Beatus?
1660 2903 1794 2972 Quia

197 3003 302 3051 non
356 2992 464 3062 tibi,
522 2993 710 3067 inquit,
738 2992 974 3047 reuelauit
1020 3008 1140 3047 caro
1182 3001 1228 3046 et
1269 2994 1499 3064 sanguis,
1552 2995 1642 3048 sed
1687 2993 1794 3050 Pa-

206 3094 284 3144 ter
303 3103 440 3142 meus
459 3087 545 3158 qui
565 3087 617 3141 in
662 3085 800 3141 caelis
834 3089 926 3140 est.
953 3083 1108 3142 Unde
1154 3083 1335 3154 modo,
1369 3084 1633 3142 Satanas?
1662 3088 1794 3155 Quia

195 3195 300 3234 non
325 3177 483 3250 sapis,
509 3177 699 3250 inquit,
725 3193 840 3250 qua:
864 3173 963 3233 Dei
987 3186 1125 3245 sunt,
1156 3179 1246 3234 sed
1264 3195 1377 3249 qua:
1400 3189 1517 3235 sunt
1535 3180 1794 3238 hominum

195 3269 407 3346 (Matth.
440 3277 549 3341 x'vt,
583 3271 786 3345 16ο23).
810 3270 913 3342 Qui
938 3287 1065 3343 ergo
1091 3271 1335 3329 volumus
1355 3283 1500 3330 recte
1519 3275 1795 3334 celebrare

195 3365 436 3423 natalitia
458 3372 774 3438 martyrum,
798 3363 1171 3424 desideremus
1206 3367 1558 3425 imitationem
1595 3379 1794 3444 marty.

194 3476 312 3518 rum
336 3476 352 3526 ;
372 3475 438 3516 ne
465 3459 690 3517 velimus
713 3455 1018 3532 praecedere
1037 3469 1321 3534 martyres,
1338 3470 1391 3518 et
1408 3463 1646 3520 melioris
1664 3479 1792 3521 con-

193 3553 297 3610 silii
317 3552 472 3609 nobis
514 3552 682 3610 videri
719 3569 873 3622 esse,
905 3551 1028 3625 quia
1059 3553 1319 3610 evitamus
1362 3559 1638 3625 passiones
1694 3574 1794 3628 pro

191 3643 395 3718 iustitia
437 3651 493 3702 et
519 3661 616 3717 pro
649 3642 772 3710 iide.
816 3659 948 3718 quas
992 3644 1065 3702 illi
1121 3661 1226 3701 non
1269 3647 1621 3705 evitaverant.
1650 3647 1794 3720 Ergo

193 3738 272 3795 illi
316 3735 407 3810 qui
447 3738 684 3810 cogitant
735 3737 895 3804 mala,
947 3746 1001 3794 et
1031 3739 1085 3793 in
1126 3737 1335 3794 luxuria
1366 3740 1606 3796 nutriunt
1630 3741 1793 3798 corda

192 3843 312 3897 sua,
360 3837 649 3884 avertantur
693 3838 985 3895 retrorsum,
1028 3835 1075 3884 et
1104 3825 1414 3885 erubescant.
1449 3831 1682 3888 Audiant
1725 3833 1794 3889 ab

193 3921 458 3994 Apostolo
478 3930 662 3993 postea
687 3921 900 3978 dicente
920 3940 932 3976 :
957 3921 1114 3988 Quem
1131 3933 1296 3977 autent
1315 3922 1532 3990 fructum
1551 3924 1794 3980 habuistis

191 4013 467 4088 aliquando
492 4017 547 4070 in
569 4013 748 4086 quibus
777 4031 910 4070 nunc
933 4014 1220 4070 erubescitis
1245 4011 1419 4082 (Rom.
1449 4031 1523 4082 vt,
1551 4015 1687 4088 ωτι

265 4110 320 4166 5.
353 4109 489 4177 Quid
512 4109 794 4181 sequitur?
817 4107 1122 4162 Auertantur
1144 4101 1316 4161 statim
1342 4105 1681 4164 erubescentes
1708 4110 1793 4180 qui
1831 4154 1836 4158 .

190 4201 370 4258 dicunt
388 4201 510 4256 mihi
543 4217 561 4255 :
589 4198 754 4273 Euge,
785 4216 926 4272 euge.
962 4199 1076 4254 Duo
1110 4209 1450 4271 suntgenera
1485 4209 1791 4270 persecuto-

189 4311 343 4360 rum;
375 4292 807 4364 vituperantium,
848 4300 903 4348 et
930 4289 1426 4348 aduiautium.Plus
1461 4291 1794 4364 persequitur

188 4384 370 4458 lingua
411 4384 724 4453 aduiatoris,
766 4399 923 4456 quam
953 4398 1144 4439 manus
1173 4382 1563 4450 interfeCtoris;
1593 4398 1715 4440 nam
1739 4394 1794 4440 et

186 4480 365 4553 ipsam
385 4480 653 4536 caminum
683 4477 816 4533 dixit
841 4465 1138 4548 Scriptura.
1168 4475 1328 4533 Certe
1353 4492 1476 4532 cum
1516 4477 1585 4533 de
1606 4493 1791 4549 perse-

189 4573 409 4630 cutione
435 4571 740 4642 loqueretur
771 4565 1080 4639 Scriptura,
1113 4568 1245 4623 dixit
1278 4586 1290 4623 :
1325 4565 1586 4640 Tanquam
1613 4586 1793 4624 aurum

185 4666 245 4722 in
275 4667 487 4737 fornace
525 4660 750 4732 probavit
775 4659 912 4727 illos,
947 4660 1014 4715 de
1044 4661 1367 4733 martyribus
1401 4661 1715 4732 interiectis,
1745 4675 1792 4719 et

184 4759 323 4817 sicut
366 4755 648 4813 holocausti
698 4754 916 4810 hostiam
944 4753 961 4786 ¹
1001 4753 1192 4824 accepit
1243 4755 1357 4809 illos
1393 4755 1545 4829 (Sap.
1583 4775 1660 4824 ill,
1701 4743 1789 4830 '6).

187 4851 334 4910 Audi
375 4851 497 4923 quia
523 4859 578 4907 et
621 4850 798 4922 lingua
846 4847 1179 4902 adulantium
1213 4848 1331 4904 talis
1364 4858 1444 4904 est
1479 4867 1491 4904 :
1525 4847 1786 4920 Probatio,

187 4943 393 5016 inquit,
425 4946 616 5016 argenti
642 4951 690 4998 et
707 4942 820 4998 auri
831 4941 979 5014 ignis
1003 4958 1021 5006 ;
1050 4941 1126 4996 uir
1148 4951 1320 4996 autem
1342 4941 1584 5014 probatur
1619 4959 1707 5012 per
1735 4961 1792 4999 os

187 5035 518 5092 laudantium
543 5051 655 5090 eum
687 5033 868 5108 (Prov.
906 5048 1073 5099 xxvn,
1097 5032 1212 5106 21).
1243 5032 1382 5104 ignis
1421 5033 1531 5103 iUe,
1575 5034 1710 5106 ignis
1739 5045 1793 5092 et

186 5127 334 5193 iste;
384 5127 453 5182 de
482 5135 704 5198 utroque
736 5134 787 5182 te
829 5125 1039 5181 salvum
1078 5133 1292 5197 oportet
1314 5126 1481 5181 exire.
1514 5123 1694 5198 Fregit
1739 5136 1793 5186 tc

192 5219 580 5290 reprehensor,
633 5218 834 5276 fractus
886 5221 985 5276 es”I
1033 5218 1087 5274 in
1140 5217 1358 5275 fornace
1395 5228 1646 5291 tanquam
1697 5236 1792 5278 vas

193 5315 384 5372 ﬁetiie.
407 5314 681 5370 Formavit
702 5322 753 5371 te
773 5315 1015 5382 verbum,
1049 5313 1276 5370 etvenit
1312 5316 1534 5370 tentatio
1573 5315 1790 5371 tribula-

193 5409 360 5464 tionis
382 5426 395 5462 :
417 5407 548 5465 illud
574 5407 715 5480 quod
745 5406 1027 5465 formatum
1051 5417 1154 5470 est.
1183 5416 1394 5478 oportet
1418 5415 1474 5463 ut
1498 5419 1785 5480 coquatur;

192 5501 245 5560 si
264 5503 403 5561 bene
422 5501 706 5559 formatum
721 5508 826 5569 est,
849 5499 1054 5558 accedit
1072 5499 1210 5572 ignis
1231 5509 1286 5556 ut
1311 5500 1504 5556 ﬁrmet.
1527 5499 1680 5558 Unde
1701 5500 1791 5559 ille

261 5658 281 5722 ξ
315 5657 479 5708 Probat
502 5664 629 5722 notae
650 5659 780 5718 Mss,
819 5643 1146 5722 holocaustum
1181 5651 1384 5722 hostium
1412 5663 1431 5708 :
1455 5656 1541 5722 Alii
1567 5655 1788 5722 quidam,
1831 5658 1839 5668 “

193 5717 723 5788 habeaustahostiam.
928 5719 1056 5782 apud
1093 5725 1202 5770 LXX
1246 5718 1448 5783 legitur,
1483 5717 1790 5788 obiturpbma

192 5781 398 5848 umsias,
421 5781 746 5848 holocaustum
768 5780 952 5834 hostiae.

187 5846 282 5971 ﬁ:
295 5839 640 5957 ιἑιέῑὲιιιοιιιίειεη
667 5843 822 5908 factus
845 5856 895 5896 es
919 5855 936 5894 :
961 5845 1012 5896 et
1036 5839 1179 5907 paulo
1199 5841 1341 5908 intra,
1364 5846 1553 5898 accedit
1577 5846 1717 5913 ignis,
1746 5856 1790 5902 rt

263 5921 294 5959 ν
364 5941 376 5955 .

1327 365 1723 440 nutunutu
1751 369 1814 436 in
1856 363 2183 443 l'SALMDM
2222 375 2413 447 ωαχ.

3406 399 3510 466 870

1920 497 2132 592 diechat
2153 500 2204 592 in
2227 505 2474 572 passione
2509 513 2522 558 τ
2549 507 2695 563 Arult
2714 509 2840 566 sicut
2865 503 2987 568 testa
3006 503 3162 571 uirtus
3192 518 3300 574 inea
3333 503 3508 592 (l’sal.

1915 587 2025 651 isi,
2052 588 2164 661 16).
2192 585 2375 649 inusta
2404 597 2601 668 quippe
2634 607 2688 654 et
2712 603 2954 658 caminus
2983 585 3348 666 tribulationis
3369 613 3510 670 l’ece-

1914 691 1997 738 rat
2024 681 2320 742 fortiorem.
2347 689 2553 746 Rursus
2579 693 2625 748 si
2651 689 2881 753 lauderis
2902 699 2969 753 ab
2995 687 3334 760 adulantibus
3353 705 3508 764 etas-

1914 777 2267 849 sentantibus,
2311 791 2367 837 et
2417 785 2670 843 annuerls
2719 787 2817 855 eis,
2859 789 3022 848 ‘veiuti
3078 811 3262 860 emens
3302 801 3505 870 oleum,

1913 881 2020 921 non
2043 878 2216 924 tecum
2247 881 2485 942 portans,
2519 875 2911 952 sicutqdiuqhe
2937 884 3168 956 virgines
3194 889 3511 960 insipientes

1915 961 2126 1044 (Matth.
2162 975 2286 1034 sxv,
2318 967 2371 1040 5)
2400 985 2415 1036 ;
2448 972 2552 1026 erit
2585 973 2828 1029 caminus
2853 973 3099 1034 fractura:
3126 993 3230 1037 tuae
3255 981 3414 1040 etiam
3443 1003 3507 1044 os

1912 1041 2243 1112 laudantium
2273 1068 2342 1114 te.
2386 1058 2492 1116 Sed
2520 1063 2635 1119 sine
2662 1064 2746 1121 his
2785 1083 2890 1123 non
2916 1084 3239 1141 possumus;
3283 1092 3506 1134 necesse

1911 1157 1992 1203 est
2019 1145 2076 1203 ul
2097 1147 2495 1209 etintremusln
2523 1153 2658 1224 haec,
2682 1168 2736 1214 et
2765 1168 3016 1218 exeamus
3047 1163 3169 1222 inde
3202 1184 3214 1220 :
3245 1167 3508 1227 intremus

1909 1237 1962 1293 in
1990 1239 2433 1312 vittiperationem
2460 1245 2691 1317 aliquam
2722 1251 2982 1308 malorum
3021 1255 3074 1312 et
3114 1257 3503 1330 improborum,

1910 1332 2173 1390 intremus
2201 1341 2256 1392 et
2302 1337 2354 1392 in
2386 1343 2807 1399 assentationem
2852 1346 3081 1417 aliquam
3127 1341 3500 1419 adulatorum;

1908 1421 2001 1480 sed
2027 1427 2174 1482 exire
2198 1425 2323 1484 Inde
2350 1447 2483 1514 opus
2514 1433 2612 1490 est.
2645 1436 2912 1508 Rogemus
2941 1456 3060 1496 eum
3086 1439 3153 1500 de
3179 1460 3285 1514 quo
3301 1445 3502 1502 dictum

1907 1523 2010 1586 ea,
2041 1517 2306 1576 Custodial
2335 1511 2579 1580 Dominus
2606 1528 2867 1585 introitum
2892 1543 3034 1588 tuum
3064 1541 3107 1590 et
3145 1511 3335 1590 eaiitum
3362 1535 3504 1591 tuum

1910 1605 2081 1684 (Psal.
2111 1617 2235 1681 axx,
2267 1605 2354 1690 8);
2380 1623 2439 1671 ut
2477 1617 2683 1675 intrans
2721 1621 2948 1695 integer,
2987 1625 3064 1680 sic
3089 1629 3250 1682 escas
3274 1628 3500 1699 inlt'gcr.

1906 1703 2153 1760 Aitenim
2183 1718 2237 1762 et
2266 1709 2590 1780 Apostolus:
2625 1712 2820 1770 Fidelis
2848 1725 2919 1770 est
2943 1713 3103 1782 Deus,
3136 1720 3219 1790 qui
3267 1737 3365 1774 non
3415 1737 3501 1774 ros

1902 1800 2033 1854 sinat
2051 1802 2236 1856 tentari
2249 1819 2404 1874 supra
2418 1823 2571 1876 quam
2592 1807 2816 1877 potestis.
2837 1809 2976 1864 Ecce
2994 1809 3158 1866 habes
3182 1811 3498 1880 ingressum.

1900 1881 2016 1948 Non
2040 1891 2194 1963 dixit,
2221 1893 2339 1951 Non
2366 1900 2684 1954 tentcmini:
2710 1902 2799 1971 qui
2824 1903 2966 1957 enim
2993 1920 3096 1958 non
3130 1899 3363 1960 tentatur
3393 1923 3500 1962 non

1901 1983 2188 2054 probatur;
2236 1995 2289 2042 ct
2336 1987 2427 2059 qui
2471 2005 2575 2044 non
2623 1991 2896 2060 probatur,
2951 2010 3057 2049 non
3103 1994 3332 2066 proiicit.
3361 1998 3500 2066 Quid

1901 2091 2028 2148 ergo
2050 2077 2294 2145 optavit?
2323 2077 2520 2136 Fidelis
2563 2079 2723 2148 Deus,
2753 2084 2838 2154 qui
2875 2101 2974 2139 non
3018 2103 3102 2140 uos
3150 2087 3282 2141 sinat
3316 2089 3500 2142 tentari

1897 2187 2053 2240 supra
2072 2189 2223 2242 quam
2255 2175 2483 2243 potestis.
2513 2171 2727 2229 Audisti
2775 2180 3112 2247 ingressum;
3165 2177 3289 2234 audi
3325 2181 3381 2234 et
3405 2196 3499 2235 ex-

1899 2261 2029 2317 itum
2065 2281 2077 2315 :
2107 2253 2212 2342 Sed
2233 2263 2382 2334 faciet
2396 2283 2509 2319 cum
2528 2267 2797 2321 tentatione
2816 2269 2965 2323 etiam
2994 2269 3273 2338 exitum,ut
3295 2273 3497 2342 possitis

1898 2354 2112 2408 tolerare
2164 2337 2205 2420 (ί
2234 2353 2352 2409 Cor.
2401 2372 2455 2423 χ,
2505 2351 2616 2426 15).
2642 2357 2783 2428 Ergo
2806 2371 2858 2413 et
2890 2351 2962 2413 illi
2991 2337 3304 2415 avertantur‘
3327 2364 3497 2416 statim

1897 2448 2238 2502 erubescentes
2262 2449 2347 2516 qui
2379 2450 2550 2503 dicunt
2578 2449 2702 2504 mihi
2730 2467 2748 2504 :
2775 2449 2946 2521 Euge,
2976 2471 3118 2526 euge.
3149 2455 3322 2520 Quare
3351 2456 3496 2510 enim

1897 2553 1983 2593 me
2012 2537 2266 2593 laudant?
2306 2531 2548 2594 Laudent
2578 2539 2763 2596 Deum.
2795 2540 2928 2610 Quis
2971 2543 3114 2597 enim
3137 2559 3236 2614 ego
3262 2559 3401 2611 sum,
3439 2552 3498 2600 ut

1896 2629 2081 2685 lauder
2110 2630 2164 2684 in
2190 2631 2309 2686 me?
2337 2642 2428 2685 aut
2453 2632 2576 2702 quid
2603 2647 2702 2704 ego
2729 2633 2864 2688 I’eci?
2885 2634 3009 2705 quid
3029 2634 3201 2692 habeo
3223 2633 3364 2707 quod
3387 2653 3495 2694 non

1897 2725 2112 2793 accepi?
2150 2724 2213 2780 Si
2234 2725 2501 2795 accepisti,
2530 2727 2720 2797 inquit,
2769 2729 2892 2798 quid
2941 2728 3180 2802 gloriaris
3207 2735 3351 2804 quasi
3394 2739 3496 2787 non

1896 2817 2148 2886 acceperis
2175 2813 2290 2888 (Id.
2319 2834 2391 2882 IV,
2423 2816 2515 2890 7)?
2535 2818 2838 2873 Auertantur
2863 2836 2991 2892 ergo
3019 2821 3186 2876 statim
3206 2822 3498 2878 erubescen-

1898 2913 1970 2963 tes
2016 2909 2103 2980 qui
2137 2909 2312 2964 dicunt
2356 2911 2714 2985 mihi:Euge,
2771 2931 2913 2987 euge.
2969 2915 3082 2970 Tali
3130 2905 3251 2973 oleo
3301 2918 3495 2990 pingue

1897 2999 2098 3059 factum
2120 3013 2204 3059 est
2227 3015 2388 3074 caput
2412 3004 2786 3063 haereticorum
2814 3008 2986 3079 (Psal.
3019 3025 3140 3077 CXL,
3166 3009 3244 3082 5),
3269 3021 3389 3067 cum
3415 3013 3496 3068 di-

1897 3102 2047 3160 cunt,
2072 3093 2188 3165 Ego
2213 3111 2352 3161 sum,
2377 3112 2477 3168 ego
2498 3113 2638 3165 sum,
2661 3109 2714 3155 et
2735 3099 2934 3156 dicitur
2960 3099 3066 3155 illis
3091 3101 3221 3170 :Tu,
3246 3103 3492 3160 Domine.

1897 3189 2237 3259 Acceperunt
2263 3189 2427 3266 Euge,
2450 3209 2607 3265 euge;
2635 3195 2800 3250 secuti
2832 3202 2957 3250 sunt
2986 3193 3148 3268 Euge,
3178 3213 3299 3268 euge
3331 3213 3351 3251 :
3371 3187 3496 3253 iacti

1896 3291 2024 3338 sunt
2044 3283 2208 3340 duces
2232 3285 2359 3341 croci
2389 3300 2656 3341 caecorum
2675 3287 3009 3358 sequentium
3032 3275 3245 3358 (Matth.
3272 3306 3356 3354 sv,
3380 3289 3494 3360 it).

1896 3374 2268 3446 Apertissimis
2297 3377 2516 3432 vocibus
2553 3377 2760 3434 Donato
2788 3378 3038 3435 dicuntur
3061 3377 3163 3434 ista
3186 3389 3397 3436 cantata
3426 3382 3441 3412 ³
3477 3397 3491 3434 :

1900 3465 2066 3541 Euge,
2093 3485 2236 3542 euge,
2254 3467 2362 3525 dux
2391 3469 2551 3538 bone,
2575 3469 2683 3526 dux
2704 3471 2981 3542 prazclarc.
3003 3471 3072 3525 Et
3098 3487 3205 3527 non
3226 3471 3359 3527 dixit
3381 3469 3492 3538 ille,

1899 3560 2206 3616 Auertantur
2229 3563 2420 3630 statim,
2452 3573 2498 3618 et
2518 3564 2810 3618 erubescant
2831 3567 2917 3636 qui
2944 3566 3121 3620 dicunt
3142 3568 3264 3620 mihi
3285 3583 3304 3621 :
3324 3563 3492 3638 Euge,

1897 3669 2058 3723 euge;
2085 3669 2188 3708 nec
2231 3670 2325 3710 eos
2351 3656 2619 3726 corrigere
2638 3656 2827 3724 voluit,
2853 3667 2910 3711 ut
2950 3655 3167 3712 Christo
3207 3659 3450 3714 dicereut
3480 3677 3494 3714 :

1899 3743 2016 3798 Dux
2041 3743 2201 3810 bone,
2245 3743 2353 3800 dux
2374 3746 2649 3816 prtcciare.
2685 3749 2755 3802 At
2775 3763 2901 3803 vero
2923 3748 3212 3817 Apostolus
3250 3748 3498 3804 reformi-

1898 3833 2035 3890 dans
2062 3835 2206 3906 Euge
2247 3836 2550 3903 hominum,
2584 3846 2642 3892 ut
2680 3854 2803 3894 vere
2832 3838 3138 3895 laudaretur
3169 3841 3220 3896 in
3259 3839 3494 3910 Christo,

1899 3927 2069 3982 noluit
2097 3941 2156 3982 se
2192 3927 2392 3982 laudari
2421 3943 2516 3996 pro
2544 3927 2792 3993 Christo;
2841 3928 3250 4000 dicentibusque
3275 3931 3493 4002 quibus-

1899 4015 2184 4088 dam,Ego
2205 4035 2317 4072 sum
2349 4017 2524 4084 Pauli,
2577 4019 2858 4090 respondit
2896 4020 2949 4074 in
2982 4020 3225 4077 libertate
3262 4017 3495 4090 Domini,

1905 4106 2175 4178 Numquid
2203 4107 2400 4164 Paulus
2426 4110 2700 4178 cruci/imus
2720 4119 2792 4165 est
2820 4127 2912 4182 pro
2932 4112 3069 4166 vobis
3086 4112 3112 4165 ?
3139 4123 3226 4167 aut
3250 4114 3301 4168 in
3328 4116 3494 4168 nanti-.-

1897 4217 1962 4257 ne
1983 4200 2142 4256 Pauli
2171 4202 2412 4272 baptiaati
2435 4203 2553 4256 estis
2585 4199 2626 4274 (Ι
2645 4202 2764 4258 Cor.
2787 4219 2826 4268 ι,
2865 4204 2954 4271 12,
3000 4201 3126 4276 i3)?
3152 4204 3293 4276 Ergo
3318 4205 3498 4264 dicant

1899 4305 2163 4366 martyres
2189 4294 2242 4349 in
2270 4295 2645 4364 persecutione
2667 4296 2826 4350 etiam
2849 4295 3203 4362 adulantium,
3245 4296 3495 4352 Avertun-

1899 4386 2165 4442 turstatim
2189 4385 2529 4440 erubescentes
2557 4386 2644 4456 qui
2673 4387 2847 4440 dicunt
2873 4387 2996 4440 mihi
3025 4403 3043 4440 :
3072 4383 3234 4460 Euge,
3264 4406 3407 4462 euge.

1969 4477 2021 4531 6.
2080 4473 2242 4548 [vers
2275 4474 2368 4550 5.]
2407 4477 2473 4532 Et
2495 4476 2622 4548 quid
2666 4477 2725 4531 iit
2748 4517 2762 4544 ,
2796 4493 2916 4532 cum
2947 4479 3025 4532 illi
3064 4489 3376 4534 avertuntur
3399 4523 3413 4550 ,
3438 4491 3493 4539 et

1897 4571 2219 4629 erubescunt
2236 4585 2461 4636 omnes;
2488 4571 2603 4626 sive
2639 4570 2728 4644 qui
2753 4581 2999 4642 qumrunt
3031 4573 3262 4630 animam
3284 4591 3491 4646 meam,

1896 4663 2010 4721 sive
2038 4663 2128 4734 qui
2155 4664 2392 4735 cogitant
2433 4663 2562 4718 mihi
2593 4663 2729 4719 mala
2754 4706 2769 4731 ,
2797 4663 2909 4720 sive
2936 4665 3024 4736 qui
3055 4681 3304 4736 perversa
3333 4678 3387 4724 et
3415 4670 3494 4724 si-

1896 4756 2096 4814 mulata
2145 4755 2562 4822 benevolentia,
2605 4754 2779 4826 lingua
2831 4756 3017 4812 volunt
3066 4759 3308 4816 emollire
3350 4760 3494 4832 quod

1896 4847 2124 4914 feriant;
2154 4863 2276 4905 cum
2307 4848 2504 4904 iuerint
2531 4858 2586 4904 et
2629 4848 2732 4918 ipsi
2777 4849 2952 4904 aversi
2996 4859 3051 4907 et
3093 4852 3337 4918 C0nl'usi,
3366 4852 3495 4923 quid

1897 4941 2028 4998 ﬁet?
2056 4939 2348 5007 Exsultent,
2379 4949 2427 4996 et
2443 4940 2792 5012 jncundentur
2818 4941 2872 4996 in
2902 4951 2950 4998 te
2972 4960 2991 4998 :
3025 4959 3132 5000 non
3160 4945 3212 4999 in
3243 4960 3348 5012 me,
3384 4959 3490 5000 non

1897 5035 1954 5092 in
1977 5035 2102 5103 illo,
2132 5043 2224 5090 aut
2250 5034 2307 5090 in
2334 5031 2454 5097 illo;
2486 5032 2582 5090 sed
2609 5037 2662 5090 in
2693 5049 2797 5105 quo
2823 5033 2946 5091 facti
2981 5046 3107 5093 sunt
3134 5037 3225 5092 lux
3253 5037 3344 5109 qui
3375 5036 3490 5093 fuc-

1895 5137 2021 5186 runt
2048 5128 2303 5185 tenebrat.
2336 5126 2606 5184 Exsultent
2627 5168 2646 5194 ,
2674 5136 2724 5183 et
2751 5129 3101 5200 jucundentur
3126 5131 3180 5184 in
3218 5139 3286 5200 te,
3319 5147 3491 5186 omnes

1895 5221 1984 5293 qui
2009 5227 2242 5292 quarum
2273 5229 2339 5276 te.
2365 5219 2526 5276 Aliud
2555 5228 2636 5278 est
2659 5236 2900 5292 querere
2937 5223 3103 5280 Deum
3126 5264 3144 5291 ,
3170 5221 3314 5280 aliud
3340 5241 3488 5296 qua:-

1894 5327 2018 5372 rem
2037 5312 2336 5368 hominem.
2378 5310 2736 5370 Iucundentur
2766 5315 2852 5386 qui
2882 5325 3115 5387 quazrunt
3153 5325 3218 5371 te.
3245 5313 3362 5372 Non
3397 5317 3487 5387 ju-

1897 5405 2268 5462 cundabuntur
2289 5419 2420 5477 ergo
2454 5405 2546 5477 qui
2587 5415 2831 5478 quarunt
2849 5421 2909 5462 se
2937 5408 2984 5475 ⁸,
3011 5421 3146 5479 quos
3177 5408 3320 5477 prior
3345 5423 3491 5478 qua:-

1896 5498 2014 5558 sisti
2041 5506 2324 5570 antequam
2351 5509 2654 5571 quaererent
2691 5509 2761 5556 te.
2792 5499 3036 5556 Nondum
3078 5500 3351 5572 quaerebat
3373 5501 3489 5558 ovis

1895 5594 1986 5649 illa
2017 5605 2318 5666 pastorem;
2364 5593 2706 5649 aberraverat
2733 5607 2762 5646 a
2798 5608 2964 5674 grege
2993 5610 3005 5645 :
3035 5603 3090 5648 et
3117 5592 3391 5649 descendit
3419 5593 3487 5650 ad

1895 5703 2052 5755 eam;
2081 5689 2323 5760 quaesivit
2343 5704 2486 5758 eam,
2515 5687 2808 5758 reportavit
2833 5683 2889 5744 in
2916 5687 3154 5748 humeris
3181 5687 3292 5746 Suis
3313 5685 3336 5762 (
3354 5685 3484 5746 Luc.

1964 5851 1977 5880 ²
2017 5852 2089 5899 Sic
2110 5854 2216 5915 uss.
2243 5845 2449 5915 sintut,
2468 5842 2671 5915 cantica.

1961 5916 1980 5944 ³
2017 5914 2188 5974 Regius
2214 5919 2312 5970 \ts.,
2338 5912 2418 5971 qui
2441 5914 2664 5968 quterunt
2686 5920 2778 5959 non
2801 5912 2863 5960 te.
