3966 6456
596 358 699 415 871

599 489 691 541 xv,
718 470 775 538 ι.
800 467 890 542 5).
918 467 1239 526 Contemnet
1265 472 1319 522 te
1341 504 1358 533 ,
1383 476 1419 520 o
1456 461 1575 520 ovis
1594 501 1613 530 ,
1638 467 1968 533 quaerentem
1992 472 2077 526 se,
2104 460 2202 530 qui

600 566 747 637 prior
771 560 1022 636 quaesivit
1055 564 1488 616 contemnentem
1534 570 1595 612 se
1614 595 1630 621 ,
1660 562 1717 610 et
1739 568 1845 610 non
1871 558 2202 624 quaerentem

601 656 702 715 se?
728 656 844 713 .lam
865 667 994 725 ergo
1017 666 1264 724 quaerere
1292 665 1416 706 eum
1445 647 1642 718 incipe,
1670 646 1762 717 qui
1789 646 1936 719 prior
1957 643 2205 716 quaesivit

603 760 656 807 te
678 791 695 813 .
722 756 775 804 et
815 743 1108 817 reportavit
1146 744 1199 799 in
1248 740 1487 798 humeris
1533 738 1666 795 suis.
1711 736 1819 793 Fac
1845 736 1988 809 quod
2033 735 2107 791 ait
2136 736 2154 768 ⁸
2186 751 2201 790 :

606 840 734 907 Quae
752 846 869 892 sunt
893 850 1007 891 oves
1033 849 1177 900 mete,
1208 847 1380 888 vocem
1406 845 1570 886 meam
1597 827 1835 895 audiunt,
1862 834 1910 882 et
1928 835 2207 897 sequuntur

600 948 682 987 me
712 927 896 997 (Joan.
931 943 986 995 ς,
1017 925 1109 998 3).
1153 923 1213 982 Si
1242 937 1371 995 ergo
1396 921 1593 994 quatris
1621 935 1742 977 eum
1770 918 1860 990 qui
1890 917 2037 989 prior
2060 930 2209 987 quae.

605 1026 731 1082 sivit
758 1033 829 1091 te,
858 1032 914 1080 et
937 1022 1054 1077 ovis
1079 1018 1218 1077 facta
1243 1033 1304 1075 es
1330 1018 1468 1088 ejus,
1501 1026 1555 1074 et
1578 1014 1733 1072 audis
1760 1029 1945 1071 vocem
1976 1010 2206 1084 pastoris

599 1121 677 1176 tui
703 1161 720 1185 ,
748 1125 804 1175 et
836 1115 1078 1188 sequeris
1105 1129 1265 1181 eum;
1293 1111 1414 1169 vide
1455 1110 1581 1183 quid
1625 1109 1720 1165 tibi
1747 1108 1816 1165 de
1842 1122 1903 1164 se
1930 1105 2204 1173 ostendit,

601 1210 735 1284 quid
761 1210 829 1267 de
852 1222 1079 1281 corpore
1103 1222 1225 1273 suo,
1256 1220 1325 1261 ne
1354 1204 1407 1260 in
1438 1205 1556 1273 ipso
1580 1215 1812 1269 errares,
1844 1215 1912 1256 ne
1937 1198 1990 1254 in
2017 1197 2205 1284 Ecclef

607 1282 688 1360 sia
726 1316 938 1358 errares
961 1339 976 1366 ,
1006 1314 1074 1355 ne
1111 1297 1232 1368 quis
1274 1295 1369 1351 tibi
1408 1294 1612 1349 diceret
1642 1309 1657 1346 :
1687 1290 1933 1347 Christus
1960 1299 2043 1345 est
2064 1330 2082 1357 ,
2112 1282 2205 1358 qui

603 1409 715 1451 non
755 1402 839 1450 est
860 1390 1142 1455 Christus;
1170 1396 1261 1444 aut
1299 1385 1538 1443 Ecclesia
1560 1392 1647 1441 est
1668 1424 1685 1450 ,
1711 1398 1831 1454 qua:
1859 1397 1964 1437 non
1989 1387 2075 1437 est
2102 1378 2206 1435 Ec-

604 1487 790 1545 clesia.
835 1483 987 1540 Multi
1037 1481 1181 1538 enim
1228 1478 1482 1535 dixerunt
1530 1489 1748 1532 carnem
1794 1487 1902 1529 non
1952 1470 2207 1527 habuisse

603 1578 902 1643 Christum,
930 1584 987 1632 et
1028 1588 1133 1629 non
1162 1572 1216 1629 in
1259 1583 1484 1640 corpore
1519 1581 1618 1622 suo
1658 1563 2020 1622 resurrexisse
2043 1559 2205 1618 Chri-

606 1680 749 1729 stum
782 1688 795 1725 :
827 1667 935 1725 noli
974 1665 1124 1738 sequi
1169 1678 1333 1720 voces
1381 1674 1589 1717 eorum.
1633 1657 1771 1714 Audi
1812 1670 1999 1712 vocem
2039 1654 2206 1724 ipsius

612 1764 864 1836 pastoris,
887 1760 977 1830 qui
1007 1757 1224 1814 indutus
1247 1764 1330 1811 est
1358 1768 1540 1818 carne,
1568 1759 1627 1807 ut
1652 1757 1919 1822 quaereret
1942 1746 2203 1818 perditam

604 1834 844 1910 carnem.
878 1848 1188 1905 Resurresit
1209 1888 1223 1911 ,
1271 1854 1327 1901 et
1353 1844 1427 1899 ait
1454 1860 1467 1896 :
1505 1840 1726 1912 Palpate
1749 1880 1765 1905 ,
1797 1848 1844 1895 et
1874 1837 2055 1902 videte,
2084 1834 2207 1907 quia

602 1944 812 2015 spiritus
835 1957 1040 1997 carnem
1062 1948 1110 1994 et
1149 1954 1266 1994 ossa
1292 1952 1393 1991 non
1435 1933 1582 1988 habet
1602 1973 1618 1997 ,
1646 1932 1775 1999 sicut
1802 1945 1882 1984 me
1905 1926 2081 1984 uidetis
2106 1927 2206 1980 Ita-

604 2034 738 2090 bere.
770 2030 1017 2090 Ostendit
1053 2045 1114 2087 se
1144 2027 1273 2094 tibi;
1305 2040 1491 2081 vocem
1531 2022 1648 2092 ejus
1675 2035 1925 2092 sequere.
1957 2015 2207 2075 Ostendit

603 2135 659 2183 et
700 2124 1029 2188 Ecclesium;
1072 2137 1142 2178 ne
1179 2120 1300 2192 quis
1340 2128 1393 2174 te
1435 2114 1586 2172 fallat
1628 2114 1847 2170 nomine
1888 2108 2145 2167 Ecclesia:
2186 2124 2201 2162 :

609 2216 917 2290 Oportebat,
946 2214 1151 2286 inquit,
1183 2210 1441 2268 Christum
1469 2207 1575 2278 pati
1600 2248 1615 2272 ,
1642 2215 1688 2260 et
1713 2218 1972 2275 resurgere
2009 2218 2043 2255 a
2070 2215 2208 2254 mor-

606 2315 706 2366 tuis
731 2310 876 2365 tertia
905 2308 1009 2375 die,
1036 2315 1083 2361 et
1120 2302 1391 2376 praedicari
1413 2300 1469 2355 in
1497 2298 1698 2354 nomine
1725 2295 1838 2367 ejus
1862 2291 2206 2367 paenitentiam

605 2413 654 2459 et
680 2400 1023 2457 remissionem
1052 2404 1373 2469 peccatorum
1415 2405 1505 2462 per
1534 2404 1705 2445 omnes
1730 2395 1923 2460 gentes,
1952 2382 2206 2455 incipien-

606 2492 743 2548 tibus
764 2489 827 2545 ab
865 2485 1154 2544 Jerusalem
1197 2484 1359 2557 (Luc.
1391 2495 1521 2537 xxxv
1544 2521 1561 2546 ,
1606 2477 1675 2534 39
1698 2518 1716 2546 ,
1742 2474 1813 2532 d6
1831 2516 1848 2542 ,
1878 2475 1947 2530 4⁵1
1965 2476 2005 2543 ).
2030 2471 2207 2529 Habes

604 2598 797 2640 vocem
844 2578 1077 2654 pastoris
1126 2576 1250 2643 tui;
1304 2571 1414 2630 noli
1465 2570 1615 2642 sequi
1665 2583 1854 2627 vocem
1909 2565 2206 2622 alienorum

606 2674 798 2749 (Joan.
831 2690 887 2741 χ,
913 2669 985 2742 5)
1021 2688 1034 2726 :
1065 2678 1120 2726 et
1149 2668 1320 2723 furem
1353 2680 1461 2721 non
1506 2660 1722 2719 timebis
1747 2662 1793 2727 ',
1820 2659 1866 2716 si
1894 2673 2081 2714 vocem
2106 2670 2205 2728 pa-

607 2768 771 2826 storis
795 2765 961 2823 rueris
1006 2770 1242 2820 secutus.
1272 2758 1428 2817 Unde
1471 2764 1649 2814 autem
1696 2753 1979 2826 sequeris?
2006 2750 2061 2809 Si
2108 2765 2207 2808 nec

607 2861 854 2930 cuiquam
884 2855 1159 2913 hominum
1188 2850 1412 2915 dixeris,
1458 2849 1611 2919 quasi
1640 2846 1758 2915 ejus
1787 2844 1999 2908 merito,
2035 2842 2202 2915 Euge,

606 2969 761 3025 euge;
780 2965 879 3008 nec
890 2964 1011 3005 cum
1031 2945 1384 3019 gratulatione
1404 2940 1657 3003 audieris.
1682 2954 1750 2995 ne
1764 2938 1885 2993 oleo
1902 2935 2205 3007 peccatoris

605 3045 916 3116 pinguescat
934 3047 1095 3111 caput
1113 3046 1260 3093 tuum
1282 3034 1302 3106 (
1328 3032 1471 3090 Psat.
1493 3048 1615 3097 exc,
1638 3026 1732 3103 5).
1758 3027 2045 3095 Exsultent,
2064 3036 2109 3082 et
2115 3029 2209 3098 ju-

605 3135 888 3192 cundentur
901 3134 955 3189 in
976 3142 1042 3200 te,
1063 3147 1233 3187 ontnes
1252 3130 1339 3200 qui
1359 3135 1590 3199 quierunt
1611 3134 1692 3188 te;
1716 3131 1761 3178 et
1776 3123 1964 3177 dicant.
1983 3120 2119 3190 Quid
2132 3119 2209 3176 di-

606 3226 828 3298 eantqui
839 3222 1137 3283 exsultant?
1150 3221 1363 3292 Semper
1374 3217 1725 3290 magniﬁcetur
1737 3212 2003 3269 Dominus.
2022 3211 2207 3266 Dicant

608 3319 713 3376 hoc
732 3331 918 3374 omnes
941 3315 1035 3387 qui
1057 3312 1326 3370 exsultant
1351 3319 1407 3366 et
1427 3316 1675 3380 quaerunt
1694 3313 1765 3360 te.
1795 3302 1967 3371 Quid?
1996 3301 2207 3370 Sernper

609 3411 960 3484 magniﬁcetur
989 3406 1256 3472 Dominus,
1283 3403 1371 3475 qui
1397 3400 1617 3473 diligunt
1646 3397 1869 3454 salutare
1898 3407 2060 3452 tuum.
2089 3394 2205 3452 Non

612 3511 816 3560 tantum
836 3500 1186 3572 magni/icetur
1205 3495 1455 3552 Dominus
1475 3534 1489 3559 ,
1512 3491 1605 3548 sed
1645 3490 1803 3545 etiam
1829 3504 2043 3559 semper.
2068 3487 2206 3543 Ecce

610 3596 848 3664 errabas,
865 3603 1157 3652 etaversus
1174 3590 1242 3646 ab
1267 3602 1336 3644 eo
1363 3600 1484 3642 eras
1502 3602 1516 3639 :
1534 3582 1743 3640 vocavit
1758 3591 1809 3653 te
1824 3599 1840 3648 ;
1858 3579 2207 3653 magniﬁcetur

608 3687 878 3746 Dominus.
921 3684 1063 3741 Ecce
1101 3679 1378 3752 inspiravit
1410 3676 1504 3733 tibi
1533 3672 1922 3732 conlessionem
1962 3679 2206 3741 peceato-

608 3799 726 3841 rum
754 3801 766 3837 :
790 3779 1069 3836 confessus
1097 3790 1178 3840 es,
1200 3771 1347 3829 dedit
1364 3769 1574 3825 veniam
1600 3782 1617 3832 ;
1647 3765 1998 3836 magniﬁcetur
2027 3761 2204 3815 Domi-

610 3891 725 3929 nus.
744 3871 861 3927 lant
872 3867 1077 3939 cmpisti
1090 3865 1235 3935 juste
1253 3862 1432 3917 vivere
1449 3877 1464 3926 ;
1478 3860 1587 3928 jam
1603 3868 1733 3929 puto
1748 3853 1898 3925 quasi
1910 3854 2108 3921 justttm
2123 3858 2207 3906 est

609 3974 746 4025 utet
772 3973 828 4020 tu
867 3958 1245 4033 magniliceris.
1276 3954 1487 4011 Etenim
1532 3964 1654 4006 cum
1702 3957 1753 4005 te
1781 3954 1997 4001 vocaret
2023 3959 2206 4000 erran-

610 4069 755 4127 tem,
787 4050 1210 4126 magniticandus
1239 4054 1357 4104 erat
1401 4044 1696 4107 Dominus;
1741 4055 1861 4095 eum
1894 4037 1985 4092 tibi
2032 4034 2204 4092 conli-

611 4153 743 4212 tenti
773 4160 990 4222 peccata
1021 4143 1264 4206 dimisit,
1296 4133 1715 4210 tnaguilieandus
1759 4140 1874 4187 erat
1906 4128 2157 4185 Dominus
2186 4141 2201 4179 :

610 4217 901 4312 modo—jam
926 4236 1151 4293 audiens
1170 4231 1330 4287 verba
1361 4229 1476 4298 ejus
1505 4221 1713 4294 cmpisti
1739 4220 2017 4291 proiicere,
2047 4217 2207 4286 justi-

611 4309 808 4395 ticatus
820 4348 879 4389 es
903 4373 919 4397 ,
951 4323 1240 4400 pervenisti
1287 4321 1352 4377 ad
1391 4315 1673 4391 quamdam
1702 4313 1907 4369 virtutis
1938 4309 2209 4367 excellen-

609 4429 768 4495 tiam;
810 4424 1030 4495 dignum
1073 4427 1157 4475 est
1199 4425 1259 4471 ut
1301 4422 1358 4471 et
1403 4421 1458 4467 tu
1502 4407 1787 4480 aliquando
1828 4402 2203 4477 magniﬁceris.

611 4520 842 4577 Dicant:
876 4514 1090 4583 Semper
1132 4505 1483 4580 magniﬁcetur
1525 4499 1789 4555 Dominus.
1833 4497 2088 4552 Peecator
2113 4506 2206 4559 es;

610 4608 960 4681 magnificetur
982 4611 1041 4658 ut
1063 4607 1218 4656 vocet
1243 4615 1256 4652 :
1277 4586 1581 4656 conﬁteris;
1601 4588 1950 4660 magniﬁcetur
1973 4592 2033 4640 ut
2057 4583 2210 4656 igno-

610 4711 727 4760 seat
755 4718 771 4755 :
806 4698 917 4769 jam
941 4694 1086 4767 juste
1120 4688 1285 4752 vivis;
1319 4682 1671 4757 magniﬁcetur
1697 4688 1757 4735 ut
1792 4686 1948 4750 regat
1978 4694 1992 4731 :
2021 4688 2208 4747 perse-

608 4806 766 4850 veras
826 4801 998 4860 usque
1047 4784 1104 4839 in
1156 4780 1351 4845 tinem;
1407 4774 1760 4848 magniﬁcetur
1805 4778 1866 4827 ut
1924 4768 2204 4842 gloriﬂeet.

575 4873 827 4955 isentper
854 4859 982 4950 ergo
1010 4872 1360 4946 magniﬁeetur
1388 4865 1660 4923 Dominus.
1689 4863 1803 4955 Hoc
1836 4861 2015 4918 dicant
2035 4859 2205 4931 justi;

608 4978 715 5034 hoc
737 4950 923 5031 dicant
950 4967 1042 5041 qui
1068 4972 1315 5039 quaerunt
1339 4976 1484 5018 eum.
1511 4956 1765 5030 Quisquis
1791 4954 1895 5011 hoc
1921 4969 2028 5010 non
2053 4950 2204 5017 dicit,

549 5068 561 5073 ’
609 5086 718 5129 non
746 5064 938 5141 quaerit
964 5076 1108 5119 eum.
1142 5057 1301 5124 Ecce,
1330 5052 1685 5127 magniﬁcetur
1710 5047 1978 5105 Dominus.
2009 5044 2206 5102 Exsul-

609 5171 714 5220 tent
742 5138 788 5216 et
802 5154 1156 5230 jucundentur
1178 5164 1352 5206 omnes
1377 5148 1462 5219 qui
1484 5152 1715 5218 quaerunt
1745 5156 1869 5198 eum
1894 5155 1909 5206 ;
1938 5146 1985 5194 et
2011 5138 2203 5208 dicunt,

599 5253 825 5322 ,Semper
864 5245 1214 5319 magniﬁcetur
1258 5237 1509 5295 Dominus
1530 5277 1547 5305 ,
1585 5235 1674 5308 qui
1720 5231 1941 5305 diligunt
1980 5230 2207 5322 salutare

607 5347 746 5417 ejus.
774 5342 856 5398 Ab
889 5339 983 5396 illo
1007 5344 1093 5394 est
1118 5332 1263 5392 enim
1306 5330 1412 5388 illis
1438 5328 1583 5386 salus
1602 5369 1619 5395 ,
1650 5340 1759 5383 non
1789 5341 1819 5381 a
1849 5341 1928 5382 se.
1961 5321 2206 5380 Salutare

609 5413 824 5494 Domini
853 5431 949 5487 Dei
990 5424 1162 5485 nostri
1184 5464 1201 5492 ,
1228 5422 1475 5480 Salvator
1522 5418 1778 5475 Dominus
1826 5424 2009 5473 noster
2048 5413 2203 5470 Jesus

608 5525 893 5586 Christus:
923 5517 1164 5593 quisquis
1206 5514 1379 5586 diligit
1424 5509 1754 5570 Salvatorem
1775 5550 1792 5578 ,
1823 5506 2107 5566 conﬁtetur
2142 5518 2203 5562 se

1275 5650 1546 5699 contemnet
1580 5643 1763 5707 tejam
1782 5654 1908 5707 ,qute

671 5665 688 5695 ¹
722 5669 901 5712 omnes
922 5665 1076 5719 prope
1111 5663 1236 5703 MSS;
1275 5663 1546 5699 curuatum
1580 5663 1627 5696 te
1652 5663 1763 5704 Jam
1797 5663 2091 5707 querentem
2110 5663 2160 5691 se
2182 5663 2200 5690 ι

606 5733 718 5778 Iam
731 5733 847 5785 ergo
867 5727 1055 5781 ηυωτεε
1073 5725 1187 5765 eum
1202 5709 1287 5776 ιιιά
1303 5709 1438 5785 τινίοτ
1682 5706 1843 5785 £93149.

671 5764 1020 5843 K'igg'ni'jéﬁd
1305 5764 1512 5822 lerunt:
1549 5767 1656 5843 tituli
1867 5764 2022 5830 'sequi
2046 5764 2197 5819 latro-

606 5830 980 5907 manus.
999 5834 1214 5898 carebis,
1231 5833 1274 5888 si
1295 5844 1458 5889 vocem
1475 5830 1698 5898 pastoris,
1720 5837 1821 5883 etc.

1664 5984 1779 6000 -ιοηλύ-
1854 5989 1873 5994 -
1895 5994 1900 5998 .

1800 343 1861 406 S.
1898 340 2269 404 AUGUSTINI
2305 340 2614 403 EPISCOPI
3727 351 3799 412 πὶ

2310 465 2586 524 sanatum;
2621 454 2861 529 quisquis
2905 469 2968 513 se
3003 456 3286 514 conﬁtetur
3326 466 3560 515 sanatum
3579 502 3594 527 ,
3618 462 3741 523 luisse
3763 486 3801 527 se

2308 551 2594 606 conlltetur
2616 558 2900 620 ingratum.
2932 546 3118 605 Dicant
3143 565 3290 622 ergo,
3316 549 3528 623 Sentper
3547 556 3803 626 magniﬁca:

2308 639 2595 707 Dominus,
2624 643 2712 713 qui
2751 641 2966 713 diligunt
3006 642 3228 697 salutare
3268 651 3417 697 tuum
3458 659 3478 697 :
3518 659 3612 700 non
3644 647 3805 708 salutare

2310 750 2466 791 suum
2490 777 2506 803 ,
2537 735 2691 805 quasi
2730 750 2790 790 se
2818 734 2920 806 ipsi
2960 734 3206 800 saivent;
3235 750 3343 790 non
3370 736 3517 805 quasi
3539 737 3730 795 salutare
3746 741 3804 797 ιιο.

2308 829 2496 895 minis,
2534 837 2782 899 tanquam
2807 828 2875 883 ab
2900 827 2993 883 illo
3013 828 3303 884 salventur.
3338 826 3534 896 Nolite,
3556 829 3711 900 inquit,
3732 806 3814 889 cesi

2310 922 2468 992 ﬁdere
2492 922 2545 976 in
2564 921 2840 1013 principes,
2870 929 2917 976 et
2942 921 2996 975 in
3029 921 3167 991 ﬁlios
3190 920 3459 976 hominum
3480 961 3495 987 ,
3519 920 3571 974 iu
3595 923 3734 993 quibus

2309 1023 2383 1070 est
2413 1015 2553 1071 salus
2577 1014 2598 1086 (
2622 1012 2769 1069 Psat.
2798 1028 2974 1079 cxev,
3003 1013 3074 1081 2,
3104 1013 3197 1084 5).
3225 1012 3407 1082 Quare
3436 1011 3566 1069 hoc?
3590 1013 3749 1070 Domini
3770 1011 3813 1071 at

2309 1107 2471 1173 salus,
2499 1114 2544 1160 et
2568 1121 2722 1177 super
2756 1103 3004 1176 populum
3027 1112 3169 1158 tuum
3205 1102 3488 1159 benedictio
3512 1111 3592 1157 tua
3616 1103 3745 1175 (Pist.
3767 1123 3811 1171 In.

2310 1197 2345 1254 9
2365 1198 2409 1269 )·
2437 1197 2579 1268 Ergo
2601 1237 2616 1262 ,
2647 1196 2861 1267 Semper
2890 1195 3242 1267 magni/iretur
3267 1192 3545 1250 Dominus.
3566 1182 3820 1269 Qui

2312 1240 2340 1254 ν
2365 1240 2409 1269 l‘
2437 1240 2577 1268 ’νον
2647 1240 2848 1300 *ΤΣ-ἰη’
2890 1240 3229 1267 ’σν-υ---ι-ν---ν
3267 1240 3545 1250 --η--ηπ
3570 1240 3656 1265 ιιι--
3673 1240 3827 1291 uva-vl

2310 1288 2479 1345 cunt?
2509 1287 2607 1354 Qui
2636 1286 2853 1359 diligunt
2877 1287 3101 1342 salutare
3124 1295 3287 1341 tuum.
3817 1344 3824 1357 θ

2381 1381 2432 1435 7.
2466 1378 2635 1454 [νινε.
2664 1377 2758 1451 6.]
2798 1377 2938 1435 Ecce
2956 1377 3312 1450 magniﬁcetur
3334 1367 3826 1451 Dominusmunqm:

2313 1479 2389 1536 tu,
2413 1485 2673 1540 nusquam
2694 1477 2752 1525 tu
2772 1469 2796 1524 ?
2822 1468 2879 1524 In
2908 1468 3002 1523 illo
3024 1465 3247 1539 aliquid,
3270 1467 3327 1524 in
3356 1483 3445 1523 me
3467 1467 3591 1523 nihil
3618 1488 3630 1524 :
3650 1470 3686 1523 si
3699 1462 3831 1529 ιιιιωΙ

2310 1561 2365 1616 in
2387 1560 2478 1617 illo
2497 1558 2752 1631 quidquid
2773 1573 2909 1629 ego;
2937 1557 3048 1624 ille,
3071 1573 3178 1615 non
3204 1573 3328 1630 ego.
3350 1557 3435 1614 'l‘u
3456 1574 3580 1630 ergo
3599 1561 3726 1631 quid?
3744 1562 3811 1634 Ege

2309 1668 2426 1708 vero
2452 1667 2636 1722 egenus
2673 1661 2723 1706 et
2751 1666 2945 1723 pauper
2969 1667 3105 1706 sum.
3135 1650 3230 1707 ille
3259 1650 3417 1707 dives
3439 1691 3457 1716 ,
3491 1652 3574 1708 ille
3594 1653 3811 1723 abnuistis,

2309 1742 2400 1800 ille
2429 1743 2627 1798 nullius
2664 1742 2930 1814 indigens.
2975 1742 3113 1799 Ecce
3152 1742 3333 1798 lumen
3366 1757 3544 1798 meum
3567 1785 3584 1810 ,
3607 1746 3813 1803 escensis

2310 1834 2619 1902 illumiuor;
2651 1833 2901 1904 quoniam
2940 1834 3117 1890 clamo
3146 1851 3162 1889 :
3193 1832 3275 1888 Tu
3300 1834 3609 1890 itluminabis
3642 1836 3814 1894 tum

2308 1944 2494 1994 riteam,
2528 1926 2775 1993 Domine,-
2802 1925 2940 1982 Deus
2964 1943 3125 1995 meus,
3156 1926 3476 1983 illuminabis
3512 1928 3706 1984 tenebras
3731 1947 3813 1985 neu

2314 2019 2495 2092 (Psal.
2530 2035 2659 2086 xvn,
2684 2019 2810 2089 29).
2842 2018 3090 2075 Dominus
3112 2019 3261 2076 solvit
3283 2020 3628 2091 compeditos;
3650 2021 3816 2078 Destinet

2309 2112 2455 2183 erigit
2486 2110 2675 2177 elisos;
2699 2110 2948 2167 Dominus
2986 2113 3236 2182 sapientes
3273 2113 3406 2183 facit
3435 2129 3623 2179 cacas;
3649 2112 3814 2169 Duilius

2308 2204 2522 2259 custodit
2545 2204 2825 2274 proselytos
2850 2201 3025 2273 (Psal.
3054 2218 3207 2270 cnv,
3232 2202 3264 2256 Ἰ
3282 2202 3330 2274 ).
3363 2203 3501 2272 Quid
3525 2219 3642 2275 ergo
3664 2204 3733 2258 ιιιῖ
3749 2203 3815 2275 Ep

2309 2312 2426 2351 vero
2451 2311 2634 2367 egenus
2668 2303 2716 2349 et
2743 2310 2956 2365 panper.
3002 2294 3115 2365 Ego
3144 2304 3402 2366 tanquam
3452 2295 3685 2365 pupillus;
3704 2296 3813 2349 snitu:

2309 2405 2429 2447 mea
2460 2400 2707 2462 tanquam
2735 2390 2895 2445 vidua
2936 2388 3190 2445 destituta
3238 2398 3294 2445 et
3339 2390 3576 2444 desolata
3605 2390 3813 2443 :auxilim

2308 2499 2525 2554 quaero;
2547 2500 2761 2556 semper
2778 2483 3138 2540 inﬁrmitatem
3159 2498 3337 2540 mam
3358 2482 3631 2539 conﬁteor.
3652 2480 3811 2554 Egon

2309 2593 2494 2649 egenus
2515 2587 2562 2632 et
2581 2594 2793 2647 pauper.
2820 2576 3024 2632 Donata
3050 2587 3175 2632 sunt
3199 2576 3337 2631 mihi
3366 2584 3575 2647 petxata
3598 2573 3812 2646 ;jamcepi

2308 2671 2463 2742 sequi
2492 2681 2756 2741 prtecepta
2798 2669 2895 2726 Dei
2928 2686 2942 2724 :
2972 2669 3149 2726 adhuc
3189 2681 3371 2727 tamen
3402 2685 3583 2741 egenus
3603 2679 3646 2724 et
3674 2684 3810 2739 pupa.

2313 2760 2463 2820 Unde
2490 2762 2667 2817 adhuc
2688 2779 2875 2834 egenus
2898 2771 2948 2817 et
2974 2778 3168 2833 panper
3186 2763 3213 2816 .9
3236 2760 3378 2829 Quia
3409 2762 3551 2816 uideo
3574 2761 3812 2830 uliamlqm

2308 2855 2362 2908 in
2395 2853 2627 2909 membris
2655 2856 2777 2910 meis
2822 2864 3185 2926 repugnantem
3211 2854 3312 2924 legi
3345 2853 3526 2929 mentis
3562 2867 3671 2908 metr
3691 2850 3807 2923 (item.

2309 2959 2401 3008 vn,
2429 2942 2503 3000 23
2523 2943 2556 3014 ).
2595 2944 2749 3001 Unde
2773 2961 2959 3017 egenus
2984 2953 3029 2999 et
3056 2943 3292 3016 pauper!
3316 2941 3479 3012 Quia,
3508 2942 3642 2997 Beati
3660 2943 3724 3013 qui
3740 2958 3808 2995 as-

2309 3037 2467 3102 rinnt,
2489 3046 2534 3091 et
2554 3037 2727 3092 sitiunt
2737 3037 2993 3107 justitiam
3022 3034 3243 3108 (Matth.
3271 3051 3325 3100 ν,
3363 3040 3395 3088 6
3413 3035 3455 3106 ).
3484 3035 3656 3091 Adhuc
3674 3034 3807 3093 esmio.

2308 3130 2482 3185 adhuc
2501 3131 2624 3187 sitio
2649 3149 2662 3186 :
2685 3131 2938 3186 saturitas
2966 3145 3085 3185 mea
3110 3129 3269 3186 dilata
3298 3142 3382 3186 cst
3405 3146 3421 3197 ;
3452 3146 3554 3184 nou
3575 3125 3810 3196 ablata!)

2308 3239 2423 3277 vero
2448 3240 2633 3295 egenus
2656 3234 2700 3277 et
2728 3240 2961 3294 pauper,-
2989 3222 3125 3279 Deus
3141 3264 3158 3291 ,
3189 3223 3386 3294 adiuva
3410 3240 3503 3278 nte.
3534 3219 3806 3288 Uudeucpil.

2308 3312 2446 3369 Deus
2482 3315 2535 3368 in
2562 3314 2875 3384 adiutorium
2904 3330 3067 3368 meum
3110 3314 3350 3378 intende;
3383 3313 3549 3380 Deus,
3576 3314 3727 3383 adjusa
3751 3326 3807 3361 It.

2312 3410 2625 3465 Rectissime
2651 3419 2705 3464 et
2744 3408 2976 3464 Lazarus
3018 3405 3244 3478 Adjutus
3291 3406 3623 3479 interpretari
3655 3403 3805 3461 dicitur;

2309 3502 2400 3558 ille
2420 3517 2623 3574 egenus
2645 3511 2699 3558 et
2717 3514 2938 3574 pauper,
2956 3501 3048 3572 qui
3072 3500 3277 3557 ablatus
3295 3500 3457 3555 estin
3482 3500 3641 3554 sinum
3658 3492 3807 3551 Atinia:

2309 3596 2469 3669 (Luc.
2514 3611 2603 3652 xvt
2625 3637 2638 3662 ,
2681 3594 2787 3665 22)
2821 3611 2833 3648 :
2863 3603 2920 3651 et
2945 3595 3084 3666 gerit
3129 3602 3309 3666 typum
3343 3591 3593 3649 Ecclesiae
3621 3588 3805 3656 Demus

2308 3703 2521 3759 semper
2550 3686 2789 3743 conﬁteri
2820 3685 2977 3742 debet
3019 3684 3288 3755 adjutorio
3315 3682 3423 3740 sibi
3462 3698 3589 3754 opus
3614 3695 3723 3736 esse.
3741 3676 3805 3730 Hoc

2308 3790 2389 3838 ρει
2413 3795 2621 3843 verum.
2647 3779 2749 3835 hoc
2777 3788 2854 3834 est
2884 3780 3049 3849 pium.
3078 3776 3201 3832 Dixi
3228 3775 3451 3831 Domino
3479 3791 3497 3830 :
3522 3773 3644 3828 Deus
3666 3780 3804 3824 uesta

2309 3881 2381 3926 tu.
2411 3869 2628 3939 Quare?
2658 3870 2909 3938 Quoniam
2929 3873 3170 3923 bonorum
3200 3884 3428 3922 meorum
3451 3884 3546 3921 non
3571 3880 3666 3936 eges
3686 3864 3700 3931 (
3717 3858 3803 3914 Ρωι.

2309 3976 2403 4027 xv,
2428 3960 2523 4031 2).
2555 3960 2647 4015 Ille
2673 3975 2779 4016 non
2807 3968 2926 4030 eget
2950 3958 3156 4024 nostri;
3189 3973 3287 4013 nos
3310 3971 3535 4028 egemus
3554 3946 3806 4023 ipsius:ideo

2309 4068 2468 4108 verus
2512 4052 2791 4107 Dominus.
2838 4051 2969 4106 Nam
3018 4058 3072 4105 tu
3105 4065 3210 4105 non
3256 4049 3416 4104 valde
3457 4061 3605 4101 verus
3638 4039 3805 4096 dominus

2310 4146 2449 4202 servi
2477 4145 2581 4210 tui;
2602 4145 2760 4199 ambo
2774 4142 3043 4208 homines,
3064 4140 3225 4196 ambo
3239 4149 3462 4212 egentes
3493 4139 3609 4194 Deo.
3633 4134 3805 4191 δίκαιαι

2316 4248 2473 4309 putas
2501 4251 2662 4308 egere
2688 4236 2762 4290 tui
2793 4250 3007 4291 servum
3032 4243 3202 4299 tuum,
3229 4241 3285 4287 ut
3312 4231 3414 4288 dcs
3442 4245 3642 4301 panem;
3665 4237 3755 4295 eges
3773 4208 3851 4273 (Γ

2311 4342 2367 4387 ιιι
2388 4331 2527 4386 servi
2549 4330 2658 4396 tui,
2684 4340 2741 4385 ut
2760 4328 2973 4398 adjuvet
2998 4324 3211 4382 labores
3239 4333 3360 4380 tuos
3387 4343 3399 4379 :
3426 4330 3629 4392 uterque
3645 4324 3802 4372 vestri!!!
3828 4338 3832 4407 ᾗ

2309 4423 2481 4477 altero
2520 4431 2756 4477 vestrum
2798 4418 3019 4489 indiget.
3066 4417 3247 4487 Itaque
3288 4416 3470 4471 nullus
3505 4420 3700 4468 vestrum
3725 4415 3835 4457 verit

2312 4513 2577 4577 dominus,
2607 4520 2662 4567 et
2688 4509 2865 4567 nullus
2889 4517 3124 4564 vestrum
3156 4521 3281 4563 vere
3309 4521 3517 4562 servus.
3548 4501 3660 4558 Audi
3680 4506 3800 4553 rerum

2312 4602 2630 4670 Dominum,
2682 4601 2834 4672 cujus
2884 4614 3045 4656 verus
3096 4614 3156 4655 es
3200 4614 3434 4654 servus:
3466 4596 3579 4651 Din’
3617 4590 3798 4647 Destino:

2311 4695 2450 4752 Deus
2476 4712 2617 4751 meus
2641 4712 2694 4750 es
2729 4705 2803 4750 tu.
2829 4694 3006 4763 Quare
3047 4703 3101 4749 tu
3130 4691 3434 4748 Dominus?
3462 4690 3677 4757 Quoniam
3695 4682 3797 4736 loso-

2310 4806 2425 4845 rmn
2445 4804 2673 4843 meorum
2698 4803 2799 4841 non
2823 4801 2954 4858 eges.
2980 4783 3117 4852 Quid
3140 4792 3315 4840 autem
3338 4783 3435 4838 tu?
3453 4781 3557 4853 Ego
3574 4793 3667 4833 vero
3679 4778 3796 4844 ego!"

2310 4890 2359 4936 et
2379 4895 2590 4953 pauper.
2624 4878 2762 4935 Ecce
2786 4893 2971 4949 egenus
2994 4885 3043 4931 et
3068 4891 3296 4947 pauper;
3325 4882 3505 4946 pascat
3527 4873 3662 4933 Deus,
3680 4861 3795 4922 Subit-

2309 4980 2401 5030 vet
2429 4973 2573 5029 Deus
2591 5011 2606 5037 ,
2632 4969 2846 5040 adjuvet
2869 4969 3012 5025 Deus
3043 4984 3058 5021 :
3087 4966 3246 5033 Deus,
3272 4964 3460 5038 inquit,
3490 4962 3653 5033 adjm
3670 4971 3739 5009 m-

2380 5065 2435 5124 8.
2473 5063 2694 5137 Adjutor
2736 5071 2781 5118 et
2825 5070 2995 5116 emtor
3022 5076 3161 5117 meus
3192 5076 3244 5115 es
3273 5070 3364 5125 tu,
3393 5056 3627 5117 Domine;
3659 5063 3706 5101 ne
3726 5053 3791 5096 tar-

2309 5160 2529 5216 daveris.
2549 5158 2629 5214 Tu
2649 5156 2859 5228 adjutor
2872 5163 2929 5212 et
2947 5162 3132 5212 erutor
3152 5169 3166 5206 :
3191 5150 3403 5223 indigeo
3425 5148 3620 5209 auxilio,
3636 5138 3788 5209 adjoin:

2310 5254 2609 5325 implicatus
2634 5267 2751 5307 sum
2778 5293 2793 5318 ,
2822 5264 2970 5306 erue.
2999 5247 3167 5304 Nemo
3206 5248 3349 5303 enim
3378 5252 3523 5302 eruet
3542 5239 3601 5296 de
3625 5230 3787 5302 impliﬁ'

2309 5345 2542 5401 tionibus
2562 5386 2575 5411 ,
2605 5343 2705 5398 nisi
2738 5351 2814 5397 tu.
2844 5340 3200 5397 Circumstant
3241 5352 3344 5395 nos
3369 5347 3525 5391 nexus
3549 5328 3783 5386 diversamul

2307 5451 2591 5504 curarum;
2623 5435 2746 5489 hinc
2769 5443 2931 5505 atque
2955 5430 3081 5488 inde
3105 5428 3423 5486 dilaniamur
3443 5420 3580 5496 quasi
3601 5412 3725 5505 spinis

2308 5531 2552 5604 sepibus,
2577 5501 2913 5585 ambulamus
2939 5532 3218 5597 angustam
3260 5521 3426 5585 viam;
3464 5515 3655 5572 fortasse

2305 5587 2431 5683 nius
2455 5625 2507 5680 in
2535 5587 2748 5696 sepibus
2772 5638 2786 5676 :
2807 5587 3045 5675 dicamus
3070 5617 3198 5682 Deo,
3228 5613 3305 5668 Tu
3330 5628 3381 5667 es

2306 5718 2539 5779 ostendit
2581 5682 2859 5787 angustam
2901 5712 3042 5769 viam
3083 5707 3311 5782 (Matth.
3360 5719 3468 5769 vn,
3493 5682 3778 5787 ιδμξθέίξί

2308 5826 2672 5885 sequerentur.
2707 5807 2831 5866 Haec
2875 5820 2976 5860 vos
3022 5779 3327 5875 perseveret
3363 5795 3413 5853 in
3441 5779 3775 5853 millium
