3966 6448
183 548 705 621 Quantumcumque
730 547 819 607 hic
847 549 1159 617 vixerimus,
1191 558 1680 623 quantumcumque
1717 548 1804 604 hic

188 642 615 713 profecerimus.
640 660 799 701 nemo
818 645 965 702 dicat
995 664 1008 699 :
1039 645 1244 701 Sufficit
1269 645 1398 702 mihi
1419 664 1435 712 ;
1458 647 1636 717 justus
1656 662 1797 703 sum.

184 736 308 805 Qui
342 737 568 805 dixerit,
612 739 868 793 remansit
907 740 959 795 in
1004 739 1085 794 via
1113 780 1128 801 ,
1163 754 1268 795 non
1321 741 1467 796 novit
1500 740 1798 810 pervenire.

190 831 308 889 Ubi
335 831 567 897 dixerit,
600 833 834 898 Sufficit;
878 834 948 889 ibi
980 834 1154 889 hmsit.
1187 836 1413 892 Attende
1444 838 1755 907 Apostolum
1780 880 1797 906 ,

187 925 289 981 cui
318 941 422 980 non
443 924 665 990 sufficit;
689 925 811 981 vide
837 925 1104 997 quomodo
1125 941 1185 983 se
1203 926 1321 983 vult
1341 927 1609 999 adjuvari,
1627 928 1800 984 donec

198 1016 492 1086 perveniat
518 1034 532 1070 :
564 1013 772 1071 Fratres
794 1058 811 1084 ,
848 1018 1016 1089 inquit
1040 1060 1057 1083 ,
1086 1034 1176 1090 ego
1206 1034 1284 1075 me
1317 1036 1417 1075 non
1447 1020 1667 1075 arbitror
1701 1038 1800 1092 ap-

191 1105 565 1176 preltendisse;
608 1121 678 1163 ne
719 1106 795 1161 illi
845 1107 944 1162 sibi
990 1107 1300 1165 viderentur
1339 1110 1797 1181 apprehendisse,

192 1198 402 1267 quibus
426 1213 610 1253 rursus
633 1197 781 1266 dicit,
807 1198 908 1267 Qui
934 1217 990 1255 se
1017 1210 1159 1271 putat
1186 1201 1381 1272 aliquid
1403 1203 1553 1268 scire,
1574 1205 1799 1259 nondum

195 1290 300 1343 scit
321 1290 741 1361 quemadmodum
766 1301 958 1361 oportet
973 1292 1102 1348 scire
1127 1298 1144 1325 ³
1171 1292 1189 1364 (
1212 1293 1230 1348 l
1257 1291 1375 1349 Cor.
1393 1310 1486 1351 vut
1505 1336 1519 1357 .
1543 1295 1634 1361 2).
1660 1295 1798 1365 Quid

196 1395 340 1453 ergo
363 1382 479 1438 ait?
511 1381 718 1438 Fratres
740 1426 756 1449 ,
785 1400 877 1455 ego
902 1402 982 1440 me
1009 1402 1111 1440 non
1143 1384 1362 1441 arbitror
1379 1388 1792 1458 appreltendisse.

191 1472 375 1543 Supra
403 1474 630 1540 dixerat,
664 1474 784 1530 Non
817 1476 937 1546 quia
966 1479 1079 1549 jam
1103 1478 1402 1549 acceperim,
1433 1487 1519 1532 aut
1534 1481 1647 1551 jam
1678 1496 1796 1561 per-

194 1567 364 1636 fectus
383 1566 477 1620 sint
498 1581 518 1629 ;
538 1576 587 1621 et
616 1566 685 1620 ibi
706 1568 964 1637 sequitur,
993 1565 1221 1635 Fratres,
1249 1584 1339 1639 ego
1362 1585 1441 1624 me
1460 1585 1561 1624 non
1580 1569 1797 1625 arbitror

190 1657 614 1726 appreliendisse.
642 1656 697 1713 Si
742 1658 975 1713 nondum
1004 1660 1242 1729 accepit,
1281 1676 1469 1731 egenus
1513 1671 1561 1717 et
1603 1678 1796 1733 pauper

194 1761 286 1807 est
321 1769 335 1805 :
368 1753 412 1807 si
442 1752 675 1808 nondum
721 1751 987 1824 perlectus
1025 1761 1137 1816 est.
1170 1770 1356 1822 egenus
1383 1764 1429 1810 et
1469 1772 1665 1825 pauper
1687 1764 1788 1811 est.

193 1840 349 1899 Bene
373 1842 502 1899 dicit
528 1861 542 1898 :
576 1843 710 1899 Deus
732 1885 747 1907 ,
773 1843 963 1915 adjuva
993 1860 1090 1899 me.
1131 1844 1234 1899 Sed
1282 1844 1530 1916 intelligit
1552 1846 1748 1916 aliquid
1771 1888 1788 1912 ,

196 1943 259 1990 et
301 1936 565 1992 excelsius
612 1937 873 2009 intelligit.
922 1936 1060 1994 Vide
1104 1946 1277 1994 tamen
1329 1939 1455 2010 quid
1505 1939 1688 1996 dicat:
1725 1939 1792 1995 Ei

195 2035 376 2083 autem
395 2029 481 2098 qui
504 2039 661 2098 potest
686 2046 839 2101 super
866 2032 886 2062 ³
915 2029 1084 2085 omnia
1109 2032 1277 2101 facere
1298 2031 1791 2101 superabundantius

193 2133 356 2188 quam
370 2120 594 2191 petimus
618 2129 664 2173 et
683 2119 1011 2193 intelligimus
1027 2118 1047 2193 (
1064 2118 1252 2189 Eplies.
1272 2137 1351 2187 tit,
1366 2120 1492 2191 20).
1511 2121 1644 2177 Vide
1659 2137 1788 2194 ergo

189 2210 319 2280 quia
346 2209 578 2266 nondum
592 2210 853 2282 pervenit,
876 2212 1109 2267 nondum
1124 2212 1493 2284 apprehendit.
1510 2214 1645 2283 Quid
1658 2230 1787 2287 ergo

189 2301 311 2355 ait?
337 2300 564 2369 Fratres,
586 2319 679 2376 ego
705 2319 785 2358 me
808 2320 911 2359 non
932 2305 1149 2359 arbitror
1166 2305 1560 2376 appreltendisse
1585 2321 1606 2361 :
1629 2324 1785 2361 unum

190 2400 385 2455 autem,
415 2408 529 2463 qua:
554 2402 687 2448 retro
714 2392 916 2461 oblitus,
941 2395 994 2449 in
1028 2411 1087 2450 ea
1114 2410 1226 2465 qua:
1251 2405 1367 2450 ante
1390 2405 1508 2451 sunt
1532 2407 1780 2464 extentus,

191 2482 470 2537 secundum
490 2484 814 2539 intentionem
838 2501 1019 2557 sequor
1041 2486 1110 2539 ad
1135 2487 1356 2555 palmam
1378 2505 1612 2556 superna:
1636 2505 1784 2545 voca-

187 2573 344 2628 tionis
375 2573 629 2644 (I’ltilipp.
662 2591 741 2642 ιιι,
777 2576 940 2632 12-14
960 2576 1001 2647 ).
1037 2578 1129 2634 Ille
1157 2594 1284 2649 ergo
1309 2581 1474 2635 currit
1497 2623 1513 2643 .
1542 2591 1596 2636 ιιι
1625 2581 1782 2637 haesi-

187 2665 281 2721 sti.
301 2665 392 2721 llle
412 2666 540 2722 dicit
555 2667 787 2723 nOndum
805 2684 864 2723 se
890 2668 1183 2740 perfectum
1203 2687 1220 2735 ;
1237 2681 1291 2726 et
1314 2672 1490 2741 tujam
1512 2672 1582 2728 de
1601 2674 1777 2743 perl'e-

188 2758 368 2814 CIione
386 2759 671 2830 gloriaris!
700 2758 1103 2816 Confundantur
1128 2761 1216 2831 qui
1241 2762 1332 2816 tibi
1361 2764 1578 2818 dicunt:
1608 2763 1774 2837 Euge,

186 2867 329 2923 euge.
351 2850 705 2908 COnfundaris
736 2852 877 2908 inter
902 2853 1020 2909 illos
1045 2863 1099 2909 et
1130 2864 1207 2921 tu,
1233 2854 1356 2926 quia
1388 2864 1443 2911 tu
1473 2855 1564 2911 tibi
1596 2856 1731 2914 dicis
1758 2876 1773 2913 :

188 2941 368 3015 Euge,
398 2961 542 3016 euge.
586 2946 686 3013 Qui
733 2947 874 3000 enim
923 2947 1157 3016 seipsum
1210 2946 1387 3003 laudat
1410 2988 1427 3015 ,
1459 2949 1561 3004 sibi
1598 2949 1726 3006 dicit
1756 2967 1771 3006 :

185 3034 352 3106 Euge,
390 3051 511 3107 euge
538 3051 557 3090 :
583 3035 675 3108 qui
700 3035 768 3092 ab
803 3036 923 3091 aliis
962 3037 1206 3093 laudatur
1248 3048 1303 3094 et
1346 3041 1633 3105 consentit,
1665 3056 1773 3098 non

183 3137 360 3200 portat
397 3128 572 3184 oleum
616 3145 829 3195 secum;
877 3120 1133 3186 deficiunt
1171 3131 1310 3190 faces
1333 3172 1351 3199 ,
1388 3133 1667 3192 clausurus
1690 3143 1776 3193 est

182 3218 276 3274 ille
294 3218 510 3288 jannam
544 3220 564 3293 (
589 3219 779 3276 Matt/1.
808 3237 931 3284 xxv.
958 3222 1014 3287 5,
1043 3223 1112 3279 10
1130 3224 1170 3291 ).

254 3308 309 3365 9.
351 3309 461 3367 lloc
488 3327 615 3381 ergo
634 3328 734 3368 nos
757 3312 938 3368 docuit
968 3314 1201 3382 psalmus
1230 3314 1332 3371 iste
1351 3314 1610 3386 breviter,
1637 3317 1769 3375 cha-

181 3404 401 3470 rissimi,
450 3420 519 3460 ex
561 3405 924 3463 admonitione
966 3408 1318 3465 solemnitatis
1364 3424 1680 3485 martyrum,
1713 3422 1772 3471 ut

184 3497 544 3567 intelligamus
584 3500 705 3569 quia
752 3509 1012 3571 martyres
1050 3500 1444 3558 tribulationem
1496 3503 1585 3561 hic
1626 3505 1769 3576 passi

180 3598 305 3644 sunt
330 3591 698 3661 corporalem:
723 3606 821 3648 nos
864 3592 916 3647 in
956 3602 1384 3665 quantacumque
1415 3611 1547 3666 pace
1574 3597 1763 3668 simus,

181 3698 403 3742 necesse
430 3694 511 3740 est
556 3684 822 3756 patiamur
871 3685 1270 3742 tribulationem
1319 3687 1682 3758 spiritualem;
1712 3698 1767 3746 et

182 3790 400 3832 necesse
427 3785 512 3833 est
550 3786 609 3832 ut
647 3777 786 3835 inter
828 3777 1186 3845 scandala,'et
1225 3778 1448 3842 zizania,
1473 3788 1528 3837 et
1559 3780 1764 3849 paleam

177 3878 354 3939 gemat
379 3867 614 3923 Ecclesia
633 3879 688 3924 ct
711 3868 798 3924 illa
826 3884 1022 3937 massa,
1048 3869 1219 3926 donec
1239 3871 1429 3926 messis
1453 3872 1646 3937 veniat,
1669 3872 1763 3928 do-

179 3973 281 4014 nec
310 3959 680 4024 ventilabrum,
711 3958 883 4014 donec
912 3959 1087 4026 veniat
1132 3960 1316 4016 ultima
1362 3961 1655 4026 ventilatio,
1703 3971 1765 4019 ut

177 4059 455 4119 separetur
478 4050 623 4120 palea
648 4065 677 4105 a
706 4051 972 4107 l'rmneuto
990 4092 1006 4118 ,
1036 4051 1208 4107 donec
1236 4052 1301 4107 ad
1347 4052 1600 4110 horreum
1634 4056 1759 4112 red-

179 4145 351 4214 igatur
376 4142 488 4214 (Id.
522 4160 641 4209 xm.
663 4143 761 4209 ΞΟ,
790 4154 837 4199 et
861 4160 938 4211 ut,
980 4142 1090 4217 i2).
1117 4144 1269 4214 Quod
1300 4145 1473 4202 donec
1505 4148 1614 4213 fiat,
1646 4149 1760 4203 cla-

177 4252 418 4294 mctntts:
452 4235 560 4308 Ego
579 4253 694 4292 vero
718 4254 902 4310 egenus
921 4246 967 4292 et
1004 4255 1198 4309 pauper
1214 4256 1361 4305 sunt;
1389 4239 1545 4306 Deus,
1571 4240 1759 4304 adiuva

175 4346 291 4384 me:
311 4330 516 4400 adjutor
540 4347 677 4384 meus
712 4346 766 4385 es
792 4340 867 4395 tu,
902 4328 1151 4393 Domine;
1181 4347 1244 4387 ne
1275 4331 1571 4387 tardaveris.
1619 4332 1756 4417 Quid

173 4429 278 4485 cst,
304 4419 387 4476 Ne
409 4420 721 4477 tardaveris?
747 4421 878 4489 Quia
910 4422 1058 4477 multi
1086 4422 1300 4478 dicunt:
1331 4423 1569 4495 Longum
1600 4435 1680 4480 est
1702 4435 1759 4482 ιιι

172 4512 350 4568 veniat
373 4511 639 4567 Christus.
663 4511 801 4580 Quid
827 4528 973 4583 ergo,
998 4515 1121 4584 quia
1145 4514 1394 4581 dicimus,
1421 4515 1502 4571 Ne
1521 4518 1755 4573 tardave-

169 4603 284 4659 ris.’
310 4611 566 4659 venturus
590 4612 674 4658 est
709 4612 992 4674 antequam
1037 4607 1223 4661 statuit
1247 4608 1464 4663 venire?
1488 4610 1624 4679 Quid
1652 4611 1753 4667 sibi

169 4696 284 4752 vult
307 4695 409 4752 hoc
436 4706 639 4759 votum,
688 4693 772 4750 Nc
809 4696 1123 4752 tardaveris?
1163 4698 1241 4755 Ne
1270 4699 1398 4756 mihi
1444 4702 1645 4758 tardius
1674 4704 1753 4760 vi-

168 4790 359 4847 deatur
382 4788 523 4862 quod
550 4798 803 4845 venturus
826 4804 905 4845 es.
936 4789 1052 4844 Tibi
1080 4791 1222 4846 enim
1252 4793 1467 4864 longum
1505 4795 1746 4863 videtur;

167 4896 275 4938 non
305 4881 413 4937 Deo
438 4880 652 4952 longum
674 4879 903 4943 videtur.
933 4880 1020 4936 cui
1043 4882 1189 4938 mille
1206 4885 1335 4939 anni
1357 4885 1470 4941 dies
1487 4901 1624 4942 unus
1644 4898 1748 4955 est,

166 4976 256 5031 vel
283 4983 390 5031 tres
421 4972 565 5030 hora:
593 4973 789 5046 vigilia:
813 4971 988 5046 (Psal.
1012 4991 1227 5043 cxxxtx,
1254 4975 1335 5049 4).
1362 4977 1470 5034 Sed
1498 4990 1551 5034 tu
1572 4981 1616 5036 si
1641 4996 1746 5036 non

165 5066 418 5124 habueris
460 5066 812 5133 tolerantiam,
860 5066 1066 5122 tardum
1112 5066 1206 5122 tibi
1248 5068 1351 5124 erit
1377 5087 1390 5123 :
1418 5077 1473 5126 et
1499 5085 1621 5126 cum
1655 5071 1748 5128 tibi

165 5158 376 5215 tardum
406 5161 526 5223 erit,
554 5156 854 5213 deﬂecteris
879 5156 949 5213 ab
971 5172 1058 5227 eo,
1098 5168 1153 5214 et
1182 5160 1289 5215 eris
1310 5159 1502 5218 similis
1531 5162 1631 5218 illis
1655 5163 1748 5236 qui

162 5251 218 5306 in
244 5255 426 5306 eremo
458 5248 655 5319 fatigati
696 5258 839 5315 sunt,
875 5259 929 5307 et
955 5249 1340 5307 festinaverunt
1365 5268 1394 5305 a
1425 5251 1536 5309 Deo
1566 5262 1748 5324 petere

161 5341 401 5407 delicias,
433 5356 568 5413 quas
592 5340 693 5397 illis
719 5343 772 5396 in
802 5342 972 5413 patria
1000 5342 1338 5410 reservabat;
1381 5353 1438 5400 et
1475 5360 1597 5402 cum
1634 5361 1741 5403 non

159 5435 417 5492 darentur
440 5433 645 5490 deliciae
676 5434 728 5490 in
772 5434 981 5499 itinere,
1012 5436 1205 5508 quibus
1248 5437 1384 5492 forte
1428 5453 1744 5510 corrumpe-

158 5536 368 5596 rentur,
401 5536 866 5583 murmuravernnt
887 5527 1143 5585 adversus
1175 5528 1358 5598 Deum,
1390 5539 1445 5586 et
1470 5532 1744 5589 redierunt

158 5618 321 5677 corde
348 5620 402 5676 in
431 5618 719 5692 Egyptum
747 5617 945 5692 (Exod.
988 5635 1102 5691 ut,
1143 5620 1200 5690 2,
1241 5632 1291 5678 et
1336 5622 1448 5679 Act.
1482 5640 1576 5694 vu,
1603 5626 1732 5698 39);

220 5818 242 5900 ξ
361 5824 416 5900 ξι
579 5816 1542 5900 εξὶξεοέενιξξςιρρονεςι
1563 5835 1709 5900 rate.-

220 5880 242 5913 ³
262 5880 412 5933 Hicin
434 5880 722 5948 ald.dees_t_,
741 5893 888 5946 super
916 5893 936 5931 :
958 5894 1069 5948 quae
1100 5894 1195 5933 vox
1221 5880 1454 5937 exstat'in
1482 5892 1589 5938 Mss.
1618 5894 1671 5940 et
1691 5889 1739 5938 in

157 5954 319 6008 graeco
337 5948 483 5994 textu
504 5941 728 6006 Αιωειοιί.

343 6024 570 6089 Ssucr.
608 6028 887 6089 Ausus'r.
924 6026 1029 6089 IV.

1333 432 1735 495 ΗΝΔΒΒΔἸΊΟ
1770 433 1839 491 IN
1876 434 2198 497 PSALMUM
2224 443 2382 502 LXX.

1910 551 2051 608 unde
2077 569 2302 628 corpore
2333 562 2541 621 fuerant
2563 571 2820 639 separati,
2847 576 3013 635 corde
3034 579 3329 639 redierunt.
3374 585 3497 645 Noli

1905 658 2033 714 ergo
2064 658 2117 702 tu
2157 651 2268 716 sic;
2301 656 2408 710 noli
2436 657 2547 713 sic:
2580 662 2706 719 time
2733 667 2953 722 verbum
2990 670 3195 729 Domini
3241 676 3490 746 dicentis,

1905 738 2209 840 blementote
2242 750 2415 804 uxoris
2438 750 2533 807 Lot
2566 754 2713 826 (Luc.
2745 775 2879 828 xvn,
2904 763 3014 834 52).
3052 765 3119 819 Et
3149 771 3260 836 ipsa
3305 772 3354 825 in
3383 738 3487 840 via,

1897 833 2008 935 jam
2029 835 2247 894 liberata
2264 840 2331 898 de
2352 843 2620 917 Sodomis,
2649 861 2794 907 retro
2823 860 3087 926 respexit;
3117 833 3204 917 ubi
3231 868 3487 935 respexit,

1902 924 1974 980 ibi
1995 932 2284 986 remansit:
2313 933 2445 991 facta
2472 949 2555 994 cst
2584 951 2754 999 statua
2788 924 2928 1001 salis
2954 947 3105 1021 (Gen.
3137 967 3253 1019 xix,
3293 924 3408 1023 29).
3434 924 3493 1012 υἱ

1900 1019 2116 1133 condiat
2140 1033 2210 1079 te.
2242 1024 2504 1098 Exemplo
2529 1033 2681 1092 enim
2705 1035 2798 1092 tibi
2845 1019 2971 1094 data.
2994 1051 3094 1108 est,
3117 1055 3173 1097 ut
3196 1056 3250 1099 ιιι
3275 1019 3519 1133 εοιίιιςι-ίι

1902 1107 2053 1176 beas,
2079 1129 2184 1169 non
2208 1131 2486 1177 remaneas
2523 1125 2695 1182 fatuus
2722 1127 2773 1184 in
2808 1131 2909 1185 via.
2943 1132 3174 1191 Attende
3202 1154 3491 1196 remanen-

1902 1206 2030 1267 tem,
2072 1212 2125 1259 et
2164 1209 2358 1274 transi;
2391 1214 2606 1271 attende
2646 1220 3020 1288 respicientem
3068 1239 3235 1295 retro,
3268 1242 3321 1284 ct
3353 1241 3405 1284 tu
3437 1233 3489 1286 iu

1899 1296 2165 1353 anteriora
2192 1309 2439 1358 extentus
2467 1317 2604 1374 esto,
2637 1308 2773 1365 sicut
2817 1312 3029 1370 Paulus.
3077 1316 3212 1386 Quid
3254 1332 3336 1376 est
3375 1337 3485 1379 non

1897 1388 2166 1455 reSpicere
2191 1393 2370 1448 retro?
2401 1396 2529 1462 Qua:
2547 1408 2682 1454 retro
2704 1401 2904 1469 oblitus,
2925 1406 3112 1476 inquit.
3145 1409 3268 1466 ideo
3285 1427 3485 1482 seque-

1897 1477 1970 1532 ris
1996 1491 2214 1537 voc-itus
2247 1485 2312 1538 ad
2340 1500 2624 1557 supernam
2673 1494 2899 1562 palmam
2928 1498 2995 1552 de
3022 1516 3121 1569 qua
3156 1513 3337 1570 postea
3365 1477 3487 1575 plo-

1897 1566 2071 1623 rieris.
2096 1571 2229 1638 Quia
2252 1574 2390 1630 idem
2419 1578 2708 1647 Apostolus
2727 1584 2891 1641 dicit:
2926 1566 3169 1658 Superest
3196 1593 3320 1647 milii
3343 1566 3489 1649 coro-

1895 1661 2208 1757 uajustitite,
2244 1681 2396 1735 quam
2429 1670 2552 1725 ini/ti
2572 1674 2744 1730 reddet
2768 1675 3017 1735 Dominus
3037 1682 3089 1737 in
3109 1683 3199 1738 illo
3221 1684 3303 1740 die
3312 1688 3488 1757 justus

1886 1748 2056 1817 judea:
2076 1752 2142 1821 (ll
2167 1753 2301 1810 Tim.
2331 1774 2404 1826 tv,
2430 1760 2507 1834 8).

2301 1964 2385 2027 ΙΝ
2440 1967 2822 2038 PSALMUM
2864 1978 3041 2044 LXX

2491 2090 2908 2157 ENARRATIO.

2559 2222 2731 2268 SSBIIO
2768 2229 2807 2269 1.

2337 2314 2416 2372 De
2436 2320 2601 2389 prima
2629 2335 2777 2394 parte
2803 2325 3024 2387 Psalmi.

1955 2421 2008 2476 i.
2050 2421 2107 2479 ln
2136 2427 2389 2485 omnibus
2433 2430 2722 2505 Scripturis
2765 2445 2986 2510 sanctis,
3018 2450 3185 2518 gratia
3218 2452 3311 2511 Dei
3353 2471 3476 2529 qua

1882 2510 2075 2608 liberat
2104 2534 2200 2574 nos
2229 2527 2571 2583 commendat
2598 2544 2658 2587 se
2683 2534 2858 2603 nobis,
2882 2548 2937 2592 nt
2958 2510 3476 2608 coinnieiidatosiia-

1890 2603 2011 2660 boat
2026 2623 2150 2707 nos.
2176 2611 2286 2668 Hoc
2310 2615 2361 2671 in
2389 2617 2491 2674 isto
2519 2622 2723 2690 psalmo
2742 2629 2968 2694 canitur.
2992 2632 3059 2690 de
3088 2651 3195 2707 quo
3221 2603 3478 2700 eiimVe-

1882 2704 1992 2798 sint
2019 2698 2291 2757 Charitate
2323 2705 2464 2778 loqui
2488 2716 2841 2783 suscepimus.
2874 2721 3054 2779 Aderit
3098 2698 3377 2798 Dominus,
3413 2698 3476 2791 ut

1878 2788 1956 2847 sic
1973 2806 2090 2847 eam
2117 2796 2280 2853 corde
2303 2802 2621 2872 concipiam,
2646 2812 2913 2876 quiomodo
2940 2814 3156 2887 dignum
3178 2832 3290 2888 est;
3319 2788 3377 2880 ei
3392 2827 3473 2884 sic

1876 2896 1996 2939 eam
2029 2902 2290 2955 promam,
2322 2898 2591 2963 quomodo
2617 2902 2832 2968 expedit
2865 2906 3032 2963 vobis.
3077 2911 3297 2969 Multum
3324 2918 3472 2976 enim

1876 2987 2056 3031 movet
2082 2979 2172 3035 Dei
2202 2997 2358 3039 amor
2384 2996 2435 3042 et
2462 2989 2655 3045 timor:
2683 2994 2842 3051 timor
2867 2997 2982 3054 Dei.
3012 3004 3131 3070 quia
3158 3005 3335 3075 justus
3361 3020 3468 3079 est;

1873 3078 2044 3169 amor,
2075 3070 2197 3139 quia
2228 3074 2533 3134 misericors
2572 3091 2671 3137 est.
2706 3083 2831 3153 Quis
2855 3089 2989 3144 enim
3016 3094 3061 3146 ei
3087 3070 3291 3167 diceret,
3328 3070 3470 3169 Quid

1872 3159 2039 3229 fecisti
2057 3161 2210 3260 (ἶςιιρΓ
2243 3183 2341 3260 xit,
2370 3169 2478 3242 l2),
2509 3173 2552 3228 si
2579 3173 2857 3235 damnaret
2894 3182 3148 3253 injustam
3174 3188 3229 3242 ιτ)
3257 3159 3468 3260 Quanta

1871 3264 2001 3323 ergo
2026 3252 2390 3314 misericordia
2416 3263 2554 3333 ejus,
2579 3276 2635 3322 ut
2656 3266 2911 3340 justilicet
2939 3252 3231 3347 injustam?
3258 3252 3334 3341 Ex
3362 3285 3468 3345 hoc

1871 3344 2178 3413 praelectum
2224 3350 2378 3407 nobis
2426 3362 2483 3410 et
2521 3357 2839 3429 Apostolum
2885 3344 3183 3426 audivimus
3212 3344 3463 3435 eamdem

1871 3437 2104 3495 maxime
2131 3444 2354 3511 gratiam
2381 3453 2881 3513 commendantem:
2911 3460 2980 3515 de
3009 3463 3158 3533 enjus
3181 3481 3464 3527 commcn-

1867 3528 2084 3588 datione
2116 3532 2345 3594 habebat
2373 3539 2587 3601 .ludseos
2616 3546 2880 3619 inimicos,
2912 3528 3161 3613 velut'de
3179 3559 3339 3631 Legis
3370 3565 3463 3622 lit-

1868 3626 1980 3676 tera
1999 3638 2404 3697 przesumentes,
2431 3642 2484 3689 et
2502 3645 2751 3708 tanquam
2769 3641 3027 3711 justitiam
3058 3664 3208 3705 suam
3234 3626 3463 3726 diligen-

1976 3724 2136 3818 atqu‘e
2158 3717 2449 3790 jactantes;
2471 3725 2539 3779 de
2561 3729 2751 3797 quibus
2776 3732 2903 3788 dicit
2926 3754 2940 3791 :
2971 3717 3461 3818 Testintoiiitiitipw-

1869 3802 2013 3860 hibeo
2048 3807 2171 3873 illis,
2213 3811 2334 3878 quia
2378 3812 2543 3870 zelum
2584 3818 2680 3874 Dei
2702 3821 2905 3890 habent,
2942 3829 3031 3883 sed
3057 3847 3156 3886 non
3178 3802 3460 3894 secundum

1865 3899 2144 3956 scientiam.
2180 3902 2245 3958 Et
2271 3914 2517 3976 tauquam
2542 3912 2589 3966 ei
2615 3912 2904 3985 diceretur,
2934 3919 3069 3989 Quid
3095 3933 3179 3979 est
3199 3928 3339 3983 enim
3362 3929 3461 3988 ha-

1865 3988 1994 4046 bere
2024 3994 2194 4050 zelum
2244 3997 2337 4054 Dei
2387 4017 2493 4058 non
2540 4008 2831 4064 secundum
2875 4013 3190 4071 scientiam?
3224 4021 3458 4093 subjecit

1862 4084 2135 4147 continuo,
2160 4086 2464 4160 Ignorantes
2489 4097 2618 4149 enim
2642 4097 2739 4152 Dei
2742 4100 3018 4171 justitiam,
3044 4116 3090 4161 et
3109 4125 3254 4163 suam
3279 4084 3456 4169 utilen-

1862 4182 1935 4230 tes
1958 4179 2277 4249 constituere,
2298 4183 2516 4253 justitia!
2545 4187 2641 4244 Dei
2664 4206 2765 4246 non
2789 4204 2904 4248 sunt
2929 4196 3140 4269 subjecti
3185 4202 3358 4274 (Rom.
3389 4222 3451 4277 x,

1859 4267 1916 4363 2-,
1961 4268 2040 4363 ξι).
2091 4270 2411 4343 Gloriantes,
2456 4278 2646 4350 inquit,
2677 4291 2922 4357 tanquam
2953 4267 3025 4345 de
3044 4267 3318 4363 operibus,
3351 4267 3453 4355 ex;

1860 4359 2081 4416 cludunt
2114 4377 2142 4417 a
2173 4380 2233 4420 se
2276 4369 2531 4437 gratiam;
2579 4381 2634 4428 ct
2674 4384 2921 4447 tanquam
2965 4380 3032 4437 de
3078 4359 3313 4445 sanitate
3353 4407 3451 4448 sua

1860 4449 1988 4506 falsa
2017 4468 2401 4523 pnrsumentes
2432 4476 2687 4534 respuunt
2714 4469 3053 4528 medicinam.
3087 4475 3285 4533 Contra
3315 4482 3451 4539 tales

1858 4546 1999 4600 enim
2030 4555 2085 4603 et
2115 4549 2367 4607 Dominus
2392 4553 2633 4613 dixerat:
2664 4557 2786 4615 Non
2810 4564 2922 4618 veni
2956 4581 3130 4623 vocare
3142 4570 3333 4641 justas,
3356 4575 3450 4631 sed

1857 4650 2142 4708 peccatores
2167 4642 2219 4698 in
2246 4646 2619 4715 paenitentiam;
2640 4669 2740 4708 non
2777 4664 2850 4709 est
2874 4674 3003 4726 opus
3036 4662 3174 4717 sanis
3198 4665 3443 4736 medicus,

1855 4730 1947 4785 sed
1973 4732 2107 4787 male
2129 4733 2423 4794 habentibus
2449 4739 2662 4813 (Matth.
2700 4760 2772 4811 ix,
2804 4749 2891 4809 15,
2918 4751 3027 4822 l2).
3062 4752 3185 4809 llmc
3206 4767 3288 4812 est
3316 4730 3446 4830 ergo

1858 4828 1964 4878 tota
1995 4825 2214 4882 scientia
2248 4846 2453 4901 magna,
2490 4834 2951 4896 hominem'scire
2975 4845 3095 4913 quia
3119 4845 3233 4915 ipse
3264 4864 3360 4918 per
3379 4825 3444 4906 se

1855 4913 1987 4968 nihil
2014 4929 2122 4983 cst;
2151 4929 2201 4973 ct
2229 4923 2476 4989 quoniam
2505 4925 2757 4998 quidquid
2782 4940 2882 4996 est,
2906 4947 2934 4987 a
2969 4935 3078 4991 Deo
3105 4913 3205 5004 est,
3237 4913 3290 4995 et
3318 4957 3443 5012 pro-

1854 5017 1977 5078 pter
2007 5008 2171 5066 Deum
2204 5023 2305 5070 cst.
2343 5014 2480 5082 Quid
2497 5018 2629 5072 enim
2648 5019 2821 5083 habes.
2850 5025 3038 5098 inquit,
3061 5031 3199 5099 quod
3217 5008 3440 5088 non—ac-

1854 5100 2066 5171 cepisti?
2087 5101 2149 5159 Si
2178 5114 2343 5161 autem
2366 5117 2415 5162 et
2432 5107 2454 5140 ³
2479 5112 2735 5182 accepisti,
2761 5118 2887 5189 quid
2909 5121 3144 5192 gloriaris
3163 5127 3309 5193 quasi
3336 5145 3441 5185 non

1852 5195 2103 5267 acceperis
2145 5196 2187 5269 (Ι
2230 5196 2348 5254 Cor.
2390 5216 2462 5268 tv,
2507 5202 2598 5276 7)?
2633 5204 2783 5265 Hanc
2829 5214 3053 5282 gratiam
3098 5221 3440 5278 commendat

1915 5390 2513 5475 1.59;":I'i‘fﬂi’lt_§"?‘iiils
2527 5402 2664 5451 Corb-
2690 5402 3033 5475 ρριίιιιεεροιίες
3055 5415 3158 5475 διες,
3183 5410 3435 5475 mium.

1848 5459 1961 5529 Evam
1985 5453 2030 5529 id
2072 5453 2366 5526 Augustinus
2388 5453 2769 5529 postearepet'it
2788 5453 3033 5529 uitii:
3056 5453 3438 5529 aliiulé'mié;

1847 5513 2544 5600 3?F¥“-.::£W§e'.".awzr
2559 5513 3332 5600 iuiut’a‘tgidib'u'eﬁizaqm”
3274 5513 3301 5525 ν
3322 5513 3438 5592 "iiii

1847 5574 2242 5663 fientque-ti
2256 5581 2452 5663 fecisti?
2476 5574 2654 5663 sequis
2676 5574 3432 5663 νῇιιὸιᾴᾱιό”ἷιίἓὲηὲ’“ἷιῖἔιῗε”ἑῇ“ξ

1840 5639 2035 5725 ἓιὲςιιιι³
2047 5639 2265 5725 aliquem
2278 5645 2455 5725 judicis
2476 5649 2558 5696 Dei
2574 5639 2587 5649 ’
2599 5639 2846 5725 senieutia
2861 5639 3013 5725 iposss‘e
3026 5639 3435 5725 fgigiiiiiiﬁééi

1846 5700 2101 5789 ﬁtﬁtsiv‘e
2127 5700 2484 5789 pronuntiari;
2516 5710 2646 5789 quod
2663 5700 2881 5789 ¹οιιιιιιιιό
2906 5700 3435 5789 ’ὧξςῇἰῆἐξξᾶιυ””

1846 5763 2389 5844 deputareLRespieere
2400 5763 2597 5844 videtur
2617 5772 2677 5844 ad
2692 5787 2728 5844 .v
2735 5763 3182 5842 ιιι-ιιιι-δθῇῗῖιιιῗῖξ

1908 5826 1930 5891 ξ
1954 5836 2054 5891 sui.
2075 5833 2149 5877 Er.
2172 5826 2232 5891 et'
2249 5837 2353 5881 tres
2377 5838 2499 5891 Mss,

1908 5888 2351 5967 [Ψξοέιὲῖιέμηεν
2384 5898 2446 5953 θ’»
2470 5888 2600 5959 qm)"
2637 5896 2685 5947 ίη
2725 5904 2830 5948 Mss-
2858 5908 3052 5967 αδδιδι.
3098 5912 3152 5959 et
3194 5911 3247 5962 iu
3288 5918 3432 5964 textu

1838 5962 2010 6013 graeco
2027 5951 2250 6016 Apostoli.

2671 6046 2934 6128 (l’t’ugl-
2950 6049 3147 6131 ltuit.)
