3966 6444
239 397 356 458 877

241 520 358 576 nti.’
400 517 532 573 Nam
561 513 764 569 dictum
793 519 895 579 est,
942 520 1106 580 quare
1149 503 1353 575 captivi.
1395 502 1662 570 Quantum
1695 497 1842 553 arbio

242 621 382 677 trur,
408 619 459 664 et
487 607 590 664 hoc
613 603 804 663 elucet.
832 599 1091 671 Quoniam
1115 597 1168 652 in
1193 594 1590 664 comparatione
1612 591 1839 646 ﬁliorum

241 697 492 759 Jnnadalt
532 695 705 754 omnis
751 691 1112 750 inobcdlcniia
1141 689 1352 760 culpata
1381 695 1486 742 est.
1519 686 1620 741 Per
1651 683 1839 739 inube-

241 795 502 854 dientiam
529 800 709 848 autem
745 787 940 860 captivi
985 784 1110 842 facti
1139 794 1344 851 smnus,
1374 783 1498 854 quia
1527 779 1642 853 ipso
1669 777 1838 834 Adam

241 905 356 946 non
382 879 682 942 obediendo
711 880 969 955 peccavit.
1000 877 1208 934 Dictum
1237 881 1320 932 est
1347 882 1526 930 autem
1554 871 1624 929 ab
1646 869 1840 930 eodem

242 977 530 1054 Apostolo,
572 974 714 1049 quod
757 977 813 1032 et
841 983 1028 1030 verum
1052 979 1156 1038 est,
1187 969 1306 1042 quia
1331 983 1351 1021 t
1373 977 1561 1023 omnes
1585 965 1642 1021 in
1667 963 1838 1020 Adam

240 1053 568 1137 moriuntur,
601 1070 654 1124 in
671 1081 779 1141 quo
806 1079 996 1123 omnes
1025 1067 1382 1136 peccaverunt
1409 1075 1430 1114 1
1454 1057 1630 1134 (Rom.
1649 1071 1701 1124 v,
1723 1053 1835 1130 te).

239 1159 436 1223 Merito
473 1167 568 1220 ett
593 1159 748 1234 primi
791 1159 934 1215 ducti
963 1165 1089 1212 sunt
1113 1152 1342 1226 captivi:
1375 1165 1397 1204 1
1432 1149 1554 1223 quia
1585 1167 1604 1203 1
1635 1147 1838 1220 primus

238 1256 409 1314 homo
437 1254 503 1312 de
533 1259 672 1312 terra
703 1261 968 1316 terrenus,
990 1245 1258 1305 secundus
1280 1243 1444 1300 homo
1470 1241 1539 1299 dc
1562 1241 1701 1299 coelo
1725 1253 1837 1297 cte-

237 1349 432 1418 lestis;
461 1348 636 1422 qualis
661 1348 927 1412 terrenus,
958 1341 1092 1400 tales
1117 1348 1174 1398 et
1212 1339 1443 1405 terreni;
1474 1335 1649 1410 qualis
1670 1333 1836 1391 emic-

236 1442 365 1513 stis,
407 1441 540 1498 tales
581 1447 639 1497 et
685 1437 952 1496 caelestes.
999 1433 1151 1492 Sicut
1196 1431 1522 1506 portavimus
1552 1430 1834 1501 imaginem

239 1533 464 1601 terreni,
495 1539 767 1606 portemus
782 1537 838 1587 et
858 1527 1143 1601 imaginem
1161 1525 1280 1598 ejus
1303 1525 1392 1597 qui
1419 1522 1490 1606 de
1514 1521 1651 1606 coelo
1677 1529 1780 1578 est.
1807 1540 1827 1575 1

226 1619 448 1679 Primus
475 1603 634 1673 homo
662 1615 904 1687 captivos
930 1627 1031 1668 nos
1058 1609 1217 1676 fecit;
1248 1603 1516 1665 secundus
1535 1603 1704 1662 homo
1724 1619 1824 1661 nos

228 1713 306 1771 de
331 1711 635 1780 captivitate
674 1705 939 1764 liberavit.
991 1703 1138 1760 Sicut
1179 1701 1311 1756 enim
1351 1699 1405 1754 in
1444 1697 1611 1752 Adam
1656 1709 1829 1752 omnes

231 1809 546 1872 moriuntur,
571 1804 643 1858 ita
663 1809 709 1858 et
731 1801 784 1856 in
805 1797 1007 1856 Christo
1029 1810 1200 1854 omnes
1224 1793 1608 1864 viviﬁcabuntur
1637 1790 1682 1864 (l
1707 1791 1826 1853 Cor.

232 1905 331 1967 ἰν,
371 1895 559 1965 47-49,
603 1894 720 1965 22).
762 1891 867 1952 Sed
907 1892 960 1948 lu
1008 1888 1177 1946 Adam
1208 1887 1507 1943 moriuntur
1534 1899 1628 1957 per
1652 1882 1833 1939 carnis

235 1993 612 2056 nativitatem;
657 1989 709 2044 in
737 1985 955 2044 Christo
997 1983 1291 2041 liberantur
1318 1993 1412 2052 per
1438 1977 1619 2034 cordis
1649 1976 1830 2033 intem.

240 2085 362 2145 Non
391 2087 506 2142 erat
532 2085 582 2140 in
611 2087 874 2154 potestate
897 2087 983 2136 tua
1011 2087 1066 2133 ut
1095 2091 1201 2134 non
1227 2073 1527 2132 nasccrcris
1551 2085 1619 2128 ex
1639 2069 1832 2137 Adam;

241 2179 404 2238 estin
437 2179 698 2250 potestate
731 2181 820 2231 tua
860 2179 918 2229 ut
951 2169 1142 2229 credas
1181 2170 1232 2224 in
1258 2168 1549 2250 Christum.
1578 2167 1840 2235 Qautum-

243 2285 478 2344 cumque
504 2279 633 2342 ergo
651 2268 720 2325 ad
742 2267 970 2339 primum
993 2262 1264 2320 hominem
1288 2261 1556 2332 pertinere
1576 2255 1835 2326 volueris,

233 2365 308 2424 ad
334 2365 695 2439 captivitatem
727 2360 1035 2433 pertinehis.
1059 2356 1126 2415 Et
1153 2355 1282 2432 quid
1307 2362 1411 2423 est,
1439 2355 1714 2430 pertinere
1732 2367 1831 2410 vo-

233 2453 438 2516 lueris?
464 2466 557 2513 aut
582 2454 706 2528 quid
732 2461 834 2519 est,
859 2449 1181 2526 pertinebis‘.’
1207 2447 1324 2508 Iam
1354 2449 1633 2522 pertines:
1659 2445 1830 2504 excla-

232 2559 349 2618 ma,
384 2549 509 2616 Quis
535 2564 614 2604 me
639 2546 866 2604 liberabit
896 2545 960 2603 de
982 2553 1194 2618 corpore
1237 2541 1416 2598 mortis
1449 2539 1604 2613 hujus
1633 2538 1824 2612 (Item.

231 2655 334 2711 τυ,
357 2640 490 2711 2111
512 2639 802 2695 Audiamus
826 2647 954 2708 ergo
979 2635 1137 2691 istum
1167 2633 1272 2691 hoc
1296 2632 1707 2690 exclamantem.

311 2735 365 2794 ὅ.
401 2733 536 2792 Deus
558 2733 598 2800 ⁸.
622 2733 674 2790 in
703 2741 752 2790 te
775 2726 1006 2803 speravi;
1033 2725 1244 2785 Domine
1263 2771 1279 2798 ,
1316 2741 1417 2784 non
1446 2728 1730 2800 canfundar
1771 2727 1828 2781 in

233 2835 500 2888 cateruam.
528 2826 646 2885 iam
685 2817 938 2882 confusus
971 2835 1126 2889 sum;
1163 2821 1247 2878 vel
1290 2833 1396 2878 non
1442 2817 1496 2876 in
1533 2819 1824 2876 teteruurnl

233 2917 521 2994 Quomodo
547 2919 687 2976 enim
716 2933 820 2973 nun
852 2924 934 2973 est
965 2915 1221 2972 cenfusus
1241 2955 1256 2984 ,
1285 2914 1369 2968 cui
1399 2907 1632 2968 dicitur:
1667 2910 1827 2979 Quem

235 3008 460 3086 fructum
487 3010 732 3066 habuistis
753 3007 802 3064 in
834 3008 933 3074 his,
963 3005 1017 3061 in
1041 3003 1218 3074 quibus
1243 3019 1378 3060 nunc
1402 3001 1688 3058 erubescitis
1714 2999 1824 3073 (Id.

235 3109 314 3174 in,
349 3101 464 3176 2i).
491 3101 628 3172 Quid
657 3117 786 3174 ergo
815 3101 922 3166 lict,
944 3113 1012 3155 ne
1040 3097 1430 3156 confundamnr
1460 3095 1784 3151 innatet-num
1802 3095 1828 3148 ‘I

234 3195 473 3256 Act-edite
499 3193 568 3252 ad
603 3212 752 3264 eum,
777 3203 825 3251 et
849 3191 1208 3249 illumiuamini
1228 3233 1242 3256 ,
1265 3197 1312 3246 et
1346 3184 1512 3246 uultus
1548 3187 1697 3246 periri
1727 3203 1829 3244 non

236 3291 526 3351 erubescent
551 3283 724 3363 (Psai.
758 3293 925 3344 xxxrtt
945 3327 962 3352 ,
990 3284 1066 3358 6).
1106 3283 1326 3341 Confusi
1357 3283 1490 3340 estis
1520 3281 1573 3338 111
1611 3281 1779 3338 Adam
1807 3300 1824 3338 :

235 3383 474 3446 recedite
494 3385 562 3442 ab
589 3382 756 3440 Adam
775 3425 789 3448 ,
815 3377 1055 3438 accedite
1085 3378 1149 3434 ad
1179 3377 1472 3444 Christum,
1501 3385 1554 3433 et
1581 3374 1690 3447 jam
1722 3391 1828 3432 non

237 3479 657 3541 confundemini.
687 3476 756 3534 In
783 3485 831 3534 te
867 3475 1068 3547 speravi
1089 3518 1102 3538 ,
1136 3473 1388 3539 Domine;
1417 3489 1516 3527 non
1543 3471 1832 3545 canfuntiar

235 3571 293 3634 in
318 3586 582 3632 a-ternum.
605 3571 663 3630 Si
691 3573 747 3628 in
774 3585 862 3628 me
888 3564 1213 3635 confundor,
1237 3567 1293 3622 in
1317 3573 1369 3623 te
1395 3577 1504 3622 non
1530 3561 1830 3622 confundor

237 3667 294 3726 in
323 3677 602 3725 aeternum.

310 3759 364 3817 4.
398 3757 550 3834 [νινε.
593 3753 674 3832 2.]
719 3753 785 3811 In
815 3761 901 3810 tua
917 3747 1124 3826 justiiin
1159 3757 1278 3805 erue
1306 3763 1415 3815 me,
1447 3747 1495 3802 et
1528 3745 1690 3802 crime
1727 3756 1824 3803 me.

237 3847 355 3910 Non
386 3853 439 3908 111
470 3867 610 3918 mea,
641 3847 733 3904 sed
754 3849 804 3903 in
833 3855 950 3916 tua;
978 3845 1022 3900 si
1045 3845 1186 3900 enim
1208 3844 1258 3898 in
1280 3849 1531 3910 mea,ero
1557 3852 1618 3896 es
1644 3837 1746 3894 illis
1763 3840 1830 3894 de

237 3941 434 4021 quibus
462 3943 552 4002 ille
577 3943 688 4000 ait:
712 3940 1011 4014 Ignorantes
1033 3937 1127 3993 Dei
1140 3936 1416 4008 justitiam,
1442 3947 1489 3990 et
1514 3941 1658 3989 suam
1673 3933 1832 4004 justi-

241 4041 364 4096 tiam
391 4037 610 4094 uolentes
647 4035 968 4098 constituere,
985 4030 1202 4102 justitiae
1229 4023 1323 4082 Dei
1354 4040 1452 4082 nan
1483 4036 1598 4080 sunt
1617 4023 1831 4094 subjecti

239 4128 426 4206 (Rom.
451 4147 509 4195 χ,
525 4125 561 4188 3
580 4131 621 4200 ).
643 4121 784 4200 Ergo
800 4127 850 4182 in
868 4136 955 4181 tua
971 4123 1188 4192 iustitia,
1211 4138 1316 4177 nun
1337 4121 1388 4176 in
1405 4136 1539 4177 mea.
1559 4117 1689 4186 Quia
1711 4131 1828 4172 mea

237 4223 702 4300 qiiitliPrtcccssit
731 4220 1000 4292 iniquitas.
1038 4217 1096 4274 Et
1132 4232 1255 4272 cum
1285 4214 1591 4286 erojnstus,
1623 4224 1708 4266 tua
1735 4209 1830 4282 jn-

239 4318 385 4376 8111111
415 4319 518 4374 erit
547 4335 560 4372 :
593 4313 714 4388 quia
743 4311 948 4385 jnstitia
981 4307 1110 4365 mihi
1140 4305 1236 4364 abs
1267 4317 1318 4363 le
1347 4307 1467 4361 data
1494 4305 1671 4376 justus
1700 4317 1826 4368 cro;

239 4419 296 4470 ct
319 4411 398 4467 sic
420 4409 522 4466 erit
549 4423 688 4474 mea,
713 4417 770 4462 ut
800 4416 884 4460 tua
915 4405 1004 4468 sit,
1033 4399 1084 4458 id
1115 4411 1196 4458 est
1227 4401 1323 4456 abs
1351 4409 1401 4455 te
1432 4397 1558 4455 mihi
1587 4393 1733 4453 data.
1766 4393 1826 4450 111

239 4513 364 4560 eum
390 4499 531 4556 enim
562 4496 724 4554 credo
763 4497 852 4568 qui
877 4491 1136 4565 justiﬁeat
1173 4492 1392 4564 impium
1415 4531 1430 4556 ,
1457 4498 1515 4543 ut
1543 4488 1829 4558 deputetur

241 4591 374 4654 ﬁdes
417 4607 534 4648 mea
571 4587 638 4646 ad
671 4585 928 4660 justitiam
974 4581 1098 4658 (Id.
1139 4601 1210 4653 11,
1243 4584 1323 4654 5).
1363 4583 1474 4639 Erit
1507 4595 1634 4653 ergo
1671 4587 1727 4636 ct
1753 4579 1832 4634 sic

239 4684 443 4762 iustitia
473 4701 626 4752 mea;
659 4699 763 4739 non
795 4691 974 4737 tamen
1012 4691 1260 4752 tanquam
1294 4680 1506 4750 prppria
1535 4693 1651 4734 mea
1674 4720 1687 4740 ,
1723 4692 1828 4732 non

241 4790 493 4854 tanquam
517 4794 551 4836 a
577 4777 784 4848 meipso
813 4773 942 4830 mihi
973 4773 1094 4828 data
1127 4789 1140 4826 :
1171 4773 1308 4828 sicut
1347 4770 1602 4842 putabant
1629 4767 1704 4824 illi
1739 4765 1830 4841 qui

243 4888 340 4947 per
383 4867 616 4928 litteram
657 4865 1040 4939 gloriabantur,
1095 4869 1150 4919 et
1197 4863 1420 4935 gratiam
1479 4861 1826 4932 reSpuehant.

242 4963 379 5023 Nam
404 4963 602 5022 dictum
628 4970 711 5020 est
737 4961 844 5016 alio
865 4959 981 5014 loco
1003 4975 1018 5013 :
1043 4953 1235 5012 Judica
1263 4973 1363 5022 me,
1391 4951 1624 5018 Domine,
1655 4969 1835 5008 secun-

244 5057 368 5114 dum
383 5055 639 5129 justitiam
663 5070 826 5110 meam
861 5049 1032 5127 (Psal.
1064 5065 1159 5116 vn,
1189 5048 1268 5120 9).
1310 5047 1466 5105 Certe
1498 5065 1600 5104 non
1631 5047 1825 5120 gloria-

246 5152 405 5210 batur
431 5152 482 5207 in
513 5164 608 5206 sua
631 5148 856 5220 jnstitia.
886 5142 993 5203 Sed
1038 5159 1229 5200 revoca
1260 5141 1325 5198 ad
1358 5159 1443 5197 me
1471 5140 1783 5212 Apostolqu
1811 5155 1828 5195 :

249 5246 390 5318 Quid
413 5243 547 5300 enim
576 5239 728 5298 habes
757 5237 893 5308 quod
931 5255 1032 5294 non
1069 5235 1308 5306 accepisti
1334 5234 1377 5308 (1
1408 5231 1528 5290 Cor.
1562 5250 1631 5299 tv,
1655 5233 1752 5306 '1)?
1777 5240 1834 5290 et

246 5341 329 5396 sic
353 5338 439 5395 dic
459 5336 718 5409 justitiam
752 5344 894 5388 luant
915 5375 931 5400 ,
965 5343 1021 5388 ut
1051 5329 1362 5386 memineris
1390 5327 1531 5398 quod
1557 5329 1830 5398 acceperis

199 5440 207 5450 '
245 5447 366 5490 eam
387 5472 403 5499 ,
431 5441 486 5488 et
515 5445 620 5486 non
650 5442 766 5483 eam
799 5423 1037 5481 invideas
1068 5415 1470 5496 accipientibus.
1497 5419 1629 5477 Nam
1657 5434 1711 5476 et
1741 5421 1833 5478 ille

249 5522 576 5587 Pharismus,
601 5529 850 5591 tanquam
879 5533 910 5572 a
942 5517 1048 5572 Deo
1077 5515 1388 5586 recepisset,
1421 5510 1634 5570 diccbat
1661 5531 1674 5568 ε
1702 5511 1834 5568 Gra-

252 5618 351 5673 tias
379 5617 503 5682 tibi,
534 5613 653 5686 quia
681 5629 782 5666 non
822 5627 934 5666 sunt
968 5611 1098 5664 sicut
1136 5609 1302 5664 crctcri
1349 5607 1596 5662 homines.
1627 5605 1834 5662 Gratias

185 5695 196 5704 ’
251 5709 374 5767 tibi:
399 5708 556 5766 bene.
584 5705 720 5777 Quia
740 5721 838 5760 non
863 5720 974 5760 sum
1002 5703 1132 5758 sicut
1152 5702 1316 5757 ueteri
1341 5700 1567 5756 homines
1593 5699 1833 5772 :quarc?

253 5801 384 5860 inde
411 5799 558 5858 enim
588 5807 640 5856 te
665 5795 894 5856 delectat
921 5794 1043 5869 quia
1070 5794 1243 5853 bonus
1271 5809 1350 5864 es,
1383 5791 1521 5870 quod
1553 5791 1688 5850 alter
1714 5809 1832 5850 tua-

313 5945 333 5976 ³
359 5945 491 5994 tinus
513 5933 704 5992 Pratell.
730 5942 810 5988 tis.
836 5947 931 5988 non
952 5931 1120 5994 habet,
1148 5940 1288 5986 Deus.

1313 382 1708 442 ENARRATIO
1747 382 1810 438 IN
1851 381 2172 441 PSALMUM
2215 387 2375 444 LXX.

3429 403 3528 470 £73

1953 499 2034 556 lus
2061 505 2182 558 est?
2207 503 2444 576 Denique
2469 508 2592 578 quid
2619 509 2853 569 addidit?
2879 507 3087 587 Injusti,
3109 531 3353 591 raptores,
3379 533 3530 583 adut-

1947 595 2060 658 teri,
2092 595 2220 650 sicut
2245 609 2291 652 et
2336 597 2649 658 Publicanns
2677 606 2788 659 iste.
2821 606 2930 662 Hoc
2952 612 3059 677 jam
3094 629 3195 666 non
3227 629 3307 670 est
3348 624 3520 677 exsul-

1947 695 2060 744 tare
2083 727 2100 755 ,
2145 691 2241 746 sed
2297 691 2574 752 insultare.
2620 696 2712 752 ille
2740 710 2918 756 autem
2945 706 3184 775 captivm
3223 728 3311 765 nec
3353 717 3524 772 oculos

1941 779 2013 876 at!
2036 783 2215 837 coelum
2244 785 2460 841 audebat
2483 789 2648 845 leuare
2663 807 2684 855 ;
2707 795 2796 848 sed
2819 797 3122 861 percutiebut
3150 814 3320 872 pectus
3347 823 3518 876 suum,

1941 872 2116 930 dicens
2143 891 2163 930 :
2191 876 2406 936 Damius
2427 917 2444 946 ,
2484 883 2734 954 propitius
2775 899 2878 944 esto
2919 891 3045 946 mihi
3074 900 3324 960 peccaturi
3368 872 3518 968 (Luc.

1943 977 2096 1033 tvm,
2130 969 2218 1036 11,
2249 971 2361 1042 15).
2389 973 2583 1031 Parum
2616 977 2796 1052 itaque
2820 990 2904 1036 est
2925 1021 2940 1050 ,
2970 995 3030 1040 ut
3059 987 3186 1044 illud
3217 993 3360 1062 quod
3389 994 3440 1049 in
3477 1005 3527 1052 ts

1941 1071 2025 1118 est
2053 1061 2249 1119 bonum
2289 1079 2550 1138 agnoscas
2577 1073 2720 1144 quod
2743 1089 2778 1131 o
2805 1075 2916 1132 Deo
2943 1079 3046 1145 sit,
3081 1082 3179 1138 nisi
3209 1061 3366 1140 etiam
3399 1089 3525 1146 inde

1939 1166 2047 1252 non
2069 1165 2122 1213 te
2151 1159 2378 1218 extollas
2404 1177 2566 1234 super
2592 1166 2741 1223 illum
2780 1170 2906 1241 quid
2933 1173 3170 1230 nondum
3199 1178 3402 1245 habet;
3429 1184 3520 1252 qui

1939 1245 2166 1310 fortasse
2193 1267 2314 1310 cum
2339 1260 2620 1330 acceperit,
2646 1264 2867 1320 transiet
2895 1276 2966 1324 te.
2989 1263 3216 1336 Quando
3240 1275 3382 1330 enim
3409 1245 3526 1334 erat

1937 1343 2130 1402 Saulus
2155 1345 2412 1419 Stephani
2444 1351 2712 1422 iapidator
2737 1353 2875 1429 (Act.
2907 1371 3003 1427 vn,
3033 1363 3146 1429 59).
3177 1377 3339 1434 quam
3373 1369 3524 1425 multi

1935 1447 2090 1496 erant
2117 1442 2405 1498 Christiani
2433 1459 2661 1516 quorum
2687 1457 2805 1504 erat
2833 1450 2924 1505 ille
2952 1459 3290 1523 persecutor!
3320 1459 3523 1516 Tmen

1933 1532 2150 1604 quando
2185 1547 2476 1592 conversus
2515 1545 2633 1606 est,
2662 1551 2850 1606 omnes
2905 1543 2995 1614 qui
3038 1557 3099 1601 se
3137 1559 3524 1616 prteccsset‘ttnt

1921 1621 2217 1694 Superavit.
2266 1623 2410 1695 Ergo
2455 1624 2544 1680 dic
2587 1626 2698 1682 Deo
2739 1627 2883 1698 quod
2913 1629 3066 1685 audis
3091 1630 3142 1686 in
3174 1631 3419 1688 Psalmox
3447 1633 3518 1690 In

1921 1719 1998 1774 tes
2024 1718 2214 1790 peravi,
2233 1716 2486 1786 Domine;
2510 1735 2612 1774 non
2653 1720 2942 1790 confundor
2964 1723 3017 1777 in
3047 1733 3288 1780 temnunt
3306 1742 3326 1780 :
3349 1727 3405 1781 111
3427 1737 3519 1783 tua

1921 1811 2142 1884 iustitia,
2174 1823 2279 1867 non
2305 1811 2357 1866 in
2389 1827 2528 1878 mea,
2560 1827 2678 1868 erue
2700 1827 2799 1882 me,
2826 1819 2874 1869 et
2899 1815 3061 1870 exime
3087 1832 3186 1872 me.
3217 1817 3424 1875 Iustina
3447 1821 3518 1875 ad

1925 1921 2006 1960 me
2022 1921 2197 1960 aurem
2223 1893 2381 1961 tuam.
2417 1905 2487 1961 Et
2510 1905 2626 1963 htcc
2651 1907 2922 1964 confessio
2943 1917 3030 1966 est
3050 1910 3384 1968 humilitatis.
3414 1913 3517 1982 Qui

1923 1991 2074 2065 dicit,
2107 1996 2312 2054 Indian
2357 2000 2428 2053 ad
2463 2015 2564 2066 me,
2606 2002 2896 2058 confitetur
2919 2001 3044 2076 quia
3075 2003 3220 2076 jacet
3265 2015 3516 2079 tanquam

1922 2101 2069 2164 a‘gcr
2084 2100 2381 2164 prostratus
2398 2094 2606 2150 medico
2629 2096 2812 2153 stanti.
2832 2097 3071 2171 Denique
3092 2101 3216 2158 vide
3234 2102 3357 2174 quia
3375 2117 3519 2174 aeger

1926 2183 2193 2256 loquitur:
2222 2183 2426 2240 Incit'na
2445 2187 2513 2240 ad
2538 2199 2616 2242 me
2637 2201 2812 2245 aurem
2835 2195 2994 2259 tuum,
3017 2201 3066 2248 et
3089 2193 3284 2249 sataum
3305 2211 3386 2253 me
3409 2197 3515 2266 fac.

1996 2273 2049 2332 Β.
2091 2272 2242 2350 [verm
2274 2277 2352 2351 5.]
2387 2277 2509 2334 Esto
2528 2281 2653 2335 mihi
2675 2282 2727 2336 in
2751 2282 2915 2338 Deum
2943 2296 3290 2356 protectorem.
3313 2288 3428 2346 Non
3449 2291 3518 2346 ad

1925 2375 2015 2424 me
2037 2367 2212 2440 iacula
2241 2369 2439 2426 inimici
2473 2374 2804 2442 perveniant,
2827 2385 2928 2448 ego
2947 2377 3088 2433 enim
3114 2391 3202 2436 me
3235 2389 3520 2455 protegere

1929 2471 2037 2517 non
2066 2476 2305 2532 possum.
2339 2457 2408 2517 Et
2435 2475 2622 2532 parum
2654 2473 2758 2532 est,
2804 2467 2858 2522 111
2895 2475 3263 2540 protectorem;
3291 2473 3516 2542 addidit,

1927 2552 2052 2609 etin
2083 2551 2249 2608 locum
2275 2555 2548 2624 munitum,
2583 2565 2640 2611 ut
2664 2557 2859 2614 salvum
2887 2561 3050 2634 lucius
3095 2579 3194 2619 me.
3241 2561 3312 2619 In
3353 2567 3522 2622 locum

1929 2645 2182 2701 ntunitum
2203 2645 2333 2702 mihi
2359 2655 2506 2712 esto;
2533 2655 2589 2704 tu
2613 2657 2732 2706 esto
2760 2651 2910 2709 locus
2935 2655 3172 2712 munitus
3198 2669 3369 2715 meus.
3419 2655 3522 2717 Ubi

1929 2734 2178 2804 estquod
2204 2735 2271 2792 ab
2297 2735 2391 2793 illo
2411 2736 2657 2810 fugiebas
2677 2781 2693 2809 ,
2725 2739 2895 2797 Adam
2917 2785 2934 2810 ,
2963 2750 3020 2799 et
3043 2749 3097 2801 te
3125 2745 3268 2803 inter
3293 2749 3523 2819 paradisi

1931 2825 2071 2900 ligna
2103 2827 2510 2889 abscondebas?
2539 2832 2640 2890 Ubi
2669 2841 2752 2890 est
2777 2835 2922 2907 quod
2949 2837 3067 2908 ejus
3105 2835 3294 2896 faciem
3335 2841 3522 2897 formi-

1931 2921 2132 2992 dabas,
2159 2922 2226 2980 ad
2266 2935 2425 2996 quem
2448 2923 2681 2997 gaudere
2719 2937 3080 2986 consueveras
3115 2930 3268 3003 (Gen.
3297 2949 3387 2999 111,
3426 2934 3523 3002 8)?

1933 3013 2157 3082 Abiisti,
2201 3017 2257 3072 et
2289 3006 2503 3087 'periisti
2535 3033 2550 3074 :
2579 3017 2876 3090 captivatus
2917 3031 3005 3089 es,
3038 3029 3092 3078 et
3117 3035 3244 3079 ecce
3266 3024 3522 3096 visitarts,

1931 3111 1986 3163 et
2028 3119 2156 3164 ecce
2194 3119 2302 3164 nun
2347 3108 2667 3178 dimitteris;
2709 3119 2764 3169 et
2801 3124 2928 3171 ecce
2973 3115 3310 3174 dimittuntur
3351 3131 3522 3175 nonn-

1929 3200 2076 3273 ginta
2124 3209 2314 3258 novem
2371 3213 2503 3258 oves
2549 3203 2602 3259 in
2651 3204 2958 3276 montibus,
3008 3215 3062 3264 et
3115 3211 3371 3280 quaeritur
3408 3213 3524 3268 ovis

1935 3291 2172 3364 perdita;
2213 3303 2266 3352 et
2310 3305 2436 3352 cccc
2477 3293 2672 3352 dicitur
2717 3297 2784 3355 de
2826 3296 3041 3356 inventa
3086 3312 3187 3358 ove
3225 3319 3241 3358 :
3287 3303 3524 3362 Mortuus

1931 3391 2066 3452 erat,
2115 3393 2163 3440 et
2204 3385 2418 3454 revixit;
2457 3388 2703 3460 perierat,
2736 3399 2784 3446 et
2828 3389 3055 3448 literatus
3100 3399 3173 3448 est
3216 3393 3368 3467 (Luc.
3418 3411 3522 3466 xv,

1931 3477 2005 3547 4,
2059 3478 2188 3553 21).
2239 3480 2380 3540 Ecce
2430 3482 2544 3554 ipse
2597 3483 2736 3542 Deus
2785 3485 2952 3544 factus
2999 3493 3084 3546 est
3131 3487 3282 3548 locus
3334 3491 3524 3565 refugii

1934 3571 2044 3640 tui,
2079 3573 2168 3644 qui
2195 3575 2366 3644 primo
2389 3581 2506 3632 erat
2532 3585 2706 3632 metus
2728 3571 2868 3649 fuga:
2896 3585 3020 3636 tum.
3059 3579 3126 3636 In
3154 3582 3320 3637 locum
3359 3585 3526 3639 numi-

1934 3671 2038 3717 tum
2057 3705 2071 3730 ,
2101 3665 2304 3735 inquit,
2335 3665 2464 3722 mihi
2490 3673 2608 3724 esto
2629 3709 2643 3736 ,
2672 3676 2728 3722 ut
2752 3669 2950 3724 salvum
2980 3671 3140 3740 facias
3159 3689 3258 3728 me.
3288 3671 3405 3728 Non
3431 3685 3527 3731 ero

1933 3757 2112 3814 salvus
2141 3757 2240 3814 nisi
2272 3759 2322 3814 in
2357 3768 2408 3816 te
2441 3779 2454 3814 :
2488 3761 2586 3816 nisi
2619 3769 2672 3816 tu
2709 3760 2871 3817 fueris
2906 3763 3120 3834 requies
3161 3779 3278 3820 mea
3301 3807 3316 3829 ,
3341 3769 3527 3824 sanari

1935 3863 2040 3904 nun
2071 3851 2264 3921 poterit
2289 3851 2546 3922 aegritudo
2573 3863 2710 3907 mea.
2745 3851 2883 3910 cha
2912 3867 2998 3908 me
3021 3867 3050 3909 a
3080 3859 3253 3920 terra;
3287 3858 3523 3929 111111111-

1933 3949 2104 4008 ccam,
2148 3949 2206 3996 ut
2234 3957 2446 4010 surgam
2477 3942 2530 3996 in
2559 3943 2731 3998 locum
2759 3945 3042 4000 11111111111111.
3069 3945 3205 4013 Quid
3233 3947 3525 4004 munitius?

1931 4033 2066 4089 Cum
2093 4033 2159 4089 ad
2191 4033 2338 4090 illum
2363 4033 2536 4090 locum
2564 4035 2886 4107 confugeris.
2905 4036 2991 4092 dic
3018 4035 3146 4092 1111111
3168 4049 3302 4109 quos
3327 4039 3522 4097 adver-

1933 4125 2104 4181 sarius
2134 4123 2478 4181 formidabis?
2516 4125 2632 4198 quis
2675 4123 3044 4192 insidiabitur,
3075 4137 3128 4184 et
3159 4133 3429 4201 perveniet
3455 4131 3524 4190 ad

1935 4221 2026 4276 te?
2056 4217 2245 4276 Nescio
2277 4222 2395 4292 quis
2431 4219 2625 4276 dicitur
2664 4219 2730 4276 de
2761 4223 2956 4278 montis
2987 4223 3187 4280 vertice
3225 4223 3520 4297 clamasse,

1933 4325 2054 4368 Cum
2087 4313 2374 4382 imperatur
2403 4313 2671 4380 transiret,
2697 4311 2810 4368 Non
2836 4311 2976 4368 dcte
3000 4314 3224 4385 loquor:
3249 4317 3522 4388 respexiso

1934 4417 1993 4460 se
2019 4401 2108 4457 ille
2136 4403 2330 4458 dicitur
2357 4409 2409 4458 et
2435 4402 2655 4470 dixisse,
2677 4402 2788 4459 Nec
2813 4417 2911 4474 ego
2931 4402 2998 4460 de
3020 4413 3090 4460 te.
3115 4403 3524 4478 Comempserat

1935 4497 2312 4566 imperaturum
2332 4511 2453 4552 cum
2475 4495 2767 4568 insignibus
2788 4495 2973 4557 armis.
2994 4505 3048 4552 ct
3067 4499 3303 4554 exercitu
3329 4509 3522 4570 puten-

1937 4589 2044 4646 te'.
2071 4589 2256 4647 Unde?
2281 4590 2350 4644 De
2379 4590 2495 4644 loco
2519 4589 2742 4644 munito.
2769 4587 2822 4645 Si
2845 4605 3064 4646 securus
3092 4589 3179 4646 ille
3207 4591 3260 4646 in
3285 4593 3389 4647 alta
3416 4602 3526 4650 ter-

1936 4697 2023 4749 ra;
2051 4681 2318 4752 quomodo
2348 4697 2401 4737 iu
2433 4683 2482 4737 in
2513 4697 2580 4736 eo
2605 4698 2634 4736 a
2661 4695 2766 4752 quo
2790 4681 2982 4738 factum
3013 4691 3096 4738 est
3121 4683 3316 4739 curtum
3343 4693 3396 4740 et
3418 4691 3527 4741 ter-

1935 4775 2034 4832 ra?
2061 4773 2185 4830 Esto
2213 4787 2340 4846 ergo
2371 4774 2492 4828 milii
2528 4775 2580 4828 in
2621 4771 2784 4828 Deum
2815 4783 3162 4844 protectorem.
3192 4779 3236 4830 et
3276 4775 3327 4830 in
3359 4775 3523 4832 locum

1936 4869 2204 4936 munitum,
2227 4877 2280 4921 ut
2305 4867 2498 4922 saltum
2536 4865 2696 4937 facias
2735 4881 2832 4922 me.
2863 4860 2978 4938 Ego
3020 4865 3064 4921 sl
3095 4863 3221 4922 1111111
3249 4867 3409 4922 alium
3443 4867 3523 4922 lo-

1935 4979 2056 5020 cum
2080 4962 2310 5034 eirgcro,
2337 4963 2513 5016 salvus
2539 4974 2658 5017 esse
2685 4977 2788 5015 non
2817 4969 3025 5032 potero.
3055 4961 3205 5033 Elige
3231 4968 3394 5028 certe,
3422 4962 3524 5018 ho-

1936 5072 2046 5121 nm,
2069 5055 2111 5110 si
2136 5053 2423 5120 inveneris,
2453 5051 2814 5108 munitiorem.
2842 5051 2957 5110 Non
2979 5063 3060 5110 cst
3084 5067 3210 5125 ergo
3232 5069 3338 5126 quo
3359 5049 3527 5126 fugia-

1939 5155 2024 5205 tnr
2047 5144 2115 5205 ab
2141 5147 2254 5214 illo,
2286 5148 2386 5202 nisi
2416 5146 2482 5202 ad
2515 5147 2684 5202 illum.
2709 5145 2765 5201 Si
2790 5145 2870 5203 vis
2899 5145 3130 5203 evadere
3158 5147 3372 5213 italum,
3403 5147 3524 5219 lnge

1936 5241 2002 5298 ad
2028 5241 2572 5314 pl:tcatutn.Quoniant
2594 5237 2964 5311 ﬁrmamentum
2988 5255 3172 5306 meum,
3201 5250 3248 5297 et
3269 5241 3525 5314 refugium

1937 5352 2098 5390 meum
2140 5352 2192 5390 es
2233 5345 2308 5390 tu.
2357 5331 2758 5389 Firmamentum
2800 5347 2996 5396 meum,
3027 5329 3152 5403 quid
3182 5335 3300 5388 est?
3343 5329 3446 5390 Per
3473 5343 3526 5389 te

1937 5446 2054 5487 smn
2088 5432 2291 5498 firmus,
2314 5438 2367 5484 et
2392 5446 2457 5484 cx
2493 5437 2545 5485 te
2581 5443 2698 5484 sum
2725 5425 2928 5482 firmus.
2961 5425 3213 5492 Quoniam
3236 5425 3528 5496 ﬁrmamen-

1939 5533 2043 5578 tum
2070 5537 2254 5587 nteant,
2282 5529 2326 5576 et
2351 5521 2603 5593 refugium
2633 5535 2796 5573 meum
2823 5533 2874 5572 es
2897 5525 2950 5571 tu
2974 5533 2992 5572 :
3017 5525 3072 5571 ut
3099 5517 3217 5572 liam
3249 5517 3433 5572 firmus
3459 5533 3527 5575 ex

1940 5612 2203 5687 te,'sicntti
2233 5613 2382 5672 fuero
2411 5613 2706 5670 inﬁrmatus
2728 5609 2780 5666 in
2807 5623 2914 5676 me,
2948 5609 3202 5680 refugiant
3225 5609 3290 5664 ad
3316 5619 3384 5665 te.
3411 5607 3528 5665 Fira

1939 5727 2088 5768 mum
2118 5709 2260 5766 enim
2293 5718 2344 5764 te
2369 5707 2496 5763 facit
2523 5705 2691 5775 gratia
2718 5695 2953 5772 Christi,
2985 5709 3040 5758 et
3077 5699 3405 5757 inituobilem
3433 5702 3528 5756 ad-

1939 5819 2130 5862 versus
2157 5816 2346 5858 omnes
2375 5795 2694 5857 tentationcs
2723 5793 2947 5852 inimici.
2987 5793 3094 5851 Sed
3133 5793 3206 5853 ibi
3236 5803 3316 5851 est
3345 5803 3398 5852 ct
3428 5795 3529 5851 hu-

2009 5925 2024 5958 ¹
2052 5923 2124 5975 sic
2141 5927 2218 5974 Er.
2237 5925 2290 5971 et
2319 5915 2500 5981 aliquot
2522 5917 2627 5966 mss.
2655 5915 2709 5964 At
2725 5913 2859 5976 111111..
2882 5915 3124 5980 potestate.
