3966 6494
588 496 697 556 879

587 627 747 668 mana
778 608 1049 682 fragilitas,
1082 608 1151 664 ibi
1181 615 1263 663 est
1289 606 1462 663 adhuc
1484 606 1651 677 prima
1672 604 1971 674 captivitas,
1996 602 2066 657 ibi
2087 610 2171 657 est

588 714 647 761 et
673 705 754 760 lex
783 704 834 758 in
858 704 1112 757 membris
1138 716 1436 771 repugnans
1457 700 1557 770 legi
1586 698 1798 765 mentis,
1828 706 1882 752 et
1905 695 2171 765 captivum

585 798 775 852 volens
807 795 1005 851 ducere
1038 795 1089 848 in
1123 795 1238 865 lege
1268 792 1467 863 peccati
1511 791 1686 863 (Rom.
1718 806 1810 854 vn,
1839 789 1967 858 25):
1998 787 2174 842 adhuc

584 901 783 957 corpus
808 886 949 957 quod
974 885 1351 954 corrumpitur,
1377 891 1626 954 aggravat
1655 880 1886 952 animam
1916 878 2069 950 (Sap.
2094 894 2167 941 Ix,

583 980 703 1045 15).
731 979 1127 1048 Quantumlibet
1155 980 1339 1031 ﬁrmus
1371 977 1446 1031 sis
1470 991 1537 1031 ex
1565 974 1731 1046 gratia
1762 974 1885 1038 Dei;
1915 971 2170 1043 quamdiu

582 1072 760 1129 adhuc
789 1080 969 1143 portas
995 1080 1263 1127 terrenum
1293 1084 1409 1136 vas,
1433 1070 1485 1124 in
1512 1084 1619 1139 quo
1640 1069 1920 1122 thesaurus
1944 1075 2025 1121 est
2051 1064 2165 1132 Dei,

580 1167 783 1237 aliquid
818 1166 981 1223 etiam
1032 1166 1099 1220 de
1142 1166 1257 1235 ipso
1299 1178 1422 1218 vase
1471 1161 1616 1216 ﬁctili
1658 1159 2050 1215 formidandum
2085 1165 2170 1214 est

584 1257 652 1333 (ll
672 1258 790 1315 Cor.
821 1273 894 1324 ιν,
927 1258 1003 1327 7).
1038 1256 1178 1327 Ergo
1204 1256 1574 1325 ﬁrmamentum
1612 1268 1776 1306 meum
1804 1267 1857 1307 es
1886 1259 1960 1317 tu,
1993 1258 2049 1303 ut
2076 1248 2169 1305 lir-

576 1365 700 1406 mus
730 1352 831 1406 sim
860 1351 912 1405 in
943 1348 1045 1404 hoc
1073 1348 1271 1403 szeculo
1314 1346 1569 1402 adversus
1608 1359 1796 1400 omnes
1823 1344 2162 1398 tentationes.

578 1440 687 1499 Sed
726 1443 771 1499 si
799 1442 980 1497 multae
1005 1448 1148 1504 sunt,
1181 1447 1236 1494 et
1264 1438 1476 1493 turbant
1500 1453 1615 1503 me,
1643 1437 1893 1506 refugium
1921 1452 2084 1489 meum
2109 1445 2164 1489 tu

579 1550 652 1590 es.
695 1534 777 1589 Ad
807 1533 910 1589 hoc
944 1532 1083 1589 enim
1108 1530 1434 1586 conﬁtebor‘
1464 1529 1823 1585 inlirmitatem
1865 1543 2072 1592 meam,
2107 1536 2166 1583 ut

579 1625 681 1681 sim
698 1624 911 1679 timidus
926 1633 1173 1694 tanquam
1194 1622 1364 1691 lepus,
1382 1621 1502 1691 quia
1517 1622 1684 1691 spinis
1709 1621 1895 1690 plenus
1911 1630 2160 1690 tanquam

577 1716 793 1773 ericius.
824 1717 909 1782 Et,
939 1724 996 1770 ut
1031 1715 1084 1770 in
1120 1714 1224 1769 alio
1251 1713 1457 1785 psalmo
1484 1713 1701 1778 dicitur,
1736 1711 1893 1767 Petra
1922 1721 1993 1766 est
2022 1711 2162 1779 refu-

575 1809 714 1882 gium
739 1809 900 1863 ericiis
926 1818 971 1861 et
1000 1807 1251 1879 leporibus
1289 1805 1464 1878 (Psal.
1492 1822 1604 1874 cui,
1630 1806 1722 1878 18)
1751 1824 1763 1861 :
1798 1806 1955 1862 Petra
1978 1815 2156 1863 autem

570 1910 687 1957 erat
713 1900 954 1956 Christus
984 1899 1024 1971 (Ι
1054 1897 1173 1955 Cor.
1204 1915 1258 1966 Χ,
1289 1900 1369 1971 4).

640 1991 694 2048 6.
725 1989 871 2063 [vers.
895 1989 975 2063 4.]
1011 1988 1151 2045 Deus
1187 2007 1358 2054 meus,
1386 2006 1504 2045 erue
1531 2007 1611 2045 me
1638 1990 1701 2046 de
1739 2007 1893 2045 manu
1927 1996 2157 2062 peccato-

566 2088 658 2142 ris.
716 2086 1046 2142 Generaliter
1079 2087 1101 2117 ³
1156 2094 1496 2154 peceatores,
1558 2085 1698 2141 inter
1753 2100 1887 2156 quos
1948 2084 2156 2139 laborat

564 2180 666 2235 iste
714 2180 801 2249 qui
828 2178 895 2233 de
938 2177 1242 2248 captivitate
1276 2177 1386 2247 jam
1423 2176 1731 2232 liberandus
1777 2186 1887 2242 est;
1924 2177 2027 2233 iste
2063 2176 2152 2247 qui

563 2270 671 2340 iam
694 2268 902 2339 clamat
941 2284 954 2321 :
1000 2265 1193 2338 Infelix
1230 2283 1319 2339 ego
1349 2267 1530 2331 homo,
1566 2268 1677 2336 quis
1715 2284 1794 2321 me
1821 2266 2048 2322 liberabit
2090 2266 2154 2321 de

564 2376 777 2430 corpore
829 2359 1003 2414 mortis
1051 2358 1250 2428 hujus?
1293 2357 1470 2412 Gratia
1507 2357 1603 2412 Dei
1646 2375 1734 2427 per
1786 2356 1965 2412 Jesum
2004 2355 2152 2414 Chri-

563 2460 697 2505 stum
731 2450 991 2504 dominum
1024 2459 1252 2505 nostrum
1305 2448 1485 2521 (Rom.
1540 2465 1634 2514 vn,
1683 2449 1776 2516 24,
1804 2450 1956 2521 25)?
2004 2450 2149 2507 Intus

562 2550 648 2598 est
693 2541 899 2610 hostis,
953 2541 1040 2597 lex
1087 2543 1175 2597 illa
1221 2542 1273 2597 in
1317 2542 1601 2608 membris;
1629 2555 1754 2596 sunt
1788 2551 1841 2597 et
1878 2542 2012 2598 foris
2053 2543 2149 2600 ho-

560 2642 672 2690 stes
700 2651 712 2687 :
740 2650 846 2704 quo
874 2633 1114 2690 clamas?
1148 2634 1228 2689 Ad
1267 2634 1438 2701 illum,
1482 2635 1565 2690 cui
1609 2636 1893 2690 clamatum
1926 2647 2005 2692 eSt
2033 2655 2046 2691 :
2070 2639 2145 2693 Ab

559 2725 766 2780 occultis
804 2727 925 2780 meis
958 2726 1149 2780 munda
1183 2743 1290 2791 me,
1326 2724 1578 2790 Domine;
1606 2736 1651 2779 et
1687 2727 1749 2780 ab
1783 2728 1959 2782 alienis
1997 2746 2147 2799 parce

555 2833 700 2872 servo
729 2826 815 2871 tuo
843 2817 862 2884 (
888 2816 1033 2871 Psal.
1061 2832 1212 2882 xvm,
1244 2817 1332 2882 15,
1364 2817 1431 2871 14
1456 2816 1494 2888 ).
1530 2816 1690 2886 Ergo,
1716 2815 1928 2871 Salvum
1956 2835 2033 2873 me
2061 2824 2145 2889 fac

554 2925 676 2967 cum
705 2910 916 2977 dicitur,
955 2910 1023 2965 ab
1063 2909 1374 2981 mgritudine
1417 2919 1501 2964 tua
1538 2909 1734 2965 dicitur
1768 2911 2041 2979 interiore,
2090 2913 2141 2968 id

554 3014 639 3059 est
686 3003 754 3059 ab
800 3003 1079 3074 iniquitate
1122 3013 1243 3068 tua;
1279 3003 1345 3058 ab
1372 3018 1435 3057 ea
1464 3018 1565 3073 qua
1607 3005 1846 3072 captivus
1873 3019 1952 3072 es,
1983 3005 2050 3061 ab
2077 3021 2138 3061 ea

554 3113 657 3167 qua
699 3096 766 3153 ad
812 3098 1041 3168 primum
1087 3097 1355 3151 hominem
1388 3096 1640 3167 pertines,
1667 3107 1726 3151 ut
1765 3097 1905 3153 inter
1942 3098 2140 3176 primos

553 3190 792 3259 captivos
835 3190 1055 3245 clames.
1099 3187 1288 3244 Salvus
1333 3198 1507 3241 autem
1553 3186 1721 3242 factus
1758 3187 1827 3242 ab
1866 3189 2139 3259 iniquitate

551 3292 667 3347 tua,
701 3281 819 3337 vide
844 3281 954 3351 jam
985 3289 1039 3334 et
1077 3280 1143 3335 de
1182 3280 1544 3350 iniquitatibus
1581 3281 1769 3336 alienis
1791 3322 1806 3347 ,
1840 3282 1979 3337 inter
2006 3298 2139 3354 quos

552 3374 647 3427 tibi
675 3388 894 3428 necesse
919 3381 1002 3428 est
1026 3373 1223 3437 vivere,
1248 3386 1525 3442 quousque
1555 3372 1657 3425 vita
1688 3374 1783 3428 ista
1813 3375 2042 3429 ﬁniatur.
2075 3377 2139 3431 Et

550 3465 863 3535 quousque?
882 3464 1018 3520 Ecce
1040 3463 1217 3518 ﬁnitur
1241 3464 1330 3518 tibi
1352 3481 1365 3515 :
1388 3465 1638 3535 numquid
1666 3468 1841 3520 linitur
1862 3466 2133 3523 Ecclesize.

547 3560 652 3614 nisi
701 3558 755 3613 in
806 3557 909 3614 ﬁne
952 3556 1173 3612 sreculi?
1214 3558 1318 3612 Iste
1360 3566 1535 3611 autem
1578 3574 1714 3613 unus
1754 3558 1933 3625 homo,
1961 3562 2136 3618 unitas

547 3648 769 3712 Christi,
801 3650 995 3704 clamat
1024 3647 1120 3703 has
1149 3663 1324 3704 voces.
1348 3647 1577 3705 Necesse
1604 3660 1686 3705 est
1723 3666 1851 3721 ergo
1891 3661 1946 3706 ut
1985 3653 2134 3708 multi

547 3754 805 3800 exeuntes
831 3743 897 3799 de
924 3743 1028 3799 hoc
1052 3757 1275 3813 corpore
1311 3743 1513 3810 ﬁdeles,
1536 3744 1644 3813 jam
1687 3746 1793 3800 sint
1834 3747 1884 3801 in
1924 3747 2007 3803 illa
2048 3765 2130 3803 re-

546 3836 673 3908 quie
699 3851 854 3907 quam
884 3845 1103 3905 preestat
1137 3835 1277 3890 Dens
1314 3835 1584 3904 spiritibus
1621 3836 1853 3892 ﬁdelium
1881 3857 1893 3892 :
1924 3839 2016 3893 sed
2049 3840 2133 3894 hic

545 3936 671 3984 sunt
717 3927 891 3982 adhuc
935 3926 1173 3981 membra
1210 3923 1440 3991 Christi;
1474 3926 1523 3980 in
1554 3925 1638 3981 his
1667 3928 1754 3997 qui
1799 3927 1851 3981 in
1895 3928 1993 3983 hac
2024 3928 2130 3984 vita

543 4019 766 4089 degunt,
807 4018 862 4073 in
904 4018 988 4073 his
1020 4018 1109 4087 qui
1151 4027 1329 4087 postea
1373 4028 1673 4073 nascentur.
1710 4020 1848 4089 Ergo
1879 4036 2046 4089 usque
2076 4022 2127 4076 in

541 4110 704 4167 ﬁnem
735 4109 915 4166 saeculi
945 4109 1046 4163 erit
1074 4108 1161 4163 hic
1185 4109 1285 4163 iste
1305 4108 1486 4175 homo,
1513 4111 1599 4179 qui
1627 4111 1819 4166 clamat
1845 4128 1872 4165 a
1895 4114 2129 4183 peccatis

539 4200 655 4257 suis
700 4200 933 4263 liberari,
964 4208 1019 4255 et
1046 4215 1074 4253 a
1104 4200 1222 4269 lege
1265 4200 1623 4255 membrorum
1664 4214 1987 4273 repugnante
2027 4205 2125 4276 legi

539 4291 756 4346 mentis.
780 4289 981 4346 Deinde
1009 4292 1147 4344 inter
1175 4300 1389 4359 peccata
1428 4291 1671 4355 aliorum,
1704 4294 1840 4349 inter
1864 4311 1998 4366 quos
2029 4313 2126 4352 ne-

542 4397 693 4438 cesse
709 4389 791 4437 est
805 4390 863 4437 ut
875 4381 1015 4436 vivat
1031 4396 1197 4452 usque
1214 4381 1264 4435 in
1290 4381 1469 4437 linem.
1484 4382 1587 4438 Sed
1604 4384 1707 4438 duo
1721 4384 1916 4441 habent
1931 4402 2124 4457 genera

538 4484 850 4545 peccatores
894 4472 980 4527 isti
1010 4490 1023 4527 :
1052 4472 1140 4527 alii
1183 4472 1420 4543 suntqui
1451 4471 1643 4543 Legem
1671 4488 2008 4548 acceperunt,
2035 4481 2125 4534 alii

539 4575 665 4621 sunt
684 4565 770 4633 qui
788 4578 894 4618 non
912 4573 1230 4632 acceperunt
1249 4579 1262 4627 ;
1283 4578 1470 4617 omnes
1485 4564 1679 4634 Pagani
1697 4565 1886 4637 Legem
1911 4585 2014 4623 non
2037 4586 2126 4625 ac-

540 4663 817 4726 ceperunt,
835 4652 1197 4709 omneslndaei
1215 4652 1560 4706 etChristiani
1574 4653 1764 4723 Legem
1783 4670 2119 4728 acceperunt.

539 4749 683 4821 Ergo
714 4747 964 4819 generale
997 4761 1188 4801 nomen
1220 4755 1302 4801 est
1338 4754 1616 4815 peccator;
1649 4759 1739 4803 aut
1766 4749 1918 4821 Legis
1949 4763 2123 4811 trans-

535 4853 774 4912 gressor,
790 4838 833 4894 si
845 4837 1253 4908 accepitLegem
1270 4847 1390 4903 ;aut
1406 4840 1772 4896 tantummodo
1786 4843 1992 4915 iniquus
2007 4848 2123 4902 sine

534 4930 674 5002 Lege
693 4972 710 4999 ,
740 4930 786 4987 si
820 4944 926 4984 non
961 4930 1169 5001 accepit
1195 4929 1413 5001 Legem.
1456 4931 1532 4986 De
1562 4941 1787 5004 utroque
1809 4951 2007 5003 genere
2033 4939 2115 4993 lo-

537 5024 718 5095 quitur
738 5021 1045 5094 Apostolus,
1074 5033 1128 5078 et
1156 5022 1284 5077 dicit
1314 5039 1326 5076 :
1362 5020 1461 5088 Qui
1487 5022 1595 5077 sine
1619 5023 1751 5096 Lege
1774 5038 2116 5097 peccaverunt,

533 5117 644 5171 sine
673 5114 805 5187 Lege
834 5116 1104 5185 peribunt;
1151 5125 1197 5168 et
1238 5115 1322 5185 qui
1363 5115 1417 5168 in
1458 5113 1592 5187 Lege
1630 5129 1987 5185 peccaverunt.
2030 5138 2123 5192 per

536 5206 721 5278 Legem
738 5205 1110 5276 judicnbunlur
1140 5205 1313 5278 (Rom.
1345 5222 1403 5274 tt,
1436 5206 1543 5278 12).
1573 5207 1650 5261 Tu
1672 5218 1846 5263 autem
1871 5213 1959 5281 qui
1983 5212 2123 5269 inter

533 5306 822 5367 utrumque
837 5312 1004 5367 genus
1024 5299 1209 5368 gemis,
1234 5298 1318 5353 die
1340 5300 1447 5353 Deo
1467 5299 1605 5370 quod
1626 5300 1778 5357 audis
1798 5302 1849 5355 in
1874 5302 2115 5361 Psalmo:

539 5388 675 5445 Deus
704 5405 861 5451 meus.
889 5405 1008 5443 erue
1034 5406 1110 5443 me
1134 5388 1197 5442 de
1232 5407 1384 5443 manu
1414 5392 1706 5462 peccatoris.
1735 5390 1901 5463 Cujus
1928 5411 2118 5463 pecca-

535 5485 702 5540 toris?
731 5481 810 5538 De
838 5500 990 5537 manu
1023 5481 1208 5553 Legem
1238 5484 1580 5554 prcetereuntis
1608 5494 1653 5537 et
1678 5485 1856 5554 iniqui.
1886 5487 1976 5543 Est
2002 5489 2120 5558 qui-

529 5576 653 5632 dem
680 5584 736 5631 et
760 5575 972 5647 iniquus
1002 5573 1195 5643 Legem
1223 5574 1553 5645 praeteriens,
1582 5590 1687 5630 nun
1711 5577 1851 5631 enim
1884 5594 1987 5634 non
2013 5580 2115 5634 ini-

530 5684 667 5739 quus
681 5670 768 5741 qui
790 5670 982 5739 Legem
1000 5669 1271 5739 praeterit:
1296 5666 1389 5722 sed
1405 5669 1577 5722 omnis
1594 5668 1787 5739 Legem
1807 5674 2116 5742 praeteriens

593 5781 613 5845 ξ
636 5785 767 5845 ι.ον.,
791 5776 1041 5845 conﬁteor._
1056 5782 1226 5845 {ueteri
1251 5778 1380 5845 libri,
1408 5778 1678 5845 conﬁtebor.

590 5843 704 5910 {sic
738 5846 845 5890 Mss.
879 5840 955 5910 ac
983 5840 1113 5891 £dd.:
1138 5840 1429 5910 Generaliter
1462 5840 1671 5910 intelligo
1694 5855 1968 5910 peccatores
2003 5863 2021 5900 :
2059 5866 2117 5905 ac

528 5899 1138 5978 paulopostteditiolpvx
1184 5910 1295 5955 sunt
1329 5910 1376 5955 et
1398 5906 1517 5967 foris
1562 5899 1735 5970 Izo'ste's,
1777 5899 1972 5974 propter
1994 5899 2114 5978 quos

526 5962 711 6014 clamas
735 5964 799 6012 (ἀ
824 5962 973 6024 illum,
1006 5972 1096 6013 etc.
1398 5962 1407 5967 ’
1722 5962 1732 5970 ’
1777 5962 1786 5974 ’

1821 492 1880 549 S.
1918 486 2285 550 AUGUSTINI
2322 488 2626 549 EPISCOPI
3676 506 3742 567 ιω

2284 602 2496 672 iniquus
2517 613 2632 670 est,
2661 617 2768 659 non
2793 605 2970 660 omnis
3008 604 3221 677 iniquus
3252 605 3438 679 Legem
3462 613 3662 677 praterit.
3682 614 3742 672 Ubi

2280 695 2411 748 enim
2428 712 2528 749 non
2558 704 2628 750 est
2646 695 2772 761 Lex,
2791 696 2865 752 ait
2890 697 3197 767 Apostolus,
3216 714 3301 753 nec
3318 702 3742 769 prmaricatiotﬂon.

2279 802 2353 853 IV,
2383 788 2496 858 15).
2524 788 2623 857 Qui
2651 804 2781 858 ergo
2820 789 3012 860 Legem
3054 806 3159 846 non
3188 803 3514 861 acceperunt,
3542 797 3665 866 iniqui
3683 801 3744 856 diri

2280 887 2537 948 possunt,
2599 882 3038 950 praevaricatores
3091 898 3196 938 non
3252 896 3476 952 possunt.
3527 884 3744 945 initiantur

2278 968 2488 1039 utrique
2515 970 2807 1025 secundum
2841 972 3025 1027 merita
3054 986 3171 1028 sua.
3214 970 3318 1029 Sed
3348 989 3441 1045 ego
3465 976 3542 1046 qui
3566 976 3618 1033 de
3637 984 3745 1050 capti-

2277 1061 2437 1117 vitate
2466 1061 2585 1116 volu
2615 1062 2830 1118 liberari
2872 1078 2967 1133 per
2994 1064 3218 1133 gratiam
3258 1075 3425 1130 tuam,
3450 1068 3598 1121 clamo
3616 1071 3665 1124 ad
3692 1088 3745 1128 te:

2274 1149 2456 1205 Libera
2476 1169 2554 1207 me
2572 1153 2635 1206 de
2652 1170 2807 1209 manu
2833 1156 3131 1225 peccatoris.
3159 1156 3290 1224 Quid
3313 1168 3413 1223 est,
3433 1158 3493 1211 de
3514 1176 3640 1216 manu
3655 1165 3746 1232 ejus!

2275 1243 2351 1298 De
2377 1254 2641 1316 potestate
2664 1245 2812 1315 ejus;
2849 1262 2916 1301 ne
2946 1261 3066 1302 cum
3092 1248 3264 1311 saevit,
3292 1248 3507 1304 adducat
3530 1252 3585 1305 ad
3604 1267 3746 1311 censeo

2271 1337 2507 1402 sionem;
2554 1352 2622 1392 ne
2661 1351 2781 1392 cum
2812 1338 3113 1405 insidiatur,
3146 1341 3456 1408 persuadeat
3492 1342 3747 1414 iniquitatem.

2271 1425 2351 1482 De
2376 1445 2527 1482 manu
2552 1427 2735 1501 Legem
2768 1431 3113 1500 prmtereuntis
3147 1442 3192 1484 et
3218 1432 3391 1501 iniqui.
3424 1432 3657 1502 Resinnide
3675 1438 3747 1492 illi:

2268 1520 2404 1590 Quid
2433 1532 2484 1578 te
2507 1524 2702 1591 qua-ris
2728 1523 2942 1578 liberari
2969 1524 3037 1579 de
3067 1540 3225 1580 manu
3261 1524 3450 1595 Legem
3476 1533 3748 1597 praetereuntis

2267 1622 2322 1668 et
2346 1612 2548 1683 iniqui?
2573 1613 2688 1668 Noli
2715 1616 3056 1680 consentire;
3084 1616 3178 1671 sed
3207 1618 3250 1670 si
3278 1619 3446 1683 saevit,
3476 1622 3645 1684 patiens
3663 1632 3745 1684 esto.

2268 1703 2434 1759 tolera
2458 1705 2495 1756 ³.
2524 1702 2627 1760 Sed
2659 1706 2779 1776 quis
2811 1706 3002 1760 tulerat
3026 1708 3069 1770 ³,
3096 1707 3140 1761 si
3167 1708 3378 1762 deserat
3401 1710 3479 1764 ille.
3501 1711 3577 1780 qui
3603 1709 3746 1768 litlocss

2264 1795 2530 1851 munitus?
2558 1794 2735 1863 Quare
2757 1812 2885 1865 ergo
2908 1797 3029 1852 dico
3052 1814 3067 1853 :
3095 1796 3277 1853 Libera
3296 1816 3376 1855 me
3397 1801 3457 1855 de
3480 1819 3610 1855 manu
3631 1801 3746 1875 Lege:

2263 1889 2610 1957 preteretmtt's
2638 1898 2684 1943 et
2710 1889 2906 1961 iniqui?
2932 1891 3065 1957 Quia
3097 1907 3199 1946 non
3232 1903 3314 1948 est
3357 1892 3407 1946 in
3434 1907 3513 1950 me
3536 1902 3586 1949 ut
3615 1897 3748 1967 patiens

2260 1981 2382 2047 sim,
2410 1982 2504 2037 sed
2533 1980 2585 2036 in
2616 1992 2666 2037 te
2693 1984 2780 2054 qui
2811 1984 2980 2040 donas
3007 1984 3339 2055 patientiam.

2324 2076 2374 2131 7.
2395 2072 2543 2149 [vers.
2567 2077 2620 2140 5.
2641 2074 2719 2149 6.]
2741 2078 2975 2149 Denique
2992 2080 3405 2152 sequiturquare
3421 2082 3514 2136 hoc
3524 2081 3624 2137 dico
3639 2100 3649 2136 :
3665 2083 3749 2149 Quo-

2257 2166 2395 2220 niam
2425 2177 2478 2221 tu
2505 2184 2557 2222 es
2595 2169 2840 2238 patientia
2870 2186 2999 2223 mea.
3041 2170 3156 2226 Jatn
3186 2173 3231 2226 si
3282 2174 3523 2242 patientia
3542 2217 3555 2239 ,
3594 2186 3749 2232 reﬂect

2256 2258 2396 2329 quod
2440 2260 2680 2329 sequitur
2711 2280 2724 2315 :
2756 2260 3006 2329 Domine,
3050 2279 3166 2334 spes
3210 2280 3322 2319 mea
3362 2283 3393 2318 a
3421 2266 3748 2337 juventae-ta.

2256 2351 2381 2409 Ideo
2410 2354 2661 2422 patientia
2709 2369 2826 2409 mea
2846 2396 2863 2422 ,
2910 2355 3033 2426 quia
3063 2372 3187 2425 spes
3234 2373 3353 2413 mea
3382 2375 3396 2413 :
3423 2374 3486 2414 an
3513 2361 3657 2431 potius
3674 2361 3749 2416 ideo

2253 2459 2377 2515 Spes
2402 2462 2542 2512 mea,
2575 2446 2697 2517 quia
2728 2446 2975 2515 patientia
3008 2449 3162 2503 mea?
3186 2448 3487 2515 Tribulutio,
3511 2453 3575 2507 ait
3591 2454 3749 2525 Aposto-

2253 2537 2356 2603 lus,
2385 2540 2676 2609 patientiam
2703 2551 2961 2610 operatur,
2985 2541 3226 2612 patientia
3252 2541 3577 2612 probationem
3593 2587 3606 2611 ,
3626 2546 3749 2617 proba-

2252 2631 2321 2684 tio
2364 2642 2533 2684 autem
2582 2648 2722 2703 spem
2744 2672 2759 2696 ,
2813 2649 2931 2703 spes
2988 2649 3103 2688 vero
3141 2650 3242 2688 non
3286 2637 3539 2708 confundit
3584 2636 3686 2708 (Id.
3715 2653 3747 2701 t,

2251 2722 2305 2787 '5,
2335 2721 2414 2793 5).
2447 2723 2635 2778 Merito
2658 2724 2710 2779 in
2738 2733 2784 2779 te
2807 2725 3024 2793 speravi,
3048 2724 3305 2791 Domine;
3338 2746 3435 2782 non
3462 2730 3697 2800 confundat
3716 2732 3748 2784 is

2249 2824 2509 2870 (uernum.
2544 2815 2780 2885 Domine,
2807 2834 2923 2887 spes
2951 2835 3059 2872 mea
3087 2835 3119 2872 a
3137 2820 3409 2891 juventute
3428 2837 3547 2875 mea.
3570 2824 3605 2875 Α
3624 2822 3749 2891 jurul-

2248 2912 2364 2960 tute
2386 2915 2495 2973 tua,
2532 2907 2669 2962 Dens
2694 2924 2819 2978 Spes
2851 2910 2972 2964 tua?
2997 2908 3183 2967 Nonne
3211 2921 3268 2967 et
3311 2928 3341 2966 a
3374 2914 3579 2982 pueritia
3604 2923 3695 2980 tua,
3715 2922 3749 2968 et

2246 2996 2315 3052 ab
2355 2998 2571 3054 mfantia
2600 2999 2723 3054 ttta?
2756 3000 2939 3069 Plane,
2975 3002 3163 3075 inquit.
3191 3002 3327 3058 Nam
3360 3004 3475 3061 vide
3498 3006 3609 3076 quid
3632 3005 3749 3073 Sequi-

2247 3097 2353 3155 tur,
2386 3106 2453 3145 ne
2480 3089 2580 3147 hoc
2603 3101 2816 3161 putares
2847 3094 2915 3148 ita
2942 3110 3028 3151 me
3051 3097 3272 3162 dixisse,
3310 3098 3439 3167 Spes
3460 3116 3561 3155 mea
3580 3099 3747 3170 πίθηα-

2245 3189 2349 3234 tute
2374 3198 2505 3249 mea,
2533 3184 2684 3252 quasi
2714 3184 2842 3238 nihil
2881 3187 3141 3255 profuerit
3168 3187 3314 3242 Deus
3336 3190 3555 3245 infantia:
3574 3190 3641 3247 vel
3660 3205 3749 3261 pue-

2243 3274 2379 3329 ritiae
2407 3290 2572 3341 mete;
2598 3269 2719 3332 audi
2744 3278 2882 3347 quod
2909 3281 3150 3350 sequitur
3180 3299 3194 3336 :
3226 3280 3297 3336 In
3319 3284 3748 3347 tuon/innatum

2242 3381 2306 3420 ea:
2329 3376 2489 3421 utero.
2511 3368 2646 3422 Audi
2673 3369 2844 3424 adhuc
2879 3387 2891 3421 :
2925 3370 2998 3424 De
3018 3382 3183 3427 ventre
3214 3376 3395 3429 matris
3423 3390 3539 3431 mea:
3558 3386 3749 3444 tuapro-

2241 3466 2397 3513 tector
2421 3475 2577 3512 meus.
2606 3459 2782 3528 Quare
2817 3476 2966 3530 ergo,
2991 3480 3022 3515 a
3039 3465 3309 3535 juventute
3349 3485 3475 3535 mea,
3503 3468 3589 3524 nisi
3610 3485 3658 3524 et
3679 3482 3748 3538 quo

2242 3550 2293 3603 in
2327 3560 2376 3605 te
2402 3552 2541 3619 ccepi
2569 3553 2827 3621 sperare?
2850 3555 2987 3610 Ante
3027 3557 3169 3611 enim
3211 3574 3321 3615 non
3360 3562 3413 3616 in
3436 3574 3485 3617 te
3507 3562 3743 3633 sperabam;

2239 3645 2481 3714 quamvis
2523 3653 2576 3699 tu
2627 3644 2791 3701 fueris
2834 3657 3101 3717 protector
3143 3667 3319 3719 meus,
3362 3657 3447 3725 qui
3489 3671 3565 3710 me
3601 3656 3744 3711 Salvum

2240 3735 2538 3805 perduxisti
2562 3737 2630 3792 ad
2660 3747 2870 3809 tempus
2907 3755 3014 3810 quo
3043 3741 3095 3796 in
3127 3753 3177 3799 te
3202 3743 3465 3803 discerem
3500 3762 3690 3817 sperare.
3715 3747 3742 3800 Α

2232 3827 2509 3896 juventnte
2537 3839 2713 3885 autem
2741 3846 2856 3886 mea
2878 3834 3014 3901 coepi
3045 3834 3096 3889 in
3138 3844 3188 3891 te
3233 3852 3486 3905 Sperare;
3510 3855 3566 3895 ex
3588 3855 3672 3911 quo
3691 3852 3743 3893 me

2236 3920 2491 3976 adversus
2517 3921 2786 3978 diabolum
2820 3927 3059 3992 armasti,
3091 3936 3148 3982 ut
3178 3928 3227 3983 in
3257 3933 3526 4000 proi-inctu
3551 3932 3743 3988 exercitus

2239 4013 2313 4067 tui
2342 4024 2579 4067 armatus
2605 4014 2709 4070 ﬁde
2734 4024 2843 4081 tua,
2870 4016 3152 4084 charitate,
3181 4034 3301 4089 spe,
3331 4024 3621 4094 cauti-risque
3638 4019 3743 4076 donis

2238 4102 2341 4157 tuis
2366 4101 2708 4174 conﬁigerem
2740 4106 2997 4162 adversus
3045 4107 3346 4167 invisibiles
3387 4114 3607 4168 inimicos
3642 4122 3737 4175 11105,

2234 4193 2580 4264 audiremque
2609 4196 2678 4250 ab
2723 4197 2984 4267 Apostolo
3015 4214 3030 4251 :
3058 4197 3181 4255 Non
3227 4212 3305 4258 est
3347 4204 3485 4259 nobis
3527 4200 3742 4259 colluctatio

2233 4285 2470 4339 adversus
2494 4304 2700 4341 carnem
2723 4297 2770 4344 et
2810 4291 3146 4361 sanguinem;
3165 4294 3256 4348 sed
3293 4295 3527 4352 adversus
3549 4295 3739 4364 principa-

2232 4386 2331 4444 tus,
2362 4389 2409 4434 et
2432 4391 2718 4449 potestates,
2747 4392 2793 4436 et
2820 4393 3038 4439 rectores
3066 4386 3241 4439 mundi
3269 4390 3569 4444 tenebrarum
3592 4387 3735 4444 banti.

2231 4472 2468 4527 adversus
2496 4475 2789 4543 spirituulia
2830 4480 3063 4550 nequitia
3086 4479 3301 4551 (Ep/tes.
3332 4499 3406 4547 Vt,
3433 4482 3531 4555 12).
3557 4483 3665 4552 Ergo
3676 4479 3737 4549 ju-

2230 4566 2379 4621 venis
2404 4576 2485 4620 est
2511 4569 2600 4637 qui
2631 4580 2825 4640 pugnat
2866 4582 3051 4628 contra
3096 4573 3235 4637 ista;
3270 4577 3366 4632 sed
3391 4576 3607 4649 quamvis
3630 4574 3736 4639 jure-

2230 4660 2311 4712 nis
2339 4658 2426 4723 sit,
2457 4660 2618 4724 cadit,
2648 4663 2746 4717 nisi
2778 4663 2865 4720 ille
2909 4666 2980 4720 sit
3012 4681 3135 4731 Spes
3169 4670 3287 4737 ejus
3315 4672 3401 4727 cui
3430 4672 3633 4727 clamat:
3658 4665 3733 4720 οσ-

2229 4750 2379 4813 mine,
2406 4766 2522 4818 spes
2548 4769 2657 4806 mea
2685 4769 2717 4807 a
2735 4759 3000 4824 jnventute
3018 4776 3146 4814 mea.

2300 4843 2353 4898 8.
2396 4841 2460 4897 In
2485 4853 2533 4897 te
2554 4846 2777 4901 cantatio
2804 4865 2912 4903 mea
2939 4866 3153 4919 semper.
3184 4852 3448 4927 Numquid
3489 4872 3546 4913 ex
3589 4868 3669 4925 quo
3697 4849 3733 4903 Ῐιι

2229 4943 2281 4990 te
2308 4953 2524 5006 sperare
2550 4940 2687 5007 (δωμί
2726 4955 2893 5010 usque
2925 4944 3109 4999 nunc?
3148 4945 3275 5009 Sed,
3309 4966 3515 5019 semper.
3541 4944 3647 5018 Quid
3663 4951 3730 5001 esi.

2226 5030 2461 5096 semper?
2489 5028 2602 5084 Nntt
2636 5042 2835 5086 tantum
2870 5043 3109 5106 tempore
3152 5039 3273 5095 lidei
3298 5083 3310 5106 ,
3343 5045 3436 5097 sed
3478 5051 3526 5097 et
3559 5049 3729 5106 tempere

2225 5121 2439 5189 Speciei.
2465 5121 2615 5177 Nunc
2643 5124 2783 5178 enim
2810 5126 3060 5196 quamdiu
3088 5144 3273 5185 sumus
3301 5131 3352 5188 in
3375 5146 3596 5202 corpore.
3620 5138 3727 5198 ιιεΓε·

2226 5212 2501 5280 grinamur
2542 5229 2571 5265 a
2628 5214 2893 5284 Domino;
2943 5233 3040 5289 per
3064 5218 3223 5276 ﬁdem
3271 5225 3410 5280 enim
3452 5221 3725 5279 ambulamus,

2226 5317 2330 5357 non
2370 5319 2467 5375 per
2508 5305 2738 5376 speciem
2769 5305 2789 5382 (
2818 5308 2857 5362 ll
2904 5309 3018 5367 Cor.
3051 5326 3104 5376 ν,
3137 5312 3172 5368 6
3204 5316 3221 5385 )
3253 5316 3459 5371 :veniet
3495 5326 3661 5383 tempus
3689 5312 3745 5385 ul;

2225 5395 2497 5453 videamus
2521 5398 2661 5470 quod
2689 5415 2793 5456 non
2824 5400 2993 5458 visum
3024 5405 3317 5473 credimus;
3342 5409 3612 5463 visoau'em
3628 5378 3744 5471 quod‘

2226 5489 2495 5546 credimus
2515 5534 2530 5560 ,
2564 5492 2898 5551 laetabimur:
2925 5497 3041 5554 viso
3067 5512 3244 5556 autem
3268 5502 3402 5572 quod
3431 5517 3524 5556 non
3544 5493 3723 5554 credide-

2224 5591 2349 5636 runt
2377 5582 2541 5651 impii.
2593 5585 3008 5644 confundentur.
3052 5590 3201 5647 Tunc
3230 5594 3401 5649 veniet
3426 5608 3504 5648 res
3536 5588 3720 5658 citius?Si

2223 5676 2383 5733 modo
2413 5692 2555 5748 spes.
2589 5678 2723 5750 Spes
2744 5681 2886 5736 enim
2909 5699 3026 5752 qua:
3053 5684 3279 5755 videtur,
3302 5703 3403 5743 non
3431 5694 3507 5741 est
3545 5697 3655 5753 spes-
3681 5672 3719 5728 Si

2288 5791 2547 5867 {plerique
2582 5793 2824 5867 tussnpui
2850 5802 2897 5846 te
2933 5807 3111 5867 quiens
3144 5798 3340 5867 liberari
3359 5800 3419 5867 de
3451 5809 3578 5867 mam!
3600 5797 3718 5867 Ἦ

2221 5858 2554 5917 praetermittis
2574 5861 2622 5907 et
2658 5858 2830 5921 iniqui,
2873 5858 2974 5910 noli
3004 5861 3281 5915 consentire.
3302 5860 3392 5914 sed
3410 5858 3533 5914 stetit
3552 5858 3719 5921 τρωι

2220 5922 2464 6040 εδιῗέῗίἒῇ
2483 5984 2529 6028 te
2552 5978 2740 6031 tolerat.
2762 5980 2934 6045 Abest,
2958 5987 3022 6045 te,
3044 5995 3072 6035 a
3105 5991 3211 6037 Mss.
3229 5987 3477 6053 plerisque.
