3966 6448
114 380 239 442 881

117 507 324 558 autem
348 496 495 571 quod
522 510 631 553 non
668 493 912 551 videmus
938 506 1250 563 speramus,
1281 505 1379 562 per
1419 490 1728 561 patientiam

118 588 706 663 exspectatuusmom.
737 603 848 646 vui.
876 586 993 657 εἰ).
1025 584 1177 639 Modo
1205 600 1333 655 ergo
1353 584 1541 651 gemis,
1572 580 1730 636 modo

117 685 186 742 in
222 684 403 740 locum
433 681 616 751 refugii
647 683 840 745 curris,
873 691 928 734 ιιι
956 681 1133 734 salvus
1173 679 1301 742 ﬁas;
1335 677 1496 732 motltt
1538 676 1588 729 iu
1635 676 1717 729 iu-

118 775 396 832 ﬁrmitate
436 773 639 843 pOs‘iluS
687 772 947 827 medicum
993 786 1149 840 rogas
1180 789 1194 825 :
1226 771 1349 840 quid
1374 811 1389 835 ,
1418 785 1538 822 cum
1571 782 1722 822 acce-

119 870 288 940 peris
314 865 602 938 perfectam
645 867 803 921 etiam
846 863 1165 920 Sanitatem?
1192 862 1335 931 quid,
1360 877 1480 916 cum
1507 860 1728 915 eﬂ'ectus

118 960 306 1016 fueris
345 959 566 1028 :rqualis
610 957 825 1028 Angelis
858 957 952 1012 Dei
982 957 999 1025 (
1040 954 1223 1008 Matth.
1254 968 1391 1011 χιιι.
1418 951 1488 1006 30
1521 952 1578 1020 )?
1618 952 1725 1021 jam

116 1053 278 1111 forte
305 1054 458 1108 istam
486 1053 709 1124 gratiam
739 1065 841 1122 qua
873 1049 1121 1104 liberatus
1144 1061 1203 1102 es
1221 1045 1590 1101 oblivisceris?
1620 1043 1725 1097 Ab—

116 1145 223 1201 sit.
260 1144 325 1200 ltt
352 1156 398 1198 te
421 1144 641 1199 cantatio
665 1157 775 1196 mea
801 1156 1015 1210 semper.

202 1236 266 1293 9.
309 1233 457 1310 [verm
494 1233 572 1307 7.]
598 1233 860 1304 Tanquam
890 1230 1174 1303 prodigium
1200 1230 1366 1302 factus
1391 1243 1503 1281 sum
1533 1227 1721 1280 multis.

118 1325 235 1384 Hic
269 1338 506 1396 tempore
536 1324 646 1394 spei
673 1365 687 1383 .
719 1334 959 1392 tempore
988 1320 1250 1391 gemitus,
1280 1327 1521 1388 tempore
1548 1316 1722 1371 humi-

123 1420 327 1483 litatis,
351 1426 590 1487 tempore
614 1415 835 1480 doloris,
858 1423 1097 1482 tempore
1125 1410 1467 1474 inﬁrmitatis,
1486 1418 1725 1478 tempore

123 1511 290 1566 vocis
318 1526 346 1562 τι
377 1507 721 1579 compedibus
744 1548 758 1571 ,
785 1505 870 1561 hic
902 1520 1031 1576 ergo
1056 1502 1226 1575 quid?
1256 1501 1518 1569 Tanquam
1547 1499 1696 1569 prodi
1706 1528 1724 1539 ~

123 1605 283 1677 gium
311 1606 474 1676 [actus
514 1617 625 1656 sunt
675 1600 866 1654 multis.
901 1597 1070 1662 Unde,
1116 1606 1356 1667 tanquam
1397 1592 1727 1665 prodigium?

125 1694 288 1751 unde
317 1691 444 1748 mibi
474 1691 733 1746 insultant
758 1691 847 1761 qui
891 1705 977 1744 me
1004 1688 1289 1758 prodigium
1332 1684 1554 1756 putant?
1591 1683 1723 1752 Quia

124 1786 310 1844 credo
332 1784 471 1855 quod
504 1799 607 1839 non
636 1784 808 1839 video.
840 1783 915 1837 llli
946 1783 1108 1844 enim,
1144 1780 1284 1835 beati
1308 1780 1360 1834 in
1390 1778 1472 1833 his
1496 1794 1615 1848 qum
1644 1778 1721 1830 vi-

125 1880 297 1944 dent,
325 1879 590 1935 exsultant
619 1878 669 1932 in
699 1884 843 1947 potu.
876 1876 928 1930 in
957 1875 1184 1939 luxuria,
1208 1874 1260 1928 in
1288 1873 1722 1936 scoruitionibns,

128 1973 194 2030 in
220 1972 464 2038 avaritia,
497 1971 550 2026 in
581 1970 798 2031 divitiis.
829 1968 880 2022 in
910 1967 1128 2039 rapinis.
1169 1967 1224 2020 in
1272 1966 1619 2021 s:ecularibus
1643 1964 1724 2019 di-

129 2063 454 2138 gnitatibus.
486 2063 539 2118 in
566 2062 903 2117 dealltatione
950 2059 1078 2115 lutei
1127 2059 1373 2125 parietis;
1433 2058 1486 2113 in
1528 2058 1610 2111 bis
1632 2073 1723 2112 ex-

133 2156 349 2213 sultant
373 2172 387 2209 :
421 2153 635 2209 ambulo
661 2160 835 2207 autem
864 2165 964 2222 ego
994 2153 1043 2204 in
1068 2150 1205 2204 viam
1235 2149 1568 2227 dissimilem,
1597 2163 1726 2203 con-

134 2257 391 2304 temnens
436 2260 498 2301 ea
544 2260 662 2315 qua:
708 2244 985 2313 prteseutia
1016 2251 1178 2307 sunt,
1226 2250 1280 2295 et
1330 2242 1521 2295 timens
1566 2241 1725 2295 etiam

133 2346 397 2412 prospera
426 2337 628 2402 saeculi,
660 2351 756 2391 nec
786 2334 977 2390 alicubi
1005 2349 1225 2390 securus
1251 2334 1349 2387 nisi
1382 2335 1434 2389 in
1452 2334 1725 2404 promissis

138 2432 260 2487 Dei.
285 2430 351 2485 Et
377 2430 482 2484 illi:
512 2428 875 2483 Manducentus
895 2437 940 2481 et
970 2427 1231 2488 bibamus;
1254 2443 1366 2479 cras
1387 2426 1516 2480 enim
1547 2425 1727 2479 morie-

132 2543 259 2581 mur
282 2526 303 2598 (
330 2523 345 2577 l
373 2522 487 2579 Cor.
518 2538 610 2589 xv,
636 2520 705 2577 32
731 2522 772 2592 ).
803 2521 939 2591 Quid
970 2519 1085 2575 ais?
1107 2529 1305 2589 repete.
1340 2519 1720 2585 Manducemus,

135 2617 333 2688 inquit,
380 2626 426 2670 et
456 2615 699 2670 bibamus.
733 2617 877 2685 Age;
929 2613 1052 2684 quid
1108 2622 1287 2683 postea
1336 2612 1557 2667 dixisti?
1598 2611 1725 2667 Cras

133 2709 275 2764 enim
320 2707 609 2761 moriemur.
657 2705 948 2769 Terruisti;
978 2721 1081 2759 nou
1114 2704 1385 2758 sednxisti.
1418 2704 1578 2758 Planc
1625 2705 1726 2759 hoc

136 2797 428 2870 ipsoqnod
474 2807 660 2869 postea
711 2796 924 2861 dixisti,
988 2797 1251 2851 incussisti
1304 2796 1431 2850 milti
1480 2796 1721 2849 timorem

133 2906 210 2949 ne
263 2890 351 2946 tibi
403 2892 754 2947 consentiam.
792 2887 925 2943 Cras
966 2889 1107 2942 enim
1153 2887 1479 2950 moriemur,
1509 2886 1719 2953 dixisti;

132 2990 196 3042 et
243 2982 551 3055 praecessit,
607 2980 973 3036 illauducemus
1010 2990 1057 3034 et
1104 2980 1347 3034 bibamus.
1399 2979 1532 3035 Cum
1579 2981 1720 3034 enim

131 3074 384 3139 dixisses,
430 3072 801 3129 Handucemus
849 3083 896 3127 et
942 3072 1547 3151 bibamushadjttnxisti,
1594 3071 1721 3128 Cras

133 3167 271 3223 enim
309 3167 599 3221 moriemur.
640 3165 778 3220 Audi
824 3174 1006 3220 contra
1057 3180 1086 3218 a
1118 3180 1239 3218 me:
1277 3165 1385 3218 luto
1422 3164 1721 3234 jejuuemus

137 3269 200 3317 et
259 3274 507 3321 oremus;
588 3274 706 3314 cras
781 3259 921 3313 enim
996 3259 1304 3312 moriemur.
1367 3258 1513 3313 lianc
1579 3260 1717 3313 viam

135 3354 323 3402 tenens
340 3356 539 3400 aretam
567 3354 618 3397 et
652 3352 951 3414 augustam,
984 3352 1220 3412 tauquam
1253 3342 1534 3414 prodigium
1558 3346 1720 3414 factas

134 3452 249 3491 sum
290 3435 494 3499 multis;
521 3435 611 3489 sed
656 3444 707 3489 tu
735 3435 940 3502 adiutor
969 3435 1133 3505 fortis.
1182 3433 1402 3497 Adesto,
1435 3449 1467 3485 o
1499 3434 1719 3489 Domine

135 3526 262 3585 Jesu
283 3570 299 3593 ,
341 3528 428 3598 qtti
461 3525 589 3582 ntilti
631 3526 777 3581 dicas
802 3543 817 3578 :
843 3524 959 3580 Noli
995 3524 1222 3579 deiicere
1271 3524 1320 3577 iu
1352 3529 1433 3579 via
1463 3536 1715 3597 angusta;

135 3634 241 3693 ego
265 3619 407 3689 prior
436 3618 644 3681 transii,
678 3633 777 3689 ego
819 3632 935 3672 sum
974 3616 1085 3685 ipsa
1120 3616 1198 3670 via
1228 3616 1248 3681 (
1274 3614 1431 3669 Joan.
1462 3631 1577 3682 xiv,
1609 3616 1642 3673 6
1671 3616 1714 3688 ),

136 3727 238 3783 ego
263 3710 421 3778 duco,
456 3712 505 3766 iu
531 3725 615 3765 tne
640 3709 795 3774 duco,
829 3708 894 3763 ad
926 3723 1010 3761 me
1042 3706 1291 3777 perduco.
1326 3706 1464 3777 Ergo
1479 3708 1718 3777 quamvis

137 3806 421 3879 prodigium
467 3806 630 3874 factus
682 3820 794 3857 sum
851 3800 1057 3866 multis;
1110 3810 1284 3855 tamen
1324 3815 1430 3854 non
1478 3798 1714 3867 timebo,

135 3899 258 3971 quia
278 3907 331 3952 tu
355 3897 559 3967 adjutor
581 3895 743 3968 fortis.

208 3990 293 4046 10.
334 3987 355 4063 [
381 4005 507 4043 vers.
533 3993 585 4044 8.
614 3986 636 4061 ]
668 3986 939 4056 llepleatur
963 4002 1019 4040 os
1042 3998 1206 4038 meum
1232 3982 1382 4037 laude
1400 4025 1415 4047 ,
1446 3990 1502 4036 ut
1532 3982 1718 4053 hymno

137 4085 303 4139 dicam
340 4080 554 4154 gloriam
608 4091 786 4145 tuam;
823 4088 928 4132 tota
968 4077 1051 4131 die
1103 4075 1525 4148 magniﬁcentiam
1557 4085 1714 4130 tuam.

136 4172 273 4244 Quid
299 4182 398 4238 est,
427 4182 531 4227 tota
570 4170 691 4227 die!
718 4169 845 4226 Sine
892 4167 1306 4224 intermissione.
1339 4165 1395 4221 In
1422 4169 1714 4237 prosperis,

139 4265 256 4337 quia
285 4263 609 4327 consolaris;
644 4264 694 4317 itt
718 4260 972 4316 adversis.
995 4259 1116 4330 quia
1142 4258 1403 4327 corrigis;
1435 4267 1716 4330 antequam

141 4372 351 4423 essem,
378 4356 500 4426 quia
539 4354 746 4422 fecisti;
777 4368 898 4409 cum
930 4367 1126 4418 essem,
1155 4350 1274 4420 quia
1313 4351 1537 4407 salutem
1564 4350 1717 4405 dedi-

139 4450 205 4505 sti
232 4465 244 4501 :
274 4463 393 4503 cum
436 4460 736 4516 peccassem
757 4484 774 4511 ,
804 4446 927 4513 quia
976 4444 1255 4515 ignovisti;
1281 4457 1400 4499 cum
1431 4457 1719 4500 conversus

149 4554 345 4604 essem,
372 4538 492 4608 quia
539 4535 782 4605 adjuvisti
803 4550 819 4598 ;
842 4550 963 4589 eum
997 4550 1446 4604 perseverassem,
1484 4536 1606 4607 quia
1628 4551 1720 4591 co-

141 4630 359 4685 mnasti.
387 4627 459 4681 Ita
489 4626 642 4696 plane
662 4624 920 4695 repleatur
958 4641 1014 4679 os
1052 4642 1214 4679 meum
1240 4625 1410 4692 laude,
1451 4635 1507 4680 ut
1532 4625 1719 4697 hymno

141 4724 305 4777 dicant
334 4720 547 4792 gloriam
576 4727 712 4770 tuam
736 4733 755 4781 ;
785 4725 888 4769 tota
914 4716 995 4769 die
1022 4716 1444 4787 magniﬁcentiam
1464 4727 1622 4771 tuam.

211 4813 298 4868 il.
329 4809 477 4884 [vers.
499 4805 578 4881 9.]
612 4806 693 4862 Ne
716 4806 955 4878 projicias
982 4823 1062 4861 me
1089 4807 1139 4860 in
1161 4808 1411 4875 tempore'
1432 4810 1716 4863 senectutis.

142 4905 272 4977 Spes
301 4919 409 4956 utea
428 4919 459 4955 a
478 4903 743 4972 juventute
782 4914 910 4962 mea,
942 4913 1004 4951 ue
1042 4898 1279 4967 projicias
1304 4913 1381 4951 me
1424 4899 1475 4951 iu
1503 4906 1723 4967 tempore

141 4994 425 5051 senectutis.
453 4992 603 5061 Quod
634 5002 715 5046 est
747 4990 849 5046 hoc
878 5000 1083 5058 tempus
1111 4987 1434 5044 senectutis?
1477 4988 1600 5043 Cum
1628 4990 1722 5043 de-

142 5090 275 5161 ﬁciet
302 5088 455 5141 uirtus
497 5101 630 5150 mea,
669 5083 742 5137 ἠε
782 5082 1101 5153 derelinquas
1150 5098 1252 5135 me.
1281 5081 1587 5152 Respondet
1636 5081 1723 5138 hic

144 5181 239 5237 tibi
263 5179 403 5235 Deus
435 5192 450 5231 :
481 5176 591 5231 Imo
621 5190 747 5230 vero
772 5173 984 5229 deliciat
1011 5174 1179 5228 virtus
1208 5183 1316 5236 tua,
1348 5182 1404 5227 ut
1428 5175 1479 5227 in
1511 5182 1563 5229 te
1604 5190 1721 5227 ma-

145 5282 268 5329 neat
297 5285 447 5334 mea;
479 5276 537 5323 ut
574 5267 722 5322 dicas
748 5281 869 5321 cum
902 5265 1195 5336 Apostolo:
1228 5264 1445 5332 Quando
1469 5265 1719 5333 inﬁrmor,

148 5376 265 5421 tunc
291 5373 463 5434 potens
481 5378 592 5418 sum
614 5360 634 5435 (
659 5356 700 5414 11
726 5357 843 5413 Cor.
870 5374 964 5419 xu.
988 5357 1058 5414 10
1082 5361 1121 5429 ).
1145 5355 1261 5412 Noli
1289 5356 1477 5413 timere
1501 5372 1569 5413 ne
1596 5373 1722 5427 pro-

145 5459 344 5531 jiciaris
366 5454 763 5517 ittinlirtnitate,
809 5450 862 5505 in
890 5450 988 5505 ista
1024 5456 1297 5505 senectute
1323 5449 1364 5503 ³.
1394 5448 1530 5516 Quid
1556 5450 1718 5515 enim,

151 5549 405 5606 Dominus
446 5559 564 5601 tuus
608 5559 714 5600 non
763 5553 847 5600 est
890 5542 1185 5598 inﬁrmatus
1232 5543 1283 5596 in
1314 5541 1515 5597 cruce?
1545 5556 1722 5597 nonne

151 5642 459 5707 anteillum,
492 5648 740 5709 tauquam
775 5644 897 5691 ante
938 5635 1203 5689 hominem
1250 5634 1379 5687 nihil
1421 5633 1719 5697 valentem,

215 5759 239 5832 ξ
253 5764 408 5818 Forte,
442 5752 498 5806 in
520 5759 737 5819 tempus;
760 5758 813 5801 ut
847 5748 1102 5813 aliquoties
1144 5748 1281 5806 infra,
1311 5749 1450 5811 juxta
1471 5746 1725 5809 Grec.,eis

158 5822 448 5941 hi"
464 5885 594 5941 κει,
616 5875 669 5927 in
689 5872 1036 5939 inﬁrmitatem,
1056 5870 1109 5924 in
1128 5870 1271 5924 istam
1291 5876 1595 5925 senectutem.

1156 374 1554 432 ENARRATIO
1594 374 1655 429 ΙΝ
1697 374 2015 433 l‘SALBlUil
2059 379 2223 434 LXX.

3312 392 3415 451 88!

1838 493 2157 559 captivatum
2197 504 2252 549 et
2296 512 2629 567 oppressum,
2677 510 2837 572 caput
2875 503 3207 573 agitaverant
3234 507 3413 566 fortis~

1837 583 1980 647 simi,
2009 594 2063 640 et
2094 588 2226 642 tauri
2260 590 2498 660 pingues,
2526 600 2583 647 et
2605 592 2852 648 dixerunt
2882 611 2895 648 :
2921 595 2983 650 Si
3006 594 3176 653 Filius
3200 598 3294 654 Dei
3319 610 3414 671 est,

1837 675 2103 731 descendat
2124 680 2186 734 de
2210 697 2355 735 cruce
2382 682 2403 755 (
2433 682 2616 738 Matth.
2650 700 2794 740 xxvtt
2813 728 2826 749 ,
2850 686 2938 751 59,
2962 687 3032 743 40
3058 687 3077 761 )
3101 689 3125 745 Ἰ
3152 689 3417 763 Numquid

1838 767 1945 828 ille,
1975 772 2095 837 quia
2123 772 2364 829 intirtnus
2386 786 2522 844 erat,
2557 778 2795 833 desertus
2825 789 2935 846 est;
2963 782 3053 852 qui
3099 784 3283 839 maluit
3307 801 3413 842 non

1835 858 2160 918 descendere
2199 865 2264 919 de
2310 883 2488 931 cruce,
2518 884 2585 922 ne
2630 884 2734 923 non
2783 872 3067 937 potentiam
3093 874 3411 943 ostendisse,

1834 951 1927 1006 sed
1970 952 2342 1011 iosultanlibus
2369 960 2595 1016 cessisse
2635 961 2947 1016 videretur?
2974 962 3110 1031 Quid
3153 976 3205 1022 te
3232 965 3415 1025 docuit

1835 1045 2093 1113 pendens,
2124 1049 2210 1117 qui
2239 1049 2565 1107 descendere
2593 1054 2780 1116 noluit.
2815 1056 2912 1109 nisi
2941 1057 3245 1126 patientiam
3271 1061 3413 1117 inter

1833 1136 2171 1212 insultantes,
2198 1141 2298 1195 nisi
2326 1151 2383 1195 ut
2415 1144 2489 1197 sis
2525 1145 2674 1199 fortis
2715 1146 2765 1198 iu
2795 1145 2905 1201 Deo
2936 1146 3059 1202 tuo?
3084 1146 3244 1205 Forte
3268 1159 3323 1205 et
3342 1166 3411 1206 ex

1832 1228 1948 1298 ejus
1998 1246 2221 1299 persona
2251 1232 2447 1288 dictum
2498 1235 2598 1299 sit,
2637 1234 2896 1306 Tanquam
2929 1238 3216 1310 prodigium
3245 1242 3410 1312 factus

1834 1338 1944 1376 sum
1975 1326 2176 1387 multis,
2199 1336 2245 1379 et
2270 1336 2323 1379 tu
2351 1326 2559 1397 adjutor
2589 1328 2734 1398 [ortis
2754 1344 2773 1383 :
2803 1343 2867 1382 ex
2910 1344 3133 1399 persona
3163 1331 3277 1401 ejus
3320 1349 3409 1389 se-

1830 1414 2061 1469 cundum
2109 1417 2510 1483 inﬁrmitatem,
2564 1434 2668 1473 non
2714 1420 3005 1475 secundum
3056 1430 3406 1492 potestatem;

1830 1507 2121 1561 secundum
2153 1508 2202 1562 id
2233 1510 2374 1578 quod
2419 1524 2515 1564 uos
2554 1512 2603 1564 in
2651 1526 2710 1566 se
2758 1512 3259 1581 transﬁguraverat,
3301 1529 3409 1570 non

1832 1597 2121 1651 secundum
2155 1598 2204 1652 id
2233 1600 2372 1669 quod
2405 1602 2517 1668 ipse
2542 1600 2907 1656 desvendcrat.
2934 1602 3132 1659 Factus
3152 1611 3235 1659 est
3265 1605 3412 1661 enim

1830 1689 2013 1742 multis
2058 1691 2372 1761 [irodigiuun
2408 1691 2473 1746 Et
2520 1691 2651 1747 forte
2687 1692 2799 1761 ipsa
2844 1703 2962 1747 erat
2985 1706 3232 1751 senectus
3258 1696 3407 1765 ejus;

1829 1781 1948 1848 quia
1977 1796 2042 1836 ex
2074 1792 2337 1838 vetustate
2360 1800 2464 1838 non
2496 1787 2778 1854 incongrue
2814 1796 3064 1841 senectus
3088 1796 3328 1854 vocatur,
3356 1798 3413 1844 et
3492 1817 3498 1823 ~

1829 1871 1902 1924 ait
1941 1872 2223 1939 Apostolus
2253 1890 2267 1926 :
2311 1873 2461 1927 Vetus
2488 1876 2637 1928 homo
2669 1885 2836 1930 uoster
2860 1875 3014 1931 simul
3035 1879 3312 1944 cruciﬁxus
3340 1891 3419 1937 est

1829 1977 1945 2014 cum
1969 1964 2057 2015 illo
2078 1962 2235 2034 (llam
2290 1981 2359 2029 Vl,
2393 1966 2470 2035 6).
2510 1966 2562 2020 Si
2601 1966 2669 2020 ibi
2700 1977 2814 2021 erat
2845 1979 2992 2022 vetus
3017 1968 3175 2022 homo
3204 1981 3406 2036 noster,

1828 2056 2080 2109 senectus
2110 2056 2176 2108 ibi
2204 2067 2352 2121 erat;
2396 2058 2515 2128 quia
2548 2067 2696 2135 vetus
2721 2099 2735 2117 .
2769 2069 3031 2135 senectus.
3060 2058 3258 2113 Tamen
3285 2061 3410 2130 quia

1830 2162 2013 2201 verum
2035 2158 2136 2210 est,
2169 2149 2507 2204 lienovabitur
2526 2130 2652 2205 sicut
2680 2130 2863 2222 aquila:
2876 2152 3115 2223 juventus
3131 2163 3216 2205 tua
3234 2152 3405 2221 (Psal.

1829 2252 1924 2298 cu.
1942 2238 1998 2308 ὅ)
2018 2280 2033 2296 .
2061 2242 2350 2294 resurrexit
2368 2241 2580 2308 ipsedic
2599 2243 2778 2307 tertio,
2807 2244 3408 2311 promisitresurrectio-

1831 2347 1951 2385 netu
1971 2331 2117 2384 linito
2136 2333 2351 2386 Stccnlo.
2374 2331 2490 2385 Jant
2515 2333 2782 2401 praecessit
2806 2343 2983 2402 caput;
3003 2334 3237 2389 membra
3259 2349 3410 2391 secu~

1832 2432 1946 2477 tura
1974 2431 2113 2476 sunt.
2136 2422 2271 2489 Quid
2306 2424 2456 2477 times
2482 2425 2896 2493 nedereliuqnat
2917 2433 2987 2491 te,
3019 2440 3085 2480 ne
3114 2426 3326 2494 abjiciat
3355 2428 3411 2483 in

1830 2525 2039 2585 tempus
2068 2515 2375 2581 senectutis,
2409 2529 2528 2568 cum
2546 2515 2801 2570 defecerit
2826 2516 2992 2571 virtus
3009 2517 3135 2570 tua?
3160 2515 3272 2572 lmo
3288 2526 3411 2574 tunc

1828 2605 1881 2661 itt
1915 2617 1966 2661 te
1996 2608 2098 2661 erit
2127 2607 2291 2660 \irtus
2321 2605 2456 2675 ejus,
2480 2608 2694 2675 quando
2713 2606 2967 2662 defecerit
2992 2609 3155 2663 virtus
3182 2618 3291 2665 tua.

1901 2696 1987 2767 εἳ.
2014 2695 2162 2770 [υενδ.
2200 2697 2285 2759 10,
2322 2694 2430 2769 ll.]
2458 2696 2632 2766 Quare
2657 2698 2755 2751 hoc
2779 2698 2936 2754 dico?
2963 2718 2981 2751 ι
3011 2699 3142 2769 Quia
3164 2701 3411 2759 dixerunt

1828 2791 2026 2845 inimici
2061 2790 2162 2844 mei
2192 2789 2341 2856 milti,
2367 2800 2422 2844 et
2442 2792 2528 2859 qui
2551 2789 2922 2845 custodiebant
2943 2792 3172 2847 animum
3200 2808 3373 2850 meam
3391 2837 3407 2862 ,

1825 2883 2104 2937 consilium
2137 2881 2376 2938 fecerunt
2406 2884 2458 2937 in
2502 2899 2687 2950 unum,
2728 2882 2964 2939 dicentes
2996 2902 3009 2939 :
3042 2885 3182 2942 Deus
3218 2888 3410 2946 dereli-

1824 2975 2115 3045 quiteutn;
2150 2975 2531 3044 persequimini
2560 2984 2613 3030 et
2638 2976 3077 3046 comprehendite
3117 2994 3262 3046 eum,
3285 2982 3409 3052 quia

1826 3080 1929 3120 non
1949 3074 2032 3120 est
2055 3065 2144 3136 qtti
2163 3074 2315 3119 eruat
2344 3080 2488 3120 eum.
2528 3084 2549 3118 ι
2584 3066 2787 3120 Dictum
2814 3077 2895 3122 est
2921 3067 3025 3123 hoc
3053 3068 3121 3126 de
3144 3069 3361 3127 Christo
3391 3092 3406 3127 :

1825 3160 1912 3215 ille
1939 3162 2081 3215 enim
2128 3162 2218 3232 qui
2266 3161 2502 3231 potentia
2546 3176 2733 3232 magna
2774 3162 3097 3227 divinitatis,
3128 3179 3230 3236 qua
3264 3165 3408 3225 Patri

1822 3251 2042 3321 aequalis
2061 3259 2164 3316 est,
2194 3252 2603 3307 resuscitaverat
2630 3262 2892 3320 mortuos,
2922 3256 3100 3311 subito
3122 3256 3261 3313 inter
3288 3274 3406 3313 ma-

1824 3358 1924 3397 nus
1974 3343 2305 3398 inimicorum
2353 3344 2595 3399 inﬁrmus
2646 3344 2814 3400 factus
2849 3356 2951 3413 est,
2997 3356 3053 3403 et
3081 3350 3231 3419 quasi
3274 3349 3408 3407 nihil

1822 3434 2006 3490 valens
2056 3435 2355 3505 prehensus
2396 3444 2499 3490 est.
2544 3434 2767 3504 Quando
2808 3438 3260 3509 prehenderetur,
3305 3444 3407 3498 nisi

1824 3524 1897 3579 illi
1949 3526 2119 3595 primo
2176 3528 2227 3581 in
2276 3526 2441 3583 corde
2487 3542 2586 3583 suo
2637 3528 2880 3584 dicerent
2910 3547 2924 3583 :
2959 3529 3098 3586 Deus
3147 3533 3407 3605 dereliquit

1822 3618 1978 3672 eum?
2000 3616 2152 3673 Unde
2183 3617 2270 3671 illa
2320 3634 2421 3672 vox
2457 3628 2540 3672 est
2568 3619 2619 3672 in
2647 3632 2844 3675 cruce:
2876 3620 3011 3675 Deus
3047 3639 3218 3689 meus,
3272 3624 3407 3681 Deus

1820 3726 1976 3773 meus,
2008 3708 2185 3778 utquid
2206 3708 2513 3778 dereliquiin
2537 3725 2614 3761 me
2643 3709 2809 3780 (Psal.
2840 3726 2955 3775 xm,
2983 3711 3084 3779 2)?
3112 3713 3249 3783 Ergo
3266 3714 3406 3769 Deus

1819 3801 2104 3870 dereliquit
2123 3800 2415 3865 Christum,
2446 3816 2564 3855 cum
2596 3801 2738 3856 Deus
2752 3812 2895 3857 esset
2924 3804 2974 3857 in
3001 3802 3222 3862 Christo
3248 3821 3405 3862 mttu-

1820 3894 1944 3949 dum
1978 3894 2326 3949 reconcilians
2355 3894 2451 3947 sibi
2479 3894 2497 3963 (
2528 3892 2569 3948 lt
2616 3892 2736 3952 Cor.
2761 3910 2812 3960 v,
2839 3896 2905 3951 19
2932 3892 2953 3968 )
2976 3937 2991 3962 ,
3036 3911 3155 3951 eum
3178 3908 3319 3955 esset
3349 3910 3405 3955 et

1819 3983 2063 4038 Christus
2084 3983 2242 4044 Deus,
2266 3999 2330 4037 ex
2353 3982 2552 4036 Judxis
2587 3984 2800 4053 quidem
2848 3985 3136 4040 secundum
3164 4002 3400 4054 carnem,

1819 4078 1911 4150 qui
1941 4089 2020 4133 est
2045 4093 2206 4147 super
2230 4077 2405 4131 omnia
2439 4076 2574 4131 Deus
2593 4076 2906 4133 benedictus
2929 4078 2980 4132 in
3000 4079 3192 4134 smcula
3220 4078 3398 4153 (Rom.

1821 4186 1895 4236 Ix,
1920 4171 2017 4241 5)?
2048 4171 2189 4225 Deus
2219 4168 2430 4238 reliquit
2472 4168 2652 4223 illum?
2675 4168 2846 4224 Absit.
2886 4168 2991 4225 Sed
3020 4170 3072 4224 itt
3101 4180 3283 4227 vetere
3308 4187 3404 4229 nos

1822 4272 1935 4318 stro
1964 4279 2065 4317 vox
2095 4272 2270 4316 nostra
2293 4269 2431 4327 erat,
2461 4261 2581 4331 quia
2605 4260 2758 4315 simul
2790 4260 3075 4318 crucifixus
3113 4273 3229 4318 erat
3252 4272 3403 4319 vetus

1823 4356 1983 4411 homo
2010 4365 2189 4410 noster
2208 4371 2329 4410 cum
2357 4355 2478 4420 illo;
2506 4364 2560 4407 et
2584 4353 2653 4408 de
2682 4354 2796 4422 ipso
2813 4362 2993 4409 vetere
3006 4363 3191 4409 nostro
3209 4370 3403 4426 corpus

1821 4459 2132 4518 acceperat,
2160 4448 2282 4518 quia
2312 4446 2470 4500 Maria
2516 4444 2585 4499 de
2612 4444 2778 4498 Adam
2807 4455 2942 4499 erat.
2986 4444 3126 4516 Ergo
3157 4446 3297 4515 quod
3325 4447 3399 4501 illi

1824 4550 2159 4613 putaverunt.
2193 4540 2292 4594 hoc
2321 4538 2389 4593 de
2419 4554 2576 4593 cruce
2605 4537 2737 4592 dixit
2766 4555 2780 4591 :
2813 4536 2983 4604 Quare
3019 4555 3099 4592 me
3131 4538 3403 4609 dereliqui-

1821 4636 1885 4690 sti
1909 4633 2115 4706 (Matth.
2149 4647 2311 4695 xxvn,
2345 4628 2480 4700 46)?
2503 4628 2679 4697 Quare
2708 4644 2792 4683 me
2838 4628 2921 4682 isti
2965 4628 3274 4683 derelictum
3303 4645 3402 4700 pu-

1824 4724 2091 4779 tantmalo
2118 4723 2401 4790 suo?Quid
2432 4731 2533 4786 est,
2562 4720 2873 4773 derelictum
2904 4728 3089 4787 putant
3112 4720 3251 4773 malo
3266 4722 3404 4775 suo?

1823 4813 1878 4870 Si
1929 4817 2071 4868 enim
2127 4816 2543 4883 COgttt)\'i>St‘tll,
2592 4827 2859 4879 nunquam
2905 4811 3181 4867 Dominum
3222 4814 3403 4882 gloria:

1824 4906 2212 4961 crucifixissrnt
2238 4902 2256 4971 (
2281 4904 2298 4956 l
2328 4901 2446 4957 Cor.
2481 4918 2536 4965 Il,
2567 4898 2653 4973 8).
2692 4896 2992 4971 Persequiut’
3018 4902 3075 4968 .i,
3104 4914 3149 4957 et
3172 4919 3401 4972 compre-

1827 4997 2026 5051 hendite
2045 5012 2177 5048 eam.
2220 4994 2554 5048 Familiarius
2582 5002 2753 5045 tamen
2784 4991 2818 5045 lt
2856 5007 2913 5057 c,
2948 4992 3150 5057 fratres,
3178 4993 3379 5061 accipia

1826 5102 1946 5143 mus
1991 5102 2054 5141 ex
2101 5085 2352 5140 membris
2386 5083 2605 5145 Clttisti,
2654 5092 2709 5138 et
2736 5100 2919 5138 vocem
2950 5093 3183 5138 nostrant
3223 5083 3276 5137 in
3321 5082 3407 5139 bis

1825 5178 2004 5234 verbis
2023 5190 2370 5248 agnoscamus
2391 5191 2404 5227 :
2430 5175 2549 5244 quia
2582 5184 2634 5227 et.
2658 5174 2746 5229 ille
2765 5175 2894 5230 tales
2909 5188 3069 5228 voces
3092 5188 3156 5227 ex
3176 5187 3405 5242 persona

1827 5280 2006 5327 nostra
2037 5269 2236 5334 habuit,
2268 5284 2370 5322 non
2402 5283 2465 5321 ex
2505 5268 2736 5337 potentia
2763 5276 2819 5322 et
2847 5266 3121 5335 majestate
3158 5280 3282 5331 sua;
3311 5267 3405 5321 sed

1828 5380 1893 5420 ex
1915 5380 1978 5419 eo
2002 5362 2142 5433 quod
2174 5360 2344 5415 fut-ins
2380 5368 2464 5415 est
2494 5371 2713 5430 promer
2741 5374 2861 5426 nos,
2895 5375 2999 5412 non
3028 5358 3324 5413 secundum
3352 5359 3403 5413 id

1827 5454 1967 5526 quod
1993 5462 2111 5508 erat
2138 5454 2225 5523 qui
2257 5451 2379 5507 fecit
2408 5465 2531 5505 nos.

1902 5587 1989 5642 43.
2016 5584 2165 5659 [rem
2201 5582 2313 5658 ιλ]
2340 5583 2557 5638 Domine
2587 5582 2719 5637 Deus
2747 5597 2904 5646 meus,
2932 5596 2995 5635 ue
3018 5582 3217 5654 elonges
3245 5598 3278 5635 a
3307 5599 3402 5639 me.

1830 5679 1903 5736 lta
1937 5682 2011 5741 tit,
2043 5686 2096 5732 ct
2126 5693 2228 5733 non
2270 5680 2482 5747 clongat
2509 5675 2745 5731 omnino.
2793 5674 2963 5744 Prope
3000 5683 3082 5728 est
3128 5676 3271 5729 enim
3303 5674 3404 5730 Do~

1831 5771 2006 5825 minus
2032 5769 2114 5824 bis
2139 5770 2225 5838 qui
2254 5769 2582 5823 obtriveruut
2607 5781 2698 5819 cor
2718 5762 2890 5832 (Psal.
2916 5780 3100 5835 xxxut,
3134 5766 3249 5837 i9).
3269 5762 3407 5824 Deus

1832 5878 1990 5928 meus,
2020 5863 2072 5917 in
2097 5862 2405 5930 adjutorium
2430 5874 2594 5915 meum
2619 5857 2826 5927 respice.
