3966 6450
569 513 659 569 Η.
688 507 841 584 [verm
863 502 974 580 ιι]
995 496 1389 573 Confundon
1406 501 1454 549 et
1478 490 1718 561 deﬁciant
1732 486 2094 543 committentes

500 579 724 662 animum
737 619 919 657 meam.
942 579 1078 665 Quid
1096 590 1339 664 optavit?
1364 588 1469 643 Con
1475 584 1758 660 fundantur
1772 579 2087 648 etdcficiant.

500 702 681 769 Quare
692 692 937 767 optavit?
962 688 1336 746 Committcntcs
1355 681 1579 737 animum
1602 692 1786 731 meam.
1819 672 1957 741 Quid
1985 682 2088 741 cet,

502 792 863 850 committentes
874 787 1094 841 animam
1116 779 1315 835 meam?
1336 776 1742 830 Committi-otes
1757 769 1908 843 quasi
1942 770 1993 824 in
2016 768 2092 823 ri-

503 901 629 943 xam
642 882 891 955 aliquam.
909 871 1332 933 Committienim
1348 869 1616 933 dicuntur,
1632 864 1719 935 qui
1739 863 1896 917 rixari
1914 874 2096 930 provo‘

503 984 709 1034 cantur.
727 973 783 1031 Si
804 970 1012 1042 ergoita
1034 976 1135 1035 est,
1150 976 1434 1020 caveamus
1453 958 1847 1015 committentes
1864 954 2095 1008 animam

476 1076 761 1165 ,nostram.
793 1060 931 1134 Quid
979 1069 1060 1117 est
1080 1102 1093 1123 ,
1126 1055 1521 1113 committentes
1551 1050 1781 1104 animant
1813 1055 2049 1102 nostram
2070 1044 2097 1098 ἲ

505 1163 533 1165 -
581 1162 589 1165 -
988 1162 997 1165 -
1255 1148 1347 1165 -λγ
1374 1162 1386 1165 ρ
1417 1144 1727 1165 “Auum..-
1775 1148 1826 1165 ..ι
1862 1138 1912 1165 ε..
1939 1137 2093 1165 ...-ιε,,

468 1137 684 1217 τῬισίηιιι
715 1162 1064 1229 provocantes
1098 1166 1194 1205 nos
1218 1148 1393 1203 utDeo
1417 1144 1749 1205 νοείειειιιιιις,
1775 1148 1832 1193 ιιι
1862 1138 1913 1193 in
1938 1137 2094 1193 malis

504 1253 703 1308 nostris
736 1251 873 1305 Dens
896 1244 1050 1302 nobis
1070 1242 1366 1313 displiceat.
1398 1234 1624 1305 Quando
1654 1234 1793 1288 enim
1820 1241 1999 1286 rectus
2014 1244 2093 1297 es,

505 1354 563 1400 ut
590 1346 759 1399 bonus
789 1342 857 1396 sit
886 1338 975 1394 tibi
996 1334 1137 1392 Deus
1157 1331 1342 1398 Israel,
1365 1329 1538 1385 bonus
1559 1326 1719 1381 rectis
1739 1322 1899 1379 corde
1921 1320 2092 1391 (I’sal.

505 1434 791 1506 Lxx1t,‘2)?
814 1430 1026 1501 quando
1050 1436 1227 1484 rectus
1247 1422 1346 1479 es?
1366 1422 1445 1477 vis
1467 1416 1693 1475 audire?
1715 1416 1937 1485 Quando
1958 1415 2008 1469 in
2031 1428 2098 1470 eo

503 1531 649 1585 bono
665 1526 804 1599 quod
821 1522 1118 1591 facis,lteus
1132 1517 1224 1573 tibi
1245 1519 1443 1588 placet;
1460 1513 1590 1567 iuro
1606 1520 1781 1565 autem
1800 1507 1940 1563 malo
1956 1505 2099 1579 quod

434 1600 457 1613 ν
509 1622 732 1695 pateris,
769 1620 908 1675 Deus
935 1614 1026 1673 tibi
1056 1630 1161 1669 non
1186 1609 1450 1681 displicet.
1477 1603 1670 1660 Videte
1695 1601 1822 1675 quid
1849 1600 2095 1663 dixerim,

506 1692 719 1778 fratres,
768 1721 821 1766 et
856 1708 995 1763 cauti
1024 1712 1193 1762 estote
1220 1711 1405 1758 contra
1448 1696 1846 1753 committentes
1890 1692 2099 1747 animas

408 1830 415 1837 ·
506 1815 732 1862 vestras.
765 1801 964 1859 Omnes
993 1798 1134 1853 enim
1160 1795 1250 1866 qui
1280 1791 1555 1849 vobiscum
1582 1794 1765 1859 agunt,
1799 1794 1856 1841 ut
1885 1785 1936 1840 in
1968 1798 2102 1839 tute-

506 1899 719 1960 roribus
747 1906 802 1953 et
831 1890 1260 1951 tribulationibus
1308 1882 1621 1957 fatigemini,
1670 1880 1719 1935 id
1752 1886 1934 1950 agunt,
1968 1878 2101 1933 utin

507 2007 574 2048 eo
599 1988 739 2062 quod
784 1985 1021 2058 patimini
1056 1983 1196 2038 Deus
1224 1978 1376 2034 vobis
1418 1974 1715 2045 disttliceat,
1749 1980 1803 2027 et
1840 1977 1997 2026 exeat
2037 1983 2101 2023 ex

507 2099 605 2140 ore
629 2090 805 2138 vestro
834 2097 845 2132 ε
874 2077 1009 2147 Quid
1039 2084 1121 2130 est
1146 2072 1289 2129 hoc?
1332 2068 1455 2138 quid
1485 2066 1626 2122 enim
1658 2062 1801 2119 feci?
1829 2062 1943 2119 Jam
1976 2075 2105 2132 ergo

508 2189 569 2231 tu
615 2173 745 2229 nihil
788 2170 912 2227 mali
942 2164 1134 2232 fecisti,
1166 2174 1218 2220 et
1269 2172 1323 2216 tu
1367 2160 1543 2230 justus
1583 2170 1662 2223 es,
1714 2154 1804 2209 ille
1835 2152 2107 2223 iniustus?

508 2268 772 2324 Peccator
797 2277 938 2327 sum,
972 2257 1167 2330 inquis,
1211 2253 1421 2317 fateor;
1451 2249 1651 2321 justum
1682 2262 1768 2301 me
1807 2260 1914 2301 non
1962 2245 2104 2300 dico.

511 2357 618 2417 Sed
646 2354 792 2428 quid,
816 2348 1103 2424 peccator?
1130 2341 1384 2415 numquid
1408 2350 1611 2397 tantum
1637 2344 1893 2409 quantum
1914 2335 2002 2391 ille
2023 2333 2107 2390 cui

510 2453 651 2510 bene
667 2427 785 2505 est?
804 2451 1059 2519 quantum
1082 2439 1244 2495 Gaius
1264 2436 1465 2493 Seius?
1492 2433 1603 2503 Ego
1624 2431 1734 2485 scio
1757 2428 1895 2485 mala
1920 2427 2105 2499 ipsius,

512 2557 617 2615 ego
631 2540 743 2596 scio
770 2536 1073 2607 iniquitates
1098 2530 1282 2603 ipsius,
1308 2543 1339 2582 ιι
1360 2525 1552 2598 quibus
1571 2535 1692 2594 ego,
1716 2522 1817 2577 etsi
1840 2527 2103 2592 peccator,

512 2610 675 2713 longe
710 2627 936 2693 absum;
966 2633 1019 2682 et
1052 2631 1228 2679 tamen
1274 2618 1429 2674 video
1456 2631 1578 2673 eum
1624 2612 1817 2669 ﬂorere
1860 2610 2111 2667 omnibus

512 2704 694 2791 bonis,
724 2729 778 2777 et
802 2734 901 2792 ego
932 2726 1074 2773 tanta
1105 2711 1315 2786 patior!
1349 2709 1466 2766 Non
1489 2722 1617 2779 ergo
1646 2704 1765 2762 ideo
1788 2705 1947 2761 dico:
1972 2705 2111 2761 Deus

514 2816 642 2890 quid
671 2813 765 2872 tibi
803 2811 924 2877 feci,
954 2810 1076 2882 quia
1120 2806 1249 2862 nihil
1278 2803 1496 2861 omnino
1526 2799 1650 2856 mali
1697 2796 1795 2855 feci
1822 2814 1837 2863 ;
1868 2796 1961 2853 sed
1989 2796 2110 2869 quia

514 2889 624 2972 non
654 2917 858 2966 tantum
902 2903 1024 2973 feci,
1053 2911 1111 2957 ut
1153 2901 1252 2957 ista
1278 2898 1469 2970 dignus
1514 2895 1616 2951 sim
1666 2890 1794 2963 pati.
1829 2889 2027 2946 lterum
2057 2898 2113 2944 tu

514 3006 691 3079 iustus
718 3014 798 3069 es,
829 2998 921 3054 ille
946 2993 1214 3066 injustas?
1245 2989 1447 3061 Evigila
1485 2986 1687 3048 miser;
1719 2982 2007 3039 commissa
2032 2988 2115 3038 est

516 3072 695 3153 anima
740 3101 851 3149 tua.
896 3088 1035 3156 Non,
1083 3085 1275 3157 inquit,
1307 3095 1408 3154 ego
1433 3080 1634 3151 justum
1685 3091 1773 3133 me
1816 3074 1945 3133 dixi.
1973 3072 2115 3145 Quid

518 3204 647 3260 ergo
675 3183 851 3241 dicis?
874 3183 1131 3240 Peccator
1158 3192 1299 3243 sum,
1327 3171 1423 3230 sed
1454 3187 1561 3229 non
1590 3177 1736 3227 tanta
1763 3166 2009 3224 commisi
2055 3176 2116 3222 ut

518 3283 623 3340 ista
651 3279 841 3354 dignus
869 3289 1044 3332 essem
1090 3272 1217 3344 pati.
1264 3266 1381 3325 Non
1412 3281 1542 3337 ergo
1586 3262 1722 3319 dicis
1770 3261 1901 3330 Deo,
1932 3260 2119 3317 Justus

520 3389 667 3443 sum,
692 3350 748 3430 et
771 3380 829 3427 tu
867 3384 928 3426 es
965 3367 1231 3437 iniustus;
1271 3361 1366 3419 sed
1406 3360 1562 3426 dicis,
1594 3357 1827 3428 lnjustus
1852 3371 1993 3423 sum,
2022 3350 2118 3410 sed

522 3474 581 3522 ιιι
612 3479 674 3522 es
715 3459 983 3533 iniustior.
1013 3458 1152 3513 Ecce
1182 3451 1467 3511 commissa
1512 3459 1595 3505 est
1622 3448 1798 3503 anima
1830 3456 1939 3511 tua,
1991 3461 2119 3502 ecce

524 3558 634 3631 jam
678 3553 877 3611 bellum
922 3550 1059 3624 gerit
1104 3548 1279 3605 anima
1324 3551 1432 3599 tua.
1482 3539 1657 3610 Qua)?
1685 3548 1870 3603 contra
1917 3537 2121 3610 quem?

526 3651 721 3710 Anima
751 3657 861 3714 tua,
892 3653 1077 3703 contra
1107 3644 1272 3698 Deum
1300 3657 1317 3711 ς
1345 3652 1463 3710 qua:
1490 3635 1625 3691 facta
1653 3643 1757 3695 est,
1785 3640 1969 3689 contra
1997 3645 2118 3685 etnn

527 3759 561 3800 a
586 3758 693 3814 quo
719 3740 851 3795 facta
878 3745 979 3797 est.
1006 3734 1101 3792 Vel
1129 3734 1248 3805 quia
1275 3747 1334 3787 es
1361 3745 1479 3802 qure
1508 3736 1692 3783 contra
1722 3725 1867 3780 illttzn
1895 3723 2117 3788 clames,

528 3813 736 3906 ingrata
780 3847 859 3886 es.
905 3827 1039 3885 Redi
1085 3841 1212 3898 ergo
1241 3822 1308 3878 ad
1356 3819 1748 3883 confessionem
1798 3813 2122 3870 infirmitatis

529 3905 676 3994 tusc;
707 3923 929 3996 implora
959 3918 1152 3977 medici
1180 3931 1415 3972 manum.
1446 3912 1563 3968 Non
1593 3910 1686 3965 tibi
1719 3907 2000 3971 videantur
2040 3905 2121 3961 fec

530 4022 665 4077 lices
694 4019 786 4091 qui
829 4015 1023 4077 florent
1055 4012 1121 4075 ad
1155 4019 1382 4089 tempus.
1414 4007 1455 4061 Τ
1462 4023 1493 4061 ιι
1520 4002 1835 4076 castigaris;
1867 4002 1969 4056 illis
2000 4015 2122 4071 par-

533 4116 673 4170 citur
706 4090 721 4165 5
751 4109 887 4165 forte
914 4106 1005 4162 tibi
1033 4103 1289 4173 castigato
1317 4111 1368 4155 et
1399 4096 1681 4154 emendato
1709 4093 1817 4157 filio
1843 4090 2125 4148 ltzrreditas

534 4210 858 4263 reservatur.
910 4196 1045 4253 Redi
1090 4209 1246 4273 ergo,
1294 4189 1427 4254 redi,
1476 4186 1872 4261 praevaricator,
1921 4184 1987 4237 ad
2033 4196 2128 4236 cor

538 4295 691 4367 (Isai.
715 4307 860 4359 XLVI,
884 4289 976 4365 8);
1008 4302 1111 4342 non
1139 4283 1499 4339 committatur
1520 4280 1695 4334 anima
1717 4286 1824 4332 tua.
1855 4274 2127 4331 Potentior

535 4365 622 4444 est
648 4384 872 4441 multum
910 4380 993 4433 cui
1036 4378 1232 4433 bellum
1277 4371 1532 4429 indixisti.
1581 4370 1791 4441 Quanto
1818 4365 2129 4439 grandiores

536 4479 741 4552 lapides
767 4476 818 4531 iu
849 4474 1041 4529 coelum
1070 4469 1294 4533 miseris,
1330 4474 1474 4521 tanto
1500 4473 1553 4519 te
1583 4464 1768 4519 fortior
1795 4462 1945 4517 ruina
1978 4476 2126 4531 pres-

540 4589 664 4633 Sura
690 4581 789 4626 est.
824 4567 956 4625 Redi
998 4565 1208 4637 potius;
1256 4574 1486 4631 agnosce
1517 4566 1587 4613 te.
1623 4556 1765 4611 Deus
1808 4563 1889 4609 est
1919 4556 2005 4629 qui
2037 4553 2130 4608 tibi

542 4666 790 4737 displicet
821 4679 835 4715 :
862 4658 1157 4719 erubesco;
1192 4663 1245 4708 tu
1276 4652 1366 4709 tibi
1395 4648 1634 4717 displice.
1668 4644 1808 4701 Nihil
1835 4644 1961 4699 boni
1992 4643 2134 4699 face-

541 4734 655 4827 rest,
687 4754 788 4811 nisi
818 4753 906 4807 ille
933 4751 1101 4805 bonus
1121 4754 1299 4808 esset;
1332 4752 1385 4797 et
1413 4741 1541 4797 nihil
1566 4737 1693 4794 mihi
1721 4736 2001 4809 patereris,
2032 4734 2135 4791 nisi

543 4849 822 4923 illejustus
843 4855 1002 4900 esset.
1033 4838 1231 4912 Evigila
1254 4851 1381 4909 ergo
1398 4835 1450 4891 in
1471 4835 1607 4889 hanc
1632 4847 1816 4889 vocem
1844 4849 1859 4886 :
1886 4828 2135 4884 Dominus

458 5002 463 5008 ,
544 4921 703 5005 dedit,
740 4937 983 4994 Dominus
1000 4932 1231 5001 abstulit;
1258 4930 1384 4984 sicut
1406 4925 1621 4981 Domino
1647 4922 1837 4997 placuit
1857 4923 1925 4977 ita
1947 4921 2136 4988 factum

544 5045 618 5092 est
648 5051 668 5090 :
695 5035 758 5089 sit
785 5046 965 5087 nomen
996 5023 1198 5081 Domini
1225 5020 1537 5078 benedictum
1564 5016 1684 5092 (Job
1732 5033 1775 5085 ι,
1802 5014 1919 5088 2|).
1952 5012 2137 5084 lnjusti

515 5134 701 5187 ferant
742 5124 831 5197 qui
855 5120 1001 5193 juxta
1032 5116 1133 5174 Job
1165 5121 1555 5187 putrescentem
1598 5108 1719 5164 Sani
1744 5108 2000 5163 sedebant
2028 5104 2136 5171 (Id.

509 5207 602 5302 :‘u,
639 5217 727 5289 15)
755 5234 767 5281 ;
798 5222 853 5270 et
896 5221 1071 5267 tamen
1119 5207 1208 5262 ille
1239 5203 1575 5278 recipiendus
1620 5198 2005 5277 ﬂagellabatur,
2037 5197 2141 5252 illis

502 5287 835 5383 ilpuniendis
856 5303 1191 5376 parcebatur.
1221 5294 1484 5366 Quidquid
1510 5306 1639 5365 ergo
1664 5289 2021 5344 tribulationis
2047 5287 2140 5343 tibi

503 5381 837 5467 flacciderit,
887 5392 1140 5469 quidquid
1186 5387 1575 5450 insultationis,
1630 5398 1735 5439 non
1782 5381 2146 5437 committatur

553 5499 727 5553 anima
751 5506 837 5550 tua
860 5510 874 5555 ;
901 5507 1004 5547 non
1027 5488 1411 5548 committatur,
1431 5498 1535 5537 non
1556 5480 1726 5535 solum
1746 5489 1929 5532 contra
1955 5477 2143 5541 Deum,

554 5592 651 5649 sed
676 5604 777 5646 nec
803 5593 988 5642 contra
1016 5598 1110 5638 eos
1137 5582 1280 5652 ipsos
1303 5577 1393 5649 qui
1419 5575 1514 5629 tibi
1544 5576 1640 5627 ista
1676 5571 1892 5628 faciunt.
1921 5569 1980 5624 Si
2003 5570 2145 5624 enim

554 5685 641 5741 vel
671 5685 817 5753 ipsos
841 5678 967 5734 odio
999 5673 1251 5733 habueris
1275 5689 1290 5739 ;
1320 5678 1376 5728 et
1400 5678 1584 5724 contra
1615 5665 1731 5721 illos
1757 5663 2039 5719 commissa
2067 5668 2152 5716 est

565 5776 738 5832 arrima
760 5784 868 5829 tua.
893 5773 1117 5827 Prorsus
1138 5766 1214 5822 illi
1235 5764 1429 5837 gratias
1445 5777 1575 5835 age;
1599 5775 1701 5834 pro
1717 5759 1831 5814 istis
1851 5772 1965 5813 ora.
1990 5754 2151 5811 Forte

562 5868 709 5929 enim
734 5877 790 5927 et
812 5864 984 5925 oratio
1008 5878 1106 5937 pro
1133 5860 1265 5933 ipsis
1290 5866 1372 5918 est
1397 5858 1497 5915 ista
1535 5868 1697 5929 quam
1736 5851 1931 5911 audisti
1966 5866 1985 5912 ι
2016 5848 2159 5908 ϐαι·

1728 371 1785 427 S.
1821 365 2187 425 AUGUSTINI
2220 363 2529 423 EPISCOPI
3650 374 3727 435 ω

2199 483 2481 555 fundantur
2498 483 2549 541 et
2571 482 2814 555 deﬁciant
2831 479 3191 538 committentes
3208 484 3431 541 enim
3447 502 3613 545 mea».
3628 490 3731 549 Con.

2200 577 2484 648 fundantur
2509 585 2557 633 et
2601 575 3129 649 deﬁciant:multum
3164 576 3305 634 enim
3351 575 3423 637 de
3458 578 3641 652 iustitia
3663 566 3753 646 sui

2200 679 2529 741 praesumunt
2552 688 2567 735 ;
2595 686 2723 742 ergo
2749 667 3163 727 confundantur.
3206 670 3319 729 lioc
3345 673 3454 729 illis
3491 676 3678 747 expetiit
3696 695 3738 739 ut

2202 772 2416 833 peccata
2460 778 2555 818 sua
2586 773 2932 834 cognoscant,
2963 763 3103 818 mide
3145 765 3533 822 confundantur
3553 778 3603 826 ct
3635 772 3735 829 defi-

2201 857 2362 916 ciant.
2397 856 2535 910 male
2576 856 2717 910 enim
2762 855 2831 911 de
2876 856 3078 911 viribus
3122 858 3233 911 suis
3276 862 3741 929 praesumebantm

2203 948 2300 1016 ipsi
2329 946 2522 1003 defecti
2549 948 2749 1015 dicant,
2785 948 3004 1015 Quando
3032 951 3286 1019 inﬁrmor,
3330 961 3456 1006 tunc
3479 965 3634 1023 potens
3661 974 3744 1015 sm

2203 1040 2271 1108 (ll
2300 1040 2417 1096 Cor.
2449 1056 2544 1105 xu,
2582 1042 2702 1109 l0);
2730 1053 2783 1095 ct
2812 1042 2909 1112 ipsi
2938 1042 3130 1097 defecti
3156 1040 3361 1112 dicant,
3391 1042 3473 1101 Nc
3490 1048 3745 1116 objiciunt

2203 1136 2254 1189 in
2276 1145 2471 1206 tempus
2492 1135 2779 1190 senectutis.
2814 1136 3018 1189 Bonum
3050 1152 3177 1207 ergo
3207 1137 3311 1193 illis
3336 1140 3556 1217 optavit,
3578 1152 3627 1198 ut
3649 1157 3745 1199 con-

2204 1225 2492 1281 fundantur
2516 1225 2583 1281 de
2611 1228 2765 1281 malis
2793 1227 2924 1290 suis,
2954 1238 3006 1281 et
3032 1226 3281 1286 deficiant
3310 1246 3339 1284 a
3376 1233 3628 1301 perversis
3649 1237 3740 1291 viri-

2206 1318 2305 1373 bus
2334 1319 2481 1383 suis;
2510 1327 2563 1373 ct
2595 1327 2719 1373 tunc
2742 1320 2851 1386 jam
2880 1317 3071 1374 defecti
3099 1331 3153 1375 et
3177 1321 3388 1376 confusi
3418 1318 3641 1393 qtuerant
3660 1327 3747 1385 illa-

2206 1412 2520 1465 minatoretn
2553 1426 2582 1463 a
2614 1410 2946 1471 confusione.
2977 1420 3027 1465 et
3061 1410 3383 1469 refectorem
3411 1429 3444 1469 ει
3477 1415 3745 1477 defectione.

2209 1501 2450 1572 Denique
2494 1500 2615 1557 vide
2641 1501 2768 1572 quid
2814 1502 3057 1571 sequitur
3081 1517 3097 1557 :
3126 1501 3428 1559 lndnantur
3454 1509 3748 1580 con/asiam

2206 1603 2251 1648 et
2275 1595 2645 1661 verecundiam,
2685 1595 2773 1663 qui
2796 1594 3018 1666 cogitant
3043 1594 3167 1648 mihi
3188 1596 3345 1655 mala.
3384 1595 3751 1673 Coufusioacmct

2206 1688 2553 1743 verecundiam
2585 1703 2605 1746 :
2632 1685 2999 1744 confusionem
3029 1687 3097 1745 de
3124 1689 3261 1745 mala
3290 1692 3650 1763 conscientia;
3684 1712 3751 1755 re-

2206 1779 2514 1835 recundiam
2564 1789 2781 1850 propter
2823 1779 3161 1836 modestiam.
3207 1778 3330 1838 Fiat
3371 1784 3477 1840 hoc
3522 1786 3755 1856 inillis,ct

2208 1874 2332 1929 boni
2362 1881 2537 1929 erunt.
2582 1871 2696 1929 Non
2727 1873 2819 1929 tibi
2862 1873 3106 1930 videatur
3136 1876 3330 1934 saevire
3360 1893 3377 1932 :
3411 1879 3604 1936 utinam
3630 1896 3755 1939 esse.

2208 1967 2385 2023 diatur
2410 1982 2505 2038 pro
2535 1966 2637 2021 illis
2662 1967 2677 2022 !
2706 1966 2838 2022 Nam
2865 1968 3055 2024 saevire
3086 1969 3370 2026 videbatur
3408 1981 3465 2029 et
3488 1972 3754 2044 Stephanus,

2210 2060 2422 2131 quando
2450 2075 2547 2117 ore
2584 2060 2880 2118 flammanti
2926 2062 3089 2119 verba
3121 2063 3210 2120 illa
3251 2065 3589 2139 jaculaltatur
3611 2087 3626 2124 :
3652 2067 3757 2135 Dm

2211 2155 2418 2222 cervice,
2446 2164 2494 2210 et
2532 2172 2632 2209 non
2660 2155 2944 2211 circumcisi
2972 2156 3125 2212 corde
3152 2168 3198 2213 et
3227 2159 3467 2231 auribus,
3510 2178 3591 2217 vos
3611 2181 3758 2239 scalper

2211 2248 2481 2303 resistitis‘
2526 2246 2746 2319 Spiritui
2784 2259 2979 2305 sancto.
3031 2249 3199 2321 Quam
3225 2266 3460 2315 accensa
3500 2255 3757 2329 iracundia,

2212 2357 2370 2413 quam
2413 2341 2706 2398 vehemens
2749 2340 3009 2403 adversus
3054 2342 3336 2400 inimicos!
3370 2344 3655 2407 Commissa
3692 2349 3757 2405 tibi

2213 2433 2424 2491 videtur
2446 2435 2623 2491 anima
2654 2433 2840 2506 ipsius.
2871 2434 3047 2498 Absit.
3089 2434 3332 2493 Salutem
3363 2438 3597 2508 ipsorum
3624 2439 3758 2509 requi-

2214 2528 2402 2601 rebat;
2449 2526 2789 2598 phreneticos
2840 2527 2981 2582 male
3031 2528 3318 2591 saevientes
3371 2530 3550 2593 verbis
3592 2531 3759 2603 ligabat.

2216 2620 2345 2677 Nam
2374 2620 2495 2677 vide
2520 2620 2642 2694 quia
2685 2636 2794 2685 non
2823 2629 2939 2676 erat
2961 2621 3247 2676 commissa
3274 2622 3459 2679 anima
3491 2624 3662 2699 ipsius.
3686 2638 3759 2691 nos

2216 2713 2389 2769 solum
2418 2722 2601 2769 contra
2646 2713 2836 2782 Deum,
2868 2712 2961 2769 sed
2990 2724 3086 2769 nec
3112 2721 3297 2776 contra
3336 2715 3483 2791 ipsos
3511 2690 3529 2769 ξ
3558 2714 3761 2789 nostin,

2216 2805 2406 2878 inquit,
2437 2803 2581 2867 Jesu,
2611 2805 2784 2878 accipe
2826 2805 3064 2877 spiritum
3091 2823 3279 2865 meum.
3325 2808 3446 2865 Non
3474 2810 3522 2864 ei
3550 2810 3762 2881 displicuit

2216 2899 2391 2966 Jcsus,
2405 2901 2527 2973 quia
2545 2900 2765 2972 passus'
2787 2908 2904 2963 erat
2920 2899 3298 2972 lapidationem
3318 2918 3422 2975 pro
3441 2904 3601 2967 verbo
3619 2904 3759 2981 ipsius;

2218 3008 2324 3048 non
2345 3008 2472 3064 ergo
2486 3002 2600 3049 erat
2619 2992 2901 3051 commissa
2918 2993 3094 3053 anima
3116 2992 3231 3064 ejus
3255 3004 3449 3053 contra
3468 2994 3645 3061 Deum.
3663 2995 3763 3063 lteri

2219 3083 2371 3147 dixit,
2395 3082 2626 3151 Domine,
2650 3099 2713 3138 ne
2730 3092 2922 3139 statuas
2943 3084 3046 3139 illis
3067 3084 3162 3139 hoc
3184 3083 3431 3149 delictum
3452 3085 3582 3160 (Aet.
3603 3103 3683 3158 vn,
3697 3086 3763 3156 5i,

2220 3176 2307 3243 58,
2337 3176 2429 3239 59)
2460 3194 2475 3232 :
2504 3192 2610 3232 non
2657 3192 2786 3244 ergo
2830 3185 2946 3233 erat
2984 3176 3269 3233 commissa
3312 3180 3497 3235 anima
3541 3179 3669 3253 ejus,
3694 3193 3764 3235 nec

2220 3278 2406 3325 contra
2438 3268 2680 3329 inimicos
2716 3284 2865 3323 suos.
2892 3266 3186 3323 Induantur
3221 3270 3577 3340 confusionem
3600 3282 3641 3327 ct
3661 3288 3762 3329 rm-

2221 3361 2478 3427 cundiam,
2520 3360 2607 3426 qui
2630 3359 2852 3432 cogitant
2889 3359 3015 3417 mihi
3051 3358 3211 3415 mala.
3242 3358 3364 3421 [loc
3405 3363 3545 3425 enim
3571 3369 3765 3441 quterunt

2224 3452 2527 3531 omnes‘qni
2573 3467 2660 3507 nte
2705 3451 2999 3519 tribulaut;
3040 3452 3178 3517 mala
3223 3453 3361 3511 mihi
3390 3455 3767 3526 quarunt,0tu

2224 3546 2363 3603 mala
2404 3542 2681 3616 quaerebat
2707 3543 2867 3611 etiam
2896 3543 3087 3603 mulier
3116 3543 3227 3612 illa,
3255 3546 3479 3623 quando
3517 3546 3763 3619 suggessit;

2225 3639 2326 3694 Dic
2343 3636 2536 3709 aliquid
2557 3638 2610 3691 in
2637 3635 2816 3700 Deum,
2838 3645 2882 3691 et
2899 3651 3092 3703 morere
3118 3636 3236 3711 (Job
3268 3652 3341 3709 ιι,
3375 3636 3457 3710 9),
3488 3639 3553 3705 Et
3575 3640 3654 3703 illa
3671 3652 3765 3701 uxor

2227 3731 2428 3797 Tobiae,
2460 3744 2581 3805 qua:
2623 3726 2699 3783 ai:
2727 3728 2917 3785 marito
2948 3744 2961 3780 :
3000 3725 3099 3789 Ubi
3140 3737 3259 3783 sunt
3275 3731 3498 3808 justitite
3521 3740 3614 3784 tua:
3655 3727 3763 3800 (Ν.

2226 3842 2285 3892 ιι,
2311 3824 2446 3896 2‘2)?
2472 3824 2550 3880 Ad
2581 3823 2682 3878 hoc
2719 3820 2948 3887 dicebat,
2985 3830 3044 3876 ιιι
3072 3820 3384 3891 diSpliceret
3433 3824 3511 3887 illi
3541 3822 3681 3889 Deus,
3701 3819 3766 3891 qui

2230 3918 2376 3974 illum
2405 3918 2817 3979 fect’ratctttcum
2843 3933 2861 3989 ς
2888 3923 3085 3983 etcum
3113 3914 3187 3975 illi
3218 3915 3553 3992 displiceret,
3570 3912 3763 3979 commit-

2231 4019 2434 4066 teretur
2461 4008 2634 4067 auima
2667 4005 2857 4079 ipsius,

2305 4104 2393 4159 15.
2425 4098 2577 4175 [ιιειές
2606 4097 2721 4173 ιι]
2748 4098 2802 4155 Si
2824 4112 2953 4175 ergo
2975 4112 3134 4155 nemo
3160 4094 3255 4153 tibi
3278 4097 3764 4169 tribulaudopersuar

2232 4196 2381 4260 serit,
2408 4208 2568 4261 nemo
2610 4193 2896 4255 extorserit
2923 4202 2982 4248 ut
3025 4191 3119 4248 tibi
3159 4191 3442 4264 displiceat
3472 4194 3601 4255 Deus
3624 4193 3669 4255 in
3701 4188 3763 4249 his

2234 4304 2353 4359 qua:
2382 4286 2603 4361 pateris,
2624 4294 2715 4348 aut
2741 4294 2798 4350 ut
2827 4283 3005 4347 oderis
3028 4283 3271 4347 homines
3302 4300 3404 4357 per
3426 4300 3558 4357 quos
3581 4281 3762 4359 pateris.

2236 4398 2342 4438 non
2364 4380 2709 4443 committitur
2720 4378 2893 4443 anima
2918 4386 3039 4445 tua;
3062 4377 3159 4443 sed
3176 4394 3400 4443 securus
3422 4378 3552 4443 dicis
3564 4374 3683 4450 quod
3700 4389 3762 4430 se-

2237 4476 2415 4546 quitur
2443 4491 2456 4528 :
2486 4472 2597 4544 Ego
2622 4482 2793 4535 autent
2816 4487 3013 4540 temper
3055 4473 3110 4533 in
3153 4481 3200 4529 te
3226 4472 3465 4544 sperabo,
3504 4483 3547 4529 et
3579 4469 3765 4541 adjicit!

2237 4582 2388 4637 super
2408 4580 2602 4627 omnem
2627 4562 2831 4625 tandem
2853 4570 3012 4625 tuam.
3040 4561 3179 4632 Quid
3209 4573 3290 4624 est
3318 4563 3420 4625 hoc
3440 4563 3465 4619 ?
3495 4563 3679 4623 liotore
3694 4570 3763 4614 nos

2239 4657 2418 4723 debet,
2449 4655 2688 4728 adjiciam
2714 4670 2868 4731 super
2886 4670 3091 4717 omnem
3125 4655 3329 4717 tetidem
3348 4664 3508 4719 tuam.
3535 4649 3763 4713 Perfectu-

2242 4765 2356 4805 rem
2382 4747 2616 4807 faeturus
2639 4762 2697 4807 es
2726 4745 2937 4811 laudent
2970 4746 3062 4809 Dei
3087 4745 3111 4803 ?
3138 4754 3223 4803 est
3251 4747 3453 4825 aliquid
3472 4744 3602 4823 quod
3621 4753 3760 4811 δειροτ-

2242 4840 2561 4912 adjieiatur?
2588 4840 2634 4893 ri
2672 4837 2787 4917 jam
2824 4837 3000 4899 omnis
3046 4839 3132 4899 illa
3164 4838 3280 4897 laus
3304 4846 3409 4905 est,
3441 4846 3495 4895 ιιι
3521 4834 3632 4907 quid
3656 4831 3763 4898 ωλι

2242 4942 2425 4991 cturus
2456 4931 2556 4993 es?
2582 4928 2849 4993 Laudatus
2871 4940 2954 4987 est
2985 4930 3127 4991 Deus
3153 4931 3206 4993 in
3227 4929 3474 4993 omnibus
3501 4927 3639 4989 bimis
3655 4920 3761 4981 factis

2244 5025 2379 5091 suis,
2406 5025 2459 5081 in
2478 5023 2625 5087 omni
2649 5031 2894 5085 creatura
2916 5037 3033 5088 sua,
3057 5021 3114 5079 in
3131 5022 3276 5082 eauti
3300 5021 3618 5083 institutione
3632 5023 3762 5077 rerum

2246 5119 2511 5185 omnium,
2539 5116 2595 5175 in
2620 5116 2758 5187 guhe
2768 5115 3011 5177 rnatioue
3035 5124 3089 5175 et
3126 5114 3389 5188 regimine
3410 5112 3706 5173 saeculorum,
3725 5103 3762 5159 in

2247 5210 2435 5269 ordine
2461 5220 2782 5280 temporum,
2835 5209 2888 5269 in
2915 5206 3203 5269 eminentia
3246 5207 3396 5275 ctuti,
3417 5205 3469 5267 in
3506 5198 3763 5267 nmina

2251 5312 2532 5372 terrarum,
2596 5303 2647 5365 iu
2694 5300 3105 5361 circumfusique
3156 5300 3352 5373 maris,
3403 5300 3461 5359 in
3496 5293 3626 5357 muni
3665 5300 3782 5365 nrt.

2250 5397 2505 5468 pollentia
2548 5397 2820 5455 nascentis
2862 5393 3062 5465 ubique
3100 5402 3387 5465 creatum,
3432 5392 3488 5450 in
3531 5387 3643 5461 ipsis
3676 5377 3761 5439 ﬁliis

2255 5489 2548 5556 hominum,
2583 5488 2638 5549 in
2667 5487 2837 5545 danda
2864 5486 3004 5561 lege,
3034 5487 3088 5543 in
3114 5486 3401 5551 liberandis
3418 5485 3522 5545 suis
3543 5498 3569 5539 a
3590 5469 3752 5548 captiti-

2253 5595 2363 5641 tate
2383 5583 2779 5656 {Egypt'tnruuu
2792 5594 2845 5637 et
2859 5583 3074 5643 caeteris
3091 5583 3341 5641 omnibus
3355 5568 3758 5645 mirabilibus“:

2257 5682 2489 5743 nondum
2512 5689 2627 5745 erat
2651 5676 2891 5737 laudatus
2917 5678 2972 5745 in
2996 5693 3060 5743 eo
3079 5677 3220 5753 quod
3237 5675 3503 5745 sauciarit
3523 5658 3751 5739 contecti!

2323 5793 2340 5827 ι
2365 5799 2439 5842 Er.
2464 5799 2515 5843 et
2535 5800 2661 5850 uss,
2682 5785 2941 5842 restitistis.

2320 5852 3059 5918 'smmum.m
