  <div class='ocr_page' id='page_1' title='image "/cluster/home/n/w/nwhite01/storage/ocr_20150623/36/uva.x000827105/456.png"; bbox 0 0 3966 6496; ppageno 0'>
   <div class='ocr_carea' id='block_1_1' title="bbox 180 522 1799 600">
    <p class='ocr_par' dir='ltr' id='par_1_1' title="bbox 180 522 1799 600">
     <span class='ocr_line' id='line_1_1' title="bbox 180 522 1799 600; baseline -0.012 -9"><span class='ocrx_word' id='word_1_1' title='bbox 180 536 381 592; x_wconf 78' lang='lat' dir='ltr'><strong>vitam</strong></span> <span class='ocrx_word' id='word_1_2' title='bbox 421 539 694 592; x_wconf 65' lang='lat' dir='ltr'><strong>aeternam.</strong></span> <span class='ocrx_word' id='word_1_3' title='bbox 722 528 803 591; x_wconf 85' lang='lat' dir='ltr'><strong>Sit</strong></span> <span class='ocrx_word' id='word_1_4' title='bbox 828 541 953 600; x_wconf 71' lang='lat' dir='ltr'><strong>ergo</strong></span> <span class='ocrx_word' id='word_1_5' title='bbox 983 526 1082 584; x_wconf 82' lang='lat' dir='ltr'><strong>ista</strong></span> <span class='ocrx_word' id='word_1_6' title='bbox 1110 524 1231 583; x_wconf 85' lang='lat' dir='ltr'><strong>laus</strong></span> <span class='ocrx_word' id='word_1_7' title='bbox 1257 522 1460 594; x_wconf 82' lang='lat' dir='ltr'><strong>adjecta</strong></span> <span class='ocrx_word' id='word_1_8' title='bbox 1493 537 1588 592; x_wconf 87' lang='lat' dir='ltr'><strong>per</strong></span> <span class='ocrx_word' id='word_1_9' title='bbox 1613 536 1799 576; x_wconf 82' lang='lat' dir='ltr'><strong>resur-</strong></span> 
     </span>
    </p>
   </div>
   <div class='ocr_carea' id='block_1_2' title="bbox 182 614 1806 684">
    <p class='ocr_par' dir='ltr' id='par_1_2' title="bbox 182 614 1806 684">
     <span class='ocr_line' id='line_1_2' title="bbox 182 614 1806 684; baseline -0.012 0"><span class='ocrx_word' id='word_1_10' title='bbox 182 627 511 684; x_wconf 78' lang='lat' dir='ltr'><strong>rectionem</strong></span> <span class='ocrx_word' id='word_1_11' title='bbox 541 622 748 681; x_wconf 83' lang='lat' dir='ltr'><strong>Domini</strong></span> <span class='ocrx_word' id='word_1_12' title='bbox 798 621 962 679; x_wconf 86' lang='lat' dir='ltr'><strong>nostri</strong></span> <span class='ocrx_word' id='word_1_13' title='bbox 994 619 1121 675; x_wconf 79' lang='lat' dir='ltr'><strong>Jesu</strong></span> <span class='ocrx_word' id='word_1_14' title='bbox 1168 617 1407 682; x_wconf 76' lang='lat' dir='ltr'><strong>Christi;</strong></span> <span class='ocrx_word' id='word_1_15' title='bbox 1453 625 1511 670; x_wconf 87' lang='lat' dir='ltr'><strong>ut</strong></span> <span class='ocrx_word' id='word_1_16' title='bbox 1554 617 1638 669; x_wconf 90' lang='lat' dir='ltr'><strong>hic</strong></span> <span class='ocrx_word' id='word_1_17' title='bbox 1688 614 1806 683; x_wconf 81' lang='lat' dir='ltr'><strong>ejus</strong></span> 
     </span>
    </p>
   </div>
   <div class='ocr_carea' id='block_1_3' title="bbox 184 708 1804 788">
    <p class='ocr_par' dir='ltr' id='par_1_3' title="bbox 184 708 1804 788">
     <span class='ocr_line' id='line_1_3' title="bbox 184 708 1804 788; baseline -0.01 -11"><span class='ocrx_word' id='word_1_18' title='bbox 184 737 401 777; x_wconf 74' lang='lat' dir='ltr'><strong>vocem</strong></span> <span class='ocrx_word' id='word_1_19' title='bbox 426 719 779 788; x_wconf 78' lang='lat' dir='ltr'><strong>intelligamus</strong></span> <span class='ocrx_word' id='word_1_20' title='bbox 805 730 966 786; x_wconf 86' lang='lat' dir='ltr'><strong>super</strong></span> <span class='ocrx_word' id='word_1_21' title='bbox 989 729 1200 771; x_wconf 89' lang='lat' dir='ltr'><strong>onmem</strong></span> <span class='ocrx_word' id='word_1_22' title='bbox 1225 712 1432 771; x_wconf 86' lang='lat' dir='ltr'><strong>laudem</strong></span> <span class='ocrx_word' id='word_1_23' title='bbox 1459 708 1804 781; x_wconf 75' lang='lat' dir='ltr'><strong>prater-itam:</strong></span> 
     </span>
    </p>
   </div>
   <div class='ocr_carea' id='block_1_4' title="bbox 182 803 1805 879">
    <p class='ocr_par' dir='ltr' id='par_1_4' title="bbox 182 803 1805 879">
     <span class='ocr_line' id='line_1_4' title="bbox 182 803 1805 879; baseline -0.009 -9"><span class='ocrx_word' id='word_1_24' title='bbox 182 817 283 870; x_wconf 89' lang='lat' dir='ltr'><strong>sic</strong></span> <span class='ocrx_word' id='word_1_25' title='bbox 324 814 426 869; x_wconf 89' lang='lat' dir='ltr'><strong>hoc</strong></span> <span class='ocrx_word' id='word_1_26' title='bbox 453 821 504 867; x_wconf 89' lang='lat' dir='ltr'><strong>et</strong></span> <span class='ocrx_word' id='word_1_27' title='bbox 537 820 679 867; x_wconf 88' lang='lat' dir='ltr'><strong>recte</strong></span> <span class='ocrx_word' id='word_1_28' title='bbox 706 809 1066 879; x_wconf 65' lang='lat' dir='ltr'><strong>intelligimus.</strong></span> <span class='ocrx_word' id='word_1_29' title='bbox 1098 805 1258 876; x_wconf 86' lang='lat' dir='ltr'><strong>Quid,</strong></span> <span class='ocrx_word' id='word_1_30' title='bbox 1289 816 1342 859; x_wconf 86' lang='grc' dir='ltr'><strong>ιιι</strong></span> <span class='ocrx_word' id='word_1_31' title='bbox 1376 803 1510 860; x_wconf 90' lang='lat' dir='ltr'><strong>forte</strong></span> <span class='ocrx_word' id='word_1_32' title='bbox 1535 812 1805 874; x_wconf 82' lang='lat' dir='ltr'><strong>peccator,</strong></span> 
     </span>
    </p>
   </div>
   <div class='ocr_carea' id='block_1_5' title="bbox 183 893 1808 977">
    <p class='ocr_par' dir='ltr' id='par_1_5' title="bbox 183 893 1808 977">
     <span class='ocr_line' id='line_1_5' title="bbox 183 893 1808 977; baseline -0.004 -20"><span class='ocrx_word' id='word_1_33' title='bbox 183 907 297 977; x_wconf 82' lang='lat' dir='ltr'><strong>qui</strong></span> <span class='ocrx_word' id='word_1_34' title='bbox 338 904 562 959; x_wconf 77' lang='lat' dir='ltr'><strong>timebas</strong></span> <span class='ocrx_word' id='word_1_35' title='bbox 591 899 853 958; x_wconf 88' lang='lat' dir='ltr'><strong>committi</strong></span> <span class='ocrx_word' id='word_1_36' title='bbox 882 900 1111 955; x_wconf 85' lang='lat' dir='ltr'><strong>animam</strong></span> <span class='ocrx_word' id='word_1_37' title='bbox 1143 908 1307 963; x_wconf 87' lang='lat' dir='ltr'><strong>tuam,</strong></span> <span class='ocrx_word' id='word_1_38' title='bbox 1339 898 1427 967; x_wconf 92' lang='lat' dir='ltr'><strong>qui</strong></span> <span class='ocrx_word' id='word_1_39' title='bbox 1458 896 1509 952; x_wconf 91' lang='lat' dir='ltr'><strong>in</strong></span> <span class='ocrx_word' id='word_1_40' title='bbox 1548 896 1664 967; x_wconf 78' lang='lat' dir='ltr'><strong>ipso</strong></span> <span class='ocrx_word' id='word_1_41' title='bbox 1689 893 1808 951; x_wconf 89' lang='lat' dir='ltr'><strong>solo</strong></span> 
     </span>
    </p>
   </div>
   <div class='ocr_carea' id='block_1_6' title="bbox 186 989 1806 1068">
    <p class='ocr_par' dir='ltr' id='par_1_6' title="bbox 186 989 1806 1068">
     <span class='ocr_line' id='line_1_6' title="bbox 186 989 1806 1068; baseline -0.006 -15"><span class='ocrx_word' id='word_1_42' title='bbox 186 998 492 1068; x_wconf 77' lang='lat' dir='ltr'><strong>Sperabas,</strong></span> <span class='ocrx_word' id='word_1_43' title='bbox 524 1006 638 1049; x_wconf 90' lang='lat' dir='ltr'><strong>uta</strong></span> <span class='ocrx_word' id='word_1_44' title='bbox 668 995 838 1066; x_wconf 87' lang='lat' dir='ltr'><strong>prima</strong></span> <span class='ocrx_word' id='word_1_45' title='bbox 873 993 958 1048; x_wconf 89' lang='lat' dir='ltr'><strong>illa</strong></span> <span class='ocrx_word' id='word_1_46' title='bbox 1003 993 1311 1064; x_wconf 82' lang='lat' dir='ltr'><strong>captivitate</strong></span> <span class='ocrx_word' id='word_1_47' title='bbox 1357 991 1679 1055; x_wconf 82' lang='lat' dir='ltr'><strong>liberareris,</strong></span> <span class='ocrx_word' id='word_1_48' title='bbox 1715 989 1806 1060; x_wconf 87' lang='lat' dir='ltr'><strong>qui</strong></span> 
     </span>
    </p>
   </div>
   <div class='ocr_carea' id='block_1_7' title="bbox 185 1085 1805 1161">
    <p class='ocr_par' dir='ltr' id='par_1_7' title="bbox 185 1085 1805 1161">
     <span class='ocr_line' id='line_1_7' title="bbox 185 1085 1805 1161; baseline -0.001 -22"><span class='ocrx_word' id='word_1_49' title='bbox 185 1092 269 1143; x_wconf 70' lang='grc' dir='ltr'>ιιι·</span> <span class='ocrx_word' id='word_1_50' title='bbox 290 1089 497 1161; x_wconf 77' lang='lat' dir='ltr'><strong>justitia</strong></span> <span class='ocrx_word' id='word_1_51' title='bbox 514 1098 597 1143; x_wconf 88' lang='lat' dir='ltr'><strong>tua</strong></span> <span class='ocrx_word' id='word_1_52' title='bbox 614 1104 715 1144; x_wconf 92' lang='lat' dir='ltr'><strong>nou</strong></span> <span class='ocrx_word' id='word_1_53' title='bbox 734 1086 1112 1159; x_wconf 74' lang='lat' dir='ltr'><strong>pra-sumebas,</strong></span> <span class='ocrx_word' id='word_1_54' title='bbox 1127 1085 1220 1142; x_wconf 86' lang='lat' dir='ltr'><strong>scd</strong></span> <span class='ocrx_word' id='word_1_55' title='bbox 1238 1086 1305 1141; x_wconf 90' lang='lat' dir='ltr'><strong>de</strong></span> <span class='ocrx_word' id='word_1_56' title='bbox 1316 1085 1480 1157; x_wconf 76' lang='lat' dir='ltr'><strong>gratia</strong></span> <span class='ocrx_word' id='word_1_57' title='bbox 1498 1085 1805 1151; x_wconf 87' lang='lat' dir='ltr'><strong>illiusquatn</strong></span> 
     </span>
    </p>
   </div>
   <div class='ocr_carea' id='block_1_8' title="bbox 190 1173 1805 1259">
    <p class='ocr_par' dir='ltr' id='par_1_8' title="bbox 190 1173 1805 1259">
     <span class='ocr_line' id='line_1_8' title="bbox 190 1173 1805 1259; baseline -0.004 -22"><span class='ocrx_word' id='word_1_58' title='bbox 190 1182 555 1238; x_wconf 70' lang='lat' dir='ltr'><strong>commendat</strong></span> <span class='ocrx_word' id='word_1_59' title='bbox 596 1180 681 1238; x_wconf 88' lang='lat' dir='ltr'><strong>hic</strong></span> <span class='ocrx_word' id='word_1_60' title='bbox 719 1180 991 1250; x_wconf 82' lang='lat' dir='ltr'><strong>psalmus;</strong></span> <span class='ocrx_word' id='word_1_61' title='bbox 1026 1178 1170 1249; x_wconf 87' lang='lat' dir='ltr'><strong>quid,</strong></span> <span class='ocrx_word' id='word_1_62' title='bbox 1225 1186 1282 1231; x_wconf 87' lang='lat' dir='ltr'><strong>tu</strong></span> <span class='ocrx_word' id='word_1_63' title='bbox 1329 1175 1553 1259; x_wconf 61' lang='lat' dir='ltr'><strong>adjicies</strong></span> <span class='ocrx_word' id='word_1_64' title='bbox 1605 1173 1805 1245; x_wconf 86' lang='lat' dir='ltr'><strong>aliquid</strong></span> 
     </span>
    </p>
   </div>
   <div class='ocr_carea' id='block_1_9' title="bbox 189 1266 1806 1344">
    <p class='ocr_par' dir='ltr' id='par_1_9' title="bbox 189 1266 1806 1344">
     <span class='ocr_line' id='line_1_9' title="bbox 189 1266 1806 1344; baseline -0.006 -15"><span class='ocrx_word' id='word_1_65' title='bbox 189 1291 378 1344; x_wconf 77' lang='lat' dir='ltr'><strong>super</strong></span> <span class='ocrx_word' id='word_1_66' title='bbox 401 1290 617 1329; x_wconf 86' lang='lat' dir='ltr'><strong>onmem</strong></span> <span class='ocrx_word' id='word_1_67' title='bbox 644 1272 855 1328; x_wconf 86' lang='lat' dir='ltr'><strong>laudem</strong></span> <span class='ocrx_word' id='word_1_68' title='bbox 890 1271 1025 1327; x_wconf 82' lang='lat' dir='ltr'><strong>Dei?</strong></span> <span class='ocrx_word' id='word_1_69' title='bbox 1070 1268 1352 1340; x_wconf 82' lang='lat' dir='ltr'><strong>Adjieiam,</strong></span> <span class='ocrx_word' id='word_1_70' title='bbox 1386 1268 1573 1340; x_wconf 90' lang='lat' dir='ltr'><strong>inquit.</strong></span> <span class='ocrx_word' id='word_1_71' title='bbox 1608 1266 1806 1323; x_wconf 75' lang='lat' dir='ltr'><strong>Videa-</strong></span> 
     </span>
    </p>
   </div>
   <div class='ocr_carea' id='block_1_10' title="bbox 192 1357 1807 1436">
    <p class='ocr_par' dir='ltr' id='par_1_10' title="bbox 192 1357 1807 1436">
     <span class='ocr_line' id='line_1_10' title="bbox 192 1357 1807 1436; baseline -0.003 -16"><span class='ocrx_word' id='word_1_72' title='bbox 192 1382 333 1421; x_wconf 85' lang='lat' dir='ltr'><strong>mus</strong></span> <span class='ocrx_word' id='word_1_73' title='bbox 356 1365 478 1436; x_wconf 91' lang='lat' dir='ltr'><strong>qnid</strong></span> <span class='ocrx_word' id='word_1_74' title='bbox 508 1364 742 1434; x_wconf 79' lang='lat' dir='ltr'><strong>adjiciat.</strong></span> <span class='ocrx_word' id='word_1_75' title='bbox 775 1363 961 1419; x_wconf 82' lang='lat' dir='ltr'><strong>Posset</strong></span> <span class='ocrx_word' id='word_1_76' title='bbox 987 1377 1108 1417; x_wconf 83' lang='lat' dir='ltr'><strong>esse</strong></span> <span class='ocrx_word' id='word_1_77' title='bbox 1127 1360 1305 1419; x_wconf 88' lang='lat' dir='ltr'><strong>omnis</strong></span> <span class='ocrx_word' id='word_1_78' title='bbox 1324 1361 1441 1414; x_wconf 83' lang='lat' dir='ltr'><strong>laus</strong></span> <span class='ocrx_word' id='word_1_79' title='bbox 1467 1369 1574 1427; x_wconf 89' lang='lat' dir='ltr'><strong>tua,</strong></span> <span class='ocrx_word' id='word_1_80' title='bbox 1602 1366 1658 1416; x_wconf 91' lang='lat' dir='ltr'><strong>et</strong></span> <span class='ocrx_word' id='word_1_81' title='bbox 1673 1357 1807 1415; x_wconf 78' lang='lat' dir='ltr'><strong>nihil</strong></span> 
     </span>
    </p>
   </div>
   <div class='ocr_carea' id='block_1_11' title="bbox 192 1450 1810 1521">
    <p class='ocr_par' dir='ltr' id='par_1_11' title="bbox 192 1450 1810 1521">
     <span class='ocr_line' id='line_1_11' title="bbox 192 1450 1810 1521; baseline -0.002 -10"><span class='ocrx_word' id='word_1_82' title='bbox 192 1460 435 1513; x_wconf 85' lang='lat' dir='ltr'><strong>omnino</strong></span> <span class='ocrx_word' id='word_1_83' title='bbox 459 1457 646 1513; x_wconf 89' lang='lat' dir='ltr'><strong>deesse</strong></span> <span class='ocrx_word' id='word_1_84' title='bbox 674 1455 941 1512; x_wconf 83' lang='lat' dir='ltr'><strong>videretur</strong></span> <span class='ocrx_word' id='word_1_85' title='bbox 958 1454 1025 1510; x_wconf 90' lang='lat' dir='ltr'><strong>ad</strong></span> <span class='ocrx_word' id='word_1_86' title='bbox 1057 1454 1267 1511; x_wconf 84' lang='lat' dir='ltr'><strong>laudem</strong></span> <span class='ocrx_word' id='word_1_87' title='bbox 1297 1461 1465 1520; x_wconf 88' lang='lat' dir='ltr'><strong>tuam,</strong></span> <span class='ocrx_word' id='word_1_88' title='bbox 1497 1452 1620 1521; x_wconf 92' lang='lat' dir='ltr'><strong>quia</strong></span> <span class='ocrx_word' id='word_1_89' title='bbox 1649 1460 1703 1508; x_wconf 88' lang='lat' dir='ltr'><strong>ct</strong></span> <span class='ocrx_word' id='word_1_90' title='bbox 1727 1450 1810 1507; x_wconf 85' lang='lat' dir='ltr'><strong>ni-</strong></span> 
     </span>
    </p>
   </div>
   <div class='ocr_carea' id='block_1_12' title="bbox 194 1544 1805 1618">
    <p class='ocr_par' dir='ltr' id='par_1_12' title="bbox 194 1544 1805 1618">
     <span class='ocr_line' id='line_1_12' title="bbox 194 1544 1805 1618; baseline -0.004 -12"><span class='ocrx_word' id='word_1_91' title='bbox 194 1551 287 1609; x_wconf 82' lang='lat' dir='ltr'><strong>hil</strong></span> <span class='ocrx_word' id='word_1_92' title='bbox 321 1552 552 1617; x_wconf 81' lang='lat' dir='ltr'><strong>deesset,</strong></span> <span class='ocrx_word' id='word_1_93' title='bbox 601 1550 644 1605; x_wconf 88' lang='lat' dir='ltr'><strong>si</strong></span> <span class='ocrx_word' id='word_1_94' title='bbox 682 1549 966 1605; x_wconf 86' lang='lat' dir='ltr'><strong>damnarcs</strong></span> <span class='ocrx_word' id='word_1_95' title='bbox 1004 1562 1193 1604; x_wconf 89' lang='lat' dir='ltr'><strong>omnes</strong></span> <span class='ocrx_word' id='word_1_96' title='bbox 1235 1547 1466 1618; x_wconf 87' lang='lat' dir='ltr'><strong>iniquos.</strong></span> <span class='ocrx_word' id='word_1_97' title='bbox 1500 1544 1616 1601; x_wconf 85' lang='lat' dir='ltr'><strong>Non</strong></span> <span class='ocrx_word' id='word_1_98' title='bbox 1662 1545 1805 1602; x_wconf 86' lang='lat' dir='ltr'><strong>enim</strong></span> 
     </span>
    </p>
   </div>
   <div class='ocr_carea' id='block_1_13' title="bbox 206 1636 1809 1713">
    <p class='ocr_par' dir='ltr' id='par_1_13' title="bbox 206 1636 1809 1713">
     <span class='ocr_line' id='line_1_13' title="bbox 206 1636 1809 1713; baseline -0.006 -12"><span class='ocrx_word' id='word_1_99' title='bbox 206 1663 332 1701; x_wconf 80' lang='lat' dir='ltr'><strong>non</strong></span> <span class='ocrx_word' id='word_1_100' title='bbox 371 1653 519 1701; x_wconf 85' lang='lat' dir='ltr'><strong>esset</strong></span> <span class='ocrx_word' id='word_1_101' title='bbox 542 1659 727 1713; x_wconf 74' lang='lat' dir='ltr'><strong>magna</strong></span> <span class='ocrx_word' id='word_1_102' title='bbox 760 1642 873 1699; x_wconf 80' lang='lat' dir='ltr'><strong>laus</strong></span> <span class='ocrx_word' id='word_1_103' title='bbox 900 1641 991 1697; x_wconf 87' lang='lat' dir='ltr'><strong>Dei</strong></span> <span class='ocrx_word' id='word_1_104' title='bbox 1018 1640 1217 1713; x_wconf 67' lang='lat' dir='ltr'><strong>iustitia</strong></span> <span class='ocrx_word' id='word_1_105' title='bbox 1249 1640 1363 1711; x_wconf 86' lang='lat' dir='ltr'><strong>ipsa</strong></span> <span class='ocrx_word' id='word_1_106' title='bbox 1390 1653 1495 1710; x_wconf 84' lang='lat' dir='ltr'><strong>qua</strong></span> <span class='ocrx_word' id='word_1_107' title='bbox 1523 1637 1683 1709; x_wconf 88' lang='lat' dir='ltr'><strong>iniqui</strong></span> <span class='ocrx_word' id='word_1_108' title='bbox 1713 1636 1809 1693; x_wconf 90' lang='lat' dir='ltr'><strong>da-</strong></span> 
     </span>
    </p>
   </div>
   <div class='ocr_carea' id='block_1_14' title="bbox 204 1728 1806 1805">
    <p class='ocr_par' dir='ltr' id='par_1_14' title="bbox 204 1728 1806 1805">
     <span class='ocr_line' id='line_1_14' title="bbox 204 1728 1806 1805; baseline -0.004 -13"><span class='ocrx_word' id='word_1_109' title='bbox 204 1744 473 1792; x_wconf 84' lang='lat' dir='ltr'><strong>mnantur</strong></span> <span class='ocrx_word' id='word_1_110' title='bbox 497 1755 509 1791; x_wconf 90' lang='lat'>:</span> <span class='ocrx_word' id='word_1_111' title='bbox 535 1750 723 1805; x_wconf 79' lang='lat' dir='ltr'><strong>magna</strong></span> <span class='ocrx_word' id='word_1_112' title='bbox 748 1734 863 1791; x_wconf 82' lang='lat' dir='ltr'><strong>laus</strong></span> <span class='ocrx_word' id='word_1_113' title='bbox 888 1742 1052 1792; x_wconf 76' lang='lat' dir='ltr'><strong>esset.</strong></span> <span class='ocrx_word' id='word_1_114' title='bbox 1076 1732 1268 1791; x_wconf 85' lang='lat' dir='ltr'><strong>Fecisti</strong></span> <span class='ocrx_word' id='word_1_115' title='bbox 1296 1731 1586 1794; x_wconf 84' lang='lat' dir='ltr'><strong>hominem,</strong></span> <span class='ocrx_word' id='word_1_116' title='bbox 1611 1728 1806 1785; x_wconf 86' lang='lat' dir='ltr'><strong>dedisti</strong></span> 
     </span>
    </p>
   </div>
   <div class='ocr_carea' id='block_1_15' title="bbox 208 1822 1809 1895">
    <p class='ocr_par' dir='ltr' id='par_1_15' title="bbox 208 1822 1809 1895">
     <span class='ocr_line' id='line_1_15' title="bbox 208 1822 1809 1895; baseline -0.004 -12"><span class='ocrx_word' id='word_1_117' title='bbox 208 1831 265 1883; x_wconf 86' lang='lat' dir='ltr'><strong>ei</strong></span> <span class='ocrx_word' id='word_1_118' title='bbox 306 1829 530 1884; x_wconf 88' lang='lat' dir='ltr'><strong>liberum</strong></span> <span class='ocrx_word' id='word_1_119' title='bbox 573 1826 873 1894; x_wconf 80' lang='lat' dir='ltr'><strong>arbitrium,</strong></span> <span class='ocrx_word' id='word_1_120' title='bbox 907 1826 958 1882; x_wconf 94' lang='lat' dir='ltr'><strong>in</strong></span> <span class='ocrx_word' id='word_1_121' title='bbox 1004 1824 1248 1895; x_wconf 76' lang='lat' dir='ltr'><strong>paradiso</strong></span> <span class='ocrx_word' id='word_1_122' title='bbox 1276 1822 1572 1889; x_wconf 89' lang='lat' dir='ltr'><strong>collocasti,</strong></span> <span class='ocrx_word' id='word_1_123' title='bbox 1604 1834 1809 1891; x_wconf 60' lang='lat' dir='ltr'><strong>prince-</strong></span> 
     </span>
    </p>
   </div>
   <div class='ocr_carea' id='block_1_16' title="bbox 203 1913 1804 1993">
    <p class='ocr_par' dir='ltr' id='par_1_16' title="bbox 203 1913 1804 1993">
     <span class='ocr_line' id='line_1_16' title="bbox 203 1913 1804 1993; baseline -0.004 -18"><span class='ocrx_word' id='word_1_124' title='bbox 203 1933 365 1993; x_wconf 85' lang='lat' dir='ltr'><strong>ptum</strong></span> <span class='ocrx_word' id='word_1_125' title='bbox 412 1922 733 1991; x_wconf 63' lang='lat' dir='ltr'><strong>iuqiosuisti,</strong></span> <span class='ocrx_word' id='word_1_126' title='bbox 786 1929 1035 1984; x_wconf 89' lang='lat' dir='ltr'><strong>mortem,</strong></span> <span class='ocrx_word' id='word_1_127' title='bbox 1082 1918 1128 1972; x_wconf 83' lang='lat' dir='ltr'><strong>si</strong></span> <span class='ocrx_word' id='word_1_128' title='bbox 1174 1926 1497 1987; x_wconf 69' lang='lat' dir='ltr'><strong>pra‘ceptum</strong></span> <span class='ocrx_word' id='word_1_129' title='bbox 1541 1913 1804 1982; x_wconf 79' lang='lat' dir='ltr'><strong>violaret,</strong></span> 
     </span>
    </p>
   </div>
   <div class='ocr_carea' id='block_1_17' title="bbox 204 2007 1809 2079">
    <p class='ocr_par' dir='ltr' id='par_1_17' title="bbox 204 2007 1809 2079">
     <span class='ocr_line' id='line_1_17' title="bbox 204 2007 1809 2079; baseline -0.004 -11"><span class='ocrx_word' id='word_1_130' title='bbox 204 2013 560 2079; x_wconf 60' lang='lat' dir='ltr'><strong>iusti~simam</strong></span> <span class='ocrx_word' id='word_1_131' title='bbox 601 2012 923 2069; x_wconf 81' lang='lat' dir='ltr'><strong>denuntiasti</strong></span> <span class='ocrx_word' id='word_1_132' title='bbox 951 2028 967 2077; x_wconf 94' lang='lat'><strong>;</strong></span> <span class='ocrx_word' id='word_1_133' title='bbox 998 2009 1134 2066; x_wconf 85' lang='lat' dir='ltr'><strong>nihil</strong></span> <span class='ocrx_word' id='word_1_134' title='bbox 1162 2025 1270 2065; x_wconf 91' lang='lat' dir='ltr'><strong>non</strong></span> <span class='ocrx_word' id='word_1_135' title='bbox 1302 2007 1494 2073; x_wconf 78' lang='lat' dir='ltr'><strong>fecisti,</strong></span> <span class='ocrx_word' id='word_1_136' title='bbox 1526 2021 1683 2063; x_wconf 89' lang='lat' dir='ltr'><strong>nemo</strong></span> <span class='ocrx_word' id='word_1_137' title='bbox 1726 2012 1809 2062; x_wconf 84' lang='lat' dir='ltr'><strong>est</strong></span> 
     </span>
    </p>
   </div>
   <div class='ocr_carea' id='block_1_18' title="bbox 205 2100 1808 2176">
    <p class='ocr_par' dir='ltr' id='par_1_18' title="bbox 205 2100 1808 2176">
     <span class='ocr_line' id='line_1_18' title="bbox 205 2100 1808 2176; baseline -0.006 -16"><span class='ocrx_word' id='word_1_138' title='bbox 205 2106 363 2176; x_wconf 84' lang='lat' dir='ltr'><strong>quia</strong></span> <span class='ocrx_word' id='word_1_139' title='bbox 406 2115 456 2159; x_wconf 90' lang='lat' dir='ltr'><strong>te</strong></span> <span class='ocrx_word' id='word_1_140' title='bbox 482 2104 710 2174; x_wconf 80' lang='lat' dir='ltr'><strong>autplius</strong></span> <span class='ocrx_word' id='word_1_141' title='bbox 735 2103 928 2172; x_wconf 76' lang='lat' dir='ltr'><strong>exigat.</strong></span> <span class='ocrx_word' id='word_1_142' title='bbox 977 2100 1260 2164; x_wconf 79' lang='lat' dir='ltr'><strong>Peccavit;</strong></span> <span class='ocrx_word' id='word_1_143' title='bbox 1296 2100 1488 2155; x_wconf 80' lang='lat' dir='ltr'><strong>tactum</strong></span> <span class='ocrx_word' id='word_1_144' title='bbox 1533 2106 1616 2153; x_wconf 87' lang='lat' dir='ltr'><strong>est</strong></span> <span class='ocrx_word' id='word_1_145' title='bbox 1638 2110 1808 2166; x_wconf 75' lang='lat' dir='ltr'><strong>genus</strong></span> 
     </span>
    </p>
   </div>
   <div class='ocr_carea' id='block_1_19' title="bbox 210 2186 1809 2265">
    <p class='ocr_par' dir='ltr' id='par_1_19' title="bbox 210 2186 1809 2265">
     <span class='ocr_line' id='line_1_19' title="bbox 210 2186 1809 2265; baseline -0.004 -12"><span class='ocrx_word' id='word_1_146' title='bbox 210 2197 513 2253; x_wconf 82' lang='lat' dir='ltr'><strong>humanum</strong></span> <span class='ocrx_word' id='word_1_147' title='bbox 544 2206 792 2265; x_wconf 87' lang='lat' dir='ltr'><strong>tanquam</strong></span> <span class='ocrx_word' id='word_1_148' title='bbox 839 2208 1012 2251; x_wconf 77' lang='lat' dir='ltr'><strong>massa</strong></span> <span class='ocrx_word' id='word_1_149' title='bbox 1059 2200 1414 2263; x_wconf 77' lang='lat' dir='ltr'><strong>peccatorum,</strong></span> <span class='ocrx_word' id='word_1_150' title='bbox 1445 2189 1715 2261; x_wconf 79' lang='lat' dir='ltr'><strong>proﬂuens</strong></span> <span class='ocrx_word' id='word_1_151' title='bbox 1738 2186 1809 2246; x_wconf 83' lang='lat' dir='ltr'><strong>de</strong></span> 
     </span>
    </p>
   </div>
   <div class='ocr_carea' id='block_1_20' title="bbox 210 2281 1807 2360">
    <p class='ocr_par' dir='ltr' id='par_1_20' title="bbox 210 2281 1807 2360">
     <span class='ocr_line' id='line_1_20' title="bbox 210 2281 1807 2360; baseline -0.004 -20"><span class='ocrx_word' id='word_1_152' title='bbox 210 2288 586 2360; x_wconf 81' lang='lat' dir='ltr'><strong>peccatoribus</strong></span> <span class='ocrx_word' id='word_1_153' title='bbox 607 2286 761 2358; x_wconf 80' lang='lat' dir='ltr'><strong>(Gen.</strong></span> <span class='ocrx_word' id='word_1_154' title='bbox 787 2302 845 2349; x_wconf 83' lang='grc' dir='ltr'><strong>ιι,</strong></span> <span class='ocrx_word' id='word_1_155' title='bbox 871 2295 917 2340; x_wconf 86' lang='lat' dir='ltr'><strong>et</strong></span> <span class='ocrx_word' id='word_1_156' title='bbox 941 2283 1022 2357; x_wconf 85' lang='lat' dir='ltr'><strong>ut)</strong></span> <span class='ocrx_word' id='word_1_157' title='bbox 1046 2300 1059 2350; x_wconf 91' lang='lat'><strong>;</strong></span> <span class='ocrx_word' id='word_1_158' title='bbox 1088 2282 1216 2354; x_wconf 89' lang='lat' dir='ltr'><strong>quid</strong></span> <span class='ocrx_word' id='word_1_159' title='bbox 1246 2296 1395 2353; x_wconf 81' lang='lat' dir='ltr'><strong>ergo,</strong></span> <span class='ocrx_word' id='word_1_160' title='bbox 1425 2291 1479 2336; x_wconf 93' lang='lat' dir='ltr'><strong>tu</strong></span> <span class='ocrx_word' id='word_1_161' title='bbox 1505 2281 1551 2335; x_wconf 88' lang='lat' dir='ltr'><strong>si</strong></span> <span class='ocrx_word' id='word_1_162' title='bbox 1577 2294 1807 2336; x_wconf 86' lang='lat' dir='ltr'><strong>massam</strong></span> 
     </span>
    </p>
   </div>
   <div class='ocr_carea' id='block_1_21' title="bbox 210 2371 1808 2452">
    <p class='ocr_par' dir='ltr' id='par_1_21' title="bbox 210 2371 1808 2452">
     <span class='ocr_line' id='line_1_21' title="bbox 210 2371 1808 2452; baseline -0.007 -15"><span class='ocrx_word' id='word_1_163' title='bbox 210 2383 375 2437; x_wconf 84' lang='lat' dir='ltr'><strong>istam</strong></span> <span class='ocrx_word' id='word_1_164' title='bbox 407 2381 700 2452; x_wconf 83' lang='lat' dir='ltr'><strong>iniquitatis</strong></span> <span class='ocrx_word' id='word_1_165' title='bbox 728 2379 973 2443; x_wconf 82' lang='lat' dir='ltr'><strong>damnes,</strong></span> <span class='ocrx_word' id='word_1_166' title='bbox 1005 2378 1283 2448; x_wconf 84' lang='lat' dir='ltr'><strong>quisquam</strong></span> <span class='ocrx_word' id='word_1_167' title='bbox 1328 2374 1419 2430; x_wconf 83' lang='lat' dir='ltr'><strong>tibi</strong></span> <span class='ocrx_word' id='word_1_168' title='bbox 1450 2372 1591 2429; x_wconf 86' lang='lat' dir='ltr'><strong>dicet</strong></span> <span class='ocrx_word' id='word_1_169' title='bbox 1620 2390 1633 2427; x_wconf 91' lang='lat'><strong>:</strong></span> <span class='ocrx_word' id='word_1_170' title='bbox 1667 2371 1808 2441; x_wconf 80' lang='lat' dir='ltr'><strong>lnju-</strong></span> 
     </span>
    </p>
   </div>
   <div class='ocr_carea' id='block_1_22' title="bbox 210 2463 1811 2540">
    <p class='ocr_par' dir='ltr' id='par_1_22' title="bbox 210 2463 1811 2540">
     <span class='ocr_line' id='line_1_22' title="bbox 210 2463 1811 2540; baseline -0.005 -11"><span class='ocrx_word' id='word_1_171' title='bbox 210 2485 298 2530; x_wconf 85' lang='lat' dir='ltr'><strong>ste</strong></span> <span class='ocrx_word' id='word_1_172' title='bbox 340 2473 555 2530; x_wconf 79' lang='lat' dir='ltr'><strong>fecisti?</strong></span> <span class='ocrx_word' id='word_1_173' title='bbox 596 2473 755 2528; x_wconf 81' lang='lat' dir='ltr'><strong>Esses</strong></span> <span class='ocrx_word' id='word_1_174' title='bbox 805 2470 958 2540; x_wconf 88' lang='lat' dir='ltr'><strong>plane</strong></span> <span class='ocrx_word' id='word_1_175' title='bbox 1000 2469 1162 2525; x_wconf 86' lang='lat' dir='ltr'><strong>etiam</strong></span> <span class='ocrx_word' id='word_1_176' title='bbox 1206 2466 1289 2525; x_wconf 85' lang='lat' dir='ltr'><strong>sic</strong></span> <span class='ocrx_word' id='word_1_177' title='bbox 1323 2466 1519 2537; x_wconf 82' lang='lat' dir='ltr'><strong>justus,</strong></span> <span class='ocrx_word' id='word_1_178' title='bbox 1552 2473 1608 2521; x_wconf 91' lang='lat' dir='ltr'><strong>et</strong></span> <span class='ocrx_word' id='word_1_179' title='bbox 1634 2463 1811 2521; x_wconf 83' lang='lat' dir='ltr'><strong>omnis</strong></span> 
     </span>
    </p>
   </div>
   <div class='ocr_carea' id='block_1_23' title="bbox 211 2560 1810 2634">
    <p class='ocr_par' dir='ltr' id='par_1_23' title="bbox 211 2560 1810 2634">
     <span class='ocr_line' id='line_1_23' title="bbox 211 2560 1810 2634; baseline -0.007 -9"><span class='ocrx_word' id='word_1_180' title='bbox 211 2578 365 2625; x_wconf 77' lang='lat' dir='ltr'><strong>esset</strong></span> <span class='ocrx_word' id='word_1_181' title='bbox 390 2570 486 2623; x_wconf 71' lang='lat' dir='ltr'><strong>ista</strong></span> <span class='ocrx_word' id='word_1_182' title='bbox 520 2568 634 2621; x_wconf 73' lang='lat' dir='ltr'><strong>laus</strong></span> <span class='ocrx_word' id='word_1_183' title='bbox 660 2576 744 2623; x_wconf 90' lang='lat' dir='ltr'><strong>tua</strong></span> <span class='ocrx_word' id='word_1_184' title='bbox 772 2580 787 2629; x_wconf 90' lang='lat'><strong>;</strong></span> <span class='ocrx_word' id='word_1_185' title='bbox 814 2563 907 2619; x_wconf 88' lang='lat' dir='ltr'><strong>sed</strong></span> <span class='ocrx_word' id='word_1_186' title='bbox 939 2563 1060 2634; x_wconf 88' lang='lat' dir='ltr'><strong>quia</strong></span> <span class='ocrx_word' id='word_1_187' title='bbox 1092 2561 1325 2618; x_wconf 85' lang='lat' dir='ltr'><strong>liberasti</strong></span> <span class='ocrx_word' id='word_1_188' title='bbox 1349 2569 1400 2616; x_wconf 84' lang='lat' dir='ltr'><strong>et</strong></span> <span class='ocrx_word' id='word_1_189' title='bbox 1424 2560 1598 2631; x_wconf 89' lang='lat' dir='ltr'><strong>ipsum</strong></span> <span class='ocrx_word' id='word_1_190' title='bbox 1622 2573 1810 2630; x_wconf 83' lang='lat' dir='ltr'><strong>pecca-</strong></span> 
     </span>
    </p>
   </div>
   <div class='ocr_carea' id='block_1_24' title="bbox 214 2650 1809 2727">
    <p class='ocr_par' dir='ltr' id='par_1_24' title="bbox 214 2650 1809 2727">
     <span class='ocr_line' id='line_1_24' title="bbox 214 2650 1809 2727; baseline -0.003 -16"><span class='ocrx_word' id='word_1_191' title='bbox 214 2668 385 2712; x_wconf 85' lang='lat' dir='ltr'><strong>toretu</strong></span> <span class='ocrx_word' id='word_1_192' title='bbox 405 2655 750 2727; x_wconf 86' lang='lat' dir='ltr'><strong>justilicando</strong></span> <span class='ocrx_word' id='word_1_193' title='bbox 770 2654 1016 2725; x_wconf 87' lang='lat' dir='ltr'><strong>impium,</strong></span> <span class='ocrx_word' id='word_1_194' title='bbox 1037 2652 1281 2724; x_wconf 77' lang='lat' dir='ltr'><strong>adjiciam</strong></span> <span class='ocrx_word' id='word_1_195' title='bbox 1300 2666 1454 2722; x_wconf 85' lang='lat' dir='ltr'><strong>super</strong></span> <span class='ocrx_word' id='word_1_196' title='bbox 1474 2666 1671 2706; x_wconf 82' lang='lat' dir='ltr'><strong>onmem</strong></span> <span class='ocrx_word' id='word_1_197' title='bbox 1693 2650 1809 2707; x_wconf 79' lang='lat' dir='ltr'><strong>lau-</strong></span> 
     </span>
    </p>
   </div>
   <div class='ocr_carea' id='block_1_25' title="bbox 214 2752 516 2806">
    <p class='ocr_par' dir='ltr' id='par_1_25' title="bbox 214 2752 516 2806">
     <span class='ocr_line' id='line_1_25' title="bbox 214 2752 516 2806; baseline -0.007 -3"><span class='ocrx_word' id='word_1_198' title='bbox 214 2752 332 2806; x_wconf 72' lang='lat' dir='ltr'><strong>dent</strong></span> <span class='ocrx_word' id='word_1_199' title='bbox 361 2763 516 2805; x_wconf 81' lang='lat' dir='ltr'><strong>tuam.</strong></span> 
     </span>
    </p>
   </div>
   <div class='ocr_carea' id='block_1_26' title="bbox 291 2836 1809 2913">
    <p class='ocr_par' dir='ltr' id='par_1_26' title="bbox 291 2836 1809 2913">
     <span class='ocr_line' id='line_1_26' title="bbox 291 2836 1809 2913; baseline -0.004 -16"><span class='ocrx_word' id='word_1_200' title='bbox 291 2841 377 2897; x_wconf 80' lang='grc'><strong>16.</strong></span> <span class='ocrx_word' id='word_1_201' title='bbox 409 2840 560 2913; x_wconf 81' lang='lat' dir='ltr'><strong>[rers.</strong></span> <span class='ocrx_word' id='word_1_202' title='bbox 595 2838 711 2913; x_wconf 66' lang='lat'><strong>15.]</strong></span> <span class='ocrx_word' id='word_1_203' title='bbox 742 2838 813 2895; x_wconf 85' lang='lat' dir='ltr'><strong>0s</strong></span> <span class='ocrx_word' id='word_1_204' title='bbox 838 2855 1005 2894; x_wconf 87' lang='lat' dir='ltr'><strong>meum</strong></span> <span class='ocrx_word' id='word_1_205' title='bbox 1039 2837 1318 2895; x_wconf 79' lang='lat' dir='ltr'><strong>enumiabit</strong></span> <span class='ocrx_word' id='word_1_206' title='bbox 1346 2836 1604 2908; x_wconf 73' lang='lat' dir='ltr'><strong>justitiam</strong></span> <span class='ocrx_word' id='word_1_207' title='bbox 1646 2844 1809 2891; x_wconf 74' lang='lat' dir='ltr'><strong>tuam:</strong></span> 
     </span>
    </p>
   </div>
   <div class='ocr_carea' id='block_1_27' title="bbox 217 2927 1805 3001">
    <p class='ocr_par' dir='ltr' id='par_1_27' title="bbox 217 2927 1805 3001">
     <span class='ocr_line' id='line_1_27' title="bbox 217 2927 1805 3001; baseline -0.004 -12"><span class='ocrx_word' id='word_1_208' title='bbox 217 2948 325 2990; x_wconf 86' lang='lat' dir='ltr'><strong>non</strong></span> <span class='ocrx_word' id='word_1_209' title='bbox 353 2948 547 2989; x_wconf 82' lang='lat' dir='ltr'><strong>meam.</strong></span> <span class='ocrx_word' id='word_1_210' title='bbox 574 2931 700 2988; x_wconf 88' lang='lat' dir='ltr'><strong>lude</strong></span> <span class='ocrx_word' id='word_1_211' title='bbox 725 2931 968 3001; x_wconf 83' lang='lat' dir='ltr'><strong>adjiciam</strong></span> <span class='ocrx_word' id='word_1_212' title='bbox 997 2945 1158 3000; x_wconf 89' lang='lat' dir='ltr'><strong>super</strong></span> <span class='ocrx_word' id='word_1_213' title='bbox 1172 2944 1384 2985; x_wconf 89' lang='lat' dir='ltr'><strong>onmem</strong></span> <span class='ocrx_word' id='word_1_214' title='bbox 1412 2927 1620 2985; x_wconf 81' lang='lat' dir='ltr'><strong>laudent</strong></span> <span class='ocrx_word' id='word_1_215' title='bbox 1640 2936 1805 2992; x_wconf 82' lang='lat' dir='ltr'><strong>tuam,</strong></span> 
     </span>
    </p>
   </div>
   <div class='ocr_carea' id='block_1_28' title="bbox 217 3018 1808 3096">
    <p class='ocr_par' dir='ltr' id='par_1_28' title="bbox 217 3018 1808 3096">
     <span class='ocr_line' id='line_1_28' title="bbox 217 3018 1808 3096; baseline -0.003 -14"><span class='ocrx_word' id='word_1_216' title='bbox 217 3025 341 3095; x_wconf 85' lang='lat' dir='ltr'><strong>quia</strong></span> <span class='ocrx_word' id='word_1_217' title='bbox 366 3034 420 3082; x_wconf 85' lang='lat' dir='ltr'><strong>et</strong></span> <span class='ocrx_word' id='word_1_218' title='bbox 446 3023 585 3096; x_wconf 89' lang='lat' dir='ltr'><strong>quod</strong></span> <span class='ocrx_word' id='word_1_219' title='bbox 603 3023 778 3094; x_wconf 84' lang='lat' dir='ltr'><strong>justus</strong></span> <span class='ocrx_word' id='word_1_220' title='bbox 798 3038 936 3087; x_wconf 87' lang='lat' dir='ltr'><strong>sum,</strong></span> <span class='ocrx_word' id='word_1_221' title='bbox 961 3023 1007 3079; x_wconf 87' lang='lat' dir='ltr'><strong>si</strong></span> <span class='ocrx_word' id='word_1_222' title='bbox 1027 3022 1203 3093; x_wconf 83' lang='lat' dir='ltr'><strong>justus</strong></span> <span class='ocrx_word' id='word_1_223' title='bbox 1223 3018 1581 3089; x_wconf 88' lang='lat' dir='ltr'><strong>sum,justitia</strong></span> <span class='ocrx_word' id='word_1_224' title='bbox 1604 3028 1691 3074; x_wconf 90' lang='lat' dir='ltr'><strong>tua</strong></span> <span class='ocrx_word' id='word_1_225' title='bbox 1723 3027 1808 3077; x_wconf 84' lang='lat' dir='ltr'><strong>est</strong></span> 
     </span>
    </p>
   </div>
   <div class='ocr_carea' id='block_1_29' title="bbox 219 3110 1804 3185">
    <p class='ocr_par' dir='ltr' id='par_1_29' title="bbox 219 3110 1804 3185">
     <span class='ocr_line' id='line_1_29' title="bbox 219 3110 1804 3185; baseline -0.003 -13"><span class='ocrx_word' id='word_1_226' title='bbox 219 3117 274 3172; x_wconf 85' lang='lat' dir='ltr'><strong>in</strong></span> <span class='ocrx_word' id='word_1_227' title='bbox 302 3132 537 3182; x_wconf 84' lang='lat' dir='ltr'><strong>me,~non</strong></span> <span class='ocrx_word' id='word_1_228' title='bbox 569 3131 685 3171; x_wconf 85' lang='lat' dir='ltr'><strong>mea</strong></span> <span class='ocrx_word' id='word_1_229' title='bbox 712 3132 727 3182; x_wconf 87' lang='lat'><strong>;</strong></span> <span class='ocrx_word' id='word_1_230' title='bbox 759 3125 813 3170; x_wconf 86' lang='lat' dir='ltr'><strong>tu</strong></span> <span class='ocrx_word' id='word_1_231' title='bbox 834 3115 976 3169; x_wconf 89' lang='lat' dir='ltr'><strong>enim</strong></span> <span class='ocrx_word' id='word_1_232' title='bbox 999 3114 1263 3185; x_wconf 75' lang='lat' dir='ltr'><strong>iustificas</strong></span> <span class='ocrx_word' id='word_1_233' title='bbox 1284 3111 1503 3183; x_wconf 90' lang='lat' dir='ltr'><strong>impium</strong></span> <span class='ocrx_word' id='word_1_234' title='bbox 1534 3110 1709 3182; x_wconf 82' lang='lat' dir='ltr'><strong>(Rom.</strong></span> <span class='ocrx_word' id='word_1_235' title='bbox 1730 3127 1804 3180; x_wconf 84' lang='lat' dir='ltr'><strong>tv,</strong></span> 
     </span>
    </p>
   </div>
   <div class='ocr_carea' id='block_1_30' title="bbox 218 3202 1809 3280">
    <p class='ocr_par' dir='ltr' id='par_1_30' title="bbox 218 3202 1809 3280">
     <span class='ocr_line' id='line_1_30' title="bbox 218 3202 1809 3280; baseline -0.004 -14"><span class='ocrx_word' id='word_1_236' title='bbox 218 3210 299 3280; x_wconf 83' lang='lat'><strong>5).</strong></span> <span class='ocrx_word' id='word_1_237' title='bbox 320 3207 392 3263; x_wconf 88' lang='lat' dir='ltr'><strong>0s</strong></span> <span class='ocrx_word' id='word_1_238' title='bbox 420 3212 587 3264; x_wconf 84' lang='lat' dir='ltr'><strong>meum</strong></span> <span class='ocrx_word' id='word_1_239' title='bbox 621 3206 893 3263; x_wconf 75' lang='lat' dir='ltr'><strong>enuntiabit</strong></span> <span class='ocrx_word' id='word_1_240' title='bbox 916 3206 1167 3277; x_wconf 78' lang='lat' dir='ltr'><strong>justitiam</strong></span> <span class='ocrx_word' id='word_1_241' title='bbox 1190 3217 1326 3259; x_wconf 84' lang='lat' dir='ltr'><strong>luant</strong></span> <span class='ocrx_word' id='word_1_242' title='bbox 1344 3221 1363 3271; x_wconf 89' lang='lat'><strong>;</strong></span> <span class='ocrx_word' id='word_1_243' title='bbox 1384 3203 1579 3259; x_wconf 83' lang='lat' dir='ltr'><strong>totadie</strong></span> <span class='ocrx_word' id='word_1_244' title='bbox 1596 3202 1809 3259; x_wconf 82' lang='lat' dir='ltr'><strong>salutem</strong></span> 
     </span>
    </p>
   </div>
   <div class='ocr_carea' id='block_1_31' title="bbox 220 3294 1804 3367">
    <p class='ocr_par' dir='ltr' id='par_1_31' title="bbox 220 3294 1804 3367">
     <span class='ocr_line' id='line_1_31' title="bbox 220 3294 1804 3367; baseline -0.003 -13"><span class='ocrx_word' id='word_1_245' title='bbox 220 3311 377 3359; x_wconf 86' lang='lat' dir='ltr'><strong>tuam.</strong></span> <span class='ocrx_word' id='word_1_246' title='bbox 402 3301 536 3367; x_wconf 84' lang='lat' dir='ltr'><strong>Quid</strong></span> <span class='ocrx_word' id='word_1_247' title='bbox 560 3311 662 3363; x_wconf 86' lang='lat' dir='ltr'><strong>est,</strong></span> <span class='ocrx_word' id='word_1_248' title='bbox 686 3300 898 3355; x_wconf 81' lang='lat' dir='ltr'><strong>salutem</strong></span> <span class='ocrx_word' id='word_1_249' title='bbox 925 3298 1108 3355; x_wconf 80' lang='lat' dir='ltr'><strong>tuum?</strong></span> <span class='ocrx_word' id='word_1_250' title='bbox 1138 3298 1343 3353; x_wconf 89' lang='lat' dir='ltr'><strong>Domini</strong></span> <span class='ocrx_word' id='word_1_251' title='bbox 1364 3305 1448 3354; x_wconf 82' lang='lat' dir='ltr'><strong>est</strong></span> <span class='ocrx_word' id='word_1_252' title='bbox 1468 3296 1613 3354; x_wconf 85' lang='lat' dir='ltr'><strong>salus</strong></span> <span class='ocrx_word' id='word_1_253' title='bbox 1633 3294 1804 3367; x_wconf 83' lang='lat' dir='ltr'><strong>(Psal.</strong></span> 
     </span>
    </p>
   </div>
   <div class='ocr_carea' id='block_1_32' title="bbox 219 3386 1807 3463">
    <p class='ocr_par' dir='ltr' id='par_1_32' title="bbox 219 3386 1807 3463">
     <span class='ocr_line' id='line_1_32' title="bbox 219 3386 1807 3463; baseline -0.004 -12"><span class='ocrx_word' id='word_1_254' title='bbox 219 3409 298 3461; x_wconf 85' lang='lat' dir='ltr'><strong>tu,</strong></span> <span class='ocrx_word' id='word_1_255' title='bbox 318 3394 397 3463; x_wconf 77' lang='lat'><strong>9).</strong></span> <span class='ocrx_word' id='word_1_256' title='bbox 419 3392 586 3449; x_wconf 84' lang='lat' dir='ltr'><strong>Nemo</strong></span> <span class='ocrx_word' id='word_1_257' title='bbox 601 3392 699 3446; x_wconf 87' lang='lat' dir='ltr'><strong>sibi</strong></span> <span class='ocrx_word' id='word_1_258' title='bbox 726 3400 943 3460; x_wconf 87' lang='lat' dir='ltr'><strong>usurpet</strong></span> <span class='ocrx_word' id='word_1_259' title='bbox 962 3391 1087 3461; x_wconf 84' lang='lat' dir='ltr'><strong>quia</strong></span> <span class='ocrx_word' id='word_1_260' title='bbox 1106 3405 1164 3446; x_wconf 88' lang='lat' dir='ltr'><strong>se</strong></span> <span class='ocrx_word' id='word_1_261' title='bbox 1184 3389 1391 3446; x_wconf 82' lang='lat' dir='ltr'><strong>salvum</strong></span> <span class='ocrx_word' id='word_1_262' title='bbox 1414 3387 1538 3444; x_wconf 89' lang='lat' dir='ltr'><strong>facit</strong></span> <span class='ocrx_word' id='word_1_263' title='bbox 1562 3406 1574 3443; x_wconf 89' lang='lat'><strong>:</strong></span> <span class='ocrx_word' id='word_1_264' title='bbox 1596 3386 1807 3444; x_wconf 86' lang='lat' dir='ltr'><strong>Domini</strong></span> 
     </span>
    </p>
   </div>
   <div class='ocr_carea' id='block_1_33' title="bbox 220 3480 1810 3552">
    <p class='ocr_par' dir='ltr' id='par_1_33' title="bbox 220 3480 1810 3552">
     <span class='ocr_line' id='line_1_33' title="bbox 220 3480 1810 3552; baseline -0.006 -8"><span class='ocrx_word' id='word_1_265' title='bbox 220 3497 302 3545; x_wconf 81' lang='lat' dir='ltr'><strong>est</strong></span> <span class='ocrx_word' id='word_1_266' title='bbox 319 3488 485 3543; x_wconf 88' lang='lat' dir='ltr'><strong>salus.</strong></span> <span class='ocrx_word' id='word_1_267' title='bbox 502 3485 619 3542; x_wconf 82' lang='lat' dir='ltr'><strong>Non</strong></span> <span class='ocrx_word' id='word_1_268' title='bbox 648 3500 707 3540; x_wconf 85' lang='lat' dir='ltr'><strong>se</strong></span> <span class='ocrx_word' id='word_1_269' title='bbox 728 3484 931 3539; x_wconf 82' lang='lat' dir='ltr'><strong>salvum</strong></span> <span class='ocrx_word' id='word_1_270' title='bbox 956 3499 1051 3552; x_wconf 88' lang='lat' dir='ltr'><strong>per</strong></span> <span class='ocrx_word' id='word_1_271' title='bbox 1069 3498 1127 3539; x_wconf 88' lang='lat' dir='ltr'><strong>se</strong></span> <span class='ocrx_word' id='word_1_272' title='bbox 1146 3483 1423 3552; x_wconf 80' lang='lat' dir='ltr'><strong>quisquam</strong></span> <span class='ocrx_word' id='word_1_273' title='bbox 1446 3480 1570 3537; x_wconf 82' lang='lat' dir='ltr'><strong>facit</strong></span> <span class='ocrx_word' id='word_1_274' title='bbox 1594 3498 1609 3536; x_wconf 90' lang='lat'><strong>:</strong></span> <span class='ocrx_word' id='word_1_275' title='bbox 1630 3480 1810 3537; x_wconf 64' lang='lat' dir='ltr'><strong>Domi.</strong></span> 
     </span>
    </p>
   </div>
   <div class='ocr_carea' id='block_1_34' title="bbox 222 3573 1812 3647">
    <p class='ocr_par' dir='ltr' id='par_1_34' title="bbox 222 3573 1812 3647">
     <span class='ocr_line' id='line_1_34' title="bbox 222 3573 1812 3647; baseline -0.004 -10"><span class='ocrx_word' id='word_1_276' title='bbox 222 3582 276 3637; x_wconf 87' lang='lat' dir='ltr'><strong>ni</strong></span> <span class='ocrx_word' id='word_1_277' title='bbox 304 3591 383 3635; x_wconf 84' lang='lat' dir='ltr'><strong>est</strong></span> <span class='ocrx_word' id='word_1_278' title='bbox 414 3580 579 3643; x_wconf 83' lang='lat' dir='ltr'><strong>solus,</strong></span> <span class='ocrx_word' id='word_1_279' title='bbox 602 3593 737 3633; x_wconf 73' lang='lat' dir='ltr'><strong>varia</strong></span> <span class='ocrx_word' id='word_1_280' title='bbox 764 3577 907 3633; x_wconf 86' lang='lat' dir='ltr'><strong>salus</strong></span> <span class='ocrx_word' id='word_1_281' title='bbox 932 3575 1163 3632; x_wconf 88' lang='lat' dir='ltr'><strong>hominis</strong></span> <span class='ocrx_word' id='word_1_282' title='bbox 1193 3573 1361 3647; x_wconf 66' lang='lat' dir='ltr'><strong>(Prol.</strong></span> <span class='ocrx_word' id='word_1_283' title='bbox 1392 3591 1498 3642; x_wconf 82' lang='lat' dir='ltr'><strong>ux,</strong></span> <span class='ocrx_word' id='word_1_284' title='bbox 1530 3574 1646 3645; x_wconf 69' lang='lat'><strong>£5).</strong></span> <span class='ocrx_word' id='word_1_285' title='bbox 1679 3574 1812 3631; x_wconf 72' lang='lat' dir='ltr'><strong>Toto</strong></span> 
     </span>
    </p>
   </div>
   <div class='ocr_carea' id='block_1_35' title="bbox 222 3666 1803 3738">
    <p class='ocr_par' dir='ltr' id='par_1_35' title="bbox 222 3666 1803 3738">
     <span class='ocr_line' id='line_1_35' title="bbox 222 3666 1803 3738; baseline -0.002 -12"><span class='ocrx_word' id='word_1_286' title='bbox 222 3673 303 3728; x_wconf 74' lang='lat' dir='ltr'><strong>die</strong></span> <span class='ocrx_word' id='word_1_287' title='bbox 323 3671 541 3728; x_wconf 77' lang='lat' dir='ltr'><strong>salutent</strong></span> <span class='ocrx_word' id='word_1_288' title='bbox 584 3680 723 3724; x_wconf 75' lang='lat' dir='ltr'><strong>tuam</strong></span> <span class='ocrx_word' id='word_1_289' title='bbox 748 3685 770 3725; x_wconf 88' lang='lat'><strong><em>:</em></strong></span> <span class='ocrx_word' id='word_1_290' title='bbox 794 3678 905 3725; x_wconf 90' lang='lat' dir='ltr'><strong>toto</strong></span> <span class='ocrx_word' id='word_1_291' title='bbox 927 3678 1185 3738; x_wconf 87' lang='lat' dir='ltr'><strong>tempore.</strong></span> <span class='ocrx_word' id='word_1_292' title='bbox 1215 3667 1424 3737; x_wconf 80' lang='lat' dir='ltr'><strong>Aliquid</strong></span> <span class='ocrx_word' id='word_1_293' title='bbox 1451 3666 1658 3723; x_wconf 82' lang='lat' dir='ltr'><strong>adversi</strong></span> <span class='ocrx_word' id='word_1_294' title='bbox 1687 3677 1803 3735; x_wconf 84' lang='lat' dir='ltr'><strong>est;</strong></span> 
     </span>
    </p>
   </div>
   <div class='ocr_carea' id='block_1_36' title="bbox 220 3758 1807 3835">
    <p class='ocr_par' dir='ltr' id='par_1_36' title="bbox 220 3758 1807 3835">
     <span class='ocr_line' id='line_1_36' title="bbox 220 3758 1807 3835; baseline -0.002 -15"><span class='ocrx_word' id='word_1_295' title='bbox 220 3762 441 3835; x_wconf 69' lang='lat' dir='ltr'><strong>prmdica</strong></span> <span class='ocrx_word' id='word_1_296' title='bbox 470 3761 697 3817; x_wconf 81' lang='lat' dir='ltr'><strong>salutem</strong></span> <span class='ocrx_word' id='word_1_297' title='bbox 727 3762 934 3817; x_wconf 87' lang='lat' dir='ltr'><strong>Domini</strong></span> <span class='ocrx_word' id='word_1_298' title='bbox 969 3778 983 3816; x_wconf 90' lang='lat'><strong>:</strong></span> <span class='ocrx_word' id='word_1_299' title='bbox 1016 3758 1219 3831; x_wconf 87' lang='lat' dir='ltr'><strong>aliquid</strong></span> <span class='ocrx_word' id='word_1_300' title='bbox 1248 3758 1486 3829; x_wconf 82' lang='lat' dir='ltr'><strong>prosperi</strong></span> <span class='ocrx_word' id='word_1_301' title='bbox 1516 3768 1638 3825; x_wconf 88' lang='lat' dir='ltr'><strong>est;</strong></span> <span class='ocrx_word' id='word_1_302' title='bbox 1667 3774 1807 3830; x_wconf 71' lang='lat' dir='ltr'><strong>pm-</strong></span> 
     </span>
    </p>
   </div>
   <div class='ocr_carea' id='block_1_37' title="bbox 222 3851 1808 3921">
    <p class='ocr_par' dir='ltr' id='par_1_37' title="bbox 222 3851 1808 3921">
     <span class='ocr_line' id='line_1_37' title="bbox 222 3851 1808 3921; baseline -0.001 -11"><span class='ocrx_word' id='word_1_303' title='bbox 222 3854 333 3910; x_wconf 82' lang='lat' dir='ltr'><strong>diea</strong></span> <span class='ocrx_word' id='word_1_304' title='bbox 377 3854 602 3911; x_wconf 76' lang='lat' dir='ltr'><strong>salutem</strong></span> <span class='ocrx_word' id='word_1_305' title='bbox 636 3852 863 3910; x_wconf 66' lang='lat' dir='ltr'><strong>Domini.</strong></span> <span class='ocrx_word' id='word_1_306' title='bbox 909 3851 988 3909; x_wconf 88' lang='lat' dir='ltr'><strong>Ne</strong></span> <span class='ocrx_word' id='word_1_307' title='bbox 1034 3852 1293 3921; x_wconf 78' lang='lat' dir='ltr'><strong>praedices</strong></span> <span class='ocrx_word' id='word_1_308' title='bbox 1336 3852 1389 3909; x_wconf 92' lang='lat' dir='ltr'><strong>in</strong></span> <span class='ocrx_word' id='word_1_309' title='bbox 1419 3853 1708 3921; x_wconf 71' lang='lat' dir='ltr'><strong>prOSperis,</strong></span> <span class='ocrx_word' id='word_1_310' title='bbox 1753 3860 1808 3909; x_wconf 84' lang='lat' dir='ltr'><strong>et</strong></span> 
     </span>
    </p>
   </div>
   <div class='ocr_carea' id='block_1_38' title="bbox 222 3942 1806 4015">
    <p class='ocr_par' dir='ltr' id='par_1_38' title="bbox 222 3942 1806 4015">
     <span class='ocr_line' id='line_1_38' title="bbox 222 3942 1806 4015; baseline -0.001 -14"><span class='ocrx_word' id='word_1_311' title='bbox 222 3945 553 4001; x_wconf 78' lang='lat' dir='ltr'><strong>ohtnutescas</strong></span> <span class='ocrx_word' id='word_1_312' title='bbox 580 3946 635 3999; x_wconf 89' lang='lat' dir='ltr'><strong>in</strong></span> <span class='ocrx_word' id='word_1_313' title='bbox 654 3944 922 4010; x_wconf 75' lang='lat' dir='ltr'><strong>adversis;</strong></span> <span class='ocrx_word' id='word_1_314' title='bbox 950 3944 1184 4015; x_wconf 80' lang='lat' dir='ltr'><strong>alioquin</strong></span> <span class='ocrx_word' id='word_1_315' title='bbox 1208 3958 1312 3998; x_wconf 84' lang='lat' dir='ltr'><strong>non</strong></span> <span class='ocrx_word' id='word_1_316' title='bbox 1334 3943 1587 4013; x_wconf 88' lang='lat' dir='ltr'><strong>eritquod</strong></span> <span class='ocrx_word' id='word_1_317' title='bbox 1604 3942 1806 4000; x_wconf 86' lang='lat' dir='ltr'><strong>dictum</strong></span> 
     </span>
    </p>
   </div>
   <div class='ocr_carea' id='block_1_39' title="bbox 222 4033 1809 4099">
    <p class='ocr_par' dir='ltr' id='par_1_39' title="bbox 222 4033 1809 4099">
     <span class='ocr_line' id='line_1_39' title="bbox 222 4033 1809 4099; baseline -0.001 -7"><span class='ocrx_word' id='word_1_318' title='bbox 222 4047 319 4099; x_wconf 83' lang='lat' dir='ltr'><strong>est,</strong></span> <span class='ocrx_word' id='word_1_319' title='bbox 350 4047 452 4091; x_wconf 83' lang='lat' dir='ltr'><strong>tota</strong></span> <span class='ocrx_word' id='word_1_320' title='bbox 473 4037 572 4092; x_wconf 76' lang='lat' dir='ltr'><strong>die.</strong></span> <span class='ocrx_word' id='word_1_321' title='bbox 605 4036 737 4091; x_wconf 87' lang='lat' dir='ltr'><strong>Tota</strong></span> <span class='ocrx_word' id='word_1_322' title='bbox 766 4035 909 4093; x_wconf 88' lang='lat' dir='ltr'><strong>enim</strong></span> <span class='ocrx_word' id='word_1_323' title='bbox 933 4037 1051 4092; x_wconf 86' lang='lat' dir='ltr'><strong>dies</strong></span> <span class='ocrx_word' id='word_1_324' title='bbox 1073 4050 1191 4091; x_wconf 88' lang='lat' dir='ltr'><strong>cum</strong></span> <span class='ocrx_word' id='word_1_325' title='bbox 1216 4050 1309 4091; x_wconf 85' lang='lat' dir='ltr'><strong>sua</strong></span> <span class='ocrx_word' id='word_1_326' title='bbox 1338 4044 1492 4091; x_wconf 88' lang='lat' dir='ltr'><strong>nocte</strong></span> <span class='ocrx_word' id='word_1_327' title='bbox 1515 4044 1615 4091; x_wconf 89' lang='lat' dir='ltr'><strong>est.</strong></span> <span class='ocrx_word' id='word_1_328' title='bbox 1643 4033 1809 4091; x_wconf 85' lang='lat' dir='ltr'><strong>Num-</strong></span> 
     </span>
    </p>
   </div>
   <div class='ocr_carea' id='block_1_40' title="bbox 222 4126 1802 4198">
    <p class='ocr_par' dir='ltr' id='par_1_40' title="bbox 222 4126 1802 4198">
     <span class='ocr_line' id='line_1_40' title="bbox 222 4126 1802 4198; baseline 0.003 -20"><span class='ocrx_word' id='word_1_329' title='bbox 222 4126 342 4198; x_wconf 90' lang='lat' dir='ltr'><strong>quid</strong></span> <span class='ocrx_word' id='word_1_330' title='bbox 383 4126 598 4197; x_wconf 83' lang='lat' dir='ltr'><strong>quando</strong></span> <span class='ocrx_word' id='word_1_331' title='bbox 636 4127 886 4192; x_wconf 71' lang='lat' dir='ltr'><strong>dicimus,</strong></span> <span class='ocrx_word' id='word_1_332' title='bbox 937 4126 1175 4197; x_wconf 74' lang='lat' dir='ltr'><strong>Triginta</strong></span> <span class='ocrx_word' id='word_1_333' title='bbox 1216 4126 1367 4192; x_wconf 85' lang='lat' dir='ltr'><strong>dies,</strong></span> <span class='ocrx_word' id='word_1_334' title='bbox 1414 4126 1562 4183; x_wconf 82' lang='lat' dir='ltr'><strong>verbi</strong></span> <span class='ocrx_word' id='word_1_335' title='bbox 1605 4140 1802 4193; x_wconf 82' lang='lat' dir='ltr'><strong>causa,</strong></span> 
     </span>
    </p>
   </div>
   <div class='ocr_carea' id='block_1_41' title="bbox 223 4219 1811 4291">
    <p class='ocr_par' dir='ltr' id='par_1_41' title="bbox 223 4219 1811 4291">
     <span class='ocr_line' id='line_1_41' title="bbox 223 4219 1811 4291; baseline 0.001 -17"><span class='ocrx_word' id='word_1_336' title='bbox 223 4220 560 4283; x_wconf 77' lang='lat' dir='ltr'><strong>trau~ieruut,</strong></span> <span class='ocrx_word' id='word_1_337' title='bbox 592 4237 698 4277; x_wconf 91' lang='lat' dir='ltr'><strong>non</strong></span> <span class='ocrx_word' id='word_1_338' title='bbox 724 4219 951 4276; x_wconf 80' lang='lat' dir='ltr'><strong>dicimus</strong></span> <span class='ocrx_word' id='word_1_339' title='bbox 978 4232 1032 4276; x_wconf 89' lang='lat' dir='ltr'><strong>et</strong></span> <span class='ocrx_word' id='word_1_340' title='bbox 1059 4229 1241 4277; x_wconf 81' lang='lat' dir='ltr'><strong>noctes</strong></span> <span class='ocrx_word' id='word_1_341' title='bbox 1261 4220 1287 4274; x_wconf 74' lang='grc' dir='ltr'><em>Ἰ</em></span> <span class='ocrx_word' id='word_1_342' title='bbox 1313 4234 1489 4275; x_wconf 87' lang='lat' dir='ltr'><strong>nonne</strong></span> <span class='ocrx_word' id='word_1_343' title='bbox 1517 4229 1571 4275; x_wconf 87' lang='lat' dir='ltr'><strong>et</strong></span> <span class='ocrx_word' id='word_1_344' title='bbox 1610 4221 1663 4275; x_wconf 91' lang='lat' dir='ltr'><strong>in</strong></span> <span class='ocrx_word' id='word_1_345' title='bbox 1692 4220 1811 4291; x_wconf 87' lang='lat' dir='ltr'><strong>ipso</strong></span> 
     </span>
    </p>
   </div>
   <div class='ocr_carea' id='block_1_42' title="bbox 223 4310 1807 4381">
    <p class='ocr_par' dir='ltr' id='par_1_42' title="bbox 223 4310 1807 4381">
     <span class='ocr_line' id='line_1_42' title="bbox 223 4310 1807 4381; baseline 0.001 -14"><span class='ocrx_word' id='word_1_346' title='bbox 223 4312 433 4368; x_wconf 88' lang='lat' dir='ltr'><strong>nomine</strong></span> <span class='ocrx_word' id='word_1_347' title='bbox 461 4312 668 4369; x_wconf 86' lang='lat' dir='ltr'><strong>dierum</strong></span> <span class='ocrx_word' id='word_1_348' title='bbox 715 4312 1035 4368; x_wconf 89' lang='lat' dir='ltr'><strong>includinms</strong></span> <span class='ocrx_word' id='word_1_349' title='bbox 1076 4314 1304 4368; x_wconf 86' lang='lat' dir='ltr'><strong>noctes?</strong></span> <span class='ocrx_word' id='word_1_350' title='bbox 1348 4312 1405 4367; x_wconf 92' lang='lat' dir='ltr'><strong>ln</strong></span> <span class='ocrx_word' id='word_1_351' title='bbox 1446 4310 1638 4369; x_wconf 84' lang='lat' dir='ltr'><strong>Genesi</strong></span> <span class='ocrx_word' id='word_1_352' title='bbox 1682 4312 1807 4381; x_wconf 90' lang='lat' dir='ltr'><strong>quid</strong></span> 
     </span>
    </p>
   </div>
   <div class='ocr_carea' id='block_1_43' title="bbox 221 4400 1809 4476">
    <p class='ocr_par' dir='ltr' id='par_1_43' title="bbox 221 4400 1809 4476">
     <span class='ocr_line' id='line_1_43' title="bbox 221 4400 1809 4476; baseline 0.003 -20"><span class='ocrx_word' id='word_1_353' title='bbox 221 4400 529 4458; x_wconf 82' lang='lat' dir='ltr'><strong>dicebatur?</strong></span> <span class='ocrx_word' id='word_1_354' title='bbox 560 4403 775 4458; x_wconf 79' lang='lat' dir='ltr'><strong>Factum</strong></span> <span class='ocrx_word' id='word_1_355' title='bbox 797 4414 869 4460; x_wconf 76' lang='lat' dir='ltr'><strong>est</strong></span> <span class='ocrx_word' id='word_1_356' title='bbox 898 4420 1119 4471; x_wconf 73' lang='lat' dir='ltr'><strong>vespere,</strong></span> <span class='ocrx_word' id='word_1_357' title='bbox 1141 4412 1187 4459; x_wconf 81' lang='lat' dir='ltr'><strong>et</strong></span> <span class='ocrx_word' id='word_1_358' title='bbox 1217 4406 1407 4476; x_wconf 78' lang='lat' dir='ltr'><strong>factum</strong></span> <span class='ocrx_word' id='word_1_359' title='bbox 1436 4415 1508 4461; x_wconf 77' lang='lat' dir='ltr'><strong>est</strong></span> <span class='ocrx_word' id='word_1_360' title='bbox 1535 4420 1682 4458; x_wconf 82' lang='lat' dir='ltr'><strong>mane</strong></span> <span class='ocrx_word' id='word_1_361' title='bbox 1702 4404 1809 4460; x_wconf 79' lang='lat' dir='ltr'><strong>dies</strong></span> 
     </span>
    </p>
   </div>
   <div class='ocr_carea' id='block_1_44' title="bbox 221 4494 1806 4566">
    <p class='ocr_par' dir='ltr' id='par_1_44' title="bbox 221 4494 1806 4566">
     <span class='ocr_line' id='line_1_44' title="bbox 221 4494 1806 4566; baseline 0.003 -18"><span class='ocrx_word' id='word_1_362' title='bbox 221 4511 348 4549; x_wconf 81' lang='lat' dir='ltr'><strong>unus</strong></span> <span class='ocrx_word' id='word_1_363' title='bbox 368 4494 523 4562; x_wconf 81' lang='lat' dir='ltr'><strong>(Gen.</strong></span> <span class='ocrx_word' id='word_1_364' title='bbox 549 4511 599 4559; x_wconf 89' lang='grc' dir='ltr'>ι,</span> <span class='ocrx_word' id='word_1_365' title='bbox 631 4496 710 4565; x_wconf 80' lang='lat'><strong>5).</strong></span> <span class='ocrx_word' id='word_1_366' title='bbox 744 4496 883 4566; x_wconf 82' lang='lat' dir='ltr'><strong>Ergo</strong></span> <span class='ocrx_word' id='word_1_367' title='bbox 907 4496 1023 4552; x_wconf 85' lang='lat' dir='ltr'><strong>dies</strong></span> <span class='ocrx_word' id='word_1_368' title='bbox 1066 4506 1207 4553; x_wconf 82' lang='lat' dir='ltr'><strong>totus</strong></span> <span class='ocrx_word' id='word_1_369' title='bbox 1230 4513 1353 4553; x_wconf 90' lang='lat' dir='ltr'><strong>cum</strong></span> <span class='ocrx_word' id='word_1_370' title='bbox 1380 4511 1474 4552; x_wconf 81' lang='lat' dir='ltr'><strong>sua</strong></span> <span class='ocrx_word' id='word_1_371' title='bbox 1505 4508 1663 4553; x_wconf 87' lang='lat' dir='ltr'><strong>nocte</strong></span> <span class='ocrx_word' id='word_1_372' title='bbox 1685 4509 1764 4554; x_wconf 81' lang='lat' dir='ltr'><strong>est</strong></span> <span class='ocrx_word' id='word_1_373' title='bbox 1789 4516 1806 4563; x_wconf 93' lang='lat'><strong>;</strong></span> 
     </span>
    </p>
   </div>
   <div class='ocr_carea' id='block_1_45' title="bbox 222 4586 1808 4659">
    <p class='ocr_par' dir='ltr' id='par_1_45' title="bbox 222 4586 1808 4659">
     <span class='ocr_line' id='line_1_45' title="bbox 222 4586 1808 4659; baseline 0.003 -18"><span class='ocrx_word' id='word_1_374' title='bbox 222 4602 323 4642; x_wconf 72' lang='lat' dir='ltr'><strong>nos</strong></span> <span class='ocrx_word' id='word_1_375' title='bbox 350 4587 495 4641; x_wconf 89' lang='lat' dir='ltr'><strong>enim</strong></span> <span class='ocrx_word' id='word_1_376' title='bbox 517 4586 619 4641; x_wconf 89' lang='lat' dir='ltr'><strong>diei</strong></span> <span class='ocrx_word' id='word_1_377' title='bbox 644 4588 830 4648; x_wconf 85' lang='lat' dir='ltr'><strong>servit.</strong></span> <span class='ocrx_word' id='word_1_378' title='bbox 860 4602 968 4643; x_wconf 88' lang='lat' dir='ltr'><strong>non</strong></span> <span class='ocrx_word' id='word_1_379' title='bbox 986 4588 1101 4643; x_wconf 84' lang='lat' dir='ltr'><strong>dies</strong></span> <span class='ocrx_word' id='word_1_380' title='bbox 1122 4589 1285 4645; x_wconf 81' lang='lat' dir='ltr'><strong>nocti.</strong></span> <span class='ocrx_word' id='word_1_381' title='bbox 1314 4589 1576 4659; x_wconf 87' lang='lat' dir='ltr'><strong>Quidquid</strong></span> <span class='ocrx_word' id='word_1_382' title='bbox 1605 4588 1733 4644; x_wconf 79' lang='lat' dir='ltr'><strong>facis</strong></span> <span class='ocrx_word' id='word_1_383' title='bbox 1756 4590 1808 4646; x_wconf 88' lang='lat' dir='ltr'><strong>in</strong></span> 
     </span>
    </p>
   </div>
   <div class='ocr_carea' id='block_1_46' title="bbox 220 4678 1807 4754">
    <p class='ocr_par' dir='ltr' id='par_1_46' title="bbox 220 4678 1807 4754">
     <span class='ocr_line' id='line_1_46' title="bbox 220 4678 1807 4754; baseline 0.005 -20"><span class='ocrx_word' id='word_1_384' title='bbox 220 4694 377 4735; x_wconf 86' lang='lat' dir='ltr'><strong>carne</strong></span> <span class='ocrx_word' id='word_1_385' title='bbox 405 4678 637 4743; x_wconf 87' lang='lat' dir='ltr'><strong>mortali,</strong></span> <span class='ocrx_word' id='word_1_386' title='bbox 677 4678 897 4748; x_wconf 75' lang='lat' dir='ltr'><strong>iustitiae</strong></span> <span class='ocrx_word' id='word_1_387' title='bbox 924 4679 1084 4736; x_wconf 87' lang='lat' dir='ltr'><strong>debet</strong></span> <span class='ocrx_word' id='word_1_388' title='bbox 1128 4682 1366 4747; x_wconf 88' lang='lat' dir='ltr'><strong>servire;</strong></span> <span class='ocrx_word' id='word_1_389' title='bbox 1395 4683 1648 4754; x_wconf 84' lang='lat' dir='ltr'><strong>quidquid</strong></span> <span class='ocrx_word' id='word_1_390' title='bbox 1680 4682 1807 4741; x_wconf 84' lang='lat' dir='ltr'><strong>facis</strong></span> 
     </span>
    </p>
   </div>
   <div class='ocr_carea' id='block_1_47' title="bbox 220 4770 1805 4842">
    <p class='ocr_par' dir='ltr' id='par_1_47' title="bbox 220 4770 1805 4842">
     <span class='ocr_line' id='line_1_47' title="bbox 220 4770 1805 4842; baseline 0.003 -17"><span class='ocrx_word' id='word_1_391' title='bbox 220 4784 281 4825; x_wconf 81' lang='lat' dir='ltr'><strong>ex</strong></span> <span class='ocrx_word' id='word_1_392' title='bbox 314 4779 577 4841; x_wconf 59' lang='lat' dir='ltr'><strong>praecepto</strong></span> <span class='ocrx_word' id='word_1_393' title='bbox 600 4770 715 4836; x_wconf 86' lang='lat' dir='ltr'><strong>Dei,</strong></span> <span class='ocrx_word' id='word_1_394' title='bbox 742 4786 849 4827; x_wconf 90' lang='lat' dir='ltr'><strong>non</strong></span> <span class='ocrx_word' id='word_1_395' title='bbox 880 4781 1097 4842; x_wconf 85' lang='lat' dir='ltr'><strong>propter</strong></span> <span class='ocrx_word' id='word_1_396' title='bbox 1113 4774 1470 4829; x_wconf 86' lang='lat' dir='ltr'><strong>emolumenta</strong></span> <span class='ocrx_word' id='word_1_397' title='bbox 1496 4776 1674 4830; x_wconf 89' lang='lat' dir='ltr'><strong>carnis</strong></span> <span class='ocrx_word' id='word_1_398' title='bbox 1696 4776 1805 4839; x_wconf 88' lang='lat' dir='ltr'><strong>tiat,</strong></span> 
     </span>
    </p>
   </div>
   <div class='ocr_carea' id='block_1_48' title="bbox 219 4863 1806 4934">
    <p class='ocr_par' dir='ltr' id='par_1_48' title="bbox 219 4863 1806 4934">
     <span class='ocr_line' id='line_1_48' title="bbox 219 4863 1806 4934; baseline 0.004 -17"><span class='ocrx_word' id='word_1_399' title='bbox 219 4878 285 4918; x_wconf 89' lang='lat' dir='ltr'><strong>ne</strong></span> <span class='ocrx_word' id='word_1_400' title='bbox 313 4863 428 4918; x_wconf 89' lang='lat' dir='ltr'><strong>dies</strong></span> <span class='ocrx_word' id='word_1_401' title='bbox 454 4863 651 4919; x_wconf 78' lang='lat' dir='ltr'><strong>serviat</strong></span> <span class='ocrx_word' id='word_1_402' title='bbox 680 4863 843 4919; x_wconf 80' lang='lat' dir='ltr'><strong>nocti.</strong></span> <span class='ocrx_word' id='word_1_403' title='bbox 890 4864 1030 4934; x_wconf 77' lang='lat' dir='ltr'><strong>Ergo</strong></span> <span class='ocrx_word' id='word_1_404' title='bbox 1062 4873 1167 4920; x_wconf 85' lang='lat' dir='ltr'><strong>tota</strong></span> <span class='ocrx_word' id='word_1_405' title='bbox 1197 4865 1287 4921; x_wconf 87' lang='lat' dir='ltr'><strong>die</strong></span> <span class='ocrx_word' id='word_1_406' title='bbox 1325 4866 1532 4922; x_wconf 86' lang='lat' dir='ltr'><strong>tandem</strong></span> <span class='ocrx_word' id='word_1_407' title='bbox 1564 4867 1653 4922; x_wconf 86' lang='lat' dir='ltr'><strong>Dei</strong></span> <span class='ocrx_word' id='word_1_408' title='bbox 1680 4866 1806 4933; x_wconf 90' lang='lat' dir='ltr'><strong>dic;</strong></span> 
     </span>
    </p>
   </div>
   <div class='ocr_carea' id='block_1_49' title="bbox 221 4956 1811 5029">
    <p class='ocr_par' dir='ltr' id='par_1_49' title="bbox 221 4956 1811 5029">
     <span class='ocr_line' id='line_1_49' title="bbox 221 4956 1811 5029; baseline 0.003 -18"><span class='ocrx_word' id='word_1_409' title='bbox 221 4956 422 5011; x_wconf 83' lang='lat' dir='ltr'><strong>scilicet</strong></span> <span class='ocrx_word' id='word_1_410' title='bbox 451 4956 503 5011; x_wconf 91' lang='lat' dir='ltr'><strong>in</strong></span> <span class='ocrx_word' id='word_1_411' title='bbox 532 4957 799 5027; x_wconf 83' lang='lat' dir='ltr'><strong>prosperis</strong></span> <span class='ocrx_word' id='word_1_412' title='bbox 819 4968 871 5012; x_wconf 83' lang='lat' dir='ltr'><strong>et</strong></span> <span class='ocrx_word' id='word_1_413' title='bbox 895 4957 949 5013; x_wconf 89' lang='lat' dir='ltr'><strong>in</strong></span> <span class='ocrx_word' id='word_1_414' title='bbox 975 4958 1215 5014; x_wconf 85' lang='lat' dir='ltr'><strong>adversis</strong></span> <span class='ocrx_word' id='word_1_415' title='bbox 1247 4977 1261 5014; x_wconf 91' lang='lat'><strong>:</strong></span> <span class='ocrx_word' id='word_1_416' title='bbox 1294 4959 1346 5013; x_wconf 92' lang='lat' dir='ltr'><strong>in</strong></span> <span class='ocrx_word' id='word_1_417' title='bbox 1374 4959 1663 5029; x_wconf 84' lang='lat' dir='ltr'><strong>prosperis,</strong></span> <span class='ocrx_word' id='word_1_418' title='bbox 1694 4971 1811 5015; x_wconf 77' lang='lat' dir='ltr'><strong>tan—</strong></span> 
     </span>
    </p>
   </div>
   <div class='ocr_carea' id='block_1_50' title="bbox 221 5050 1811 5124">
    <p class='ocr_par' dir='ltr' id='par_1_50' title="bbox 221 5050 1811 5124">
     <span class='ocr_line' id='line_1_50' title="bbox 221 5050 1811 5124; baseline 0.008 -24"><span class='ocrx_word' id='word_1_419' title='bbox 221 5063 373 5118; x_wconf 89' lang='lat' dir='ltr'><strong>quam</strong></span> <span class='ocrx_word' id='word_1_420' title='bbox 404 5057 645 5118; x_wconf 85' lang='lat' dir='ltr'><strong>tempore</strong></span> <span class='ocrx_word' id='word_1_421' title='bbox 660 5050 890 5117; x_wconf 85' lang='lat' dir='ltr'><strong>diumo;</strong></span> <span class='ocrx_word' id='word_1_422' title='bbox 923 5050 975 5106; x_wconf 89' lang='lat' dir='ltr'><strong>in</strong></span> <span class='ocrx_word' id='word_1_423' title='bbox 1004 5050 1263 5117; x_wconf 81' lang='lat' dir='ltr'><strong>adversis,</strong></span> <span class='ocrx_word' id='word_1_424' title='bbox 1290 5063 1538 5123; x_wconf 86' lang='lat' dir='ltr'><strong>tanquam</strong></span> <span class='ocrx_word' id='word_1_425' title='bbox 1568 5064 1811 5124; x_wconf 83' lang='lat' dir='ltr'><strong>tempore</strong></span> 
     </span>
    </p>
   </div>
   <div class='ocr_carea' id='block_1_51' title="bbox 224 5142 1806 5209">
    <p class='ocr_par' dir='ltr' id='par_1_51' title="bbox 224 5142 1806 5209">
     <span class='ocr_line' id='line_1_51' title="bbox 224 5142 1806 5209; baseline 0.006 -17"><span class='ocrx_word' id='word_1_426' title='bbox 224 5150 478 5195; x_wconf 85' lang='lat' dir='ltr'><strong>nocturno</strong></span> <span class='ocrx_word' id='word_1_427' title='bbox 502 5155 515 5193; x_wconf 91' lang='lat'>:</span> <span class='ocrx_word' id='word_1_428' title='bbox 542 5147 650 5195; x_wconf 87' lang='lat' dir='ltr'><strong>tota</strong></span> <span class='ocrx_word' id='word_1_429' title='bbox 677 5149 850 5197; x_wconf 89' lang='lat' dir='ltr'><strong>tamen</strong></span> <span class='ocrx_word' id='word_1_430' title='bbox 875 5142 962 5196; x_wconf 86' lang='lat' dir='ltr'><strong>die</strong></span> <span class='ocrx_word' id='word_1_431' title='bbox 988 5143 1198 5197; x_wconf 85' lang='lat' dir='ltr'><strong>laudem</strong></span> <span class='ocrx_word' id='word_1_432' title='bbox 1226 5142 1319 5199; x_wconf 88' lang='lat' dir='ltr'><strong>Dei</strong></span> <span class='ocrx_word' id='word_1_433' title='bbox 1342 5143 1444 5209; x_wconf 83' lang='lat' dir='ltr'><strong>die,</strong></span> <span class='ocrx_word' id='word_1_434' title='bbox 1480 5157 1537 5199; x_wconf 92' lang='lat' dir='ltr'><strong>ut</strong></span> <span class='ocrx_word' id='word_1_435' title='bbox 1561 5160 1665 5200; x_wconf 92' lang='lat' dir='ltr'><strong>non</strong></span> <span class='ocrx_word' id='word_1_436' title='bbox 1695 5144 1806 5201; x_wconf 83' lang='lat' dir='ltr'><strong>fru-</strong></span> 
     </span>
    </p>
   </div>
   <div class='ocr_carea' id='block_1_52' title="bbox 220 5230 1806 5307">
    <p class='ocr_par' dir='ltr' id='par_1_52' title="bbox 220 5230 1806 5307">
     <span class='ocr_line' id='line_1_52' title="bbox 220 5230 1806 5307; baseline 0.006 -23"><span class='ocrx_word' id='word_1_437' title='bbox 220 5239 324 5284; x_wconf 85' lang='lat' dir='ltr'><strong>stra</strong></span> <span class='ocrx_word' id='word_1_438' title='bbox 352 5230 671 5295; x_wconf 82' lang='lat' dir='ltr'><strong>cantaveris,</strong></span> <span class='ocrx_word' id='word_1_439' title='bbox 697 5231 1001 5288; x_wconf 79' lang='lat' dir='ltr'><strong>Benedicam</strong></span> <span class='ocrx_word' id='word_1_440' title='bbox 1030 5233 1303 5289; x_wconf 80' lang='lat' dir='ltr'><strong>Dominum</strong></span> <span class='ocrx_word' id='word_1_441' title='bbox 1323 5236 1375 5289; x_wconf 83' lang='lat' dir='ltr'><strong>in</strong></span> <span class='ocrx_word' id='word_1_442' title='bbox 1395 5238 1532 5292; x_wconf 80' lang='lat' dir='ltr'><strong>enini</strong></span> <span class='ocrx_word' id='word_1_443' title='bbox 1554 5246 1806 5307; x_wconf 80' lang='lat' dir='ltr'><strong>tempore;</strong></span> 
     </span>
    </p>
   </div>
   <div class='ocr_carea' id='block_1_53' title="bbox 219 5321 1808 5402">
    <p class='ocr_par' dir='ltr' id='par_1_53' title="bbox 219 5321 1808 5402">
     <span class='ocr_line' id='line_1_53' title="bbox 219 5321 1808 5402; baseline 0.008 -25"><span class='ocrx_word' id='word_1_444' title='bbox 219 5339 407 5392; x_wconf 78' lang='lat' dir='ltr'><strong>semper</strong></span> <span class='ocrx_word' id='word_1_445' title='bbox 446 5321 561 5378; x_wconf 76' lang='lat' dir='ltr'><strong>laus</strong></span> <span class='ocrx_word' id='word_1_446' title='bbox 586 5325 695 5395; x_wconf 77' lang='lat' dir='ltr'><strong>ejus</strong></span> <span class='ocrx_word' id='word_1_447' title='bbox 740 5325 792 5379; x_wconf 88' lang='lat' dir='ltr'><strong>in</strong></span> <span class='ocrx_word' id='word_1_448' title='bbox 823 5343 911 5383; x_wconf 78' lang='lat' dir='ltr'><strong>ore</strong></span> <span class='ocrx_word' id='word_1_449' title='bbox 950 5343 1059 5381; x_wconf 79' lang='lat' dir='ltr'><strong>meo</strong></span> <span class='ocrx_word' id='word_1_450' title='bbox 1090 5325 1259 5400; x_wconf 80' lang='lat' dir='ltr'><strong>(Psal.</strong></span> <span class='ocrx_word' id='word_1_451' title='bbox 1293 5344 1475 5393; x_wconf 74' lang='lat' dir='ltr'><strong>sunt,</strong></span> <span class='ocrx_word' id='word_1_452' title='bbox 1522 5332 1602 5402; x_wconf 79' lang='grc'><strong>2).</strong></span> <span class='ocrx_word' id='word_1_453' title='bbox 1634 5330 1808 5389; x_wconf 75' lang='lat' dir='ltr'><strong>Salvis</strong></span> 
     </span>
    </p>
   </div>
   <div class='ocr_carea' id='block_1_54' title="bbox 221 5416 1809 5485">
    <p class='ocr_par' dir='ltr' id='par_1_54' title="bbox 221 5416 1809 5485">
     <span class='ocr_line' id='line_1_54' title="bbox 221 5416 1809 5485; baseline 0.008 -15"><span class='ocrx_word' id='word_1_454' title='bbox 221 5416 353 5478; x_wconf 82' lang='lat' dir='ltr'><strong>liliis,</strong></span> <span class='ocrx_word' id='word_1_455' title='bbox 409 5431 626 5485; x_wconf 86' lang='lat' dir='ltr'><strong>pecore.</strong></span> <span class='ocrx_word' id='word_1_456' title='bbox 673 5416 905 5483; x_wconf 75' lang='lat' dir='ltr'><strong>familia,</strong></span> <span class='ocrx_word' id='word_1_457' title='bbox 950 5421 1097 5475; x_wconf 88' lang='lat' dir='ltr'><strong>omni</strong></span> <span class='ocrx_word' id='word_1_458' title='bbox 1142 5437 1201 5476; x_wconf 84' lang='lat' dir='ltr'><strong>re</strong></span> <span class='ocrx_word' id='word_1_459' title='bbox 1247 5435 1363 5483; x_wconf 85' lang='lat' dir='ltr'><strong>sua.</strong></span> <span class='ocrx_word' id='word_1_460' title='bbox 1410 5421 1514 5479; x_wconf 78' lang='lat' dir='ltr'><strong>Joh</strong></span> <span class='ocrx_word' id='word_1_461' title='bbox 1560 5423 1809 5482; x_wconf 76' lang='lat' dir='ltr'><strong>laudabat</strong></span> 
     </span>
    </p>
   </div>
   <div class='ocr_carea' id='block_1_55' title="bbox 224 5510 1801 5585">
    <p class='ocr_par' dir='ltr' id='par_1_55' title="bbox 224 5510 1801 5585">
     <span class='ocr_line' id='line_1_55' title="bbox 224 5510 1801 5585; baseline 0.008 -23"><span class='ocrx_word' id='word_1_462' title='bbox 224 5510 378 5563; x_wconf 81' lang='lat' dir='ltr'><strong>Deum</strong></span> <span class='ocrx_word' id='word_1_463' title='bbox 403 5527 419 5575; x_wconf 90' lang='lat'><strong>;</strong></span> <span class='ocrx_word' id='word_1_464' title='bbox 449 5511 551 5566; x_wconf 82' lang='lat' dir='ltr'><strong>huc</strong></span> <span class='ocrx_word' id='word_1_465' title='bbox 576 5511 723 5582; x_wconf 81' lang='lat' dir='ltr'><strong>quasi</strong></span> <span class='ocrx_word' id='word_1_466' title='bbox 752 5512 943 5567; x_wconf 90' lang='lat' dir='ltr'><strong>diurno</strong></span> <span class='ocrx_word' id='word_1_467' title='bbox 970 5522 1211 5583; x_wconf 87' lang='lat' dir='ltr'><strong>tempore</strong></span> <span class='ocrx_word' id='word_1_468' title='bbox 1240 5533 1252 5569; x_wconf 93' lang='lat'>:</span> <span class='ocrx_word' id='word_1_469' title='bbox 1281 5515 1475 5572; x_wconf 84' lang='lat' dir='ltr'><strong>damna</strong></span> <span class='ocrx_word' id='word_1_470' title='bbox 1499 5528 1801 5585; x_wconf 84' lang='lat' dir='ltr'><strong>venerunt,</strong></span> 
     </span>
    </p>
   </div>
   <div class='ocr_carea' id='block_1_56' title="bbox 219 5600 1806 5682">
    <p class='ocr_par' dir='ltr' id='par_1_56' title="bbox 219 5600 1806 5682">
     <span class='ocr_line' id='line_1_56' title="bbox 219 5600 1806 5682; baseline 0.009 -27"><span class='ocrx_word' id='word_1_471' title='bbox 219 5600 410 5658; x_wconf 88' lang='lat' dir='ltr'><strong>orbitas</strong></span> <span class='ocrx_word' id='word_1_472' title='bbox 438 5605 607 5669; x_wconf 87' lang='lat' dir='ltr'><strong>irruit,</strong></span> <span class='ocrx_word' id='word_1_473' title='bbox 642 5605 797 5673; x_wconf 88' lang='lat' dir='ltr'><strong>periit</strong></span> <span class='ocrx_word' id='word_1_474' title='bbox 821 5606 961 5676; x_wconf 90' lang='lat' dir='ltr'><strong>quod</strong></span> <span class='ocrx_word' id='word_1_475' title='bbox 988 5609 1316 5674; x_wconf 84' lang='lat' dir='ltr'><strong>servabatur,</strong></span> <span class='ocrx_word' id='word_1_476' title='bbox 1340 5612 1589 5666; x_wconf 87' lang='lat' dir='ltr'><strong>obierunt</strong></span> <span class='ocrx_word' id='word_1_477' title='bbox 1613 5612 1806 5682; x_wconf 80' lang='lat' dir='ltr'><strong>quibus</strong></span> 
     </span>
    </p>
   </div>
   <div class='ocr_carea' id='block_1_57' title="bbox 220 5695 1801 5770">
    <p class='ocr_par' dir='ltr' id='par_1_57' title="bbox 220 5695 1801 5770">
     <span class='ocr_line' id='line_1_57' title="bbox 220 5695 1801 5770; baseline 0.009 -24"><span class='ocrx_word' id='word_1_478' title='bbox 220 5695 558 5763; x_wconf 77' lang='lat' dir='ltr'><strong>servabatur;</strong></span> <span class='ocrx_word' id='word_1_479' title='bbox 592 5697 689 5751; x_wconf 84' lang='lat' dir='ltr'><strong>hoc</strong></span> <span class='ocrx_word' id='word_1_480' title='bbox 714 5699 863 5766; x_wconf 88' lang='lat' dir='ltr'><strong>quasi</strong></span> <span class='ocrx_word' id='word_1_481' title='bbox 893 5709 1151 5755; x_wconf 89' lang='lat' dir='ltr'><strong>nocturno</strong></span> <span class='ocrx_word' id='word_1_482' title='bbox 1176 5712 1433 5770; x_wconf 88' lang='lat' dir='ltr'><strong>tempore.</strong></span> <span class='ocrx_word' id='word_1_483' title='bbox 1470 5703 1601 5759; x_wconf 72' lang='lat' dir='ltr'><strong>Vide</strong></span> <span class='ocrx_word' id='word_1_484' title='bbox 1624 5715 1801 5762; x_wconf 84' lang='lat' dir='ltr'><strong>tamen</strong></span> 
     </span>
    </p>
   </div>
   <div class='ocr_carea' id='block_1_58' title="bbox 220 5787 1802 5862">
    <p class='ocr_par' dir='ltr' id='par_1_58' title="bbox 220 5787 1802 5862">
     <span class='ocr_line' id='line_1_58' title="bbox 220 5787 1802 5862; baseline 0.008 -21"><span class='ocrx_word' id='word_1_485' title='bbox 220 5793 322 5841; x_wconf 82' lang='lat' dir='ltr'><strong>tota</strong></span> <span class='ocrx_word' id='word_1_486' title='bbox 341 5787 427 5841; x_wconf 89' lang='lat' dir='ltr'><strong>die</strong></span> <span class='ocrx_word' id='word_1_487' title='bbox 452 5788 777 5844; x_wconf 85' lang='lat' dir='ltr'><strong>laudantem.</strong></span> <span class='ocrx_word' id='word_1_488' title='bbox 804 5788 1068 5862; x_wconf 83' lang='lat' dir='ltr'><strong>Numquid</strong></span> <span class='ocrx_word' id='word_1_489' title='bbox 1094 5802 1213 5862; x_wconf 84' lang='lat' dir='ltr'><strong>post</strong></span> <span class='ocrx_word' id='word_1_490' title='bbox 1239 5794 1367 5849; x_wconf 89' lang='lat' dir='ltr'><strong>illud</strong></span> <span class='ocrx_word' id='word_1_491' title='bbox 1392 5795 1644 5853; x_wconf 89' lang='lat' dir='ltr'><strong>diurnum</strong></span> <span class='ocrx_word' id='word_1_492' title='bbox 1669 5807 1802 5854; x_wconf 84' lang='lat' dir='ltr'><strong>tem-</strong></span> 
     </span>
    </p>
   </div>
   <div class='ocr_carea' id='block_1_59' title="bbox 220 5880 1801 5961">
    <p class='ocr_par' dir='ltr' id='par_1_59' title="bbox 220 5880 1801 5961">
     <span class='ocr_line' id='line_1_59' title="bbox 220 5880 1801 5961; baseline 0.01 -27"><span class='ocrx_word' id='word_1_493' title='bbox 220 5893 311 5953; x_wconf 86' lang='lat' dir='ltr'><strong>pus</strong></span> <span class='ocrx_word' id='word_1_494' title='bbox 350 5880 437 5936; x_wconf 90' lang='lat' dir='ltr'><strong>ubi</strong></span> <span class='ocrx_word' id='word_1_495' title='bbox 468 5881 766 5950; x_wconf 81' lang='lat' dir='ltr'><strong>laetabatur,</strong></span> <span class='ocrx_word' id='word_1_496' title='bbox 797 5882 922 5955; x_wconf 87' lang='lat' dir='ltr'><strong>quia</strong></span> <span class='ocrx_word' id='word_1_497' title='bbox 948 5883 1120 5943; x_wconf 89' lang='lat' dir='ltr'><strong>factus</strong></span> <span class='ocrx_word' id='word_1_498' title='bbox 1160 5896 1246 5944; x_wconf 88' lang='lat' dir='ltr'><strong>est</strong></span> <span class='ocrx_word' id='word_1_499' title='bbox 1286 5887 1428 5945; x_wconf 84' lang='lat' dir='ltr'><strong>illius</strong></span> <span class='ocrx_word' id='word_1_500' title='bbox 1454 5889 1605 5961; x_wconf 85' lang='lat' dir='ltr'><strong>quasi</strong></span> <span class='ocrx_word' id='word_1_501' title='bbox 1646 5890 1801 5957; x_wconf 84' lang='lat' dir='ltr'><strong>lucis.</strong></span> 
     </span>
    </p>
   </div>
   <div class='ocr_carea' id='block_1_60' title="bbox 223 5974 1800 6045">
    <p class='ocr_par' dir='ltr' id='par_1_60' title="bbox 223 5974 1800 6045">
     <span class='ocr_line' id='line_1_60' title="bbox 223 5974 1800 6045; baseline 0.007 -16"><span class='ocrx_word' id='word_1_502' title='bbox 223 5974 314 6029; x_wconf 89' lang='lat' dir='ltr'><strong>hoc</strong></span> <span class='ocrx_word' id='word_1_503' title='bbox 343 5981 425 6030; x_wconf 82' lang='lat' dir='ltr'><strong>est</strong></span> <span class='ocrx_word' id='word_1_504' title='bbox 449 5976 815 6045; x_wconf 82' lang='lat' dir='ltr'><strong>prosperitatis</strong></span> <span class='ocrx_word' id='word_1_505' title='bbox 840 5993 1078 6043; x_wconf 82' lang='lat' dir='ltr'><strong>occasus,</strong></span> <span class='ocrx_word' id='word_1_506' title='bbox 1115 5982 1300 6036; x_wconf 73' lang='lat' dir='ltr'><strong>defecit</strong></span> <span class='ocrx_word' id='word_1_507' title='bbox 1336 6000 1360 6036; x_wconf 87' lang='lat' dir='ltr'><strong>a</strong></span> <span class='ocrx_word' id='word_1_508' title='bbox 1391 5984 1634 6041; x_wconf 82' lang='lat' dir='ltr'><strong>laudilms</strong></span> <span class='ocrx_word' id='word_1_509' title='bbox 1667 5986 1800 6040; x_wconf 78' lang='lat' dir='ltr'><strong>Dei?</strong></span> 
     </span>
    </p>
   </div>
   <div class='ocr_carea' id='block_1_61' title="bbox 1311 400 2371 464">
    <p class='ocr_par' dir='ltr' id='par_1_61' title="bbox 1311 400 2371 464">
     <span class='ocr_line' id='line_1_61' title="bbox 1311 400 2371 464; baseline -0.008 1"><span class='ocrx_word' id='word_1_510' title='bbox 1311 405 1711 464; x_wconf 71' lang='lat' dir='ltr'><strong>ENARRATIU</strong></span> <span class='ocrx_word' id='word_1_511' title='bbox 1742 402 1803 457; x_wconf 67' lang='lat' dir='ltr'><strong>IN</strong></span> <span class='ocrx_word' id='word_1_512' title='bbox 1846 400 2165 459; x_wconf 60' lang='lat' dir='ltr'><strong>PSALSIL’M</strong></span> <span class='ocrx_word' id='word_1_513' title='bbox 2204 402 2371 457; x_wconf 71' lang='lat' dir='ltr'><strong>LXX.</strong></span> 
     </span>
    </p>
   </div>
   <div class='ocr_carea' id='block_1_62' title="bbox 3406 415 3511 475">
    <p class='ocr_par' dir='ltr' id='par_1_62' title="bbox 3406 415 3511 475">
     <span class='ocr_line' id='line_1_62' title="bbox 3406 415 3511 475; baseline -0.01 0"><span class='ocrx_word' id='word_1_514' title='bbox 3406 415 3511 475; x_wconf 83' lang='lat'><strong>886</strong></span> 
     </span>
    </p>
   </div>
   <div class='ocr_carea' id='block_1_63' title="bbox 1917 517 3511 599">
    <p class='ocr_par' dir='ltr' id='par_1_63' title="bbox 1917 517 3511 599">
     <span class='ocr_line' id='line_1_63' title="bbox 1917 517 3511 599; baseline 0.009 -25"><span class='ocrx_word' id='word_1_515' title='bbox 1917 517 2105 575; x_wconf 85' lang='lat' dir='ltr'><strong>Nonne</strong></span> <span class='ocrx_word' id='word_1_516' title='bbox 2134 517 2250 573; x_wconf 89' lang='lat' dir='ltr'><strong>dies</strong></span> <span class='ocrx_word' id='word_1_517' title='bbox 2269 529 2384 574; x_wconf 84' lang='lat' dir='ltr'><strong>erat</strong></span> <span class='ocrx_word' id='word_1_518' title='bbox 2412 520 2464 577; x_wconf 90' lang='lat' dir='ltr'><strong>in</strong></span> <span class='ocrx_word' id='word_1_519' title='bbox 2495 522 2678 589; x_wconf 86' lang='lat' dir='ltr'><strong>corde.</strong></span> <span class='ocrx_word' id='word_1_520' title='bbox 2704 523 2843 582; x_wconf 88' lang='lat' dir='ltr'><strong>unde</strong></span> <span class='ocrx_word' id='word_1_521' title='bbox 2870 526 3119 599; x_wconf 80' lang='lat' dir='ltr'><strong>fulgebat,</strong></span> <span class='ocrx_word' id='word_1_522' title='bbox 3156 527 3399 587; x_wconf 81' lang='lat' dir='ltr'><strong>Dominus</strong></span> <span class='ocrx_word' id='word_1_523' title='bbox 3422 534 3511 589; x_wconf 52' lang='lat' dir='ltr'><strong>de-</strong></span> 
     </span>
    </p>
   </div>
   <div class='ocr_carea' id='block_1_64' title="bbox 1911 610 3509 693">
    <p class='ocr_par' dir='ltr' id='par_1_64' title="bbox 1911 610 3509 693">
     <span class='ocr_line' id='line_1_64' title="bbox 1911 610 3509 693; baseline 0.01 -29"><span class='ocrx_word' id='word_1_524' title='bbox 1911 612 2004 675; x_wconf 87' lang='lat' dir='ltr'><strong>dit,</strong></span> <span class='ocrx_word' id='word_1_525' title='bbox 2037 610 2283 666; x_wconf 81' lang='lat' dir='ltr'><strong>Dominus</strong></span> <span class='ocrx_word' id='word_1_526' title='bbox 2317 612 2556 681; x_wconf 77' lang='lat' dir='ltr'><strong>abstulit;</strong></span> <span class='ocrx_word' id='word_1_527' title='bbox 2584 616 2714 671; x_wconf 83' lang='lat' dir='ltr'><strong>sicut</strong></span> <span class='ocrx_word' id='word_1_528' title='bbox 2742 615 2959 673; x_wconf 85' lang='lat' dir='ltr'><strong>Domino</strong></span> <span class='ocrx_word' id='word_1_529' title='bbox 2986 621 3194 691; x_wconf 81' lang='lat' dir='ltr'><strong>placuit,</strong></span> <span class='ocrx_word' id='word_1_530' title='bbox 3221 623 3291 676; x_wconf 73' lang='lat' dir='ltr'><strong>ita</strong></span> <span class='ocrx_word' id='word_1_531' title='bbox 3318 625 3509 693; x_wconf 80' lang='lat' dir='ltr'><strong>factum</strong></span> 
     </span>
    </p>
   </div>
   <div class='ocr_carea' id='block_1_65' title="bbox 1912 705 3506 784">
    <p class='ocr_par' dir='ltr' id='par_1_65' title="bbox 1912 705 3506 784">
     <span class='ocr_line' id='line_1_65' title="bbox 1912 705 3506 784; baseline 0.009 -27"><span class='ocrx_word' id='word_1_532' title='bbox 1912 713 1983 757; x_wconf 83' lang='lat' dir='ltr'><strong>est</strong></span> <span class='ocrx_word' id='word_1_533' title='bbox 2007 706 2105 758; x_wconf 84' lang='lat' dir='ltr'><strong>:sit</strong></span> <span class='ocrx_word' id='word_1_534' title='bbox 2135 722 2312 759; x_wconf 83' lang='lat' dir='ltr'><strong>nomen</strong></span> <span class='ocrx_word' id='word_1_535' title='bbox 2342 705 2548 761; x_wconf 77' lang='lat' dir='ltr'><strong>llontini</strong></span> <span class='ocrx_word' id='word_1_536' title='bbox 2573 707 2884 764; x_wconf 78' lang='lat' dir='ltr'><strong>benedictum</strong></span> <span class='ocrx_word' id='word_1_537' title='bbox 2917 710 3035 784; x_wconf 88' lang='lat' dir='ltr'><strong>(Job</strong></span> <span class='ocrx_word' id='word_1_538' title='bbox 3084 729 3124 779; x_wconf 86' lang='lat' dir='ltr'><strong>I,</strong></span> <span class='ocrx_word' id='word_1_539' title='bbox 3148 712 3283 783; x_wconf 68' lang='lat' dir='ltr'><strong>2i)?</strong></span> <span class='ocrx_word' id='word_1_540' title='bbox 3314 716 3377 770; x_wconf 80' lang='lat' dir='ltr'><strong>Et</strong></span> <span class='ocrx_word' id='word_1_541' title='bbox 3406 718 3506 772; x_wconf 86' lang='lat' dir='ltr'><strong>hoc</strong></span> 
     </span>
    </p>
   </div>
   <div class='ocr_carea' id='block_1_66' title="bbox 1911 798 3501 874">
    <p class='ocr_par' dir='ltr' id='par_1_66' title="bbox 1911 798 3501 874">
     <span class='ocr_line' id='line_1_66' title="bbox 1911 798 3501 874; baseline 0.008 -23"><span class='ocrx_word' id='word_1_542' title='bbox 1911 798 2059 868; x_wconf 86' lang='lat' dir='ltr'><strong>quasi</strong></span> <span class='ocrx_word' id='word_1_543' title='bbox 2088 798 2258 854; x_wconf 89' lang='lat' dir='ltr'><strong>adhuc</strong></span> <span class='ocrx_word' id='word_1_544' title='bbox 2290 801 2650 869; x_wconf 85' lang='lat' dir='ltr'><strong>vespertinum</strong></span> <span class='ocrx_word' id='word_1_545' title='bbox 2697 814 2809 857; x_wconf 84' lang='lat' dir='ltr'><strong>erat</strong></span> <span class='ocrx_word' id='word_1_546' title='bbox 2838 812 3044 874; x_wconf 85' lang='lat' dir='ltr'><strong>tempus</strong></span> <span class='ocrx_word' id='word_1_547' title='bbox 3076 822 3086 857; x_wconf 92' lang='lat'>:</span> <span class='ocrx_word' id='word_1_548' title='bbox 3124 806 3265 859; x_wconf 81' lang='lat' dir='ltr'><strong>venit</strong></span> <span class='ocrx_word' id='word_1_549' title='bbox 3297 818 3348 861; x_wconf 86' lang='lat' dir='ltr'><strong>et</strong></span> <span class='ocrx_word' id='word_1_550' title='bbox 3396 824 3501 863; x_wconf 75' lang='lat' dir='ltr'><strong>nox</strong></span> 
     </span>
    </p>
   </div>
   <div class='ocr_carea' id='block_1_67' title="bbox 1910 886 3501 969">
    <p class='ocr_par' dir='ltr' id='par_1_67' title="bbox 1910 886 3501 969">
     <span class='ocr_line' id='line_1_67' title="bbox 1910 886 3501 969; baseline 0.006 -25"><span class='ocrx_word' id='word_1_551' title='bbox 1910 886 2163 957; x_wconf 84' lang='lat' dir='ltr'><strong>crassior,</strong></span> <span class='ocrx_word' id='word_1_552' title='bbox 2212 890 2439 945; x_wconf 70' lang='lat' dir='ltr'><strong>ten&#39;elira:</strong></span> <span class='ocrx_word' id='word_1_553' title='bbox 2486 891 2877 961; x_wconf 82' lang='lat' dir='ltr'><strong>profundiores,</strong></span> <span class='ocrx_word' id='word_1_554' title='bbox 2923 898 3163 966; x_wconf 89' lang='lat' dir='ltr'><strong>corporis</strong></span> <span class='ocrx_word' id='word_1_555' title='bbox 3193 897 3366 964; x_wconf 82' lang='lat' dir='ltr'><strong>dolor,</strong></span> <span class='ocrx_word' id='word_1_556' title='bbox 3404 915 3501 969; x_wconf 86' lang='lat' dir='ltr'><strong>pu-</strong></span> 
     </span>
    </p>
   </div>
   <div class='ocr_carea' id='block_1_68' title="bbox 1912 981 3502 1058">
    <p class='ocr_par' dir='ltr' id='par_1_68' title="bbox 1912 981 3502 1058">
     <span class='ocr_line' id='line_1_68' title="bbox 1912 981 3502 1058; baseline 0.008 -23"><span class='ocrx_word' id='word_1_557' title='bbox 1912 981 2065 1036; x_wconf 89' lang='lat' dir='ltr'><strong>tredo</strong></span> <span class='ocrx_word' id='word_1_558' title='bbox 2108 982 2367 1037; x_wconf 81' lang='lat' dir='ltr'><strong>vermium</strong></span> <span class='ocrx_word' id='word_1_559' title='bbox 2393 999 2407 1047; x_wconf 85' lang='lat'><strong>;</strong></span> <span class='ocrx_word' id='word_1_560' title='bbox 2438 998 2538 1039; x_wconf 88' lang='lat' dir='ltr'><strong>nec</strong></span> <span class='ocrx_word' id='word_1_561' title='bbox 2567 985 2643 1039; x_wconf 88' lang='lat' dir='ltr'><strong>sic</strong></span> <span class='ocrx_word' id='word_1_562' title='bbox 2684 986 2735 1040; x_wconf 88' lang='lat' dir='ltr'><strong>in</strong></span> <span class='ocrx_word' id='word_1_563' title='bbox 2768 989 2878 1057; x_wconf 81' lang='lat' dir='ltr'><strong>ipsa</strong></span> <span class='ocrx_word' id='word_1_564' title='bbox 2928 988 3206 1058; x_wconf 87' lang='lat' dir='ltr'><strong>putredine</strong></span> <span class='ocrx_word' id='word_1_565' title='bbox 3247 990 3442 1047; x_wconf 80' lang='lat' dir='ltr'><strong>defecit</strong></span> <span class='ocrx_word' id='word_1_566' title='bbox 3473 1010 3502 1047; x_wconf 88' lang='lat' dir='ltr'><strong>a</strong></span> 
     </span>
    </p>
   </div>
   <div class='ocr_carea' id='block_1_69' title="bbox 1912 1073 3501 1149">
    <p class='ocr_par' dir='ltr' id='par_1_69' title="bbox 1912 1073 3501 1149">
     <span class='ocr_line' id='line_1_69' title="bbox 1912 1073 3501 1149; baseline 0.008 -22"><span class='ocrx_word' id='word_1_567' title='bbox 1912 1073 2154 1128; x_wconf 88' lang='lat' dir='ltr'><strong>laudibus</strong></span> <span class='ocrx_word' id='word_1_568' title='bbox 2199 1073 2289 1128; x_wconf 86' lang='lat' dir='ltr'><strong>Dei</strong></span> <span class='ocrx_word' id='word_1_569' title='bbox 2322 1076 2446 1130; x_wconf 87' lang='lat' dir='ltr'><strong>foris</strong></span> <span class='ocrx_word' id='word_1_570' title='bbox 2490 1077 2542 1130; x_wconf 92' lang='lat' dir='ltr'><strong>in</strong></span> <span class='ocrx_word' id='word_1_571' title='bbox 2591 1087 2764 1141; x_wconf 86' lang='lat' dir='ltr'><strong>nocte.</strong></span> <span class='ocrx_word' id='word_1_572' title='bbox 2797 1079 2886 1149; x_wconf 91' lang='lat' dir='ltr'><strong>qui</strong></span> <span class='ocrx_word' id='word_1_573' title='bbox 2936 1080 3073 1133; x_wconf 91' lang='lat' dir='ltr'><strong>intus</strong></span> <span class='ocrx_word' id='word_1_574' title='bbox 3105 1083 3405 1139; x_wconf 81' lang='lat' dir='ltr'><strong>exsultabat</strong></span> <span class='ocrx_word' id='word_1_575' title='bbox 3449 1085 3501 1141; x_wconf 90' lang='lat' dir='ltr'><strong>in</strong></span> 
     </span>
    </p>
   </div>
   <div class='ocr_carea' id='block_1_70' title="bbox 1912 1162 3503 1239">
    <p class='ocr_par' dir='ltr' id='par_1_70' title="bbox 1912 1162 3503 1239">
     <span class='ocr_line' id='line_1_70' title="bbox 1912 1162 3503 1239; baseline 0.009 -21"><span class='ocrx_word' id='word_1_576' title='bbox 1912 1162 2019 1221; x_wconf 88' lang='lat' dir='ltr'><strong>die.</strong></span> <span class='ocrx_word' id='word_1_577' title='bbox 2048 1162 2286 1234; x_wconf 86' lang='lat' dir='ltr'><strong>Namque</strong></span> <span class='ocrx_word' id='word_1_578' title='bbox 2318 1168 2466 1219; x_wconf 79' lang='lat' dir='ltr'><strong>uxori</strong></span> <span class='ocrx_word' id='word_1_579' title='bbox 2496 1168 2832 1236; x_wconf 88' lang='lat' dir='ltr'><strong>persuadeuti</strong></span> <span class='ocrx_word' id='word_1_580' title='bbox 2859 1170 3264 1239; x_wconf 62' lang='lat' dir='ltr'><strong>blasphemiam,</strong></span> <span class='ocrx_word' id='word_1_581' title='bbox 3286 1184 3339 1227; x_wconf 88' lang='lat' dir='ltr'><strong>et</strong></span> <span class='ocrx_word' id='word_1_582' title='bbox 3363 1191 3503 1231; x_wconf 84' lang='lat' dir='ltr'><strong>eunt-</strong></span> 
     </span>
    </p>
   </div>
   <div class='ocr_carea' id='block_1_71' title="bbox 1912 1259 3499 1341">
    <p class='ocr_par' dir='ltr' id='par_1_71' title="bbox 1912 1259 3499 1341">
     <span class='ocr_line' id='line_1_71' title="bbox 1912 1259 3499 1341; baseline 0.011 -31"><span class='ocrx_word' id='word_1_583' title='bbox 1912 1259 2138 1314; x_wconf 89' lang='lat' dir='ltr'><strong>mitteuti</strong></span> <span class='ocrx_word' id='word_1_584' title='bbox 2156 1260 2386 1313; x_wconf 90' lang='lat' dir='ltr'><strong>animam</strong></span> <span class='ocrx_word' id='word_1_585' title='bbox 2405 1260 2589 1331; x_wconf 86' lang='lat' dir='ltr'><strong>ipsius,</strong></span> <span class='ocrx_word' id='word_1_586' title='bbox 2609 1262 2746 1318; x_wconf 89' lang='lat' dir='ltr'><strong>male</strong></span> <span class='ocrx_word' id='word_1_587' title='bbox 2761 1264 3003 1319; x_wconf 88' lang='lat' dir='ltr'><strong>suadenti</strong></span> <span class='ocrx_word' id='word_1_588' title='bbox 3024 1267 3230 1322; x_wconf 74' lang='lat' dir='ltr'><strong>miscrre</strong></span> <span class='ocrx_word' id='word_1_589' title='bbox 3251 1279 3499 1341; x_wconf 88' lang='lat' dir='ltr'><strong>tanquam</strong></span> 
     </span>
    </p>
   </div>
   <div class='ocr_carea' id='block_1_72' title="bbox 1910 1351 3503 1432">
    <p class='ocr_par' dir='ltr' id='par_1_72' title="bbox 1910 1351 3503 1432">
     <span class='ocr_line' id='line_1_72' title="bbox 1910 1351 3503 1432; baseline 0.009 -26"><span class='ocrx_word' id='word_1_590' title='bbox 1910 1351 2115 1407; x_wconf 65' lang='lat' dir='ltr'><strong>umbrae</strong></span> <span class='ocrx_word' id='word_1_591' title='bbox 2144 1362 2438 1423; x_wconf 76' lang='lat' dir='ltr'><strong>nocturnr,</strong></span> <span class='ocrx_word' id='word_1_592' title='bbox 2470 1353 2663 1410; x_wconf 86' lang='lat' dir='ltr'><strong>Locuta</strong></span> <span class='ocrx_word' id='word_1_593' title='bbox 2701 1372 2773 1420; x_wconf 85' lang='lat' dir='ltr'><strong>es,</strong></span> <span class='ocrx_word' id='word_1_594' title='bbox 2816 1356 3006 1429; x_wconf 87' lang='lat' dir='ltr'><strong>inquit,</strong></span> <span class='ocrx_word' id='word_1_595' title='bbox 3037 1368 3274 1432; x_wconf 82' lang='lat' dir='ltr'><strong>tanquam</strong></span> <span class='ocrx_word' id='word_1_596' title='bbox 3304 1381 3405 1417; x_wconf 86' lang='lat' dir='ltr'><strong>una</strong></span> <span class='ocrx_word' id='word_1_597' title='bbox 3441 1383 3503 1422; x_wconf 72' lang='lat' dir='ltr'><strong>ex</strong></span> 
     </span>
    </p>
   </div>
   <div class='ocr_carea' id='block_1_73' title="bbox 1911 1443 3503 1517">
    <p class='ocr_par' dir='ltr' id='par_1_73' title="bbox 1911 1443 3503 1517">
     <span class='ocr_line' id='line_1_73' title="bbox 1911 1443 3503 1517; baseline 0.009 -19"><span class='ocrx_word' id='word_1_598' title='bbox 1911 1443 2258 1517; x_wconf 76' lang='lat' dir='ltr'><strong>insipientibus</strong></span> <span class='ocrx_word' id='word_1_599' title='bbox 2306 1447 2621 1503; x_wconf 79' lang='lat' dir='ltr'><strong>mulieribus.</strong></span> <span class='ocrx_word' id='word_1_600' title='bbox 2674 1447 2815 1505; x_wconf 84' lang='lat' dir='ltr'><strong>Vere</strong></span> <span class='ocrx_word' id='word_1_601' title='bbox 2861 1450 2966 1505; x_wconf 88' lang='lat' dir='ltr'><strong>lilia</strong></span> <span class='ocrx_word' id='word_1_602' title='bbox 3016 1452 3224 1508; x_wconf 86' lang='lat' dir='ltr'><strong>noctis!</strong></span> <span class='ocrx_word' id='word_1_603' title='bbox 3277 1455 3339 1510; x_wconf 86' lang='lat' dir='ltr'><strong>Si</strong></span> <span class='ocrx_word' id='word_1_604' title='bbox 3374 1458 3503 1513; x_wconf 85' lang='lat' dir='ltr'><strong>bona</strong></span> 
     </span>
    </p>
   </div>
   <div class='ocr_carea' id='block_1_74' title="bbox 1908 1540 3502 1611">
    <p class='ocr_par' dir='ltr' id='par_1_74' title="bbox 1908 1540 3502 1611">
     <span class='ocr_line' id='line_1_74' title="bbox 1908 1540 3502 1611; baseline 0.008 -19"><span class='ocrx_word' id='word_1_605' title='bbox 1908 1540 2221 1611; x_wconf 77' lang='lat' dir='ltr'><strong>suscepimus</strong></span> <span class='ocrx_word' id='word_1_606' title='bbox 2265 1540 2328 1593; x_wconf 85' lang='lat' dir='ltr'><strong>de</strong></span> <span class='ocrx_word' id='word_1_607' title='bbox 2365 1557 2519 1595; x_wconf 87' lang='lat' dir='ltr'><strong>manu</strong></span> <span class='ocrx_word' id='word_1_608' title='bbox 2564 1540 2787 1609; x_wconf 85' lang='lat' dir='ltr'><strong>Domini,</strong></span> <span class='ocrx_word' id='word_1_609' title='bbox 2828 1543 2963 1597; x_wconf 84' lang='lat' dir='ltr'><strong>mala</strong></span> <span class='ocrx_word' id='word_1_610' title='bbox 3009 1559 3108 1598; x_wconf 87' lang='lat' dir='ltr'><strong>non</strong></span> <span class='ocrx_word' id='word_1_611' title='bbox 3152 1546 3502 1605; x_wconf 78' lang='lat' dir='ltr'><strong>sustinebimus</strong></span> 
     </span>
    </p>
   </div>
   <div class='ocr_carea' id='block_1_75' title="bbox 1911 1628 3502 1706">
    <p class='ocr_par' dir='ltr' id='par_1_75' title="bbox 1911 1628 3502 1706">
     <span class='ocr_line' id='line_1_75' title="bbox 1911 1628 3502 1706; baseline 0.011 -24"><span class='ocrx_word' id='word_1_612' title='bbox 1911 1628 2023 1702; x_wconf 80' lang='lat' dir='ltr'><strong>(Id.</strong></span> <span class='ocrx_word' id='word_1_613' title='bbox 2051 1646 2108 1695; x_wconf 92' lang='grc' dir='ltr'>ιι,</span> <span class='ocrx_word' id='word_1_614' title='bbox 2131 1629 2266 1706; x_wconf 66' lang='lat'><strong>10)?</strong></span> <span class='ocrx_word' id='word_1_615' title='bbox 2298 1632 2651 1689; x_wconf 81' lang='lat' dir='ltr'><strong>Laudavimus</strong></span> <span class='ocrx_word' id='word_1_616' title='bbox 2677 1634 2728 1688; x_wconf 92' lang='lat' dir='ltr'><strong>in</strong></span> <span class='ocrx_word' id='word_1_617' title='bbox 2751 1634 2858 1703; x_wconf 88' lang='lat' dir='ltr'><strong>die,</strong></span> <span class='ocrx_word' id='word_1_618' title='bbox 2885 1635 3197 1693; x_wconf 73' lang='lat' dir='ltr'><strong>deficit-mus</strong></span> <span class='ocrx_word' id='word_1_619' title='bbox 3224 1639 3275 1693; x_wconf 90' lang='lat' dir='ltr'><strong>in</strong></span> <span class='ocrx_word' id='word_1_620' title='bbox 3304 1644 3502 1700; x_wconf 83' lang='lat' dir='ltr'><strong>nocte?</strong></span> 
     </span>
    </p>
   </div>
   <div class='ocr_carea' id='block_1_76' title="bbox 1912 1719 3287 1794">
    <p class='ocr_par' dir='ltr' id='par_1_76' title="bbox 1912 1719 3287 1794">
     <span class='ocr_line' id='line_1_76' title="bbox 1912 1719 3287 1794; baseline 0.006 -18"><span class='ocrx_word' id='word_1_621' title='bbox 1912 1719 2039 1777; x_wconf 83' lang='lat' dir='ltr'><strong>Tota</strong></span> <span class='ocrx_word' id='word_1_622' title='bbox 2069 1723 2169 1789; x_wconf 82' lang='lat' dir='ltr'><strong>die,</strong></span> <span class='ocrx_word' id='word_1_623' title='bbox 2203 1722 2255 1778; x_wconf 88' lang='lat' dir='ltr'><strong>id</strong></span> <span class='ocrx_word' id='word_1_624' title='bbox 2284 1731 2364 1779; x_wconf 87' lang='lat' dir='ltr'><strong>est</strong></span> <span class='ocrx_word' id='word_1_625' title='bbox 2386 1740 2506 1780; x_wconf 89' lang='lat' dir='ltr'><strong>cum</strong></span> <span class='ocrx_word' id='word_1_626' title='bbox 2551 1739 2645 1779; x_wconf 89' lang='lat' dir='ltr'><strong>sua</strong></span> <span class='ocrx_word' id='word_1_627' title='bbox 2676 1734 2853 1794; x_wconf 87' lang='lat' dir='ltr'><strong>nocte,</strong></span> <span class='ocrx_word' id='word_1_628' title='bbox 2886 1727 3100 1782; x_wconf 82' lang='lat' dir='ltr'><strong>salutem</strong></span> <span class='ocrx_word' id='word_1_629' title='bbox 3128 1739 3287 1785; x_wconf 84' lang='lat' dir='ltr'><strong>tuam.</strong></span> 
     </span>
    </p>
   </div>
   <div class='ocr_carea' id='block_1_77' title="bbox 1981 1812 3499 1898">
    <p class='ocr_par' dir='ltr' id='par_1_77' title="bbox 1981 1812 3499 1898">
     <span class='ocr_line' id='line_1_77' title="bbox 1981 1812 3499 1898; baseline 0.009 -29"><span class='ocrx_word' id='word_1_630' title='bbox 1981 1812 2067 1869; x_wconf 78' lang='grc'><strong>17.</strong></span> <span class='ocrx_word' id='word_1_631' title='bbox 2095 1813 2346 1881; x_wconf 81' lang='lat' dir='ltr'><strong>Quoniam</strong></span> <span class='ocrx_word' id='word_1_632' title='bbox 2370 1831 2468 1871; x_wconf 88' lang='lat' dir='ltr'><strong>non</strong></span> <span class='ocrx_word' id='word_1_633' title='bbox 2492 1816 2701 1888; x_wconf 82' lang='lat' dir='ltr'><strong>cognovi</strong></span> <span class='ocrx_word' id='word_1_634' title='bbox 2726 1817 3106 1890; x_wconf 75' lang='lat' dir='ltr'><strong>negotiationes.</strong></span> <span class='ocrx_word' id='word_1_635' title='bbox 3127 1819 3272 1889; x_wconf 84' lang='lat' dir='ltr'><strong>ideo,</strong></span> <span class='ocrx_word' id='word_1_636' title='bbox 3302 1824 3499 1898; x_wconf 85' lang='lat' dir='ltr'><strong>inquit,</strong></span> 
     </span>
    </p>
   </div>
   <div class='ocr_carea' id='block_1_78' title="bbox 1910 1906 3501 1991">
    <p class='ocr_par' dir='ltr' id='par_1_78' title="bbox 1910 1906 3501 1991">
     <span class='ocr_line' id='line_1_78' title="bbox 1910 1906 3501 1991; baseline 0.01 -31"><span class='ocrx_word' id='word_1_637' title='bbox 1910 1914 2016 1961; x_wconf 84' lang='lat' dir='ltr'><strong>tota</strong></span> <span class='ocrx_word' id='word_1_638' title='bbox 2041 1906 2124 1961; x_wconf 84' lang='lat' dir='ltr'><strong>die</strong></span> <span class='ocrx_word' id='word_1_639' title='bbox 2159 1908 2375 1963; x_wconf 80' lang='lat' dir='ltr'><strong>salutem</strong></span> <span class='ocrx_word' id='word_1_640' title='bbox 2409 1918 2579 1978; x_wconf 87' lang='lat' dir='ltr'><strong>tuam,</strong></span> <span class='ocrx_word' id='word_1_641' title='bbox 2620 1911 2859 1983; x_wconf 86' lang='lat' dir='ltr'><strong>quoniam</strong></span> <span class='ocrx_word' id='word_1_642' title='bbox 2896 1928 2999 1970; x_wconf 86' lang='lat' dir='ltr'><strong>non</strong></span> <span class='ocrx_word' id='word_1_643' title='bbox 3037 1917 3248 1983; x_wconf 80' lang='lat' dir='ltr'><strong>cognovi</strong></span> <span class='ocrx_word' id='word_1_644' title='bbox 3272 1922 3501 1991; x_wconf 77' lang='lat' dir='ltr'><strong>negotia-</strong></span> 
     </span>
    </p>
   </div>
   <div class='ocr_carea' id='block_1_79' title="bbox 1911 2005 3501 2086">
    <p class='ocr_par' dir='ltr' id='par_1_79' title="bbox 1911 2005 3501 2086">
     <span class='ocr_line' id='line_1_79' title="bbox 1911 2005 3501 2086; baseline 0.009 -27"><span class='ocrx_word' id='word_1_645' title='bbox 1911 2005 2089 2062; x_wconf 81' lang='lat' dir='ltr'><strong>tiones.</strong></span> <span class='ocrx_word' id='word_1_646' title='bbox 2121 2005 2249 2076; x_wconf 69' lang='lat' dir='ltr'><strong>Qure</strong></span> <span class='ocrx_word' id='word_1_647' title='bbox 2293 2018 2417 2065; x_wconf 88' lang='lat' dir='ltr'><strong>sunt</strong></span> <span class='ocrx_word' id='word_1_648' title='bbox 2460 2009 2578 2067; x_wconf 72' lang='lat' dir='ltr'><strong>ista:</strong></span> <span class='ocrx_word' id='word_1_649' title='bbox 2617 2013 3036 2083; x_wconf 80' lang='lat' dir='ltr'><strong>negetiationes?</strong></span> <span class='ocrx_word' id='word_1_650' title='bbox 3066 2013 3297 2071; x_wconf 82' lang='lat' dir='ltr'><strong>Audiant</strong></span> <span class='ocrx_word' id='word_1_651' title='bbox 3334 2030 3501 2086; x_wconf 80' lang='lat' dir='ltr'><strong>nego-</strong></span> 
     </span>
    </p>
   </div>
   <div class='ocr_carea' id='block_1_80' title="bbox 1909 2097 3498 2176">
    <p class='ocr_par' dir='ltr' id='par_1_80' title="bbox 1909 2097 3498 2176">
     <span class='ocr_line' id='line_1_80' title="bbox 1909 2097 3498 2176; baseline 0.007 -24"><span class='ocrx_word' id='word_1_652' title='bbox 1909 2097 2156 2165; x_wconf 88' lang='lat' dir='ltr'><strong>tiatores,</strong></span> <span class='ocrx_word' id='word_1_653' title='bbox 2195 2111 2248 2155; x_wconf 89' lang='lat' dir='ltr'><strong>et</strong></span> <span class='ocrx_word' id='word_1_654' title='bbox 2282 2111 2489 2157; x_wconf 89' lang='lat' dir='ltr'><strong>mutent</strong></span> <span class='ocrx_word' id='word_1_655' title='bbox 2528 2102 2719 2170; x_wconf 83' lang='lat' dir='ltr'><strong>vitam;</strong></span> <span class='ocrx_word' id='word_1_656' title='bbox 2760 2113 2816 2160; x_wconf 89' lang='lat' dir='ltr'><strong>et</strong></span> <span class='ocrx_word' id='word_1_657' title='bbox 2851 2106 2894 2160; x_wconf 92' lang='lat' dir='ltr'><strong>si</strong></span> <span class='ocrx_word' id='word_1_658' title='bbox 2926 2106 3171 2173; x_wconf 84' lang='lat' dir='ltr'><strong>fuerunt,</strong></span> <span class='ocrx_word' id='word_1_659' title='bbox 3212 2123 3317 2162; x_wconf 90' lang='lat' dir='ltr'><strong>non</strong></span> <span class='ocrx_word' id='word_1_660' title='bbox 3358 2107 3498 2176; x_wconf 89' lang='lat' dir='ltr'><strong>sint;</strong></span> 
     </span>
    </p>
   </div>
   <div class='ocr_carea' id='block_1_81' title="bbox 1909 2192 3504 2267">
    <p class='ocr_par' dir='ltr' id='par_1_81' title="bbox 1909 2192 3504 2267">
     <span class='ocr_line' id='line_1_81' title="bbox 1909 2192 3504 2267; baseline 0.006 -23"><span class='ocrx_word' id='word_1_661' title='bbox 1909 2204 2018 2245; x_wconf 90' lang='lat' dir='ltr'><strong>non</strong></span> <span class='ocrx_word' id='word_1_662' title='bbox 2047 2202 2372 2262; x_wconf 67' lang='lat' dir='ltr'><strong>cognoscant</strong></span> <span class='ocrx_word' id='word_1_663' title='bbox 2399 2192 2540 2264; x_wconf 90' lang='lat' dir='ltr'><strong>quod</strong></span> <span class='ocrx_word' id='word_1_664' title='bbox 2580 2193 2825 2262; x_wconf 91' lang='lat' dir='ltr'><strong>fuerunt,</strong></span> <span class='ocrx_word' id='word_1_665' title='bbox 2856 2197 3272 2253; x_wconf 87' lang='lat' dir='ltr'><strong>obliviscantur:</strong></span> <span class='ocrx_word' id='word_1_666' title='bbox 3297 2206 3504 2267; x_wconf 85' lang='lat' dir='ltr'><strong>postre-</strong></span> 
     </span>
    </p>
   </div>
   <div class='ocr_carea' id='block_1_82' title="bbox 1910 2283 3502 2360">
    <p class='ocr_par' dir='ltr' id='par_1_82' title="bbox 1910 2283 3502 2360">
     <span class='ocr_line' id='line_1_82' title="bbox 1910 2283 3502 2360; baseline 0.006 -25"><span class='ocrx_word' id='word_1_667' title='bbox 1910 2295 2021 2349; x_wconf 88' lang='lat' dir='ltr'><strong>mo,</strong></span> <span class='ocrx_word' id='word_1_668' title='bbox 2071 2298 2177 2339; x_wconf 86' lang='lat' dir='ltr'><strong>non</strong></span> <span class='ocrx_word' id='word_1_669' title='bbox 2217 2283 2545 2355; x_wconf 85' lang='lat' dir='ltr'><strong>approbent,</strong></span> <span class='ocrx_word' id='word_1_670' title='bbox 2576 2300 2683 2341; x_wconf 90' lang='lat' dir='ltr'><strong>non</strong></span> <span class='ocrx_word' id='word_1_671' title='bbox 2737 2285 2981 2355; x_wconf 87' lang='lat' dir='ltr'><strong>laudent;</strong></span> <span class='ocrx_word' id='word_1_672' title='bbox 3028 2288 3366 2360; x_wconf 88' lang='lat' dir='ltr'><strong>improbent,</strong></span> <span class='ocrx_word' id='word_1_673' title='bbox 3403 2289 3502 2344; x_wconf 86' lang='lat' dir='ltr'><strong>da-</strong></span> 
     </span>
    </p>
   </div>
   <div class='ocr_carea' id='block_1_83' title="bbox 1910 2379 3504 2453">
    <p class='ocr_par' dir='ltr' id='par_1_83' title="bbox 1910 2379 3504 2453">
     <span class='ocr_line' id='line_1_83' title="bbox 1910 2379 3504 2453; baseline 0.009 -24"><span class='ocrx_word' id='word_1_674' title='bbox 1910 2385 2128 2440; x_wconf 86' lang='lat' dir='ltr'><strong>mnent,</strong></span> <span class='ocrx_word' id='word_1_675' title='bbox 2173 2385 2479 2446; x_wconf 89' lang='lat' dir='ltr'><strong>mutentur,</strong></span> <span class='ocrx_word' id='word_1_676' title='bbox 2510 2379 2553 2433; x_wconf 93' lang='lat' dir='ltr'><strong>si</strong></span> <span class='ocrx_word' id='word_1_677' title='bbox 2586 2391 2860 2450; x_wconf 88' lang='lat' dir='ltr'><strong>peccatum</strong></span> <span class='ocrx_word' id='word_1_678' title='bbox 2890 2392 2973 2437; x_wconf 86' lang='lat' dir='ltr'><strong>est</strong></span> <span class='ocrx_word' id='word_1_679' title='bbox 3016 2384 3320 2453; x_wconf 85' lang='lat' dir='ltr'><strong>negotiatio.</strong></span> <span class='ocrx_word' id='word_1_680' title='bbox 3367 2384 3504 2443; x_wconf 84' lang='lat' dir='ltr'><strong>llinc</strong></span> 
     </span>
    </p>
   </div>
   <div class='ocr_carea' id='block_1_84' title="bbox 1910 2464 3504 2546">
    <p class='ocr_par' dir='ltr' id='par_1_84' title="bbox 1910 2464 3504 2546">
     <span class='ocr_line' id='line_1_84' title="bbox 1910 2464 3504 2546; baseline 0.008 -26"><span class='ocrx_word' id='word_1_681' title='bbox 1910 2464 2051 2522; x_wconf 88' lang='lat' dir='ltr'><strong>enim</strong></span> <span class='ocrx_word' id='word_1_682' title='bbox 2091 2465 2346 2524; x_wconf 84' lang='lat' dir='ltr'><strong>aviditate</strong></span> <span class='ocrx_word' id='word_1_683' title='bbox 2378 2470 2557 2525; x_wconf 87' lang='lat' dir='ltr'><strong>nescio</strong></span> <span class='ocrx_word' id='word_1_684' title='bbox 2583 2485 2687 2541; x_wconf 89' lang='lat' dir='ltr'><strong>qua</strong></span> <span class='ocrx_word' id='word_1_685' title='bbox 2729 2472 3075 2544; x_wconf 88' lang='lat' dir='ltr'><strong>acquirendi,</strong></span> <span class='ocrx_word' id='word_1_686' title='bbox 3122 2488 3155 2527; x_wconf 94' lang='grc' dir='ltr'>ο</span> <span class='ocrx_word' id='word_1_687' title='bbox 3183 2476 3504 2546; x_wconf 81' lang='lat' dir='ltr'><strong>negotiator,</strong></span> 
     </span>
    </p>
   </div>
   <div class='ocr_carea' id='block_1_85' title="bbox 1909 2556 3505 2637">
    <p class='ocr_par' dir='ltr' id='par_1_85' title="bbox 1909 2556 3505 2637">
     <span class='ocr_line' id='line_1_85' title="bbox 1909 2556 3505 2637; baseline 0.01 -30"><span class='ocrx_word' id='word_1_688' title='bbox 1909 2556 2121 2626; x_wconf 90' lang='lat' dir='ltr'><strong>quando</strong></span> <span class='ocrx_word' id='word_1_689' title='bbox 2149 2556 2400 2615; x_wconf 86' lang='lat' dir='ltr'><strong>damnum</strong></span> <span class='ocrx_word' id='word_1_690' title='bbox 2433 2576 2622 2631; x_wconf 87' lang='lat' dir='ltr'><strong>passus</strong></span> <span class='ocrx_word' id='word_1_691' title='bbox 2644 2561 2827 2626; x_wconf 90' lang='lat' dir='ltr'><strong>fueris,</strong></span> <span class='ocrx_word' id='word_1_692' title='bbox 2853 2563 3285 2637; x_wconf 84' lang='lat' dir='ltr'><strong>blasphemabis;</strong></span> <span class='ocrx_word' id='word_1_693' title='bbox 3314 2576 3369 2622; x_wconf 89' lang='lat' dir='ltr'><strong>et</strong></span> <span class='ocrx_word' id='word_1_694' title='bbox 3395 2583 3505 2624; x_wconf 87' lang='lat' dir='ltr'><strong>non</strong></span> 
     </span>
    </p>
   </div>
   <div class='ocr_carea' id='block_1_86' title="bbox 1911 2646 3504 2721">
    <p class='ocr_par' dir='ltr' id='par_1_86' title="bbox 1911 2646 3504 2721">
     <span class='ocr_line' id='line_1_86' title="bbox 1911 2646 3504 2721; baseline 0.01 -21"><span class='ocrx_word' id='word_1_695' title='bbox 1911 2646 2014 2702; x_wconf 84' lang='lat' dir='ltr'><strong>erit.</strong></span> <span class='ocrx_word' id='word_1_696' title='bbox 2056 2651 2110 2707; x_wconf 83' lang='lat' dir='ltr'><strong>in</strong></span> <span class='ocrx_word' id='word_1_697' title='bbox 2151 2657 2202 2705; x_wconf 84' lang='lat' dir='ltr'><strong>te</strong></span> <span class='ocrx_word' id='word_1_698' title='bbox 2241 2651 2382 2721; x_wconf 90' lang='lat' dir='ltr'><strong>quod</strong></span> <span class='ocrx_word' id='word_1_699' title='bbox 2423 2651 2622 2707; x_wconf 90' lang='lat' dir='ltr'><strong>dictum</strong></span> <span class='ocrx_word' id='word_1_700' title='bbox 2660 2663 2743 2710; x_wconf 87' lang='lat' dir='ltr'><strong>est</strong></span> <span class='ocrx_word' id='word_1_701' title='bbox 2772 2673 2784 2709; x_wconf 92' lang='lat'><strong>:</strong></span> <span class='ocrx_word' id='word_1_702' title='bbox 2814 2654 2941 2709; x_wconf 88' lang='lat' dir='ltr'><strong>Tota</strong></span> <span class='ocrx_word' id='word_1_703' title='bbox 2982 2655 3063 2711; x_wconf 82' lang='lat' dir='ltr'><strong>die</strong></span> <span class='ocrx_word' id='word_1_704' title='bbox 3102 2657 3301 2712; x_wconf 76' lang='lat' dir='ltr'><strong>laudern</strong></span> <span class='ocrx_word' id='word_1_705' title='bbox 3341 2669 3504 2716; x_wconf 88' lang='lat' dir='ltr'><strong>tuam.</strong></span> 
     </span>
    </p>
   </div>
   <div class='ocr_carea' id='block_1_87' title="bbox 1910 2738 3506 2820">
    <p class='ocr_par' dir='ltr' id='par_1_87' title="bbox 1910 2738 3506 2820">
     <span class='ocr_line' id='line_1_87' title="bbox 1910 2738 3506 2820; baseline 0.011 -28"><span class='ocrx_word' id='word_1_706' title='bbox 1910 2738 2135 2806; x_wconf 83' lang='lat' dir='ltr'><strong>Quando</strong></span> <span class='ocrx_word' id='word_1_707' title='bbox 2173 2750 2350 2796; x_wconf 86' lang='lat' dir='ltr'><strong>autem</strong></span> <span class='ocrx_word' id='word_1_708' title='bbox 2392 2757 2489 2814; x_wconf 90' lang='lat' dir='ltr'><strong>pro</strong></span> <span class='ocrx_word' id='word_1_709' title='bbox 2529 2745 2715 2813; x_wconf 89' lang='lat' dir='ltr'><strong>pretiis</strong></span> <span class='ocrx_word' id='word_1_710' title='bbox 2753 2761 2932 2802; x_wconf 88' lang='lat' dir='ltr'><strong>rerum</strong></span> <span class='ocrx_word' id='word_1_711' title='bbox 2970 2763 3103 2818; x_wconf 88' lang='lat' dir='ltr'><strong>quas</strong></span> <span class='ocrx_word' id='word_1_712' title='bbox 3148 2751 3364 2820; x_wconf 83' lang='lat' dir='ltr'><strong>vendis,</strong></span> <span class='ocrx_word' id='word_1_713' title='bbox 3398 2768 3506 2810; x_wconf 92' lang='lat' dir='ltr'><strong>non</strong></span> 
     </span>
    </p>
   </div>
   <div class='ocr_carea' id='block_1_88' title="bbox 1914 2831 3507 2912">
    <p class='ocr_par' dir='ltr' id='par_1_88' title="bbox 1914 2831 3507 2912">
     <span class='ocr_line' id='line_1_88' title="bbox 1914 2831 3507 2912; baseline 0.009 -27"><span class='ocrx_word' id='word_1_714' title='bbox 1914 2831 2087 2887; x_wconf 89' lang='lat' dir='ltr'><strong>solum</strong></span> <span class='ocrx_word' id='word_1_715' title='bbox 2115 2833 2375 2902; x_wconf 89' lang='lat' dir='ltr'><strong>mentiris,</strong></span> <span class='ocrx_word' id='word_1_716' title='bbox 2407 2850 2591 2890; x_wconf 88' lang='lat' dir='ltr'><strong>verum</strong></span> <span class='ocrx_word' id='word_1_717' title='bbox 2618 2838 2781 2891; x_wconf 88' lang='lat' dir='ltr'><strong>etiam</strong></span> <span class='ocrx_word' id='word_1_718' title='bbox 2813 2836 3000 2893; x_wconf 89' lang='lat' dir='ltr'><strong>falsum</strong></span> <span class='ocrx_word' id='word_1_719' title='bbox 3028 2840 3206 2908; x_wconf 88' lang='lat' dir='ltr'><strong>juras;</strong></span> <span class='ocrx_word' id='word_1_720' title='bbox 3236 2842 3507 2912; x_wconf 89' lang='lat' dir='ltr'><strong>quomodo</strong></span> 
     </span>
    </p>
   </div>
   <div class='ocr_carea' id='block_1_89' title="bbox 1912 2921 3507 3001">
    <p class='ocr_par' dir='ltr' id='par_1_89' title="bbox 1912 2921 3507 3001">
     <span class='ocr_line' id='line_1_89' title="bbox 1912 2921 3507 3001; baseline 0.009 -23"><span class='ocrx_word' id='word_1_721' title='bbox 1912 2921 1965 2978; x_wconf 89' lang='lat' dir='ltr'><strong>in</strong></span> <span class='ocrx_word' id='word_1_722' title='bbox 2007 2937 2103 2978; x_wconf 87' lang='lat' dir='ltr'><strong>ore</strong></span> <span class='ocrx_word' id='word_1_723' title='bbox 2137 2932 2227 2979; x_wconf 92' lang='lat' dir='ltr'><strong>tuo</strong></span> <span class='ocrx_word' id='word_1_724' title='bbox 2272 2932 2379 2980; x_wconf 87' lang='lat' dir='ltr'><strong>tota</strong></span> <span class='ocrx_word' id='word_1_725' title='bbox 2418 2925 2504 2981; x_wconf 87' lang='lat' dir='ltr'><strong>die</strong></span> <span class='ocrx_word' id='word_1_726' title='bbox 2542 2926 2659 2982; x_wconf 90' lang='lat' dir='ltr'><strong>laus</strong></span> <span class='ocrx_word' id='word_1_727' title='bbox 2686 2927 2821 2984; x_wconf 88' lang='lat' dir='ltr'><strong>Dei?</strong></span> <span class='ocrx_word' id='word_1_728' title='bbox 2855 2930 3067 3000; x_wconf 88' lang='lat' dir='ltr'><strong>quando</strong></span> <span class='ocrx_word' id='word_1_729' title='bbox 3102 2931 3145 2985; x_wconf 87' lang='lat' dir='ltr'><strong>si</strong></span> <span class='ocrx_word' id='word_1_730' title='bbox 3184 2933 3507 3001; x_wconf 80' lang='lat' dir='ltr'><strong>christianos</strong></span> 
     </span>
    </p>
   </div>
   <div class='ocr_carea' id='block_1_90' title="bbox 1904 3019 3504 3099">
    <p class='ocr_par' dir='ltr' id='par_1_90' title="bbox 1904 3019 3504 3099">
     <span class='ocr_line' id='line_1_90' title="bbox 1904 3019 3504 3099; baseline 0.005 -23"><span class='ocrx_word' id='word_1_731' title='bbox 1904 3032 1991 3085; x_wconf 74' lang='lat' dir='ltr'><strong>es,</strong></span> <span class='ocrx_word' id='word_1_732' title='bbox 2022 3019 2181 3074; x_wconf 86' lang='lat' dir='ltr'><strong>etiam</strong></span> <span class='ocrx_word' id='word_1_733' title='bbox 2211 3035 2278 3076; x_wconf 80' lang='lat' dir='ltr'><strong>ex</strong></span> <span class='ocrx_word' id='word_1_734' title='bbox 2306 3035 2400 3076; x_wconf 89' lang='lat' dir='ltr'><strong>ore</strong></span> <span class='ocrx_word' id='word_1_735' title='bbox 2428 3029 2517 3075; x_wconf 91' lang='lat' dir='ltr'><strong>tuo</strong></span> <span class='ocrx_word' id='word_1_736' title='bbox 2544 3021 2944 3093; x_wconf 83' lang='lat' dir='ltr'><strong>blaSphematur</strong></span> <span class='ocrx_word' id='word_1_737' title='bbox 2972 3041 3164 3080; x_wconf 90' lang='lat' dir='ltr'><strong>nomen</strong></span> <span class='ocrx_word' id='word_1_738' title='bbox 3201 3027 3291 3082; x_wconf 86' lang='lat' dir='ltr'><strong>Dei</strong></span> <span class='ocrx_word' id='word_1_739' title='bbox 3322 3027 3504 3099; x_wconf 80' lang='lat' dir='ltr'><strong>(Rom.</strong></span> 
     </span>
    </p>
   </div>
   <div class='ocr_carea' id='block_1_91' title="bbox 1910 3107 3503 3191">
    <p class='ocr_par' dir='ltr' id='par_1_91' title="bbox 1910 3107 3503 3191">
     <span class='ocr_line' id='line_1_91' title="bbox 1910 3107 3503 3191; baseline 0.006 -26"><span class='ocrx_word' id='word_1_740' title='bbox 1910 3125 1969 3176; x_wconf 88' lang='lat' dir='ltr'><strong>ll,</strong></span> <span class='ocrx_word' id='word_1_741' title='bbox 2000 3107 2115 3180; x_wconf 61' lang='grc' dir='ltr'><strong>ξι),</strong></span> <span class='ocrx_word' id='word_1_742' title='bbox 2142 3121 2196 3165; x_wconf 83' lang='grc' dir='ltr'><strong>ιιι</strong></span> <span class='ocrx_word' id='word_1_743' title='bbox 2216 3110 2457 3167; x_wconf 90' lang='lat' dir='ltr'><strong>dicatur:</strong></span> <span class='ocrx_word' id='word_1_744' title='bbox 2485 3112 2621 3169; x_wconf 84' lang='lat' dir='ltr'><strong>Ecce</strong></span> <span class='ocrx_word' id='word_1_745' title='bbox 2642 3114 2824 3184; x_wconf 87' lang='lat' dir='ltr'><strong>quales</strong></span> <span class='ocrx_word' id='word_1_746' title='bbox 2853 3115 3309 3172; x_wconf 86' lang='lat' dir='ltr'><strong>suntChristiaui!</strong></span> <span class='ocrx_word' id='word_1_747' title='bbox 3341 3118 3503 3191; x_wconf 78' lang='lat' dir='ltr'><strong>Ergo,</strong></span> 
     </span>
    </p>
   </div>
   <div class='ocr_carea' id='block_1_92' title="bbox 1910 3203 3503 3281">
    <p class='ocr_par' dir='ltr' id='par_1_92' title="bbox 1910 3203 3503 3281">
     <span class='ocr_line' id='line_1_92' title="bbox 1910 3203 3503 3281; baseline 0.008 -24"><span class='ocrx_word' id='word_1_748' title='bbox 1910 3203 1956 3257; x_wconf 88' lang='lat' dir='ltr'><strong>si</strong></span> <span class='ocrx_word' id='word_1_749' title='bbox 1985 3212 2264 3273; x_wconf 84' lang='lat' dir='ltr'><strong>propterea</strong></span> <span class='ocrx_word' id='word_1_750' title='bbox 2294 3204 2393 3260; x_wconf 90' lang='lat' dir='ltr'><strong>iste</strong></span> <span class='ocrx_word' id='word_1_751' title='bbox 2436 3214 2544 3261; x_wconf 88' lang='lat' dir='ltr'><strong>tota</strong></span> <span class='ocrx_word' id='word_1_752' title='bbox 2570 3206 2657 3260; x_wconf 89' lang='lat' dir='ltr'><strong>die</strong></span> <span class='ocrx_word' id='word_1_753' title='bbox 2689 3206 2902 3264; x_wconf 87' lang='lat' dir='ltr'><strong>laudem</strong></span> <span class='ocrx_word' id='word_1_754' title='bbox 2948 3209 3037 3263; x_wconf 83' lang='lat' dir='ltr'><strong>Dei</strong></span> <span class='ocrx_word' id='word_1_755' title='bbox 3068 3209 3215 3276; x_wconf 74' lang='lat' dir='ltr'><strong>dicit,</strong></span> <span class='ocrx_word' id='word_1_756' title='bbox 3245 3212 3366 3281; x_wconf 85' lang='lat' dir='ltr'><strong>quia</strong></span> <span class='ocrx_word' id='word_1_757' title='bbox 3397 3227 3503 3270; x_wconf 90' lang='lat' dir='ltr'><strong>non</strong></span> 
     </span>
    </p>
   </div>
   <div class='ocr_carea' id='block_1_93' title="bbox 1909 3296 3503 3370">
    <p class='ocr_par' dir='ltr' id='par_1_93' title="bbox 1909 3296 3503 3370">
     <span class='ocr_line' id='line_1_93' title="bbox 1909 3296 3503 3370; baseline 0.005 -19"><span class='ocrx_word' id='word_1_758' title='bbox 1909 3296 2156 3367; x_wconf 72' lang='lat' dir='ltr'><strong>cognovit</strong></span> <span class='ocrx_word' id='word_1_759' title='bbox 2184 3298 2567 3367; x_wconf 74' lang='lat' dir='ltr'><strong>negotiationes</strong></span> <span class='ocrx_word' id='word_1_760' title='bbox 2588 3340 2604 3365; x_wconf 89' lang='lat'><strong>,</strong></span> <span class='ocrx_word' id='word_1_761' title='bbox 2638 3300 2907 3370; x_wconf 75' lang='lat' dir='ltr'><strong>corrigunt</strong></span> <span class='ocrx_word' id='word_1_762' title='bbox 2955 3316 3013 3356; x_wconf 79' lang='lat' dir='ltr'><strong>se</strong></span> <span class='ocrx_word' id='word_1_763' title='bbox 3051 3302 3364 3369; x_wconf 74' lang='lat' dir='ltr'><strong>Christiani;</strong></span> <span class='ocrx_word' id='word_1_764' title='bbox 3397 3318 3503 3360; x_wconf 90' lang='lat' dir='ltr'><strong>nou</strong></span> 
     </span>
    </p>
   </div>
   <div class='ocr_carea' id='block_1_94' title="bbox 1911 3388 3505 3467">
    <p class='ocr_par' dir='ltr' id='par_1_94' title="bbox 1911 3388 3505 3467">
     <span class='ocr_line' id='line_1_94' title="bbox 1911 3388 3505 3467; baseline 0.004 -21"><span class='ocrx_word' id='word_1_765' title='bbox 1911 3389 2265 3461; x_wconf 72' lang='lat' dir='ltr'><strong>negotientur.</strong></span> <span class='ocrx_word' id='word_1_766' title='bbox 2294 3388 2400 3448; x_wconf 84' lang='lat' dir='ltr'><strong>Sed</strong></span> <span class='ocrx_word' id='word_1_767' title='bbox 2430 3392 2503 3446; x_wconf 89' lang='lat' dir='ltr'><strong>ait</strong></span> <span class='ocrx_word' id='word_1_768' title='bbox 2525 3390 2652 3446; x_wconf 91' lang='lat' dir='ltr'><strong>mihi</strong></span> <span class='ocrx_word' id='word_1_769' title='bbox 2681 3394 2977 3463; x_wconf 82' lang='lat' dir='ltr'><strong>negotiator</strong></span> <span class='ocrx_word' id='word_1_770' title='bbox 3005 3412 3016 3447; x_wconf 92' lang='lat'><strong>:</strong></span> <span class='ocrx_word' id='word_1_771' title='bbox 3051 3395 3189 3449; x_wconf 70' lang='lat' dir='ltr'><strong>Ecce</strong></span> <span class='ocrx_word' id='word_1_772' title='bbox 3220 3411 3317 3467; x_wconf 79' lang='lat' dir='ltr'><strong>ego</strong></span> <span class='ocrx_word' id='word_1_773' title='bbox 3340 3397 3505 3452; x_wconf 70' lang='lat' dir='ltr'><strong>altera</strong></span> 
     </span>
    </p>
   </div>
   <div class='ocr_carea' id='block_1_95' title="bbox 1909 3480 3505 3560">
    <p class='ocr_par' dir='ltr' id='par_1_95' title="bbox 1909 3480 3505 3560">
     <span class='ocr_line' id='line_1_95' title="bbox 1909 3480 3505 3560; baseline 0.006 -21"><span class='ocrx_word' id='word_1_774' title='bbox 1909 3480 2127 3553; x_wconf 82' lang='lat' dir='ltr'><strong>quidem</strong></span> <span class='ocrx_word' id='word_1_775' title='bbox 2169 3498 2234 3540; x_wconf 81' lang='lat' dir='ltr'><strong>ex</strong></span> <span class='ocrx_word' id='word_1_776' title='bbox 2277 3483 2566 3555; x_wconf 80' lang='lat' dir='ltr'><strong>longinquo</strong></span> <span class='ocrx_word' id='word_1_777' title='bbox 2602 3500 2807 3543; x_wconf 84' lang='lat' dir='ltr'><strong>merces</strong></span> <span class='ocrx_word' id='word_1_778' title='bbox 2845 3486 2913 3541; x_wconf 88' lang='lat' dir='ltr'><strong>ad</strong></span> <span class='ocrx_word' id='word_1_779' title='bbox 2957 3504 3018 3543; x_wconf 88' lang='lat' dir='ltr'><strong>ea</strong></span> <span class='ocrx_word' id='word_1_780' title='bbox 3058 3488 3173 3544; x_wconf 58' lang='lat' dir='ltr'><strong>loca</strong></span> <span class='ocrx_word' id='word_1_781' title='bbox 3216 3490 3265 3544; x_wconf 87' lang='lat' dir='ltr'><strong>iu</strong></span> <span class='ocrx_word' id='word_1_782' title='bbox 3313 3491 3505 3560; x_wconf 90' lang='lat' dir='ltr'><strong>quibus</strong></span> 
     </span>
    </p>
   </div>
   <div class='ocr_carea' id='block_1_96' title="bbox 1910 3577 3503 3650">
    <p class='ocr_par' dir='ltr' id='par_1_96' title="bbox 1910 3577 3503 3650">
     <span class='ocr_line' id='line_1_96' title="bbox 1910 3577 3503 3650; baseline 0.006 -20"><span class='ocrx_word' id='word_1_783' title='bbox 1910 3589 2018 3630; x_wconf 87' lang='lat' dir='ltr'><strong>non</strong></span> <span class='ocrx_word' id='word_1_784' title='bbox 2042 3582 2165 3630; x_wconf 85' lang='lat' dir='ltr'><strong>sunt</strong></span> <span class='ocrx_word' id='word_1_785' title='bbox 2184 3590 2245 3632; x_wconf 88' lang='lat' dir='ltr'><strong>ea</strong></span> <span class='ocrx_word' id='word_1_786' title='bbox 2267 3591 2387 3647; x_wconf 83' lang='lat' dir='ltr'><strong>qua:</strong></span> <span class='ocrx_word' id='word_1_787' title='bbox 2412 3578 2664 3644; x_wconf 84' lang='lat' dir='ltr'><strong>attulere,</strong></span> <span class='ocrx_word' id='word_1_788' title='bbox 2694 3577 2834 3632; x_wconf 85' lang='lat' dir='ltr'><strong>unde</strong></span> <span class='ocrx_word' id='word_1_789' title='bbox 2860 3578 3055 3646; x_wconf 88' lang='lat' dir='ltr'><strong>vivam,</strong></span> <span class='ocrx_word' id='word_1_790' title='bbox 3083 3588 3331 3650; x_wconf 83' lang='lat' dir='ltr'><strong>tauquam</strong></span> <span class='ocrx_word' id='word_1_791' title='bbox 3360 3597 3503 3639; x_wconf 91' lang='lat' dir='ltr'><strong>mer-</strong></span> 
     </span>
    </p>
   </div>
   <div class='ocr_carea' id='block_1_97' title="bbox 1909 3663 3503 3743">
    <p class='ocr_par' dir='ltr' id='par_1_97' title="bbox 1909 3663 3503 3743">
     <span class='ocr_line' id='line_1_97' title="bbox 1909 3663 3503 3743; baseline 0.008 -24"><span class='ocrx_word' id='word_1_792' title='bbox 1909 3663 2097 3721; x_wconf 87' lang='lat' dir='ltr'><strong>cedem</strong></span> <span class='ocrx_word' id='word_1_793' title='bbox 2143 3665 2340 3721; x_wconf 84' lang='lat' dir='ltr'><strong>laberis</strong></span> <span class='ocrx_word' id='word_1_794' title='bbox 2390 3668 2491 3722; x_wconf 90' lang='lat' dir='ltr'><strong>mei</strong></span> <span class='ocrx_word' id='word_1_795' title='bbox 2540 3676 2699 3736; x_wconf 88' lang='lat' dir='ltr'><strong>peto,</strong></span> <span class='ocrx_word' id='word_1_796' title='bbox 2747 3678 2805 3723; x_wconf 90' lang='lat' dir='ltr'><strong>ut</strong></span> <span class='ocrx_word' id='word_1_797' title='bbox 2845 3670 3022 3725; x_wconf 86' lang='lat' dir='ltr'><strong>carius</strong></span> <span class='ocrx_word' id='word_1_798' title='bbox 3067 3672 3291 3726; x_wconf 64' lang='lat' dir='ltr'><strong>vendam</strong></span> <span class='ocrx_word' id='word_1_799' title='bbox 3344 3690 3503 3743; x_wconf 88' lang='lat' dir='ltr'><strong>quam</strong></span> 
     </span>
    </p>
   </div>
   <div class='ocr_carea' id='block_1_98' title="bbox 1909 3756 3504 3837">
    <p class='ocr_par' dir='ltr' id='par_1_98' title="bbox 1909 3756 3504 3837">
     <span class='ocr_line' id='line_1_98' title="bbox 1909 3756 3504 3837; baseline 0.006 -24"><span class='ocrx_word' id='word_1_800' title='bbox 1909 3757 2154 3813; x_wconf 88' lang='lat' dir='ltr'><strong>emerim.</strong></span> <span class='ocrx_word' id='word_1_801' title='bbox 2188 3756 2341 3815; x_wconf 88' lang='lat' dir='ltr'><strong>Unde</strong></span> <span class='ocrx_word' id='word_1_802' title='bbox 2367 3759 2507 3814; x_wconf 90' lang='lat' dir='ltr'><strong>enim</strong></span> <span class='ocrx_word' id='word_1_803' title='bbox 2534 3759 2727 3822; x_wconf 87' lang='lat' dir='ltr'><strong>vivam,</strong></span> <span class='ocrx_word' id='word_1_804' title='bbox 2756 3775 2874 3817; x_wconf 87' lang='lat' dir='ltr'><strong>cum</strong></span> <span class='ocrx_word' id='word_1_805' title='bbox 2902 3762 3156 3829; x_wconf 84' lang='lat' dir='ltr'><strong>scriptum</strong></span> <span class='ocrx_word' id='word_1_806' title='bbox 3186 3767 3250 3818; x_wconf 80' lang='lat' dir='ltr'><strong>sit</strong></span> <span class='ocrx_word' id='word_1_807' title='bbox 3275 3782 3285 3815; x_wconf 92' lang='lat'>:</span> <span class='ocrx_word' id='word_1_808' title='bbox 3310 3765 3504 3837; x_wconf 86' lang='lat' dir='ltr'><strong>Dignus</strong></span> 
     </span>
    </p>
   </div>
   <div class='ocr_carea' id='block_1_99' title="bbox 1909 3850 3505 3924">
    <p class='ocr_par' dir='ltr' id='par_1_99' title="bbox 1909 3850 3505 3924">
     <span class='ocr_line' id='line_1_99' title="bbox 1909 3850 3505 3924; baseline 0.006 -19"><span class='ocrx_word' id='word_1_809' title='bbox 1909 3860 1983 3907; x_wconf 85' lang='lat' dir='ltr'><strong>est</strong></span> <span class='ocrx_word' id='word_1_810' title='bbox 2008 3850 2272 3921; x_wconf 78' lang='lat' dir='ltr'><strong>aperarins</strong></span> <span class='ocrx_word' id='word_1_811' title='bbox 2296 3852 2521 3906; x_wconf 82' lang='lat' dir='ltr'><strong>mercede</strong></span> <span class='ocrx_word' id='word_1_812' title='bbox 2559 3868 2652 3907; x_wconf 88' lang='lat' dir='ltr'><strong>sua</strong></span> <span class='ocrx_word' id='word_1_813' title='bbox 2694 3850 2845 3921; x_wconf 82' lang='lat' dir='ltr'><strong>(Luc.</strong></span> <span class='ocrx_word' id='word_1_814' title='bbox 2892 3869 2945 3916; x_wconf 73' lang='grc' dir='ltr'><strong>χ,</strong></span> <span class='ocrx_word' id='word_1_815' title='bbox 2975 3852 3068 3921; x_wconf 88' lang='lat'><strong>7)?</strong></span> <span class='ocrx_word' id='word_1_816' title='bbox 3095 3854 3197 3910; x_wconf 80' lang='lat' dir='ltr'><strong>Sed</strong></span> <span class='ocrx_word' id='word_1_817' title='bbox 3229 3856 3402 3924; x_wconf 77' lang='lat' dir='ltr'><strong>agitur</strong></span> <span class='ocrx_word' id='word_1_818' title='bbox 3436 3856 3505 3914; x_wconf 83' lang='lat' dir='ltr'><strong>de</strong></span> 
     </span>
    </p>
   </div>
   <div class='ocr_carea' id='block_1_100' title="bbox 1909 3941 3503 4014">
    <p class='ocr_par' dir='ltr' id='par_1_100' title="bbox 1909 3941 3503 4014">
     <span class='ocr_line' id='line_1_100' title="bbox 1909 3941 3503 4014; baseline 0.003 -15"><span class='ocrx_word' id='word_1_819' title='bbox 1909 3942 2219 4009; x_wconf 88' lang='lat' dir='ltr'><strong>mendacio,</strong></span> <span class='ocrx_word' id='word_1_820' title='bbox 2271 3941 2341 4001; x_wconf 89' lang='lat' dir='ltr'><strong>de</strong></span> <span class='ocrx_word' id='word_1_821' title='bbox 2383 3943 2634 4014; x_wconf 80' lang='lat' dir='ltr'><strong>perjttt‘io.</strong></span> <span class='ocrx_word' id='word_1_822' title='bbox 2668 3943 2780 3998; x_wconf 86' lang='lat' dir='ltr'><strong>lloc</strong></span> <span class='ocrx_word' id='word_1_823' title='bbox 2809 3942 2990 4001; x_wconf 79' lang='lat' dir='ltr'><strong>vitium</strong></span> <span class='ocrx_word' id='word_1_824' title='bbox 3032 3961 3205 3999; x_wconf 87' lang='lat' dir='ltr'><strong>meum</strong></span> <span class='ocrx_word' id='word_1_825' title='bbox 3238 3955 3356 4012; x_wconf 84' lang='lat' dir='ltr'><strong>est,</strong></span> <span class='ocrx_word' id='word_1_826' title='bbox 3398 3963 3503 4003; x_wconf 91' lang='lat' dir='ltr'><strong>non</strong></span> 
     </span>
    </p>
   </div>
   <div class='ocr_carea' id='block_1_101' title="bbox 1914 4034 3504 4107">
    <p class='ocr_par' dir='ltr' id='par_1_101' title="bbox 1914 4034 3504 4107">
     <span class='ocr_line' id='line_1_101' title="bbox 1914 4034 3504 4107; baseline 0.004 -17"><span class='ocrx_word' id='word_1_827' title='bbox 1914 4034 2289 4105; x_wconf 75' lang='lat' dir='ltr'><strong>negetiationis</strong></span> <span class='ocrx_word' id='word_1_828' title='bbox 2314 4053 2327 4090; x_wconf 88' lang='lat'><strong>:</strong></span> <span class='ocrx_word' id='word_1_829' title='bbox 2353 4047 2527 4104; x_wconf 83' lang='lat' dir='ltr'><strong>neque</strong></span> <span class='ocrx_word' id='word_1_830' title='bbox 2566 4034 2707 4090; x_wconf 87' lang='lat' dir='ltr'><strong>enim</strong></span> <span class='ocrx_word' id='word_1_831' title='bbox 2760 4049 2903 4101; x_wconf 87' lang='lat' dir='ltr'><strong>non,</strong></span> <span class='ocrx_word' id='word_1_832' title='bbox 2942 4036 2986 4089; x_wconf 89' lang='lat' dir='ltr'><strong>si</strong></span> <span class='ocrx_word' id='word_1_833' title='bbox 3025 4037 3250 4102; x_wconf 72' lang='lat' dir='ltr'><strong>vellem,</strong></span> <span class='ocrx_word' id='word_1_834' title='bbox 3295 4054 3504 4107; x_wconf 62' lang='lat' dir='ltr'><strong>possem</strong></span> 
     </span>
    </p>
   </div>
   <div class='ocr_carea' id='block_1_102' title="bbox 1909 4124 3521 4198">
    <p class='ocr_par' dir='ltr' id='par_1_102' title="bbox 1909 4124 3521 4198">
     <span class='ocr_line' id='line_1_102' title="bbox 1909 4124 3521 4198; baseline 0.002 -18"><span class='ocrx_word' id='word_1_835' title='bbox 1909 4140 2069 4196; x_wconf 84' lang='lat' dir='ltr'><strong>agere</strong></span> <span class='ocrx_word' id='word_1_836' title='bbox 2108 4125 2223 4181; x_wconf 87' lang='lat' dir='ltr'><strong>sine</strong></span> <span class='ocrx_word' id='word_1_837' title='bbox 2254 4125 2355 4181; x_wconf 87' lang='lat' dir='ltr'><strong>isto</strong></span> <span class='ocrx_word' id='word_1_838' title='bbox 2386 4126 2533 4181; x_wconf 84' lang='lat' dir='ltr'><strong>vitio.</strong></span> <span class='ocrx_word' id='word_1_839' title='bbox 2565 4124 2680 4181; x_wconf 89' lang='lat' dir='ltr'><strong>Non</strong></span> <span class='ocrx_word' id='word_1_840' title='bbox 2713 4141 2840 4198; x_wconf 78' lang='lat' dir='ltr'><strong>ergo</strong></span> <span class='ocrx_word' id='word_1_841' title='bbox 2872 4142 3044 4182; x_wconf 85' lang='lat' dir='ltr'><strong>meam</strong></span> <span class='ocrx_word' id='word_1_842' title='bbox 3078 4127 3287 4196; x_wconf 81' lang='lat' dir='ltr'><strong>culpam</strong></span> <span class='ocrx_word' id='word_1_843' title='bbox 3320 4132 3521 4184; x_wconf 48' lang='grc' dir='ltr'><strong>αιτιοι-κ</strong></span> 
     </span>
    </p>
   </div>
   <div class='ocr_carea' id='block_1_103' title="bbox 1910 4216 3501 4289">
    <p class='ocr_par' dir='ltr' id='par_1_103' title="bbox 1910 4216 3501 4289">
     <span class='ocr_line' id='line_1_103' title="bbox 1910 4216 3501 4289; baseline 0.003 -19"><span class='ocrx_word' id='word_1_844' title='bbox 1910 4216 1978 4271; x_wconf 87' lang='lat' dir='ltr'><strong>ad</strong></span> <span class='ocrx_word' id='word_1_845' title='bbox 2008 4217 2278 4286; x_wconf 74' lang='lat' dir='ltr'><strong>negotium</strong></span> <span class='ocrx_word' id='word_1_846' title='bbox 2312 4217 2713 4273; x_wconf 76' lang='lat' dir='ltr'><strong>transferozsed</strong></span> <span class='ocrx_word' id='word_1_847' title='bbox 2746 4218 2789 4272; x_wconf 90' lang='lat' dir='ltr'><strong>si</strong></span> <span class='ocrx_word' id='word_1_848' title='bbox 2820 4218 3077 4284; x_wconf 81' lang='lat' dir='ltr'><strong>mentior,</strong></span> <span class='ocrx_word' id='word_1_849' title='bbox 3114 4234 3212 4289; x_wconf 69' lang='lat' dir='ltr'><strong>ego</strong></span> <span class='ocrx_word' id='word_1_850' title='bbox 3240 4219 3501 4289; x_wconf 83' lang='lat' dir='ltr'><strong>mentior,</strong></span> 
     </span>
    </p>
   </div>
   <div class='ocr_carea' id='block_1_104' title="bbox 1912 4308 3504 4380">
    <p class='ocr_par' dir='ltr' id='par_1_104' title="bbox 1912 4308 3504 4380">
     <span class='ocr_line' id='line_1_104' title="bbox 1912 4308 3504 4380; baseline 0.005 -18"><span class='ocrx_word' id='word_1_851' title='bbox 1912 4323 2020 4363; x_wconf 87' lang='lat' dir='ltr'><strong>non</strong></span> <span class='ocrx_word' id='word_1_852' title='bbox 2050 4309 2339 4379; x_wconf 79' lang='lat' dir='ltr'><strong>negotium.</strong></span> <span class='ocrx_word' id='word_1_853' title='bbox 2373 4308 2590 4365; x_wconf 78' lang='lat' dir='ltr'><strong>Possem</strong></span> <span class='ocrx_word' id='word_1_854' title='bbox 2618 4310 2764 4365; x_wconf 88' lang='lat' dir='ltr'><strong>enim</strong></span> <span class='ocrx_word' id='word_1_855' title='bbox 2805 4310 2985 4367; x_wconf 84' lang='lat' dir='ltr'><strong>dicere</strong></span> <span class='ocrx_word' id='word_1_856' title='bbox 3013 4311 3219 4367; x_wconf 88' lang='lat' dir='ltr'><strong>:Tanto</strong></span> <span class='ocrx_word' id='word_1_857' title='bbox 3244 4314 3377 4380; x_wconf 89' lang='lat' dir='ltr'><strong>emi,</strong></span> <span class='ocrx_word' id='word_1_858' title='bbox 3408 4316 3504 4371; x_wconf 85' lang='lat' dir='ltr'><strong>sed</strong></span> 
     </span>
    </p>
   </div>
   <div class='ocr_carea' id='block_1_105' title="bbox 1915 4400 3504 4472">
    <p class='ocr_par' dir='ltr' id='par_1_105' title="bbox 1915 4400 3504 4472">
     <span class='ocr_line' id='line_1_105' title="bbox 1915 4400 3504 4472; baseline 0.005 -17"><span class='ocrx_word' id='word_1_859' title='bbox 1915 4410 2059 4455; x_wconf 86' lang='lat' dir='ltr'><strong>tanto</strong></span> <span class='ocrx_word' id='word_1_860' title='bbox 2089 4400 2345 4467; x_wconf 81' lang='lat' dir='ltr'><strong>vendam;</strong></span> <span class='ocrx_word' id='word_1_861' title='bbox 2377 4402 2421 4457; x_wconf 91' lang='lat' dir='ltr'><strong>si</strong></span> <span class='ocrx_word' id='word_1_862' title='bbox 2454 4403 2658 4472; x_wconf 87' lang='lat' dir='ltr'><strong>placet,</strong></span> <span class='ocrx_word' id='word_1_863' title='bbox 2691 4420 2830 4460; x_wconf 87' lang='lat' dir='ltr'><strong>etne.</strong></span> <span class='ocrx_word' id='word_1_864' title='bbox 2864 4404 2978 4461; x_wconf 87' lang='lat' dir='ltr'><strong>Non</strong></span> <span class='ocrx_word' id='word_1_865' title='bbox 3006 4406 3147 4460; x_wconf 85' lang='lat' dir='ltr'><strong>enim</strong></span> <span class='ocrx_word' id='word_1_866' title='bbox 3180 4406 3332 4461; x_wconf 87' lang='lat' dir='ltr'><strong>istam</strong></span> <span class='ocrx_word' id='word_1_867' title='bbox 3362 4409 3504 4463; x_wconf 84' lang='lat' dir='ltr'><strong>veri-</strong></span> 
     </span>
    </p>
   </div>
   <div class='ocr_carea' id='block_1_106' title="bbox 1913 4493 3505 4570">
    <p class='ocr_par' dir='ltr' id='par_1_106' title="bbox 1913 4493 3505 4570">
     <span class='ocr_line' id='line_1_106' title="bbox 1913 4493 3505 4570; baseline 0.005 -24"><span class='ocrx_word' id='word_1_868' title='bbox 1913 4501 2075 4548; x_wconf 85' lang='lat' dir='ltr'><strong>tatem</strong></span> <span class='ocrx_word' id='word_1_869' title='bbox 2118 4493 2342 4548; x_wconf 88' lang='lat' dir='ltr'><strong>audiens</strong></span> <span class='ocrx_word' id='word_1_870' title='bbox 2386 4504 2597 4567; x_wconf 86' lang='lat' dir='ltr'><strong>emptor</strong></span> <span class='ocrx_word' id='word_1_871' title='bbox 2645 4497 3019 4566; x_wconf 88' lang='lat' dir='ltr'><strong>repelleretur,</strong></span> <span class='ocrx_word' id='word_1_872' title='bbox 3073 4506 3127 4553; x_wconf 90' lang='lat' dir='ltr'><strong>et</strong></span> <span class='ocrx_word' id='word_1_873' title='bbox 3170 4512 3275 4552; x_wconf 91' lang='lat' dir='ltr'><strong>non</strong></span> <span class='ocrx_word' id='word_1_874' title='bbox 3330 4504 3505 4570; x_wconf 85' lang='lat' dir='ltr'><strong>potius</strong></span> 
     </span>
    </p>
   </div>
   <div class='ocr_carea' id='block_1_107' title="bbox 1912 4586 3502 4659">
    <p class='ocr_par' dir='ltr' id='par_1_107' title="bbox 1912 4586 3502 4659">
     <span class='ocr_line' id='line_1_107' title="bbox 1912 4586 3502 4659; baseline 0.006 -20"><span class='ocrx_word' id='word_1_875' title='bbox 1912 4599 2101 4643; x_wconf 84' lang='lat' dir='ltr'><strong>omnes</strong></span> <span class='ocrx_word' id='word_1_876' title='bbox 2127 4598 2501 4652; x_wconf 82' lang='lat' dir='ltr'><strong>accurrerent;</strong></span> <span class='ocrx_word' id='word_1_877' title='bbox 2547 4586 2669 4659; x_wconf 85' lang='lat' dir='ltr'><strong>quia</strong></span> <span class='ocrx_word' id='word_1_878' title='bbox 2707 4588 2824 4658; x_wconf 87' lang='lat' dir='ltr'><strong>plus</strong></span> <span class='ocrx_word' id='word_1_879' title='bbox 2862 4588 3016 4643; x_wconf 84' lang='lat' dir='ltr'><strong>fidem</strong></span> <span class='ocrx_word' id='word_1_880' title='bbox 3061 4605 3217 4659; x_wconf 86' lang='lat' dir='ltr'><strong>quam</strong></span> <span class='ocrx_word' id='word_1_881' title='bbox 3270 4607 3502 4649; x_wconf 85' lang='lat' dir='ltr'><strong>mercem</strong></span> 
     </span>
    </p>
   </div>
   <div class='ocr_carea' id='block_1_108' title="bbox 1912 4676 3499 4756">
    <p class='ocr_par' dir='ltr' id='par_1_108' title="bbox 1912 4676 3499 4756">
     <span class='ocr_line' id='line_1_108' title="bbox 1912 4676 3499 4756; baseline 0.005 -23"><span class='ocrx_word' id='word_1_882' title='bbox 1912 4676 2213 4748; x_wconf 74' lang='lat' dir='ltr'><strong>diligerent.</strong></span> <span class='ocrx_word' id='word_1_883' title='bbox 2247 4677 2358 4735; x_wconf 91' lang='lat' dir='ltr'><strong>lloc</strong></span> <span class='ocrx_word' id='word_1_884' title='bbox 2397 4694 2523 4749; x_wconf 74' lang='lat' dir='ltr'><strong>ergo</strong></span> <span class='ocrx_word' id='word_1_885' title='bbox 2543 4721 2559 4748; x_wconf 91' lang='lat'><strong>,</strong></span> <span class='ocrx_word' id='word_1_886' title='bbox 2594 4681 2758 4751; x_wconf 89' lang='lat' dir='ltr'><strong>inquit</strong></span> <span class='ocrx_word' id='word_1_887' title='bbox 2781 4723 2795 4743; x_wconf 87' lang='lat'><strong>.</strong></span> <span class='ocrx_word' id='word_1_888' title='bbox 2843 4696 2930 4738; x_wconf 85' lang='lat' dir='ltr'><strong>me</strong></span> <span class='ocrx_word' id='word_1_889' title='bbox 2959 4697 3116 4737; x_wconf 87' lang='lat' dir='ltr'><strong>mone</strong></span> <span class='ocrx_word' id='word_1_890' title='bbox 3146 4700 3211 4738; x_wconf 84' lang='lat' dir='ltr'><strong>ne.</strong></span> <span class='ocrx_word' id='word_1_891' title='bbox 3238 4687 3499 4756; x_wconf 81' lang='lat' dir='ltr'><strong>mentiar,</strong></span> 
     </span>
    </p>
   </div>
   <div class='ocr_carea' id='block_1_109' title="bbox 1912 4769 3503 4845">
    <p class='ocr_par' dir='ltr' id='par_1_109' title="bbox 1912 4769 3503 4845">
     <span class='ocr_line' id='line_1_109' title="bbox 1912 4769 3503 4845; baseline 0.006 -20"><span class='ocrx_word' id='word_1_892' title='bbox 1912 4785 1981 4825; x_wconf 87' lang='lat' dir='ltr'><strong>ne</strong></span> <span class='ocrx_word' id='word_1_893' title='bbox 2021 4769 2322 4840; x_wconf 79' lang='lat' dir='ltr'><strong>pcrjnrem;</strong></span> <span class='ocrx_word' id='word_1_894' title='bbox 2372 4786 2474 4824; x_wconf 91' lang='lat' dir='ltr'><strong>non</strong></span> <span class='ocrx_word' id='word_1_895' title='bbox 2527 4781 2583 4827; x_wconf 92' lang='lat' dir='ltr'><strong>ut</strong></span> <span class='ocrx_word' id='word_1_896' title='bbox 2629 4771 2873 4840; x_wconf 82' lang='lat' dir='ltr'><strong>abjiciam</strong></span> <span class='ocrx_word' id='word_1_897' title='bbox 2920 4775 3186 4845; x_wconf 66' lang='lat' dir='ltr'><strong>negetium</strong></span> <span class='ocrx_word' id='word_1_898' title='bbox 3235 4777 3374 4831; x_wconf 87' lang='lat' dir='ltr'><strong>unde</strong></span> <span class='ocrx_word' id='word_1_899' title='bbox 3418 4794 3503 4834; x_wconf 77' lang='lat' dir='ltr'><strong>uie</strong></span> 
     </span>
    </p>
   </div>
   <div class='ocr_carea' id='block_1_110' title="bbox 1914 4861 3501 4933">
    <p class='ocr_par' dir='ltr' id='par_1_110' title="bbox 1914 4861 3501 4933">
     <span class='ocr_line' id='line_1_110' title="bbox 1914 4861 3501 4933; baseline 0.005 -18"><span class='ocrx_word' id='word_1_900' title='bbox 1914 4861 2163 4931; x_wconf 75' lang='lat' dir='ltr'><strong>transigo.</strong></span> <span class='ocrx_word' id='word_1_901' title='bbox 2189 4861 2305 4929; x_wconf 89' lang='lat' dir='ltr'><strong>Quo</strong></span> <span class='ocrx_word' id='word_1_902' title='bbox 2328 4862 2469 4917; x_wconf 90' lang='lat' dir='ltr'><strong>enim</strong></span> <span class='ocrx_word' id='word_1_903' title='bbox 2494 4876 2673 4929; x_wconf 73' lang='lat' dir='ltr'><strong>\ocas,</strong></span> <span class='ocrx_word' id='word_1_904' title='bbox 2696 4864 2905 4933; x_wconf 85' lang='lat' dir='ltr'><strong>quando</strong></span> <span class='ocrx_word' id='word_1_905' title='bbox 2929 4863 3049 4919; x_wconf 90' lang='lat' dir='ltr'><strong>hinc</strong></span> <span class='ocrx_word' id='word_1_906' title='bbox 3074 4867 3326 4921; x_wconf 77' lang='lat' dir='ltr'><strong>revocas?</strong></span> <span class='ocrx_word' id='word_1_907' title='bbox 3342 4866 3501 4922; x_wconf 82' lang='lat' dir='ltr'><strong>Forte</strong></span> 
     </span>
    </p>
   </div>
   <div class='ocr_carea' id='block_1_111' title="bbox 1911 4952 3501 5021">
    <p class='ocr_par' dir='ltr' id='par_1_111' title="bbox 1911 4952 3501 5021">
     <span class='ocr_line' id='line_1_111' title="bbox 1911 4952 3501 5021; baseline 0.004 -14"><span class='ocrx_word' id='word_1_908' title='bbox 1911 4952 1977 5007; x_wconf 89' lang='lat' dir='ltr'><strong>ad</strong></span> <span class='ocrx_word' id='word_1_909' title='bbox 2017 4964 2188 5008; x_wconf 85' lang='lat' dir='ltr'><strong>artem</strong></span> <span class='ocrx_word' id='word_1_910' title='bbox 2230 4952 2498 5021; x_wconf 81' lang='lat' dir='ltr'><strong>aliquam?</strong></span> <span class='ocrx_word' id='word_1_911' title='bbox 2543 4954 2647 5008; x_wconf 77' lang='lat' dir='ltr'><strong>Ero</strong></span> <span class='ocrx_word' id='word_1_912' title='bbox 2688 4965 2864 5019; x_wconf 87' lang='lat' dir='ltr'><strong>sutor;</strong></span> <span class='ocrx_word' id='word_1_913' title='bbox 2912 4957 3269 5015; x_wconf 83' lang='lat' dir='ltr'><strong>calceamenta</strong></span> <span class='ocrx_word' id='word_1_914' title='bbox 3314 4956 3501 5013; x_wconf 66' lang='lat' dir='ltr'><strong>faciam</strong></span> 
     </span>
    </p>
   </div>
   <div class='ocr_carea' id='block_1_112' title="bbox 1912 5044 3499 5122">
    <p class='ocr_par' dir='ltr' id='par_1_112' title="bbox 1912 5044 3499 5122">
     <span class='ocr_line' id='line_1_112' title="bbox 1912 5044 3499 5122; baseline 0.003 -21"><span class='ocrx_word' id='word_1_915' title='bbox 1912 5044 2238 5102; x_wconf 86' lang='lat' dir='ltr'><strong>hominibus.</strong></span> <span class='ocrx_word' id='word_1_916' title='bbox 2274 5046 2556 5104; x_wconf 85' lang='lat' dir='ltr'><strong>Mendaces</strong></span> <span class='ocrx_word' id='word_1_917' title='bbox 2585 5048 2726 5103; x_wconf 88' lang='lat' dir='ltr'><strong>enim</strong></span> <span class='ocrx_word' id='word_1_918' title='bbox 2756 5059 2811 5107; x_wconf 88' lang='lat' dir='ltr'><strong>et</strong></span> <span class='ocrx_word' id='word_1_919' title='bbox 2848 5050 2944 5119; x_wconf 83' lang='lat' dir='ltr'><strong>ipsi</strong></span> <span class='ocrx_word' id='word_1_920' title='bbox 2977 5068 3079 5107; x_wconf 87' lang='lat' dir='ltr'><strong>non</strong></span> <span class='ocrx_word' id='word_1_921' title='bbox 3109 5053 3277 5107; x_wconf 84' lang='lat' dir='ltr'><strong>sunt?</strong></span> <span class='ocrx_word' id='word_1_922' title='bbox 3306 5051 3499 5122; x_wconf 63' lang='lat' dir='ltr'><strong>rerjuri</strong></span> 
     </span>
    </p>
   </div>
   <div class='ocr_carea' id='block_1_113' title="bbox 1911 5139 3497 5214">
    <p class='ocr_par' dir='ltr' id='par_1_113' title="bbox 1911 5139 3497 5214">
     <span class='ocr_line' id='line_1_113' title="bbox 1911 5139 3497 5214; baseline 0.003 -19"><span class='ocrx_word' id='word_1_923' title='bbox 1911 5149 1969 5195; x_wconf 89' lang='lat' dir='ltr'><strong>et</strong></span> <span class='ocrx_word' id='word_1_924' title='bbox 1994 5139 2093 5211; x_wconf 87' lang='lat' dir='ltr'><strong>ipsi</strong></span> <span class='ocrx_word' id='word_1_925' title='bbox 2126 5156 2233 5197; x_wconf 89' lang='lat' dir='ltr'><strong>non</strong></span> <span class='ocrx_word' id='word_1_926' title='bbox 2263 5140 2418 5196; x_wconf 82' lang='lat' dir='ltr'><strong>sunt?</strong></span> <span class='ocrx_word' id='word_1_927' title='bbox 2443 5139 2629 5201; x_wconf 76' lang='lat' dir='ltr'><strong>Nonne</strong></span> <span class='ocrx_word' id='word_1_928' title='bbox 2658 5140 2845 5203; x_wconf 83' lang='lat' dir='ltr'><strong>locatis</strong></span> <span class='ocrx_word' id='word_1_929' title='bbox 2872 5142 2938 5198; x_wconf 87' lang='lat' dir='ltr'><strong>ab</strong></span> <span class='ocrx_word' id='word_1_930' title='bbox 2968 5142 3071 5199; x_wconf 88' lang='lat' dir='ltr'><strong>alio</strong></span> <span class='ocrx_word' id='word_1_931' title='bbox 3098 5142 3497 5214; x_wconf 86' lang='lat' dir='ltr'><strong>calceamentis,</strong></span> 
     </span>
    </p>
   </div>
   <div class='ocr_carea' id='block_1_114' title="bbox 1910 5232 3501 5305">
    <p class='ocr_par' dir='ltr' id='par_1_114' title="bbox 1910 5232 3501 5305">
     <span class='ocr_line' id='line_1_114' title="bbox 1910 5232 3501 5305; baseline 0.003 -19"><span class='ocrx_word' id='word_1_932' title='bbox 1910 5248 2034 5286; x_wconf 89' lang='lat' dir='ltr'><strong>cum</strong></span> <span class='ocrx_word' id='word_1_933' title='bbox 2071 5232 2378 5302; x_wconf 80' lang='lat' dir='ltr'><strong>acceperint</strong></span> <span class='ocrx_word' id='word_1_934' title='bbox 2421 5232 2489 5288; x_wconf 85' lang='lat' dir='ltr'><strong>ab</strong></span> <span class='ocrx_word' id='word_1_935' title='bbox 2514 5232 2620 5288; x_wconf 89' lang='lat' dir='ltr'><strong>alio</strong></span> <span class='ocrx_word' id='word_1_936' title='bbox 2648 5234 2877 5305; x_wconf 87' lang='lat' dir='ltr'><strong>pretimu</strong></span> <span class='ocrx_word' id='word_1_937' title='bbox 2898 5276 2913 5301; x_wconf 94' lang='lat'><strong>,</strong></span> <span class='ocrx_word' id='word_1_938' title='bbox 2953 5234 3221 5291; x_wconf 87' lang='lat' dir='ltr'><strong>dimittunt</strong></span> <span class='ocrx_word' id='word_1_939' title='bbox 3250 5236 3390 5305; x_wconf 90' lang='lat' dir='ltr'><strong>quod</strong></span> <span class='ocrx_word' id='word_1_940' title='bbox 3420 5235 3501 5292; x_wconf 84' lang='lat' dir='ltr'><strong>fa-</strong></span> 
     </span>
    </p>
   </div>
   <div class='ocr_carea' id='block_1_115' title="bbox 1912 5322 3500 5392">
    <p class='ocr_par' dir='ltr' id='par_1_115' title="bbox 1912 5322 3500 5392">
     <span class='ocr_line' id='line_1_115' title="bbox 1912 5322 3500 5392; baseline 0.003 -13"><span class='ocrx_word' id='word_1_941' title='bbox 1912 5322 2159 5388; x_wconf 88' lang='lat' dir='ltr'><strong>ciebant,</strong></span> <span class='ocrx_word' id='word_1_942' title='bbox 2206 5332 2262 5379; x_wconf 89' lang='lat' dir='ltr'><strong>et</strong></span> <span class='ocrx_word' id='word_1_943' title='bbox 2301 5322 2593 5392; x_wconf 83' lang='lat' dir='ltr'><strong>suscipiunt</strong></span> <span class='ocrx_word' id='word_1_944' title='bbox 2620 5325 2779 5385; x_wconf 82' lang='lat' dir='ltr'><strong>alteri</strong></span> <span class='ocrx_word' id='word_1_945' title='bbox 2810 5325 3020 5392; x_wconf 84' lang='lat' dir='ltr'><strong>facere,</strong></span> <span class='ocrx_word' id='word_1_946' title='bbox 3061 5336 3115 5381; x_wconf 89' lang='lat' dir='ltr'><strong>ct</strong></span> <span class='ocrx_word' id='word_1_947' title='bbox 3151 5324 3338 5383; x_wconf 85' lang='lat' dir='ltr'><strong>fallunt</strong></span> <span class='ocrx_word' id='word_1_948' title='bbox 3376 5344 3500 5385; x_wconf 77' lang='lat' dir='ltr'><strong>eam</strong></span> 
     </span>
    </p>
   </div>
   <div class='ocr_carea' id='block_1_116' title="bbox 1911 5415 3503 5490">
    <p class='ocr_par' dir='ltr' id='par_1_116' title="bbox 1911 5415 3503 5490">
     <span class='ocr_line' id='line_1_116' title="bbox 1911 5415 3503 5490; baseline 0.005 -21"><span class='ocrx_word' id='word_1_949' title='bbox 1911 5416 1996 5470; x_wconf 86' lang='lat' dir='ltr'><strong>cui</strong></span> <span class='ocrx_word' id='word_1_950' title='bbox 2032 5415 2383 5487; x_wconf 84' lang='lat' dir='ltr'><strong>promiserant</strong></span> <span class='ocrx_word' id='word_1_951' title='bbox 2405 5418 2510 5473; x_wconf 91' lang='lat' dir='ltr'><strong>cito</strong></span> <span class='ocrx_word' id='word_1_952' title='bbox 2532 5433 2590 5475; x_wconf 88' lang='lat' dir='ltr'><strong>se</strong></span> <span class='ocrx_word' id='word_1_953' title='bbox 2618 5416 2888 5481; x_wconf 76' lang='lat' dir='ltr'><strong>faeturos?</strong></span> <span class='ocrx_word' id='word_1_954' title='bbox 2914 5433 3089 5477; x_wconf 73' lang='lat' dir='ltr'><strong>nerine.</strong></span> <span class='ocrx_word' id='word_1_955' title='bbox 3116 5436 3256 5490; x_wconf 83' lang='lat' dir='ltr'><strong>sa-pe</strong></span> <span class='ocrx_word' id='word_1_956' title='bbox 3281 5423 3503 5481; x_wconf 82' lang='lat' dir='ltr'><strong>dicunt:</strong></span> 
     </span>
    </p>
   </div>
   <div class='ocr_carea' id='block_1_117' title="bbox 1913 5510 3503 5585">
    <p class='ocr_par' dir='ltr' id='par_1_117' title="bbox 1913 5510 3503 5585">
     <span class='ocr_line' id='line_1_117' title="bbox 1913 5510 3503 5585; baseline 0.005 -19"><span class='ocrx_word' id='word_1_957' title='bbox 1913 5510 2083 5566; x_wconf 80' lang='lat' dir='ltr'><strong>llcdie</strong></span> <span class='ocrx_word' id='word_1_958' title='bbox 2127 5510 2283 5574; x_wconf 81' lang='lat' dir='ltr'><strong>facio.</strong></span> <span class='ocrx_word' id='word_1_959' title='bbox 2324 5511 2482 5569; x_wconf 83' lang='lat' dir='ltr'><strong>hodie</strong></span> <span class='ocrx_word' id='word_1_960' title='bbox 2532 5514 2770 5583; x_wconf 67' lang='lat' dir='ltr'><strong>impleo?</strong></span> <span class='ocrx_word' id='word_1_961' title='bbox 2825 5513 3022 5570; x_wconf 86' lang='lat' dir='ltr'><strong>Deinde</strong></span> <span class='ocrx_word' id='word_1_962' title='bbox 3064 5513 3116 5572; x_wconf 87' lang='lat' dir='ltr'><strong>in</strong></span> <span class='ocrx_word' id='word_1_963' title='bbox 3153 5514 3275 5585; x_wconf 84' lang='lat' dir='ltr'><strong>‘lpsa</strong></span> <span class='ocrx_word' id='word_1_964' title='bbox 3318 5526 3503 5575; x_wconf 82' lang='lat' dir='ltr'><strong>sutura</strong></span> 
     </span>
    </p>
   </div>
   <div class='ocr_carea' id='block_1_118' title="bbox 1914 5605 3505 5677">
    <p class='ocr_par' dir='ltr' id='par_1_118' title="bbox 1914 5605 3505 5677">
     <span class='ocr_line' id='line_1_118' title="bbox 1914 5605 3505 5677; baseline 0.005 -18"><span class='ocrx_word' id='word_1_965' title='bbox 1914 5614 2091 5662; x_wconf 68' lang='lat' dir='ltr'><strong>tantas</strong></span> <span class='ocrx_word' id='word_1_966' title='bbox 2132 5607 2345 5662; x_wconf 81' lang='lat' dir='ltr'><strong>fraudes</strong></span> <span class='ocrx_word' id='word_1_967' title='bbox 2386 5624 2490 5663; x_wconf 90' lang='lat' dir='ltr'><strong>non</strong></span> <span class='ocrx_word' id='word_1_968' title='bbox 2524 5605 2765 5664; x_wconf 83' lang='lat' dir='ltr'><strong>faciunt?</strong></span> <span class='ocrx_word' id='word_1_969' title='bbox 2805 5607 3028 5665; x_wconf 85' lang='lat' dir='ltr'><strong>Faciunt</strong></span> <span class='ocrx_word' id='word_1_970' title='bbox 3070 5610 3204 5677; x_wconf 87' lang='lat' dir='ltr'><strong>ista,</strong></span> <span class='ocrx_word' id='word_1_971' title='bbox 3235 5620 3287 5665; x_wconf 76' lang='lat' dir='ltr'><strong>et</strong></span> <span class='ocrx_word' id='word_1_972' title='bbox 3316 5610 3505 5667; x_wconf 83' lang='lat' dir='ltr'><strong>dicunt</strong></span> 
     </span>
    </p>
   </div>
   <div class='ocr_carea' id='block_1_119' title="bbox 1910 5698 3501 5775">
    <p class='ocr_par' dir='ltr' id='par_1_119' title="bbox 1910 5698 3501 5775">
     <span class='ocr_line' id='line_1_119' title="bbox 1910 5698 3501 5775; baseline 0.004 -21"><span class='ocrx_word' id='word_1_973' title='bbox 1910 5698 2043 5763; x_wconf 81' lang='lat' dir='ltr'><strong>ista;</strong></span> <span class='ocrx_word' id='word_1_974' title='bbox 2074 5698 2167 5755; x_wconf 69' lang='lat' dir='ltr'><strong>sed</strong></span> <span class='ocrx_word' id='word_1_975' title='bbox 2213 5700 2311 5768; x_wconf 84' lang='lat' dir='ltr'><strong>ipsi</strong></span> <span class='ocrx_word' id='word_1_976' title='bbox 2357 5703 2478 5756; x_wconf 87' lang='lat' dir='ltr'><strong>mali</strong></span> <span class='ocrx_word' id='word_1_977' title='bbox 2511 5712 2672 5768; x_wconf 78' lang='lat' dir='ltr'><strong>sunt,</strong></span> <span class='ocrx_word' id='word_1_978' title='bbox 2707 5718 2809 5757; x_wconf 90' lang='lat' dir='ltr'><strong>non</strong></span> <span class='ocrx_word' id='word_1_979' title='bbox 2841 5717 2927 5759; x_wconf 88' lang='lat' dir='ltr'><strong>ars</strong></span> <span class='ocrx_word' id='word_1_980' title='bbox 2967 5720 3123 5773; x_wconf 81' lang='lat' dir='ltr'><strong>quam</strong></span> <span class='ocrx_word' id='word_1_981' title='bbox 3164 5708 3501 5775; x_wconf 82' lang='lat' dir='ltr'><strong>proiilcntur.</strong></span> 
     </span>
    </p>
   </div>
   <div class='ocr_carea' id='block_1_120' title="bbox 1908 5790 3502 5867">
    <p class='ocr_par' dir='ltr' id='par_1_120' title="bbox 1908 5790 3502 5867">
     <span class='ocr_line' id='line_1_120' title="bbox 1908 5790 3502 5867; baseline 0.005 -20"><span class='ocrx_word' id='word_1_982' title='bbox 1908 5790 2112 5847; x_wconf 86' lang='lat' dir='ltr'><strong>Omnes</strong></span> <span class='ocrx_word' id='word_1_983' title='bbox 2151 5808 2278 5862; x_wconf 76' lang='lat' dir='ltr'><strong>ergo</strong></span> <span class='ocrx_word' id='word_1_984' title='bbox 2324 5793 2558 5848; x_wconf 84' lang='lat' dir='ltr'><strong>artiliees</strong></span> <span class='ocrx_word' id='word_1_985' title='bbox 2583 5793 2709 5848; x_wconf 85' lang='lat' dir='ltr'><strong>ntali</strong></span> <span class='ocrx_word' id='word_1_986' title='bbox 2752 5794 2918 5849; x_wconf 86' lang='lat' dir='ltr'><strong>Deum</strong></span> <span class='ocrx_word' id='word_1_987' title='bbox 2964 5811 3070 5851; x_wconf 92' lang='lat' dir='ltr'><strong>non</strong></span> <span class='ocrx_word' id='word_1_988' title='bbox 3102 5797 3383 5867; x_wconf 77' lang='lat' dir='ltr'><strong>timentes,</strong></span> <span class='ocrx_word' id='word_1_989' title='bbox 3416 5796 3502 5855; x_wconf 80' lang='lat' dir='ltr'><strong>vel</strong></span> 
     </span>
    </p>
   </div>
   <div class='ocr_carea' id='block_1_121' title="bbox 1908 5884 3509 5963">
    <p class='ocr_par' dir='ltr' id='par_1_121' title="bbox 1908 5884 3509 5963">
     <span class='ocr_line' id='line_1_121' title="bbox 1908 5884 3509 5963; baseline 0.003 -23"><span class='ocrx_word' id='word_1_990' title='bbox 1908 5900 2006 5956; x_wconf 91' lang='lat' dir='ltr'><strong>pro</strong></span> <span class='ocrx_word' id='word_1_991' title='bbox 2036 5884 2217 5952; x_wconf 91' lang='lat' dir='ltr'><strong>lucro,</strong></span> <span class='ocrx_word' id='word_1_992' title='bbox 2258 5884 2344 5941; x_wconf 80' lang='lat' dir='ltr'><strong>vel</strong></span> <span class='ocrx_word' id='word_1_993' title='bbox 2375 5900 2473 5956; x_wconf 88' lang='lat' dir='ltr'><strong>pro</strong></span> <span class='ocrx_word' id='word_1_994' title='bbox 2500 5884 2694 5944; x_wconf 86' lang='lat' dir='ltr'><strong>timore</strong></span> <span class='ocrx_word' id='word_1_995' title='bbox 2727 5885 2907 5945; x_wconf 82' lang='lat' dir='ltr'><strong>damni</strong></span> <span class='ocrx_word' id='word_1_996' title='bbox 2948 5897 3040 5944; x_wconf 89' lang='lat' dir='ltr'><strong>aut</strong></span> <span class='ocrx_word' id='word_1_997' title='bbox 3067 5891 3317 5963; x_wconf 78' lang='lat' dir='ltr'><strong>egestatis</strong></span> <span class='ocrx_word' id='word_1_998' title='bbox 3344 5906 3470 5947; x_wconf 81' lang='lat' dir='ltr'><strong>mea</strong></span> <span class='ocrx_word' id='word_1_999' title='bbox 3494 5915 3509 5935; x_wconf 68' lang='grc' dir='ltr'><strong>ε</strong></span> 
     </span>
    </p>
   </div>
   <div class='ocr_carea' id='block_1_122' title="bbox 1975 5997 3368 6071">
    <p class='ocr_par' dir='ltr' id='par_1_122' title="bbox 1975 5997 3368 6071">
     <span class='ocr_line' id='line_1_122' title="bbox 1975 5997 3368 6071; baseline 0.007 -26"><span class='ocrx_word' id='word_1_1000' title='bbox 1975 6000 1990 6031; x_wconf 76' lang='grc' dir='ltr'><strong>ι</strong></span> <span class='ocrx_word' id='word_1_1001' title='bbox 2022 5999 2094 6047; x_wconf 78' lang='lat' dir='ltr'><strong>sic</strong></span> <span class='ocrx_word' id='word_1_1002' title='bbox 2117 6006 2221 6047; x_wconf 79' lang='lat' dir='ltr'><strong>Mss.</strong></span> <span class='ocrx_word' id='word_1_1003' title='bbox 2248 6004 2303 6048; x_wconf 80' lang='grc' dir='ltr'>Αι</span> <span class='ocrx_word' id='word_1_1004' title='bbox 2325 5997 2459 6063; x_wconf 62' lang='lat' dir='ltr'><strong>add,</strong></span> <span class='ocrx_word' id='word_1_1005' title='bbox 2485 6006 2666 6050; x_wconf 75' lang='lat' dir='ltr'><strong>mutor.</strong></span> <span class='ocrx_word' id='word_1_1006' title='bbox 3300 6022 3368 6071; x_wconf 28' lang='lat' dir='ltr'><strong>at</strong></span> 
     </span>
    </p>
   </div>
   <div class='ocr_carea' id='block_1_123' title="bbox 3276 6070 3431 6107">
    <p class='ocr_par' dir='ltr' id='par_1_123' title="bbox 3276 6070 3431 6107">
     <span class='ocr_line' id='line_1_123' title="bbox 3276 6070 3431 6107; baseline -0.013 0"><span class='ocrx_word' id='word_1_1007' title='bbox 3276 6070 3431 6107; x_wconf 34' lang='lat' dir='ltr'><strong>,T&#39;I&quot;&quot;‘</strong></span> 
     </span>
    </p>
   </div>
  </div>
