3966 6452
513 323 617 381 887

510 438 736 500 tiuntur,
769 433 1078 507 perjurant;
1119 446 1227 488 non
1252 438 1335 488 est
1360 430 1611 487 continua
1637 427 1733 486 Dei
1763 429 1877 485 laus
1908 431 1959 486 in
1990 431 2093 488 eis.

510 528 791 599 Quomodo
815 543 941 599 ergo
962 540 1179 583 revocas
1204 541 1231 578 a
1260 524 1656 595 negotiatione?
1687 526 1766 579 An
1789 534 1843 579 ut
1863 526 2096 596 agricola

508 624 633 686 sint,
680 629 735 675 et
780 620 1039 675 adversus
1080 617 1247 673 Deum
1301 627 1569 672 tonantem
1625 632 1988 681 murmurem,
2039 627 2097 671 ut

509 713 819 785 grandinem
843 714 1033 767 timens
1059 710 1369 779 snrtilegum
1395 712 1411 744 ³
1436 710 1709 765 consulatu
1728 752 1742 774 ,
1776 720 1832 764 nt
1859 725 2092 780 qumram

509 807 634 879 quid
661 806 850 862 faciam
878 814 1065 861 contra
1093 804 1324 865 emittm;
1358 813 1413 857 ιιι
1443 812 1620 873 optem
1654 803 1974 874 pauperibus
2013 801 2095 857 fa-

508 914 649 954 mem
669 942 684 966 ,
715 915 819 969 quc
852 899 1050 969 possim
1076 897 1308 953 vendere
1332 897 1471 967 quod
1510 896 1754 951 servavi?
1784 896 1849 949 ad
1880 895 1983 951 boc
2012 911 2097 951 me

508 989 767 1045 adducis?
794 989 901 1046 Sed
932 1005 1036 1043 non
1067 1005 1130 1046 ea
1161 987 1380 1053 faciunt,
1428 987 1623 1056 inquis,
1671 987 1915 1058 agricolae
1947 987 2091 1042 boni.

438 1108 445 1115 ο
511 1081 619 1138 Nec
645 1081 734 1138 illa
765 1081 1123 1153 negotiatores
1150 1081 1294 1135 boni.
1326 1079 1462 1148 Quid
1489 1081 1652 1144 enim,
1686 1081 1844 1133 etiam
1870 1089 1926 1134 et
1957 1079 2095 1134 tilios

510 1173 705 1229 habere
735 1174 932 1228 malum
954 1183 1057 1240 est,
1082 1173 1202 1243 quia
1227 1171 1439 1242 quando
1464 1172 1543 1225 eis
1567 1181 1722 1240 caput
1744 1171 1904 1236 dolet,
1939 1172 2095 1227 make

508 1276 559 1323 et
603 1266 844 1324 inﬁdeles
885 1276 1082 1321 matres
1124 1266 1377 1336 ligaturas
1423 1265 1710 1336 sacrilegas
1751 1275 1804 1319 et
1857 1265 2094 1320 incanta-

511 1359 683 1414 tiones
708 1357 991 1429 qurcrunt?
1039 1355 1140 1411 ista
1188 1356 1460 1411 hominum
1484 1397 1497 1418 ,
1530 1370 1635 1411 non
1666 1371 1843 1411 rermn
1876 1366 2091 1425 peccata

511 1458 652 1506 sunt.
677 1449 860 1505 Potest
888 1448 1012 1504 milii
1045 1448 1147 1503 hoc
1171 1448 1352 1503 dicere
1379 1447 1696 1516 negotiator.
1720 1445 1911 1515 Quaere
1940 1460 2088 1515 ergo,

513 1541 771 1612 :inscope
799 1582 813 1604 ,
873 1538 1317 1610 quemadmodum
1375 1537 1640 1608 intelligas
1703 1537 2091 1606 negotiationes

508 1649 637 1705 quas
674 1632 845 1704 legisti
878 1633 928 1687 in
961 1631 1250 1696 Psalterio;
1299 1645 1365 1686 ne
1392 1629 1528 1684 forte
1559 1638 1613 1685 tu
1645 1643 1749 1684 non
1782 1629 2082 1699 intelligas,

502 1736 556 1782 et
585 1741 670 1781 me
697 1740 728 1779 a
756 1724 1113 1795 negotiatione
1142 1723 1443 1794 prohibeas.
1477 1721 1633 1777 Mone
1671 1736 1802 1792 ergo
1830 1721 2086 1791 quemad-

500 1816 715 1873 modum
739 1818 909 1870 vivam
936 1833 950 1870 :
973 1814 1017 1869 si
1049 1813 1186 1869 bene
1204 1854 1220 1880 ,
1245 1814 1384 1869 bene
1411 1812 1539 1867 milii
1564 1812 1698 1877 erit;
1723 1828 1884 1867 unum
1910 1821 2086 1868 tamen

497 1911 644 1973 scio,
684 1910 806 1981 quia
841 1910 885 1964 si
927 1909 1098 1964 malus
1119 1906 1291 1974 fuero,
1319 1921 1423 1964 non
1456 1907 1745 1979 negotiatio
1771 1905 1905 1962 mihi
1932 1906 2080 1976 facit,

495 2001 589 2058 sed
622 2002 871 2073 iniquitas
902 2015 1039 2056 mea.
1085 1998 1309 2068 Quando
1356 2013 1539 2054 verum
1579 1998 1806 2064 dicitur,
1851 2013 1958 2054 non
2002 2006 2088 2054 est

493 2095 635 2167 quod
660 2093 1077 2149 eontt'adicatur.

565 2186 653 2242 18.
687 2187 999 2253 ριιηιηιηιιιε
1050 2199 1179 2254 ergo
1230 2197 1364 2255 quas
1415 2182 1609 2238 dixerit
1660 2180 2082 2252 negotiationes,

490 2295 627 2349 quas
652 2294 775 2331 vere
803 2276 888 2347 qui
918 2293 1021 2330 non
1068 2275 1354 2347 Cognovit,
1405 2283 1512 2329 tota
1558 2275 1645 2329 die
1688 2274 1866 2328 laudat
1895 2275 2081 2330 Deum.

491 2368 790 2438 Negotiatio
818 2375 872 2422 et
915 2368 965 2420 in
996 2381 1168 2437 grwca
1204 2366 1378 2432 lingua
1424 2366 1491 2419 ab
1521 2375 1642 2420 actu
1668 2364 1894 2433 dicitur,
1935 2377 1990 2420 et
2030 2367 2082 2421 in

491 2462 653 2517 latina
684 2476 711 2513 a
746 2470 936 2530 negato
961 2462 1071 2513 otio
1096 2476 1108 2512 :
1133 2460 1226 2514 sed
1256 2459 1366 2513 sive
1394 2458 1461 2512 ab
1486 2469 1605 2513 actu
1631 2500 1646 2525 ,
1694 2459 1807 2514 sive
1835 2474 1864 2513 a
1894 2470 2083 2530 negato

492 2536 627 2617 otio,
668 2552 982 2607 discutiatur
1028 2552 1152 2623 quid
1198 2552 1267 2606 sit
1290 2553 1329 2603 '.
1379 2551 1480 2620 Qui
1528 2553 1672 2607 enim
1726 2555 2083 2624 negotiatores

492 2644 720 2709 aetuosi,
771 2645 921 2714 quasi
969 2659 1033 2699 et
1064 2659 1131 2698 eo
1176 2643 1317 2713 quod
1346 2652 1508 2713 agunt
1536 2655 1882 2713 pmsumnnt.
1917 2659 2078 2715 Opera

489 2751 585 2793 sua
620 2734 867 2796 laudant,
903 2749 1007 2789 non
1042 2736 1352 2804 perveniunt
1397 2736 1462 2788 ad
1505 2736 1727 2804 gratiam
1777 2736 1886 2789 Dei.
1938 2736 2080 2807 Ergo

490 2838 676 2882 contra
718 2827 864 2882 illaut
892 2827 1115 2897 gratiam
1148 2835 1274 2882 sunt
1300 2827 1658 2897 negotiatores
1679 2868 1693 2891 ,
1741 2842 1897 2897 quam
1926 2843 2077 2883 com-

489 2918 711 2974 mendat
741 2916 826 2972 hic
855 2918 1109 2987 psalmus.
1136 2918 1280 2972 Illam
1305 2919 1445 2973 enim
1467 2918 1692 2989 gratiam
1716 2920 2078 2988 connuendat,

488 3021 549 3067 ut
579 3026 738 3067 nemo
772 3011 839 3067 de
868 3013 977 3066 suis
1018 3010 1271 3082 operibus
1310 3010 1586 3081 glorietur.
1624 3008 1904 3076 Quomodo
1939 3026 2077 3079 quo-
2110 3016 2117 3021 '

486 3105 610 3161 dam
656 3106 776 3160 loco
818 3104 1047 3169 dicitur,
1098 3102 1284 3158 Medici
1334 3120 1435 3157 non
1488 3103 1854 3158 resuscitabuut
1905 3101 2074 3167 (Psul.

486 3213 737 3264 Lxxxvn,
768 3198 895 3267 it);
938 3197 1188 3252 desorere
1215 3196 1409 3250 debent
1435 3194 1683 3251 homines
1714 3193 2079 3251 medicinam?

484 3289 592 3346 Sed
622 3289 747 3360 quid
789 3297 871 3343 est
914 3288 1055 3343 hoc?
1077 3287 1187 3343 Sub
1217 3287 1318 3341 isto
1345 3287 1560 3342 nomine
1592 3287 1956 3354 intelliguntur
1983 3303 2073 3343 su-

483 3382 669 3454 perbi,
718 3383 1031 3452 pollicentes
1063 3381 1288 3434 salutem
1320 3379 1654 3444 hominibus,
1700 3394 1823 3434 cum
1869 3379 2074 3434 Domini

484 3477 556 3531 sit
584 3476 750 3531 salus.
792 3473 1071 3543 Quomodo
1098 3488 1226 3544 ergo
1251 3484 1436 3528 contra
1474 3472 1710 3527 medicos
1732 3513 1748 3537 ,
1792 3472 1842 3528 id
1870 3482 1953 3528 est
1980 3488 2073 3528 su-

485 3569 681 3641 perbos
706 3568 894 3623 salutis
922 3567 1334 3638 pollicitatores,
1363 3565 1544 3636 vigilat
1572 3564 1675 3621 hoc
1702 3566 1843 3637 quod
1870 3566 2070 3622 dictum

483 3669 566 3717 est
586 3702 600 3726 ,
652 3660 780 3714 Tota
820 3660 902 3713 die
925 3660 1140 3714 salutem
1166 3668 1306 3713 tuam
1335 3674 1354 3713 :
1376 3659 1455 3714 sic
1480 3668 1661 3712 contra
1691 3659 2069 3730 negotiatores,

481 3756 536 3812 id
564 3765 646 3812 est
665 3796 681 3823 ,
730 3755 819 3826 qui
865 3754 933 3810 de
960 3762 1080 3809 actu
1110 3768 1208 3809 suo
1236 3763 1290 3807 et
1316 3751 1570 3823 operibus
1596 3751 1862 3823 gaudent,
1890 3752 2073 3821 vigilat

481 3847 583 3903 hoc
613 3846 753 3919 quod
794 3846 990 3901 dictum
1021 3853 1142 3913 est,
1192 3844 1263 3900 0s
1298 3861 1462 3899 nteant
1510 3843 1787 3899 enuntiabit
1816 3845 2072 3915 justitiam

477 3950 638 4006 tuam,
683 3938 735 3995 id
781 3947 864 3995 est
904 3954 1008 3994 non
1039 3953 1231 3993 meam.
1271 3937 1369 4006 Qui
1414 3947 1538 3992 sunt
1576 3937 1968 4004 negotiatores,
2017 3936 2071 3993 id

478 4041 565 4090 est
591 4033 739 4104 quasi
771 4032 838 4088 de
866 4040 987 4087 actu
1018 4047 1116 4086 suo
1144 4032 1243 4086 sibi
1286 4029 1591 4100 placentes?
1619 4030 1717 4099 Qui
1762 4031 2071 4101 ignorantes

476 4124 573 4180 Dei
595 4124 873 4194 justitiam,
907 4132 958 4178 et
1002 4138 1150 4177 suam
1180 4123 1420 4178 volentes
1449 4124 1806 4186 constituere,
1847 4120 2067 4191 iustitia:

476 4215 573 4271 Dei
621 4230 725 4269 non
764 4224 890 4269 sunt
932 4213 1156 4284 subjecti
1203 4212 1380 4284 (Rom.
1412 4229 1469 4279 χ,
1501 4213 1579 4282 5).
1611 4212 1795 4268 Merito
1823 4223 1877 4268 et
1905 4227 2066 4283 nego-

475 4308 610 4363 tium
633 4307 829 4365 dictum
854 4316 957 4371 est,
979 4305 1096 4376 quia
1121 4314 1276 4376 negat
1299 4305 1488 4360 otium.
1515 4305 1782 4370 Quantum
1812 4304 1932 4359 mali
1959 4313 2062 4370 est,

479 4399 622 4470 quod
653 4407 808 4469 negat
832 4397 1041 4451 otium?
1064 4398 1252 4453 Merito
1275 4397 1529 4451 Dominus
1549 4398 1750 4465 expulit
1773 4396 1840 4451 de
1867 4396 2066 4465 templo

473 4493 597 4549 illos
629 4493 820 4562 quibus
859 4491 1020 4554 dixit,
1070 4489 1329 4559 Scriptum
1366 4498 1468 4551 est,
1514 4486 1712 4542 Domus
1744 4503 1855 4540 mea
1884 4487 2065 4543 domus

476 4585 723 4642 orationis
754 4583 1042 4648 vocabitur;
1071 4598 1158 4635 ros
1184 4590 1353 4634 autent
1391 4581 1579 4651 fecistis
1603 4596 1713 4634 eam
1739 4580 1946 4634 domum
1970 4597 2062 4635 ne-

472 4677 765 4752 gotiationis
815 4674 1021 4743 (Matth.
1076 4690 1192 4737 xxi,
1242 4671 1362 4743 15);
1414 4672 1463 4728 id
1512 4682 1614 4738 est,
1665 4673 1956 4746 gloriantes
1995 4674 2065 4731 de

472 4769 731 4843 operibus
756 4770 968 4835 vestris,
998 4769 1163 4823 otium
1189 4783 1293 4823 non
1315 4778 1635 4838 quaerentes,
1666 4782 1765 4824 nec
1788 4767 2062 4824 audientes

478 4874 665 4923 contra
702 4864 1120 4935 inquietudinem
1171 4873 1226 4919 et
1271 4864 1680 4934 negotiationem
1713 4872 1942 4919 vestram
1983 4864 2062 4918 di-

471 4968 682 5016 centem
727 4958 1097 5026 Scriptorum:
1137 4954 1354 5020 Vacute,
1399 4967 1446 5010 et
1488 4956 1649 5010 videte
1689 4957 1925 5026 quoniam
1968 4973 2060 5029 ego

467 5068 580 5108 sum
628 5049 873 5104 Dominus
920 5047 1090 5119 (Psal.
1126 5063 1265 5115 xm,
1318 5049 1428 5116 11).
1456 5046 1592 5117 Quid
1623 5058 1725 5110 est,
1778 5046 1980 5111 Vacute.
2008 5058 2058 5104 et

468 5143 631 5198 videte
652 5142 890 5213 quoniam
918 5158 1008 5213 ego
1034 5158 1147 5195 sum
1176 5138 1458 5205 Dominus;
1489 5138 1610 5199 nisi.
1642 5147 1700 5194 ut
1727 5140 1909 5196 Sciatis
1933 5141 2058 5212 quia

469 5234 609 5290 Deus
649 5246 729 5291 est
770 5237 859 5307 qui
907 5246 1159 5304 opt-ratur
1206 5235 1257 5288 in
1298 5232 1469 5298 vobis,
1510 5243 1564 5289 et
1615 5249 1720 5288 non
1759 5233 1825 5289 de
1866 5236 2059 5291 vestris

468 5326 722 5394 operibus
767 5326 1135 5380 cxtollauiini?
1184 5323 1298 5380 Non
1346 5323 1500 5378 audis
1546 5338 1735 5381 vocem
1782 5324 2056 5382 dicentis:

480 5417 652 5472 Venite
683 5419 750 5472 ad
791 5435 885 5483 me,
922 5435 1093 5473 attines
1129 5418 1216 5488 qui
1241 5414 1482 5473 laboratis
1511 5426 1556 5471 et
1585 5420 1778 5472 onerati
1817 5420 1964 5484 estis,
2012 5428 2059 5474 et

465 5526 558 5582 ego
600 5527 686 5563 ros
733 5512 975 5577 reﬁciam.
1024 5509 1206 5564 Tollite
1239 5509 1423 5579 jngum
1470 5525 1636 5563 meum
1665 5525 1817 5580 super
1840 5527 1926 5566 vos
1952 5552 1965 5572 ,
2010 5519 2056 5563 et

466 5605 642 5659 discite
664 5623 693 5657 α
722 5621 798 5659 me
821 5646 835 5668 ,
867 5605 982 5672 quin
1014 5605 1145 5658 mitis
1172 5620 1283 5657 sum
1308 5614 1354 5657 et
1388 5603 1594 5657 humilis
1622 5603 1802 5670 corde;
1846 5615 1892 5657 et
1921 5605 2056 5658 inve-

530 5723 546 5751 ι
575 5728 700 5775 uss,
726 5733 790 5769 so-
807 5720 1020 5781 tiloqum.

527 5782 549 5812 ²
570 5784 643 5829 sic
676 5781 737 5845 alt
760 5792 857 5843 moi
891 5778 997 5845 ltiss.
1038 5788 1093 5845 at
1117 5779 1248 5845 Et'ltl.,
1282 5784 1329 5832 et
1366 5779 1625 5845 il?_L(t_lina.
1659 5778 1921 5845 Negotiatio
1955 5778 2054 5831 sive

462 5847 614 5903 actus,
643 5841 739 5894 sire
760 5841 997 5907 negotium
1016 5842 1300 5895 discutiatur
1323 5842 1442 5907 quid
1464 5842 1542 5893 sit.

1729 318 1791 377 S.
1834 318 2076 379 AUGUS'

2183 321 2203 377 l
2244 323 2543 383 EPISCOPI
3653 345 3731 405 ηε

2213 438 2361 531 nietis
2385 440 2605 511 requiem
2628 441 2894 500 animabus
2934 447 3114 503 uestris
3144 445 3359 519 (Matth.
3384 464 3471 516 st,
3510 451 3604 521 Ἃ,
3632 457 3733 531 29)?

2209 529 2332 586 "me
2378 534 2586 602 requies
2635 544 2819 589 contra
2869 537 3225 607 negotiatores
3275 542 3613 612 praedicatur,
3653 529 3735 606 bsic

2207 624 2417 694 requies
2458 636 2642 682 contra
2681 642 2777 684 eos
2815 632 2905 701 qui
2952 631 3181 689 oderunt
3219 636 3390 691 otium
3439 639 3735 710 pncdicatur,

2204 716 2410 785 agendo
2447 727 2501 771 et
2536 718 2788 787 jactando
2810 737 2870 776 se
2897 723 2965 775 du
2994 727 3245 794 operibus
3268 730 3387 783 suis
3405 770 3421 792 ,
3467 741 3524 785 ut
3560 748 3650 789 non
3674 752 3737 791 re-

2204 807 2480 876 quiescant
2509 809 2560 863 in
2592 811 2733 873 Deo;
2759 822 2814 866 et
2840 820 2990 869 tanto
3019 815 3226 887 longius
3251 834 3281 872 a
3315 821 3484 889 gratia
3512 825 3737 895 resiliunt,

2202 908 2401 967 quanto
2426 900 2593 969 magis
2618 899 2686 955 de
2715 903 2829 957 suis
2856 910 3107 975 operibus
3133 910 3489 966 extolluntur.

2274 988 2362 1043 i9.
2388 988 2493 1044 Sed
2518 1002 2603 1046 est
2641 992 2693 1047 in
2733 995 3047 1063 quibusdam
3075 1002 3507 1071 exemplaribus,
3537 1006 3740 1074 Quoniam

2202 1094 2302 1133 non
2349 1084 2558 1151 cognovi
2595 1082 2954 1142 litteraturam.
3004 1088 3103 1148 Ubi
3151 1093 3239 1148 alii
3290 1094 3511 1152 codices
3552 1099 3737 1169 habent,

2199 1173 2615 1242 negotiationem;
2642 1175 2712 1231 ibi
2732 1178 2843 1243 alii,
2869 1180 3205 1238 litteraturam
3226 1200 3245 1239 :
3263 1189 3538 1257 quomodo
3560 1205 3738 1248 concor-

2197 1261 2347 1326 dent,
2376 1264 2618 1322 invenire
2642 1267 2858 1326 dil'licile
2883 1284 2995 1338 est;
3023 1283 3078 1330 et
3110 1285 3288 1333 tamen
3334 1276 3662 1349 interpretum
3681 1285 3739 1341 di-

2197 1356 2425 1410 versitas
2451 1355 2585 1413 forte
2613 1354 2830 1417 sensum
2860 1364 3119 1426 ostendit,
3149 1383 3254 1422 non
3280 1384 3527 1425 errorem
3565 1374 3736 1433 inducit.

2196 1444 2511 1515 Quaaramus
2530 1464 2659 1518 ergo
2681 1461 2737 1508 et
2755 1453 3090 1510 litteraturam
3110 1460 3387 1528 quomodo
3410 1462 3736 1531 intelligamus,

2196 1552 2264 1592 ne
2293 1538 2371 1592 sic
2400 1538 2730 1596 offendamus
2754 1549 3153 1617 grammaticos,
3178 1553 3458 1620 quomodo
3486 1556 3630 1624 paulo
3650 1570 3739 1614 ante

2195 1629 2553 1698 negoniatores
2574 1649 2586 1685 :
2607 1634 2730 1703 quia
2761 1645 2814 1691 et
2850 1641 3228 1705 grammaticus
3259 1652 3447 1712 potest
3471 1644 3649 1700 itrarte
3672 1663 3738 1703 sua

2195 1717 2419 1777 honeste
2447 1722 2659 1791 vivere;
2690 1742 2795 1782 non
2824 1731 3066 1797 pejerare
3090 1773 3104 1797 ,
3151 1748 3258 1788 non
3304 1738 3544 1791 mentiri.
3569 1738 3737 1807 Quaera-

2192 1827 2311 1868 mus
2355 1829 2482 1885 ergo
2529 1816 2879 1875 litteraturam
2924 1838 3083 1894 quam
3130 1842 3235 1879 non
3285 1831 3542 1898 cognovit
3567 1832 3739 1898 κακίω

2190 1904 2341 1975 cujus
2368 1922 2464 1963 ore
2504 1917 2611 1963 tota
2642 1908 2730 1967 die
2769 1911 2886 1968 laus
2915 1914 3006 1970 Dei
3037 1926 3138 1970 est.
3174 1915 3271 1972 Est
3297 1919 3547 1990 quoidam
3577 1921 3738 1978 littera-

2191 2005 2307 2053 tura
2334 1997 2643 2057 Juda'orum
2673 2020 2687 2056 :
2715 2003 2781 2058 ad
2813 2004 2931 2060 illos
2956 2008 3099 2062 enim
3137 2017 3192 2063 et
3226 2009 3331 2065 hoc
3359 2008 3667 2078 referamus;
3688 2014 3740 2070 ibi

2190 2088 2528 2147 inveniemus
2569 2093 2712 2164 quod
2750 2095 2951 2153 dictum
2993 2108 3095 2155 est.
3126 2100 3415 2168 Quomodo
3439 2118 3557 2159 cum
3594 2106 3741 2162 deue-

2187 2180 2540 2250 gotiatoribns
2582 2200 2981 2254 qmrrercmus,
3029 2198 3247 2260 propter
3290 2203 3448 2248 actus
3490 2205 3541 2249 ct
3580 2208 3738 2264 0pm,

2189 2274 2490 2329 invenimus
2544 2275 2686 2332 illam
2735 2277 2839 2333 dici
2898 2283 3313 2352 negotiationem
3372 2285 3736 2356 detestandam,

2188 2380 2345 2434 quam
2379 2369 2578 2424 notavit
2618 2370 2909 2437 Apostolus
2935 2375 3121 2433 dicens
3144 2394 3159 2431 :
3184 2376 3501 2450 lgnarantes
3525 2382 3644 2437 enim
3672 2382 3740 2438 Dei

2176 2458 2449 2527 justitiam.
2477 2466 2687 2517 et'suam
2714 2466 2933 2521 uolentes
2968 2470 3287 2540 constituere,
3307 2474 3535 2545 justitita
3562 2475 3644 2532 Dei
3665 2493 3740 2532 sos

2184 2559 2301 2604 sunt
2334 2554 2547 2623 subjecti
2593 2554 2774 2627 (Rom.
2807 2574 2839 2613 χ
2859 2599 2877 2625 ,
2926 2559 3003 2630 3).
3034 2560 3228 2617 Contra
3260 2580 3431 2634 quam
3476 2565 3598 2622 dicit
3633 2568 3740 2623 idem

2184 2644 2474 2714 Apostolus
2498 2664 2512 2699 :
2538 2646 2664 2703 Non
2694 2666 2758 2705 ea;
2780 2652 3049 2721 operibus,
3094 2672 3157 2709 ne
3188 2660 3328 2726 forte
3350 2659 3466 2725 quis
3489 2661 3737 2717 extollatur.

2184 2734 2465 2803 Quomodo
2494 2740 2661 2810 ergo?
2698 2741 2966 2813 Numquid
3011 2759 3118 2800 non
3157 2749 3511 2817 operabitnur
3547 2751 3739 2807 bonum?

2181 2828 2569 2899 Operaliimur;
2601 2831 2695 2887 sed
2718 2834 2832 2903 ipso
2860 2834 2913 2889 iu
2943 2836 3095 2891 nobis
3121 2851 3388 2908 operante
3412 2858 3428 2895 :
3452 2839 3619 2913 Ipsius
3636 2845 3738 2899 enim

2181 2935 2355 2975 sumus
2397 2924 2721 2994 ﬁgmentum,
2759 2926 2919 2982 creati
2955 2928 3010 2982 in
3056 2928 3258 2986 Christo
3289 2931 3424 2989 Iesu
3462 2935 3517 2990 in
3550 2938 3741 3007 aperibss

2184 3012 2326 3067 bonis
2358 3012 2573 3085 (Ep/tes.
2607 3031 2665 3083 ιι,
2695 3016 2761 3083 9,
2814 3016 2917 3092 l0).
2960 3019 3242 3089 Quomodo
3272 3024 3383 3081 hoc
3421 3043 3549 3099 ergo
3577 3029 3741 3085 inveni-

2183 3121 2301 3160 mus
2325 3119 2511 3163 contra
2559 3111 2918 3180 negotiatores
2942 3155 2959 3180 ,
3006 3113 3058 3169 id
3089 3124 3171 3171 est
3198 3116 3267 3174 de
3290 3129 3420 3175 actu
3449 3121 3737 3191 gloriantes.

2180 3197 2248 3254 de
2270 3202 2483 3267 negotio
2503 3203 2642 3273 quod
2668 3217 2824 3276 neget
2844 3206 3014 3262 otium
3034 3208 3050 3240 ¹
3072 3222 3133 3265 se
3149 3212 3499 3281 extollentes,
3517 3214 3738 3287 inquietos

2180 3293 2359 3361 potius
2384 3308 2542 3363 quam
2576 3294 2746 3351 bonos
2775 3308 3120 3367 otieratores;
3151 3303 3273 3373 quia
3305 3303 3442 3361 boni
3472 3318 3738 3377 operator-es

2179 3384 2254 3439 illi
2281 3386 2479 3439 suntin
2509 3387 2701 3456 quibus
2736 3387 2876 3444 Deus
2901 3402 3156 3461 Operatur
3178 3411 3191 3449 ε
3215 3394 3294 3450 sic
3319 3405 3378 3450 et
3410 3399 3590 3453 nescio
3611 3412 3736 3467 quam

2177 3468 2528 3525 litteraturam
2556 3474 2854 3528 invenimus
2872 3476 3009 3545 apud
3028 3476 3262 3535 Jndaeos.
3281 3480 3548 3539 Dominus
3564 3484 3737 3540 adsitnt

2176 3562 2437 3632 explicem
2467 3562 2665 3627 verbis,
2697 3565 2840 3635 quod
2884 3566 3131 3635 dignatus
3157 3580 3237 3625 est
3282 3570 3496 3629 donare
3532 3583 3585 3629 ut
3607 3573 3736 3631 corde

2175 3656 2559 3725 conspicerem.
2580 3655 2838 3727 Superbia
2860 3657 3166 3716 inda-orum
3189 3666 3621 3733 praisumentium
3639 3676 3733 3720 tan-

2174 3760 2333 3817 quam
2362 3746 2430 3802 de
2456 3747 2657 3803 viribus
2689 3749 2802 3805 suis
2834 3758 2888 3804 et
2913 3750 2982 3806 de
3006 3752 3212 3819 juStitia
3239 3768 3472 3825 Operam
3507 3771 3730 3823 suorum,

2172 3835 2501 3908 gloriabatur
2524 3837 2593 3892 de
2612 3836 2772 3909 Lege,
2796 3841 2938 3911 quod
2962 3842 3061 3913 ipsi
3081 3841 3278 3915 Legem
3298 3846 3618 3917 acceperint,
3639 3848 3732 3902 alia

2173 3938 2358 3998 gentes
2386 3943 2494 3984 non
2535 3930 2869 4000 acceperint;
2911 3931 2965 3986 in
3008 3948 3113 4004 qua
3153 3933 3323 4006 Lege,
3374 3952 3482 3992 non
3511 3938 3575 3994 de
3594 3938 3728 4009 gratis

2170 4020 2567 4091 gloriabantur,
2596 4022 2690 4077 sed
2725 4022 2792 4080 de
2848 4023 3047 4082 littera.
3080 4024 3189 4083 Lex
3229 4027 3380 4085 enim
3415 4031 3531 4087 sine
3572 4032 3722 4103 gratis,

2172 4111 2346 4168 littera
2369 4113 2481 4168 sola
2506 4120 2592 4170 est
2619 4131 2633 4166 :
2659 4123 2839 4171 manet
2860 4114 2927 4171 ad
2956 4118 3381 4176 convincendam
3414 4123 3723 4195 iniquitatem,

2171 4218 2276 4259 non
2301 4205 2367 4259 ad
2393 4196 2621 4259 dandam
2648 4206 2896 4262 salutem.
2924 4205 3060 4276 Quid
3090 4209 3234 4284 enim
3254 4209 3328 4265 ait
3361 4211 3724 4284 Apostolus28i

2170 4297 2304 4352 enim
2332 4297 2453 4352 data
2475 4308 2601 4354 esset
2622 4299 2705 4353 lex
2725 4315 2842 4372 qua:
2867 4312 3032 4369 posset
3052 4282 3324 4371 vivi/icore,
3348 4282 3555 4361 crimina
3575 4305 3722 4377 exlege

2168 4399 2294 4443 esset
2319 4390 2521 4459 justitia
2543 4406 2564 4447 :
2592 4391 2682 4445 sed
2723 4391 2969 4447 conclusit
3017 4392 3285 4463 Scriptura
3320 4398 3494 4451 omnia
3517 4398 3599 4452 sub
3634 4412 3721 4466 pec-

2167 4488 2299 4540 calo,
2325 4490 2380 4533 ut
2402 4482 2665 4552 promissio
2697 4498 2764 4538 ea:
2784 4482 2888 4552 ﬁde
2915 4481 3040 4538 Iesu
3069 4482 3258 4540 Christi
3280 4486 3492 4543 daretur
3513 4486 3720 4542 credenti-

2167 4571 2260 4627 bus
2286 4571 2430 4643 (Gal.
2464 4589 2539 4638 ιιι,
2576 4575 2670 4642 Si,
2703 4574 2820 4648 2'2).
2862 4575 2935 4631 De
2961 4576 3063 4633 hac
3101 4578 3274 4633 littera
3302 4580 3438 4636 dicit
3475 4583 3571 4638 alio
3590 4581 3714 4635 loco:

2168 4668 2359 4724 Littera
2383 4669 2605 4734 occidit;
2633 4671 2844 4740 spiritus
2881 4684 3049 4725 autem
3087 4672 3306 4741 viviﬁcat
3331 4674 3403 4742 (ll
3425 4674 3541 4730 Car.
3565 4690 3632 4738 tu,
3653 4672 3712 4742 6).

2167 4760 2342 4817 Habes
2364 4762 2615 4826 litteram,
2645 4762 2690 4815 si
2710 4762 3227 4835 prmvaricatorlegis
3252 4779 3350 4820 es:
3379 4764 3480 4833 Qui
3503 4782 3585 4836 pﬂ‘
3609 4765 3712 4819 litu-

2167 4870 2297 4918 ram,
2341 4854 2530 4926 inquit,
2576 4864 2622 4908 et
2660 4854 3090 4911 circumcisionem
3122 4859 3484 4925 praevaricator
3523 4859 3633 4930 legis
3654 4873 3708 4909 es.

2164 4944 2354 5001 Nonne
2381 4947 2517 5002 bene
2536 4956 2784 5003 cantatur
2798 4958 2851 5003 et
2878 4948 3072 5004 dicitur
3094 4966 3109 5005 :
3141 4948 3279 5005 Erue
3301 4966 3381 5004 me
3408 4951 3472 5004 de
3496 4967 3631 5005 manu
3651 4948 3709 5002 te.

2164 5055 2277 5111 gem
2306 5040 2653 5108 praetereuntis
2696 5049 2743 5094 et
2782 5040 2944 5112 iniqui
2956 5040 2982 5094 .9
3009 5041 3184 5096 Habes
3215 5041 3480 5109 litteram;
3516 5041 3600 5097 sed
3626 5056 3708 5094 non

2166 5131 2354 5200 imples
2382 5130 2634 5186 litteram.
2670 5129 2821 5187 Unde
2848 5147 2951 5186 non
2982 5132 3171 5202 imples
3204 5132 3468 5189 litteram?
3487 5134 3705 5201 Quoniam

2161 5223 2248 5294 qui
2280 5222 2526 5292 pradicas
2546 5238 2645 5277 non
2668 5225 2963 5295 furandum,
2986 5226 3208 5296 furoris;
3232 5226 3320 5296 qui
3337 5226 3462 5280 dicis
3481 5243 3573 5281 non
3590 5224 3707 5279 adul-

2163 5318 2450 5383 terandum,
2481 5317 2778 5381 adulteras;
2801 5318 2889 5388 qui
2912 5316 3218 5373 abominaris
3245 5320 3400 5387 idola,
3427 5319 3703 5388 sacrilegium

2163 5410 2312 5482 facis.
2341 5407 2541 5464 Nomen
2569 5410 2701 5463 enim
2735 5407 2827 5463 Dei
2862 5426 2953 5481 per
2975 5425 3061 5465 vos
3091 5411 3461 5483 blasphematur
3484 5414 3533 5466 iu
3560 5409 3702 5466 Centi-

2162 5499 2274 5565 bus,
2326 5499 2454 5555 sicut
2493 5501 2741 5569 scriptum
2795 5511 2868 5555 est
2916 5500 3089 5572 (Rom.
3117 5517 3176 5565 u,
3202 5501 3415 5574 2187).
3462 5501 3587 5568 Quid
3630 5496 3698 5553 tibi

2159 5608 2289 5666 ergo
2321 5593 2513 5665 proluit
2544 5596 2714 5650 littera
2755 5610 2913 5666 quam
2954 5613 3058 5651 non
3096 5596 3325 5669 imple.?
3352 5598 3518 5665 Quare
3555 5606 3696 5648 autem

2159 5702 2265 5743 non
2287 5687 2512 5757 imples?
2538 5686 2667 5754 Quia
2699 5687 2764 5740 dc
2794 5698 2844 5740 te
2873 5691 3167 5756 pratsumis.
3189 5690 3360 5756 Quare
3384 5710 3479 5745 non
3511 5686 3693 5755 impiis?

2227 5784 2243 5811 ι
2270 5784 2376 5828 Mss.
2417 5780 2607 5891 quidam
2654 5781 2879 5851 omittunt
2916 5780 3019 5829 btuc
3043 5784 3206 5836 verba.
3242 5785 3368 5847 quod
3389 5792 3517 5846 neget
3536 5780 3659 5834 Otila?!

2242 5854 2414 5891 eorum
2454 5854 2543 5891 eoo
2559 5840 2774 5891 nonnulli
2794 5841 2993 5891 habent.
3016 5844 3141 5891 auod
3161 5844 3472 5891 ncaotiaiuur.

2166 5848 2221 5891 et
2242 5854 2414 5895 eorum
2436 5840 2543 5892 loco
2559 5840 2774 5893 nonnulli
2794 5841 2993 5904 habent,
3016 5844 3141 5906 quod
3161 5840 3472 5909 negotiattttu'".
