3966 6452
213 365 334 429 889

212 484 359 554 Quia
387 484 684 554 negotiator
707 499 799 550 es;
828 499 987 557 opera
1011 494 1096 539 tua
1127 484 1338 541 extollis
1368 504 1380 540 :
1416 488 1591 542 nescis
1620 503 1804 542 neces-

128 574 159 646 }.
211 579 419 634 sariam
451 593 570 633 esse
594 579 817 649 gratiam
856 578 1170 647 adjuvantis,
1206 590 1260 632 ιιι
1294 580 1575 648 impleatur
1606 595 1806 649 ιιι-,υσε-

128 655 139 693 ;
214 683 374 743 ptum
395 671 652 740 jubent'ts.
687 669 998 741 Eccajnssit
1029 672 1202 736 Dens;
1225 688 1322 743 age
1347 674 1489 743 quiid
1513 675 1688 743 jussit.
1725 675 1805 729 ln-

213 764 359 832 cipis
384 778 541 833 agere
576 765 725 833 quasi
757 779 820 818 ex
861 764 1058 817 viribus
1096 766 1218 830 tuis,
1263 765 1519 830 utendis;
1549 777 1602 820 et
1632 776 1809 821 manet

213 871 389 928 super
426 864 477 911 te
504 857 674 910 littera
700 857 943 926 puniens,
973 873 1075 910 nou
1107 858 1336 910 salvaus.
1377 857 1562 912 Merito
1590 857 1695 912 Lex
1721 876 1809 929 per

216 948 438 1021 Moysen
467 949 585 1002 data
612 959 724 1013 est;
747 946 924 1001 Gratia
951 960 996 1001 et
1021 950 1200 1002 veritas
1228 965 1314 1013 per
1350 948 1527 1003 Jeswn
1551 948 1807 1003 Christum

214 1044 361 1110 facta
380 1050 452 1095 est
475 1038 651 1112 (Joan.
682 1055 721 1105 l,
751 1040 861 1109 l'i).
892 1040 1098 1110 Moyses
1115 1041 1347 1109 quinque
1371 1040 1534 1093 libros
1560 1041 1802 1110 soripsit:

215 1133 320 1188 sed
350 1133 400 1186 in
432 1136 664 1205 quinque
709 1133 1000 1202 porticibus
1035 1133 1284 1201 piscinam
1326 1133 1660 1201 cingentibus
1689 1133 1802 1186 lan-

212 1224 363 1293 gttidi
390 1224 668 1293 jacebant;
716 1224 810 1278 sed
852 1225 1024 1279 curari
1067 1240 1170 1277 non
1219 1234 1465 1293 p0let'ant
1502 1224 1610 1296 (Id.
1647 1241 1698 1289 v,
1725 1223 1802 1297 2).

216 1316 356 1372 Vide
384 1317 652 1388 quomodo
692 1327 866 1371 manet
907 1318 1101 1379 littera,
1141 1319 1461 1371 convincens
1496 1335 1667 1381 reum,
1700 1332 1803 1372 non

211 1414 436 1467 salvans
463 1412 717 1481 iniquum.
751 1412 856 1465 Illis
881 1413 1022 1465 enim
1053 1411 1285 1480 quinque
1317 1410 1628 1479 porticibus,
1660 1411 1710 1463 itt
1741 1412 1803 1463 li-

210 1517 352 1572 gura
378 1502 611 1573 quinque
638 1503 916 1567 librorum,
950 1501 1306 1570 prodebantur
1336 1502 1510 1569 potius
1535 1517 1691 1571 quam
1720 1516 1806 1554 sa-

211 1595 483 1648 nabautttr
524 1593 727 1663 a-groti.
758 1593 891 1661 Quid
925 1608 1054 1662 ergo
1092 1593 1161 1647 ibi
1208 1602 1333 1646 tunc
1379 1593 1599 1647 sanabat
1636 1608 1804 1663 πιςτο-

213 1684 372 1742 tum?
430 1686 601 1740 Mutus
644 1700 815 1756 aqu-.e.
860 1685 1063 1740 Piscina
1119 1685 1206 1738 illa
1260 1694 1399 1738 mota
1447 1684 1802 1739 descendebat

213 1790 477 1847 a‘groms,
522 1785 576 1831 et
615 1776 899 1831 snabatur
942 1790 1100 1840 unus,
1144 1775 1264 1845 quia
1323 1776 1802 1845 unitas:quisquis

213 1867 358 1922 alius
386 1867 450 1920 ad
484 1869 655 1936 ipsum
696 1867 929 1921 motum’
959 1865 1329 1929 descenderet,
1360 1881 1465 1920 non
1493 1867 1798 1921 sanahatur.

212 1960 499 2028 Quomodo
522 1959 996 2015 connmendabatur
1032 1960 1206 2013 unitas
1246 1962 1486 2028 corporis
1525 1960 1801 2014 clamantis

213 2068 249 2108 a
294 2052 487 2107 ﬁnibus
530 2053 728 2107 terras?
765 2052 914 2107 Alius
963 2066 1066 2105 non
1114 2049 1417 2115 satiabatur,
1473 2050 1575 2104 nisi
1617 2065 1801 2105 rursus

212 2155 361 2200 mota
388 2142 574 2199 fuisset
597 2144 820 2214 piscina.
854 2142 1192 2214 Signiﬁcabat
1216 2158 1343 2213 ergo
1385 2143 1598 2211 piscina:
1626 2154 1800 2197 motus

214 2236 671 2305 perturbationem
713 2236 891 2305 populi
915 2234 1247 2299 .ludmorum,
1285 2235 1498 2304 quando
1523 2235 1666 2289 venit
1690 2234 1795 2288 Do-

214 2331 395 2385 minus
412 2329 566 2385 Jesns
594 2329 859 2383 Christus.
892 2328 1077 2399 Angeli
1101 2330 1244 2382 enim
1275 2327 1505 2380 adventu
1535 2326 1799 2396 intellige-

215 2419 378 2475 batur
396 2420 596 2474 moveri
619 2434 750 2490 aqua
783 2421 836 2472 in
861 2418 1083 2489 piscina.
1110 2419 1259 2487 Aqua
1289 2432 1416 2487 ergo
1440 2417 1611 2471 cincta
1636 2414 1798 2485 porti-

212 2511 370 2568 cibus
408 2512 659 2581 quinque,
705 2525 836 2581 gens
870 2518 986 2565 erat
1011 2508 1193 2563 Judzea
1221 2508 1393 2562 cincta
1435 2506 1595 2576 Lege.
1647 2507 1713 2560 Et
1743 2506 1795 2561 in

213 2603 506 2676 porticibus
534 2604 716 2673 διενοιί
736 2602 1004 2673 jacebant,
1040 2612 1094 2656 et
1120 2601 1175 2655 in
1198 2602 1311 2656 sola
1349 2615 1483 2671 aqua
1512 2601 1716 2655 turbata
1740 2607 1797 2655 et

210 2708 360 2754 mota
388 2697 736 2752 sanabuntur.
787 2695 942 2750 Venit
970 2695 1242 2761 Dominus,
1287 2692 1492 2748 turbata
1525 2702 1605 2747 est
1633 2708 1790 2762 aqua,

215 2787 502 2844 cruciﬁxus
530 2796 640 2852 est;
681 2784 968 2841 descendat
1007 2794 1064 2839 ut
1113 2793 1333 2839 sanetur
1361 2791 1609 2853 aegrotus.
1657 2781 1794 2848 Quid

208 2888 311 2945 est,
344 2877 668 2934 descendat?
694 2876 945 2931 llumilict
977 2891 1054 2931 sc.
1086 2874 1224 2945 Ergo
1257 2875 1576 2945 quicumque
1604 2872 1793 2927 amatis

210 2969 440 3026 litteram
471 2970 586 3025 sine
619 2970 809 3041 gratia,
850 2971 901 3023 iit
934 2968 1222 3040 porticibus
1249 2968 1625 3032 remanebitis;
1655 2968 1784 3036 aegri

210 3063 379 3126 eritis,
408 3060 672 3131 iacentes,
707 3075 813 3116 non
842 3062 1314 3115 convalescentes:
1341 3060 1408 3113 de
1439 3060 1611 3113 littera
1641 3061 1784 3112 enim

210 3154 553 3227 prtesumitis.
588 3151 652 3209 Si
688 3153 818 3207 enim
856 3152 977 3206 data
1014 3163 1137 3207 esset
1175 3153 1257 3206 lea:
1282 3167 1394 3223 quae
1416 3162 1583 3223 posset
1624 3151 1821 3220 vivi/ir

209 3261 346 3311 care,
367 3246 571 3300 omnino
592 3261 655 3299 ea:
674 3245 783 3315 lege
806 3254 931 3299 esset
946 3245 1168 3315 justitia.
1196 3245 1300 3299 Sed
1331 3245 1452 3298 data
1484 3255 1565 3299 est
1594 3244 1698 3310 lex,
1733 3253 1792 3300 ut

208 3351 334 3393 reos
374 3351 471 3393 vos
501 3341 719 3404 taceret,
760 3338 837 3392 rei
881 3337 1003 3392 facti
1036 3338 1312 3402 timeretis,
1347 3336 1592 3392 timentes
1618 3336 1790 3390 indol-

209 3431 436 3500 gentiam
476 3430 748 3499 peteretis,
771 3429 879 3497 jam
905 3429 974 3484 de
1005 3429 1205 3483 viribus
1233 3430 1422 3483 vestris
1460 3444 1563 3482 non
1588 3445 1791 3499 pnesu-

212 3522 448 3587 meretis,
478 3520 545 3575 de
574 3520 748 3575 littera
779 3534 876 3573 vos
911 3537 1014 3573 non
1042 3519 1387 3574 extolleretis.
1418 3519 1547 3574 Nam
1581 3522 1689 3589 ipsa
1724 3519 1788 3574 ﬁ-

210 3627 339 3684 gura
364 3622 444 3668 est
474 3611 658 3676 etiam,
687 3611 827 3680 quod
859 3610 1064 3665 Eliseus
1096 3610 1268 3680 primo
1305 3609 1372 3663 ad
1410 3620 1675 3663 mortumn
1704 3625 1791 3663 re-

211 3703 568 3761 suscilaudutu
596 3703 838 3759 baculum
866 3704 1011 3757 misit
1041 3717 1134 3772 per
1154 3718 1387 3757 servum.
1411 3702 1649 3756 Mortuus
1675 3711 1790 3757 erat

212 3799 350 3853 ﬁlius
372 3798 543 3852 viduas
587 3798 808 3867 hospitae
838 3797 1037 3867 ipsius,
1069 3796 1366 3849 nuntiatum
1398 3803 1480 3849 est
1517 3796 1589 3861 ei,
1630 3809 1787 3850 servo

211 3906 307 3945 suo
331 3887 478 3944 dedit
520 3888 762 3943 baculttm
804 3903 1004 3941 suum:
1041 3885 1194 3953 Vade,
1228 3885 1415 3956 inquit,
1466 3901 1591 3954 pone
1631 3900 1784 3955 super

211 3990 459 4034 mortuum
496 3978 587 4047 (IV
618 3978 746 4050 Reg.
771 3992 849 4045 tv,
874 3977 991 4049 29).
1042 3976 1319 4031 Nesciebat
1348 3976 1611 4046 Propheta
1660 3974 1788 4045 qttid

212 4069 432 4141 ageret?
454 4070 735 4125 Praecessit
757 4082 963 4132 servus,
989 4068 1165 4138 posuit
1190 4067 1433 4122 baculum
1458 4082 1621 4138 super
1640 4083 1787 4121 tuor-

212 4171 379 4224 tuum,
424 4176 528 4216 non
569 4161 800 4216 surrexit
840 4170 1099 4214 mortuus.
1132 4159 1194 4214 Si
1235 4160 1366 4213 enim
1392 4160 1510 4213 data
1550 4170 1675 4215 esset
1707 4159 1790 4212 lea:

208 4270 318 4327 qua:
342 4262 503 4325 posset
552 4253 823 4323 vivi/icore,
867 4268 979 4305 vere
1005 4267 1068 4306 ea:
1112 4250 1220 4323 lege
1266 4261 1389 4305 esset
1406 4251 1627 4322 justitia.
1670 4249 1786 4305 Non

209 4346 491 4401 vivilicavit
532 4345 617 4400 lex
646 4360 738 4416 per
759 4360 970 4399 servum
999 4344 1190 4408 missa;
1225 4351 1279 4398 et
1320 4353 1493 4398 tamen
1528 4344 1615 4398 ille
1646 4344 1789 4399 misit

208 4439 454 4495 baculum
485 4452 639 4493 suum
667 4453 759 4507 per
783 4453 1017 4502 servum,
1048 4438 1135 4508 qui
1165 4447 1344 4506 postea
1376 4446 1589 4492 secutus
1621 4436 1789 4490 vivili-

208 4535 368 4588 cavit.
396 4533 634 4600 Namque
658 4547 777 4585 cum
811 4530 899 4585 ille
925 4531 1100 4585 inl'ans
1132 4546 1236 4585 non
1265 4530 1665 4596 resurrexiSset,
1696 4546 1789 4584 ve-

212 4639 287 4683 nit
326 4628 439 4695 ipse
485 4616 714 4689 Eliseus;
754 4622 863 4693 jam
914 4625 1132 4693 ﬁguram
1176 4632 1389 4691 portans
1433 4624 1661 4692 Domini,
1699 4623 1786 4693 qui

209 4734 421 4773 servum
451 4730 605 4769 suum
634 4729 754 4768 cum
784 4713 994 4777 baculo,
1028 4720 1274 4782 tauquam
1303 4728 1421 4768 cum
1449 4712 1609 4784 Lege,
1649 4731 1787 4783 prte-

210 4810 461 4870 ntiserat;
489 4808 635 4862 venit
655 4806 721 4860 ad
741 4805 1004 4875 jaceutctn
1029 4815 1318 4871 mortuum,
1348 4805 1525 4875 posuit
1551 4806 1789 4860 membra

208 4917 300 4955 Sua
328 4915 489 4968 super
522 4898 687 4952 illum.
716 4895 824 4952 'llle
866 4893 1037 4950 infans
1066 4905 1214 4959 erat;
1247 4896 1334 4952 ille
1366 4897 1583 4965 juvenis
1627 4905 1741 4949 erat
1772 4914 1785 4951 :

207 4991 470 5047 contrain
517 4997 572 5044 et
615 4987 872 5043 breviavit
908 4985 1299 5057 quodammodo
1336 4986 1630 5056 juventutis
1679 5003 1790 5042 sua:

209 5082 647 5153 magnitudinem,
672 5082 923 5152 parvulus
949 5078 1119 5134 factus
1138 5088 1199 5134 ut
1220 5090 1429 5135 mortuo
1448 5092 1783 5152 congrueret.

210 5174 446 5228 Mortuus
489 5186 618 5241 ergo
644 5171 894 5237 surrexit,
925 5185 1045 5226 cum
1073 5186 1132 5225 se
1161 5172 1309 5226 vivus
1340 5181 1550 5226 mortuo
1582 5181 1789 5243 coapta-

210 5270 281 5321 vit
310 5284 323 5320 :
358 5276 411 5319 et
457 5264 580 5318 fecit
615 5263 869 5318 Dominus
892 5263 1031 5334 quod
1073 5279 1179 5317 non
1207 5262 1331 5318 fecit
1363 5264 1615 5330 baculus;
1656 5263 1786 5320 fecit

208 5359 377 5430 gratia
407 5357 550 5426 quod
593 5372 697 5409 nou
742 5355 866 5410 fecit
895 5357 1091 5410 littera.
1123 5354 1201 5409 llli
1229 5371 1356 5425 ergo
1381 5357 1470 5425 qui
1511 5357 1562 5410 in
1597 5357 1788 5412 baculo

209 5460 598 5511 remanserunt,
641 5448 692 5502 in
723 5448 896 5502 littera
929 5449 1244 5517 gloriantur,
1292 5458 1347 5503 et
1376 5449 1494 5503 ideo
1521 5466 1626 5503 non
1652 5451 1787 5505 vivi-

211 5544 456 5597 ﬁcantur.
490 5538 603 5610 Ego
628 5549 805 5594 autem
836 5538 904 5593 de
932 5540 1098 5608 gratia
1126 5550 1213 5595 tua
1236 5542 1356 5596 volo
1382 5540 1619 5611 gloriari.
1655 5543 1787 5598 Mihi

208 5643 398 5694 autem,
425 5634 498 5686 ait
526 5631 832 5702 Apostolus,
863 5629 988 5684 absit
1027 5631 1234 5701 gloriari
1273 5633 1371 5687 nisi
1412 5633 1463 5686 in
1503 5649 1649 5687 cruce
1676 5633 1785 5688 Do.

273 5747 291 5777 ι
316 5746 387 5795 sic
420 5743 651 5793 meliores
831 5749 882 5790 Αι
906 5741 1037 5800 Edd.,
1065 5749 1172 5791 ante
1195 5742 1352 5805 ipsum
1383 5752 1560 5795 motum
1589 5757 1607 5795 :
1632 5746 1789 5796 minus

209 5810 357 5860 bene.
395 5808 511 5857 tunc
555 5818 731 5868 nempe
769 5810 935 5868 contra
980 5807 1244 5857 Donatistas
1284 5809 1518 5859 unitatem
1561 5808 1787 5862 Ecclesiae

210 5867 538 5921 commendari
561 5865 995 5929 vtdt'Augustiuus.
1698 5924 1701 5925 ν
1724 5907 1735 5915 ,

1302 370 1700 429 ENARRATIO
1738 374 1804 430 IN
1845 376 2170 437 PSALMUM
2201 379 2363 438 Lxx.
2710 375 2763 382 π*
2995 362 2998 366 λ

3391 392 3495 451 890

1924 496 2049 549 mini
2073 500 2230 552 nostri
2255 498 2376 553 Iesu
2415 497 2603 555 Christi
2643 500 2782 569 (Gal.
2813 519 2887 570 Vt,
2921 504 3032 575 Μ),
3061 505 3163 562 nisi
3201 507 3256 563 in
3282 508 3373 566 illo
3401 519 3489 582 qui

1916 604 1974 643 se
2005 591 2130 644 tnihi
2161 594 2309 647 vivus
2339 604 2567 660 mortuo,
2613 606 2668 649 ut
2712 613 3063 668 resurgerem,
3101 606 3399 670 cooptavit;
3434 619 3488 662 ut

1910 680 2020 749 jam
2049 699 2153 737 non
2185 699 2283 754 ego
2308 686 2560 751 viverem,
2594 687 2792 742 viveret
2839 703 3014 745 autem
3044 693 3094 746 in
3136 710 3221 749 me
3243 694 3485 752 Christus

1916 772 2025 843 (Id.
2063 791 2118 841 tt,
2159 776 2267 846 20).
2304 778 2357 831 ln
2392 786 2500 847 ipsa
2547 782 2712 851 gratia
2744 784 2991 852 glorians.
3023 787 3355 840 litteraturam
3385 807 3483 843 non

1914 869 2123 938 cognovi
2153 884 2171 922 :
2201 870 2249 921 id
2280 880 2383 936 est,
2419 872 2659 929 homines
2690 874 2754 928 dc
2782 876 2952 930 lilll‘l'a
2997 891 3404 947 pnestttnentes,
3436 893 3487 938 et

1911 973 1941 1011 a
1969 960 2132 1026 gratia
2165 962 2481 1026 resilientes,
2512 974 2624 1019 toto
2652 969 2812 1020 corde
2838 971 3135 1034 reprobavi.

1982 1052 2070 1105 20.
2114 1051 2262 1124 [vers.
2296 1054 2407 1127 16.]
2448 1056 2631 1112 Merito
2680 1062 2938 1130 sequitur,
2975 1062 3200 1118 lnlroibo
3228 1065 3279 1117 in
3310 1075 3486 1135 potem
3562 1118 3571 1125 .

1912 1146 2031 1197 tiam
2061 1144 2303 1201 Domini:
2330 1166 2431 1200 non
2466 1166 2655 1215 meum,
2678 1154 2770 1206 sed
2805 1153 3024 1208 Domini.
3057 1156 3183 1210 Nam
3213 1158 3286 1213 illi
3318 1160 3368 1212 in
3397 1175 3485 1229 po-

1912 1240 2071 1292 tentia
2120 1256 2213 1292 sna
2244 1240 2312 1294 de
2355 1242 2522 1294 littera
2569 1244 2776 1311 gloriati
2822 1258 2978 1306 sunt;
3023 1248 3140 1302 ideo
3184 1249 3484 1319 adjunctam

1910 1330 2100 1385 littera'
2120 1334 2341 1401 gratiam
2366 1350 2468 1387 non
2489 1349 2865 1402 cognoverunt.
2891 1338 3019 1393 Nam
3050 1339 3153 1394 Lex
3169 1358 3258 1412 per
3279 1342 3484 1412 Moysen

1908 1424 2026 1477 dum
2048 1437 2156 1487 est;
2184 1428 2348 1496 gratia
2381 1437 2427 1478 et
2446 1429 2623 1479 veritos
2646 1446 2732 1496 per
2755 1428 2928 1482 Jesum
2958 1431 3206 1483 (.‘Itristnin
3235 1434 3369 1498 {netu
3390 1444 3483 1487 est.

1907 1516 2024 1586 Ipso
2049 1518 2190 1572 enim
2219 1520 2363 1573 venit
2394 1527 2451 1572 ut
2482 1518 2672 1587 Legem
2702 1521 2969 1587 impleret,
3008 1522 3218 1589 quando
3252 1525 3481 1577 charito-

1907 1618 2012 1664 tem
2044 1610 2279 1672 donavit,
2308 1626 2402 1679 per
2429 1626 2584 1679 quam
2609 1610 2713 1664 Lex
2748 1621 2928 1680 posset
2954 1612 3176 1681 impleri.
3213 1613 3483 1669 Plenitudo

1906 1701 2037 1754 enim
2067 1699 2216 1772 Legis
2244 1701 2461 1755 Charitas
2489 1699 2670 1769 (Rom.
2701 1717 2813 1762 χιιι.
2846 1702 2952 1770 l0).
2990 1702 3062 1756 Illi
3095 1720 3198 1756 non
3228 1703 3483 1761 habentes

1906 1793 2239 1849 charitatrtn,
2286 1792 2333 1845 id
2372 1803 2473 1853 est,
2519 1808 2621 1845 non
2673 1789 2925 1846 hab-rules
2969 1794 3222 1861 Spiritum
3273 1798 3480 1865 gratim,

1902 1885 2027 1961 quia
2062 1884 2283 1938 clam-itas
2325 1883 2418 1937 Dei
2451 1883 2640 1951 diffusa
2681 1894 2754 1937 est
2794 1885 2845 1937 in
2882 1884 3114 1938 cordibus
3151 1888 3352 1948 noxtris,
3393 1902 3480 1957 per

1906 1977 2156 2048 Spiritum
2192 1987 2420 2031 sanctum
2459 1976 2544 2048 qui
2584 1978 2732 2030 datus
2772 1985 2846 2030 est
2885 1976 3024 2031 nobis
3055 1975 3167 2049 (Id.
3197 1993 3253 2042 ν,
3279 1977 3354 2050 5),
3388 1994 3475 2033 re-

1905 2078 2217 2125 manserunt
2241 2070 2531 2140 gloriantes
2559 2069 2610 2122 in
2645 2068 2838 2123 littera.
2871 2069 2973 2124 Sed
3002 2071 3122 2139 quia
3154 2072 3318 2125 littera
3347 2072 3476 2125 orci.

1901 2162 2013 2226 dit;
2038 2162 2245 2231 spiritus
2279 2170 2444 2214 autem
2473 2161 2732 2229 vivi/icat;
2767 2177 2866 2214 non
2895 2161 3105 2230 cognovi
3126 2162 3475 2228 litteraturam,

1902 2261 1956 2307 et
1983 2252 2197 2306 introibo
2226 2253 2280 2305 in
2323 2252 2595 2322 potentiam
2639 2249 2865 2306 Domini.
2897 2252 3017 2306 Ideo
3049 2267 3239 2307 versus
3264 2252 3365 2309 iste
3394 2268 3477 2309 se-

1902 2360 2073 2414 quens
2109 2342 2388 2398 conﬁrmat
2429 2342 2742 2412 perﬁcitque
2787 2343 3131 2405 sententiam,
3176 2343 3245 2399 ita
3278 2353 3333 2398 ut
3362 2358 3478 2399 eam

1903 2440 2027 2510 ﬁgat
2080 2439 2132 2492 in
2175 2437 2427 2493 cordibus
2478 2436 2788 2499 hominum,
2846 2451 2946 2491 nec
2993 2436 3153 2490 alium
3210 2437 3480 2506 permittat

1900 2535 2117 2587 omnino
2147 2533 2386 2602 irrepere
2427 2531 2535 2587 ulla
2575 2546 2644 2585 ex
2675 2539 2823 2600 parte
2864 2530 3211 2584 intellectum.
3240 2528 3478 2596 Domine,

1898 2626 2215 2679 memorabor
2227 2624 2444 2695 justitia:
2469 2634 2570 2678 tua:
2600 2622 2776 2676 solius.
2808 2621 2852 2677 Ο
2875 2622 3071 2677 solius!
3099 2620 3233 2689 Quid
3256 2621 3477 2687 addidit,

1898 2715 2097 2770 solius?
2133 2730 2262 2786 rogo
2289 2731 2402 2769 vos.
2434 2716 2738 2779 Sulﬁcerct,
2766 2712 3082 2767 memorabor
3099 2713 3315 2785 justitia:
3357 2723 3475 2767 tute.

1900 2806 2092 2871 Solius,
2133 2806 2320 2877 inquit,
2351 2819 2571 2876 prorsus
2603 2822 2617 2860 :
2648 2805 2719 2860 ibi
2761 2820 2933 2859 meam
2984 2805 3306 2874 nonrcogito.
3341 2803 3477 2869 Quid

1897 2898 2030 2952 enim
2054 2897 2206 2952 habes
2235 2896 2370 2965 quod
2409 2915 2510 2952 non
2544 2898 2818 2969 accepisti?
2867 2897 2929 2953 Si
2952 2909 3116 2951 autem
3145 2908 3189 2952 et
3216 2898 3470 2966 accepisti,

1896 2989 2017 3055 quid
2045 2987 2279 3060 gloriaris
2303 2990 2448 3061 quasi
2471 3005 2571 3043 non
2598 2990 2850 3058 occeperis
2877 2988 2917 3060 (l
2948 2990 3064 3042 Cor.
3094 3004 3166 3053 tv,
3198 2986 3291 3061 7)?
3314 2988 3476 3044 Justi-

1898 3081 1971 3135 tia
2001 3089 2085 3135 tua
2121 3082 2232 3136 sola
2261 3096 2346 3136 me
2388 3080 2615 3147 liberat;
2646 3096 2761 3136 mea
2789 3081 2899 3136 sola
2938 3099 3041 3135 non
3070 3093 3191 3135 sunt
3221 3082 3316 3136 nisi
3349 3097 3471 3150 pec-

1895 3180 2035 3227 cata.
2063 3171 2176 3227 Non
2206 3173 2405 3243 glorier
2427 3188 2556 3243 ergo
2580 3173 2646 3228 de
2669 3173 2866 3227 viribus
2893 3174 3061 3239 meis;
3092 3190 3196 3228 non
3220 3174 3269 3227 in
3301 3174 3473 3230 littera

1895 3280 2198 3321 remaneam
2226 3283 2238 3321 :
2266 3265 2544 3334 reprobem
2595 3265 2966 3331 litteraturam,
3015 3266 3065 3320 id
3109 3277 3191 3322 est
3232 3267 3474 3323 homines

1893 3356 1960 3412 de
2007 3356 2181 3411 littera
2228 3358 2540 3426 gloriantes,
2584 3366 2639 3413 et
2679 3357 2746 3413 de
2794 3359 2905 3414 suis
2953 3357 3154 3412 viribus
3198 3373 3470 3427 perverse,

1896 3460 2143 3521 tanquam
2168 3449 2523 3520 phreneticos,
2553 3461 2973 3521 prro-sumentes;
3000 3452 3280 3521 reprobem
3314 3453 3469 3518 tales,

1893 3544 2083 3598 intretn
2108 3544 2157 3597 in
2190 3545 2475 3612 potentiam
2507 3544 2729 3609 Domini,
2758 3553 2813 3596 ιιι
2834 3544 3045 3613 quando
3068 3544 3308 3597 inﬁrmus
3328 3559 3466 3609 sum,

1896 3648 2021 3690 tunc
2048 3645 2234 3705 potens
2273 3636 2407 3699 sint;
2454 3644 2512 3688 ut
2554 3644 2608 3688 tu
2640 3635 2691 3687 iu
2733 3650 2820 3689 me
2863 3637 2935 3691 sis
2984 3644 3192 3704 potens,
3221 3635 3472 3704 quoniam

1892 3729 2203 3783 memorabor
2222 3728 2439 3799 justitia:
2462 3735 2562 3781 tute
2587 3729 2764 3781 solius.

2555 3874 2725 3915 SBBIO
2753 3874 2812 3914 ll.

2320 3978 2396 4034 De
2422 3978 2639 4033 secunda
2662 3990 2805 4050 parte
2833 3974 3046 4031 Psalmi.

1963 4119 2017 4173 1.
2058 4114 2292 4172 Gratiam
2321 4116 2436 4181 Dei,
2466 4130 2568 4185 qua
2594 4115 2757 4184 gratis
2796 4113 2929 4168 salvi
2958 4111 3082 4168 facti
3115 4126 3320 4178 sumus,
3352 4112 3471 4167 uul-

1893 4211 1957 4265 lis
1993 4210 2189 4264 nostris
2219 4208 2423 4263 meritis
2445 4206 2883 4277 praecedentibus.
2918 4205 3017 4260 nisi
3041 4204 3236 4275 quibus
3263 4204 3471 4273 suppli-

1891 4304 2031 4359 cium
2073 4302 2387 4369 debebatur,
2437 4302 2538 4356 isto
2569 4300 2930 4357 commendari
2963 4300 3188 4369 psalmo,
3224 4298 3471 4353 hesterna

1892 4395 1978 4451 die
2005 4395 2385 4448 insinuavimus
2402 4394 2656 4449 Charitati
2681 4393 2881 4448 Vestrae
2903 4408 3170 4462 :cumque
3199 4391 3475 4447 tractando

1892 4484 2139 4557 quoniam
2169 4486 2320 4538 linire
2349 4485 2705 4554 nequivimus,
2733 4492 3025 4538 extremam
3048 4483 3163 4552 ejus
3190 4493 3390 4553 partem
3418 4483 3471 4537 in

1895 4575 2201 4631 hodiernam
2232 4574 2372 4629 diem
2403 4574 2723 4641 distulimus,
2773 4574 3144 4642 promittentes
3173 4574 3225 4629 in
3257 4573 3474 4628 nomine

1896 4666 2102 4721 Domini
2136 4682 2234 4720 nos
2268 4665 2504 4720 debitum
2549 4666 2833 4720 soluturos.
2877 4662 3032 4732 Quod
3065 4663 3303 4719 solvendi
3343 4679 3475 4730 quo-

1895 4758 2035 4812 niam
2068 4768 2276 4827 tempus
2302 4767 2403 4823 cst,
2437 4758 2678 4811 adestote
2704 4757 2904 4816 animo.
2942 4764 3189 4826 tauquam
3216 4769 3346 4825 agro
3378 4756 3479 4808 ler-

1897 4849 1993 4909 tili,
2026 4847 2111 4901 ubi
2137 4856 2186 4901 et
2224 4862 2405 4901 semen
2435 4846 2816 4914 multiplicetis,
2849 4854 2903 4899 et
2934 4846 3123 4914 pluviae
3150 4844 3339 4914 ingrati
3376 4862 3442 4897 no
3470 4870 3475 4875 ~

1895 4941 2030 4994 sitis.
2058 4939 2559 4994 Commendavimns
2581 4937 2832 4992 hesterno
2852 4937 2939 4992 die
2974 4938 3180 4991 titulum
3203 4937 3351 5006 ejus;
3387 4939 3476 4989 sm:

1897 5039 2114 5100 preptcr
2144 5029 2500 5085 renovandam
2530 5029 2878 5083 intentionem
2907 5038 3161 5090 vestram,
3190 5038 3244 5083 et
3288 5027 3370 5082 his
3405 5028 3478 5079 in-

1898 5122 2189 5177 timandum
2217 5120 2307 5192 qui
2337 5123 2449 5177 heri
2500 5123 2748 5178 absentes
2792 5121 3025 5181 fuerunt,
3054 5120 3284 5176 breviter
3322 5135 3473 5174 com-

1897 5230 2258 5269 mcmoratnus
2281 5214 2422 5284 quod
2448 5215 2682 5270 recolant
2708 5214 2797 5285 qui
2819 5216 3117 5279 audierunt,
3140 5212 3352 5266 audiant
3388 5213 3475 5281 qui

1898 5306 2217 5361 nescierunt.
2248 5305 2502 5360 Filiorum
2528 5305 2770 5361 Jouadab
2789 5305 3033 5362 Psalmus
3059 5312 3176 5369 est;
3205 5302 3344 5374 quod
3376 5320 3474 5357 no-

1899 5416 2021 5455 men
2075 5401 2453 5470 interpretatur
2506 5401 2714 5455 Domini
2767 5399 3101 5469 Spoutaneus
3151 5416 3167 5453 :
3220 5398 3471 5467 quoniam

1897 5502 2211 5563 spontanea,
2239 5494 2339 5547 hoc
2359 5502 2442 5548 est
2464 5493 2621 5558 bona,
2646 5509 2797 5564 pura,
2827 5493 3031 5545 sincera
3058 5502 3111 5547 et
3136 5488 3367 5559 perfecti
3392 5504 3472 5542 vo-

1898 5586 2120 5650 luntate,
2183 5599 2288 5640 non
2332 5586 2454 5640 ﬁcto
2498 5585 2661 5640 corde
2706 5584 2930 5637 Domino
2973 5582 3310 5638 serviendum
3353 5589 3472 5646 est;

1897 5676 2036 5748 quod
2068 5678 2226 5730 etiam
2270 5677 2397 5730 illttd
2444 5676 2638 5730 indicat
2677 5675 2766 5730 ubi
2795 5674 2994 5727 dictqu
3041 5683 3143 5738 est,
3186 5671 3472 5727 Voluntaria

1897 5769 2189 5839 sacriﬁcabo
2221 5769 2306 5823 tibi
2332 5766 2501 5839 (Psal.
2534 5783 2647 5834 LIII,
2688 5769 2765 5837 8).
2802 5766 2950 5822 Filiis
2982 5766 3157 5837 hujus,
3199 5763 3251 5820 id
3279 5776 3380 5830 est,
3409 5765 3473 5819 li-

1900 5862 1989 5918 liis
2030 5860 2346 5919 obedientia:
2388 5866 2629 5918 cantatur
2651 5858 2915 5930 Psalmus,
2956 5865 3015 5915 et
3057 5856 3144 5914 his
3182 5857 3277 5930 qui
3316 5854 3474 5928 primi
