3966 6458
502 425 595 481 891

503 536 695 609 captivi
723 534 867 592 ducti
893 534 1036 599 sunt,
1064 541 1125 588 ut
1168 538 1486 605 agnoscatur
1511 526 1596 584 hic
1619 524 1850 598 gemitus
1876 531 2082 590 noster,

503 640 559 690 et
584 627 933 688 sutﬁciatdiei
959 624 1158 681 malitia
1182 639 1276 680 sua
1304 622 1519 698 (Matth.
1542 636 1614 686 vi,
1642 618 1756 690 5t).
1780 617 1896 673 .lam
1920 616 2085 682 enim,

501 723 551 780 si
595 720 809 794 superbi
855 718 1209 781 deseruimus,
1260 717 1340 771 vel
1386 714 1586 786 fatigati
1628 713 1931 771 redeamus.
1981 709 2091 767 Nec

507 816 668 875 rediri
700 816 799 872 nisi
832 830 926 887 per
944 813 1168 886 gratiam
1201 820 1394 883 potest.
1418 808 1601 867 Gratia
1626 808 1790 880 gratis
1819 805 1942 862 data
1971 814 2086 862 est:

506 929 628 970 nam
649 911 748 967 nisi
779 911 945 981 gratis
969 918 1136 977 esset,
1166 908 1333 983 gratia
1367 923 1471 962 non
1494 916 1659 962 esset.
1692 904 1860 961 Porro
1886 914 2088 973 autem,

509 1010 553 1061 si
603 1014 880 1079 propterea
911 1004 1080 1079 gratia
1125 1015 1228 1065 εει,
1258 1003 1379 1077 quia
1420 1000 1583 1072 gratis
1612 1009 1715 1068 est,
1770 999 1901 1055 nihil
1945 1010 2091 1054 tuum

509 1096 805 1168 prmcessit,
840 1104 895 1151 ut
923 1097 1215 1167 acciperes.
1240 1094 1369 1153 Nam
1396 1095 1438 1148 si
1456 1095 1628 1167 aliqua
1657 1094 1794 1149 bona
1821 1108 1981 1164 opera
2008 1104 2097 1153 tua

512 1199 922 1259 praecesserunt,
979 1187 1204 1260 pretium
1260 1186 1534 1256 accepisti,
1588 1201 1693 1241 non
1746 1186 1911 1257 gratis
1937 1202 1950 1238 :
1976 1199 2096 1256 pre-

511 1282 640 1337 tium
683 1280 1035 1352 autemquod
1084 1279 1238 1336 nobis
1272 1278 1584 1347 debebatur,
1634 1278 1954 1351 supplic-ium
1991 1288 2094 1335 est.

511 1374 663 1444 Quod
695 1389 823 1446 ergo
864 1374 1169 1438 liberamur,
1206 1387 1309 1427 non
1340 1373 1538 1427 nostris
1575 1372 1801 1438 meritis,
1834 1371 1928 1427 sed
1958 1371 2101 1429 illius

515 1466 683 1537 gratia
713 1475 817 1521 est.
847 1463 996 1519 Illum
1026 1479 1155 1534 ergo
1185 1463 1492 1526 laudemus;
1525 1460 1598 1518 illi
1635 1471 1801 1517 totmn
1830 1460 1973 1532 quod
2003 1476 2098 1516 su-

511 1573 654 1624 mus,
692 1566 748 1612 et
783 1556 922 1626 quod
968 1556 1099 1612 salvi
1134 1554 1415 1623 efﬁcimur,
1462 1554 1781 1611 debeamus.
1830 1554 1910 1609 Ad
1957 1555 2101 1626 quod

513 1648 793 1713 cauclusit,
831 1664 951 1703 cum
991 1648 1153 1704 multa
1191 1647 1431 1709 dixisset,
1458 1646 1683 1705 dicens:
1716 1645 1951 1715 Domine,
1991 1664 2100 1704 me-

514 1740 980 1812 moraborjnrtitiw
999 1751 1101 1794 tate
1123 1740 1299 1798 solius.
1326 1739 1403 1794 Ad
1428 1741 1585 1794 istum
1610 1755 1823 1796 versum
1850 1739 2101 1796 conclusa

524 1842 607 1889 est
637 1833 884 1887 hesterna
931 1832 1241 1889 tractactio:
1270 1832 1433 1888 Primi
1482 1847 1612 1903 ergo
1653 1833 1871 1903 Captivi,
1920 1832 1970 1888 id
1997 1842 2100 1900 est,

518 1926 847 1998 pertinentes
880 1925 948 1981 ad
978 1926 1206 1993 priuunn
1239 1924 1549 1981 hominem:
1585 1936 1801 1996 preptcr
1828 1927 1927 1980 hoc
1960 1926 2104 1983 enim

515 2018 730 2089 captivi,
765 2027 980 2089 ριιψιιπ
1006 2020 1234 2090 primum
1266 2019 1533 2075 hominem
1567 2022 1618 2074 in
1648 2035 1757 2093 quo
1782 2036 1969 2076 onmes
1991 2036 2107 2076 mo-

515 2112 717 2175 rimnr;
741 2113 863 2181 quia
891 2129 988 2166 non
1015 2113 1155 2182 prius
1175 2113 1308 2185 quod
1326 2113 1592 2185 epiritnnle
1612 2124 1701 2177 est.
1727 2115 1815 2171 sed
1835 2115 1968 2187 quod
1989 2117 2106 2171 ani-

517 2202 649 2257 male
676 2213 847 2274 postea
893 2203 1158 2277 spirituale
1210 2202 1251 2277 (Ι
1283 2203 1402 2259 Cor.
1445 2221 1537 2271 xv,
1576 2207 1688 2277 46).
1743 2207 1965 2276 l’ropter
1993 2208 2107 2280 pri-

517 2310 664 2351 mum
689 2295 957 2351 hominem
986 2296 1143 2369 primi
1170 2296 1362 2365 captivi
1388 2316 1402 2352 :
1437 2307 1654 2369 propter
1682 2299 1971 2359 secundum
2005 2298 2106 2359 bo-

519 2385 717 2443 minem
767 2387 984 2442 secundi
1036 2387 1315 2458 redempti.
1361 2387 1495 2445 Nam
1544 2400 1602 2446 et
1650 2390 1763 2462 ipsa
1811 2392 2108 2464 redemptio

522 2476 717 2530 clanmt
739 2476 1095 2546 captivitatem
1120 2489 1377 2535 nostram.
1409 2479 1561 2537 Unde
1583 2482 1724 2537 enim
1752 2482 2033 2553 redempti,
2063 2485 2111 2543 si

522 2582 631 2623 non
653 2577 804 2623 antea
832 2568 1057 2639 captivi?
1090 2570 1153 2625 Et
1178 2586 1297 2627 eam
1327 2560 1685 2644 captivitatem
1714 2576 2020 2646 capressius
2042 2578 2111 2634 ab

525 2660 782 2732 Apustqu
814 2661 1129 2718 insinuatam
1158 2679 1224 2721 ex
1257 2666 1489 2737 Epistula
1519 2668 1655 2739 ejus,
1683 2671 1842 2725 verba
1866 2672 2109 2741 quadam

522 2761 1026 2819 commemorantes,
1058 2756 1462 2829 iusinuavimus,
1500 2768 1555 2816 et
1580 2762 1913 2834 repetimus:
1955 2762 2112 2823 Video

524 2843 679 2898 aliam
700 2844 856 2918 legem
894 2849 946 2901 in
973 2849 1207 2904 membris
1232 2852 1372 2916 meis,
1413 2863 1776 2925 repugnantem
1801 2855 1902 2927 legi
1933 2858 2113 2919 menti;

526 2954 670 3002 ntere.
694 2950 738 2993 et
775 2942 1028 3011 captivum
1063 2959 1141 2998 me
1172 2943 1431 3002 ducentem
1455 2947 1508 3003 in
1528 2946 1636 3022 tege
1659 2950 1874 3021 peccati,
1904 2966 2017 3019 quat
2038 2962 2113 3009 est

524 3029 578 3083 in
601 3028 832 3086 membris
859 3033 980 3087 meis
1008 3032 1183 3105 (Rom.
1216 3051 1311 3105 vn,
1336 3036 1455 3109 23).
1485 3037 1601 3113 lpsa
1629 3051 1711 3097 est
1741 3043 1909 3114 prima
1939 3046 2111 3116 capti-

526 3121 663 3177 vitas
692 3133 891 3191 nostra,
925 3140 1023 3195 qua
1052 3128 1374 3198 concupiscit
1417 3129 1673 3189 adversus
1710 3133 1955 3204 spiritum
1987 3150 2117 3193 caro

531 3209 671 3285 (Gal.
725 3230 780 3277 ν.
814 3215 924 3286 i7).
963 3216 1116 3272 Venit
1157 3229 1333 3274 autem
1375 3219 1475 3276 hoc
1499 3221 1567 3278 de
1617 3213 1769 3294 poena
1801 3226 2025 3296 peccati,
2059 3238 2119 3289 ιιι

529 3304 690 3358 homo
717 3305 973 3362 adversus
1002 3310 1233 3378 seipsttm
1261 3310 1608 3380 divideretur,
1637 3316 1726 3386 qui
1757 3317 1845 3371 uni
1868 3318 2117 3377 subditus

536 3409 656 3451 esse
707 3396 895 3450 noluit.
939 3396 1080 3453 Nihil
1130 3403 1270 3456 enim
1316 3412 1421 3458 tam
1457 3406 1672 3476 expedit
1723 3409 1915 3466 animm
1954 3426 2117 3482 quam

531 3485 769 3543 obedire.
792 3487 858 3544 Et
884 3490 926 3544 si
954 3492 1166 3562 expedit
1191 3495 1381 3551 animai
1407 3497 1624 3554 obedire
1646 3501 1696 3554 in
1719 3516 1874 3557 servo
1903 3511 1959 3559 ut
1986 3502 2119 3563 obe~

529 3574 641 3635 diat
669 3580 907 3649 domino,
958 3582 1009 3638 in
1058 3584 1167 3639 tilio
1213 3596 1267 3643 ut
1313 3588 1528 3647 ohediat
1567 3593 1725 3661 patri,
1770 3594 1821 3648 in
1853 3611 2018 3654 uxore
2058 3606 2117 3657 ut

530 3668 746 3726 obediat
787 3673 939 3740 viro;
981 3686 1181 3745 quanto
1226 3679 1394 3750 magis
1445 3682 1495 3735 in
1541 3681 1759 3742 homine
1809 3694 1864 3742 ut
1899 3688 2119 3749 obcdiat

533 3763 680 3819 Deo?
706 3765 777 3820 Ev
787 3780 965 3835 pertus
984 3785 1111 3840 ergo
1126 3771 1320 3827 malum
1341 3774 1506 3830 Adam
1529 3780 1733 3834 :omnis
1751 3791 1927 3836 autem
1955 3783 2115 3840 homo

529 3857 733 3921 Adam;
761 3860 897 3915 sicut
925 3862 975 3916 in
1000 3862 1082 3918 his
1105 3865 1193 3935 qui
1214 3867 1551 3925 crmllderunt
1577 3865 1750 3928 omnis
1784 3875 1941 3931 homo
1962 3874 2117 3934 Chri-

530 3962 666 4018 Slus,
694 3955 814 4023 quia
860 3957 1097 4013 membra
1132 3969 1254 4015 sunt
1281 3960 1480 4019 Christi
1506 3982 1520 4019 :
1550 3977 1801 4037 expertus
1827 3984 1956 4041 ergo
1994 3987 2111 4028 ma-

529 4043 636 4098 lum
667 4046 807 4115 quod
855 4063 959 4101 non
990 4047 1174 4106 debuit
1214 4054 1462 4123 experiri,
1510 4057 1555 4113 si
1605 4060 1847 4118 crederet
1891 4064 2111 4132 dicenti,

529 4132 658 4190 Noli
673 4147 875 4210 tangere
904 4137 1054 4212 (Gen.
1084 4157 1139 4206 ιι,
1164 4144 1284 4217 l7);
1314 4158 1562 4218 expertus
1578 4165 1704 4224 ergo
1729 4154 1947 4224 malum,
1970 4168 2115 4231 post-

529 4242 591 4280 ea
640 4229 827 4284 saltem
868 4230 1200 4303 obtemperet
1256 4243 1532 4311 prmceptis
1576 4240 1766 4302 medici
1809 4257 1866 4304 ut
1906 4229 2109 4324 surgat,

529 4319 617 4389 qui
647 4320 809 4375 noluit
840 4324 1058 4381 credere
1096 4327 1306 4385 medico
1348 4341 1405 4389 ut
1437 4350 1539 4390 non
1566 4349 1868 4410 :rgrotaret.
1900 4319 2031 4400 Nam
2062 4319 2116 4404 et

532 4424 664 4467 sano
702 4414 870 4470 bonus
901 4426 954 4472 et
983 4419 1151 4475 ﬁdelis
1181 4423 1417 4481 medicus
1441 4426 1533 4482 dat
1575 4442 1919 4503 pra-ceptum,
1950 4454 2015 4493 ne
2046 4438 2111 4499 sit

531 4502 604 4557 illi
633 4508 988 4565 necessarius.
1018 4509 1128 4569 Non
1158 4522 1242 4569 est
1267 4516 1407 4571 enim
1450 4520 1595 4577 Sanis
1635 4528 1973 4582 necessarius
2001 4545 2117 4585 mea

529 4593 700 4663 dicus,
750 4600 844 4656 sed
894 4604 1031 4658 male
1081 4605 1395 4663 habentilms
1442 4610 1653 4682 (Matth.
1706 4632 1779 4681 ιιι,
1822 4618 1934 4691 12).
1980 4622 2115 4685 Boni

531 4696 707 4742 autem
725 4692 881 4745 amici
913 4693 1123 4763 medici,
1153 4698 1240 4768 qui
1268 4699 1449 4757 uolunt
1479 4707 1711 4763 vendere
1739 4720 1909 4767 artem
1936 4728 2111 4783 suam,

531 4787 582 4835 et
625 4781 741 4850 plus
792 4780 1021 4854 gaudent
1066 4787 1132 4843 ad
1174 4804 1336 4847 sanus
1378 4809 1533 4864 quam
1574 4797 1639 4854 ad
1681 4813 1930 4871 trgrotos,
1984 4780 2115 4867 dant

530 4873 771 4944 qua-dam
807 4890 1066 4949 praecepta
1097 4883 1259 4949 sanis,
1283 4902 1399 4957 qua:
1417 4889 1749 4947 observando
1772 4896 1819 4951 in
1849 4900 2109 4965 mgritudi-

530 4982 651 5021 nem
696 4984 800 5023 non
827 4970 1035 5027 cadant.
1068 4973 1236 5031 Porro
1274 4989 1449 5036 autem
1495 4982 1566 5039 illi
1607 4985 1652 5041 si
1685 5002 1944 5061 prmeepta
1977 5009 2111 5050 con-

530 5063 862 5131 tempserint,
894 5074 948 5120 et
973 5065 1025 5121 iu
1065 5070 1431 5140 :egritudinem
1481 5077 1782 5146 inciderint,
1808 5087 2107 5156 supplicant

528 5154 777 5210 medico:
809 5173 966 5228 quem
1010 5172 1442 5231 contempserunt
1489 5171 1627 5237 sani,
1674 5154 2107 5250 roganta-groti.

535 5243 739 5301 Utinam
778 5249 964 5304 saltem
1011 5256 1225 5324 rogent!
1257 5271 1324 5312 ne
1354 5274 1446 5330 per
1473 5258 1675 5319 febrem
1704 5243 1882 5324 mente
1909 5272 2111 5338 perdita

528 5348 578 5391 et
606 5338 865 5394 medicmn
893 5342 1119 5400 credant.
1144 5348 1380 5405 Audi~tis
1408 5355 1587 5421 modo,
1616 5373 1735 5413 eum
1764 5360 2109 5434 Evangelium

532 5430 820 5503 legeretur,
852 5438 1293 5504 quemadmodum
1336 5444 1385 5498 in
1416 5447 1532 5502 illus
1560 5450 1697 5507 dicta
1741 5454 1807 5509 sit
1836 5430 2106 5525 parabola.

526 5514 712 5573 Mentis
754 5535 897 5573 sana:
923 5536 1075 5577 erant
1114 5527 1200 5596 qui
1232 5527 1523 5588 dixerunt:
1562 5533 1658 5590 llic
1686 5550 1756 5592 est
1788 5514 1981 5609 ln'z'res;
2030 5562 2113 5603 ve-

527 5612 649 5675 nite,
679 5613 966 5670 oreidumns
983 5633 1115 5680 eum,
1146 5628 1192 5672 et
1231 5635 1402 5676 nostra
1430 5626 1519 5679 erit
1552 5629 1818 5688 lm'rcditas
1856 5633 1965 5707 (Id.
1997 5655 2107 5706 nt,

523 5701 657 5773 '58)?
689 5704 878 5774 Utique
909 5724 1013 5763 non
1043 5728 1055 5764 :
1089 5721 1209 5782 puta
1240 5717 1326 5787 qui
1367 5718 1674 5778 occiderunt
1705 5701 1889 5796 lilium,
1925 5739 1977 5784 et
2016 5701 2109 5807 pa;

526 5803 662 5855 trem
693 5800 920 5856 occisuri
947 5814 1134 5873 erant;
1165 5805 1267 5865 hoc
1292 5820 1374 5867 est
1397 5824 1630 5873 mentem
1654 5833 1841 5883 sanam
1868 5838 1977 5885 non
2006 5800 2109 5888 ha.

524 5882 677 5952 bere.
704 5894 985 5957 Postremo
1022 5915 1149 5961 ecce
1174 5905 1298 5976 quia
1332 5908 1646 5971 occiderunt
1685 5882 1853 5975 ﬁlium
1878 5939 1891 5979 :
1919 5882 2102 5983 resur-

1715 410 1776 472 S.
1817 404 2187 467 AUGUSTINI
2228 405 2536 463 EPISCOPI
3644 430 3723 493 ιθ,

2202 519 2342 575 rexit
2371 518 2529 588 illius,
2574 529 2628 579 et
2661 520 2795 599 lapis
2840 525 3156 600 reprobatus
3182 524 3249 585 ah
3286 530 3646 597 adiﬁcantibus
3664 540 3722 603 ιι,

2200 620 2319 667 ctus
2338 622 2420 668 est
2447 612 2498 667 in
2520 625 2680 686 caput
2700 616 2879 688 anguli
2903 617 3071 693 (Ρειιι.
3103 636 3260 693 cxvn,
3295 622 3414 695 εἰ).
3441 625 3729 697 Oll'enderm

2202 707 2256 763 in
2294 708 2463 777 illum,
2508 718 2562 764 et
2610 713 2947 783 conquassati
2978 725 3105 771 sunt
3133 733 3147 777 ;
3190 719 3369 777 veniet
3397 735 3551 793 super
3579 741 3731 794 eoer

2201 809 2446 856 conteret
2473 816 2584 856 eos.
2617 801 2721 857 Sed
2754 819 2857 858 non
2905 804 2974 860 ita
3007 805 3107 861 iste
3138 810 3225 880 qui
3254 823 3436 871 cantat
3475 819 3523 871 in
3549 819 3732 890 Psahno,

2202 900 2258 947 et
2277 891 2405 947 dicit
2431 909 2445 947 :
2467 890 2696 949 Introibo
2717 893 2769 947 in
2789 897 3065 965 potentiam
3087 896 3323 970 Domini;
3345 919 3450 961 non
3477 924 3647 977 meam,
3667 917 3732 974 sed

2205 978 2435 1041 Domini.
2465 983 2697 1051 Domine,
2743 990 3057 1046 memorabor
3076 994 3296 1065 justitie
3321 1008 3424 1059 tne
3454 1003 3615 1064 σοιὶιιε,
3641 1007 3733 1065 Nu].

2205 1073 2312 1131 lam
2344 1090 2517 1131 meam
2555 1092 2825 1149 agnosco;
2856 1082 3022 1137 solius
3051 1091 3155 1141 ture
3176 1085 3403 1156 justitic
3431 1101 3734 1163 meumr-altor.

2207 1166 2253 1222 Α
2296 1175 2346 1221 te
2378 1166 2567 1234 habeo,
2611 1170 2866 1243 quidquid
2908 1172 3035 1231 boni
3080 1175 3286 1246 habeo;
3334 1183 3579 1258 quidquid
3604 1202 3735 1250 atatem

2207 1258 2333 1315 mali
2385 1260 2576 1329 habeo,
2623 1278 2653 1317 a
2700 1279 2786 1319 me
2824 1264 3016 1322 habeo.
3068 1268 3182 1327 Non
3233 1275 3445 1333 meritis
3480 1282 3736 1351 supplicium

2208 1350 2523 1420 reddidisti;
2552 1353 2644 1410 sed
2668 1357 2892 1426 gratiam
2916 1359 3084 1433 gratis
3109 1362 3394 1436 impertisti
3423 1386 3439 1425 :
3474 1350 3586 1429 ru
3609 1376 3738 1450 itaque

2206 1442 2365 1498 solius
2385 1444 2603 1516 jnstitiw
2631 1448 2965 1507 memorabor.

2279 1533 2333 1591 2.
2364 1534 2385 1610 [
2414 1552 2540 1592 verr.
2573 1538 2658 1594 l7.
2690 1537 2888 1614 jDens,
2919 1544 3134 1603 docuisti
3158 1565 3236 1605 me
3258 1566 3326 1607 ea:
3363 1553 3614 1628 juventute
3646 1578 3738 1622 ιιιω.

2210 1627 2346 1699 Quid
2378 1645 2464 1685 me
2489 1629 2759 1688 docuisti?
2785 1635 2915 1707 Quia
2962 1646 3066 1695 tusc
3094 1642 3257 1699 solius
3271 1643 3496 1718 justitia:
3536 1668 3741 1712 memora-

2211 1722 2256 1775 ri
2283 1720 2472 1778 debeo.
2502 1723 2858 1784 Considerans
2877 1731 3017 1786 enim
3048 1735 3207 1793 vitam
3237 1732 3557 1809 praeteritam
3594 1764 3739 1821 meam,

2210 1810 2367 1869 video
2395 1814 2519 1885 quid
2548 1815 2677 1871 mihi
2700 1818 3009 1890 debebatur,
3055 1834 3110 1884 et
3137 1828 3263 1899 quid
3295 1836 3587 1905 acceperim
3610 1810 3743 1909 preti

2212 1906 2354 1978 quod
2385 1909 2511 1964 mihi
2537 1911 2852 1973 debebatur.
2904 1919 3203 1981 hebebatur
3263 1943 3462 1999 praua;
3490 1906 3742 1997 redditast
3786 1934 3793 1941 ’

2211 2001 2421 2068 gratia:
2452 2000 2746 2060 debebatur
2789 2008 3081 2079 gehenna;
3122 2016 3246 2074 data
3289 2032 3377 2077 est
3427 2025 3528 2081 vita
3576 2040 3742 2085 avem.

2215 2090 2373 2161 Deus,
2404 2095 2620 2155 docuisti
2645 2116 2723 2157 me
2746 2118 2809 2162 ea;
2821 2105 3085 2175 juventate
3112 2127 3240 2169 mea.
3267 2114 3351 2171 Ex
3372 2120 3488 2187 ipso
3513 2119 3644 2176 initio
3660 2124 3743 2183 fulvi

2213 2202 2370 2254 mese,
2400 2205 2504 2262 qua
2534 2208 2619 2247 me
2636 2193 2919 2261 innovasti.
2943 2200 3168 2259 docuisti
3197 2222 3285 2266 me
3313 2209 3444 2265 nihil
3477 2212 3526 2268 in
3553 2231 3627 2267 me
3650 2230 3743 2285 pra-

2214 2281 2463 2351 eessissr,
2497 2283 2638 2345 unde
2696 2288 2823 2344 mihi
2868 2291 3105 2353 dicerem
3157 2298 3344 2357 deberi
3402 2304 3540 2373 quod
3585 2281 3743 2365 dedisti.

2215 2372 2345 2443 Quis
2374 2378 2514 2432 enim
2536 2383 2862 2440 convertitur
2885 2387 2951 2440 ad
3003 2388 3187 2458 Deum,
3233 2396 3336 2450 nisi
3371 2372 3441 2452 ab
3484 2399 3744 2470 iniquitatel
3784 2466 3793 2475 .

2215 2468 2336 2538 quis
2362 2469 2657 2537 redimitur,
2688 2475 2787 2531 nisi
2813 2492 2845 2533 ιι
2887 2480 3236 2549 captivitate?
3261 2488 3386 2556 quis
3430 2468 3598 2547 autem
3618 2506 3743 2561 ιιιιιιειι

2215 2559 2396 2619 dicere
2423 2562 2669 2633 injustam
2693 2565 2858 2626 fuisse
2882 2573 3243 2642 captivitatem
3271 2594 3448 2645 suam.
3478 2559 3745 2653 quandudo-

2216 2655 2385 2713 seruit
2406 2656 2801 2727 imperatorem,
2829 2673 2882 2719 et
2915 2664 3114 2723 deiecit
3134 2669 3200 2725 ad
3231 2670 3561 2732 desertorem
3579 2678 3601 2731 τ
3622 2679 3745 2749 Imp.

2217 2757 2367 2805 rator
2390 2750 2530 2805 enim
2586 2752 2744 2819 Deus,
2776 2754 3019 2815 desertor
3033 2760 3276 2820 diabolus
3309 2782 3327 2825 :
3357 2781 3656 2841 prmeeptuui
3677 2772 3745 2828 do-

2217 2839 2298 2899 dit
2324 2842 2632 2912 imperator,
2691 2845 2929 2907 fraudem
2975 2857 3239 2925 sttggessit
3274 2839 3744 2937 desertos-(Genu,

2219 2932 2374 3026 ιλιι
2402 2949 2478 3002 Ill,
2514 2937 2588 3008 l).
2619 2936 2718 2995 Ubi
2765 2955 2924 2999 aures
2965 2952 3069 3002 tuae
3105 2947 3243 3004 iutcr
3288 2932 3675 3026 prmptiunear
3711 2967 3745 3013 et

2217 3024 2583 3100 deceptiouem
2603 3030 2627 3084 ?
2646 3030 2901 3097 Meliorno
2944 3036 3188 3098 diabolus
3211 3058 3377 3113 quam
3423 3024 3591 3105 Duas!
3610 3050 3745 3106 melior

2217 3119 2309 3211 qui
2328 3118 2528 3211 dett-cit
2552 3123 2593 3189 ί,
2618 3138 2776 3194 quam
2793 3126 2883 3197 qui
2906 3137 2961 3188 te
2985 3131 3108 3189 fecit
3130 3131 3155 3190 ι
3180 3133 3467 3194 Cn-didisti
3495 3142 3623 3211 quod
3660 3158 3747 3210 pra.

2217 3209 2363 3266 misit
2380 3210 2643 3280 diabolus,
2673 3226 2731 3273 et
2771 3218 3015 3280 invenisti
3063 3224 3204 3294 (illud
3245 3229 3481 3287 minatus
3512 3209 3593 3289 est
3632 3235 3747 3292 licus.

2218 3303 2335 3364 Jam
2365 3322 2493 3378 ergo
2506 3323 2571 3364 ex
2589 3311 2890 3381 captivitate
2916 3314 3193 3385 liberatus,
3215 3320 3398 3381 adhuc
3418 3335 3582 3381 tamen
3608 3329 3649 3382 iu
3665 3342 3745 3395 spe.

2218 3398 2454 3456 nondum
2496 3401 2546 3456 in
2585 3417 2663 3467 re,
2710 3406 3027 3466 ambulans'
3056 3425 3152 3481 per
3202 3414 3390 3482 tidem,
3439 3420 3648 3477 nondum
3683 3436 3745 3491 pv

2217 3492 2475 3562 speciem,
2502 3494 2658 3563 Deus,
2677 3498 2864 3568 inquit.
2888 3502 3103 3559 docuisti
3152 3522 3235 3562 tne
3262 3524 3332 3564 ea:
3372 3512 3618 3583 iuventute
3653 3531 3744 3567 mea.

2219 3583 2299 3643 Ex
2321 3601 2427 3656 quo
2454 3603 2741 3647 Conversus
2760 3608 2877 3649 sum
2907 3596 2973 3651 ad
2996 3606 3066 3659 te.
3093 3599 3382 3660 innovatus
3400 3621 3430 3661 ι
3460 3618 3510 3663 te
3525 3609 3604 3673 eui
3623 3609 3743 3663 laetus

2219 3686 2339 3743 ate,
2366 3690 2636 3736 recreatus
2655 3684 2742 3752 qui
2766 3695 2997 3754 creatus,
3032 3690 3357 3750 reformatus
3376 3699 3464 3769 qui
3507 3698 3740 3755 l‘urnrarus:

2218 3783 2285 3829 ex
2302 3784 2407 3840 quo
2426 3786 2717 3831 conversus
2736 3790 2876 3846 sum,
2894 3779 3053 3837 didici
3077 3785 3264 3840 merita
3281 3803 3404 3844 mea
3427 3791 3559 3845 nulla
3576 3806 3741 3863 preces-

2218 3861 2357 3919 sisso
2380 3879 2393 3927 ;
2421 3864 2515 3919 sed
2535 3867 2756 3935 gratiam
2780 3877 2924 3926 tuam
2943 3871 3071 3929 mihi
3089 3877 3254 3945 gratis
3276 3881 3507 3948 venisse,
3529 3861 3585 3939 ut
3595 3895 3742 3937 memo-

2218 3968 2371 4013 ται-ει·
2384 3955 2601 4026 Ῑιιδιιιίίιι
2633 3968 2736 4016 ture
2755 3963 2943 4020 solius.

2290 4047 2345 4105 ὅ.
2374 4046 2508 4115 Quid
2530 4048 2724 4107 deinde
2754 4063 2873 4122 post
2911 4054 3295 4127 juventutcm?
3348 4066 3583 4135 quoniam
3621 4067 3740 4119 docui-

2218 4140 2284 4195 sti
2304 4157 2400 4205 me,
2421 4143 2608 4212 inquit.
2634 4162 2696 4201 ea:
2706 4148 2972 4217 jnventnte
2991 4167 3102 4207 mea
3118 4171 3138 4217 ;
3156 4156 3281 4225 quid
3305 4173 3424 4229 post
3439 4158 3740 4232 juventutem?

2220 4230 2277 4293 Ιιι
2300 4234 2410 4304 ipsa
2436 4237 2576 4291 enim
2601 4240 2763 4309 prima
2787 4246 3138 4303 conversione
3165 4258 3249 4303 tua
3272 4230 3499 4310 didicisti
3520 4254 3637 4325 quod
3651 4262 3738 4307 ante

2219 4328 2620 4384 conversionem
2642 4328 2818 4400 justus
2845 4348 2949 4389 non
2983 4335 3146 4400 luisti,
3180 4341 3271 4393 sed
3304 4342 3735 4414 prrecessitiniqui.

2220 4427 2322 4485 tas,
2369 4428 2426 4474 ut
2449 4421 2665 4491 expulsa
2707 4423 2981 4495 iniquitate
3010 4433 3321 4488 succederet
3356 4436 3600 4502 eharltas;
3625 4447 3734 4493 etre-

2219 4522 2445 4567 novatns
2470 4513 2491 4546 ³
2510 4516 2560 4569 in
2592 4530 2785 4571 novum
2818 4518 3089 4577 hominem
3128 4539 3224 4597 spe
3251 4526 3526 4596 duntaxat,
3558 4527 3732 4586 nomium

2218 4620 2298 4673 re,
2329 4605 2558 4662 didicisti
2596 4610 2739 4680 quod
2764 4611 2893 4667 nihil
2925 4619 2997 4669 lui
3045 4615 3167 4673 boui
3214 4610 3562 4688 primm,
3587 4636 3627 4677 et
3650 4634 3733 4692 gra-

2219 4699 2288 4752 tia
2309 4697 2398 4754 Dei
2427 4714 2718 4757 conversus
2751 4717 2810 4757 es
2829 4703 2894 4760 ad
2924 4704 3111 4763 Deum.
3136 4707 3251 4764 Jam
3289 4710 3428 4770 forte
3452 4730 3511 4769 ex
3528 4728 3618 4786 quo
3638 4725 3731 4766 ena-

2216 4803 2405 4845 versus
2418 4806 2494 4853 es.
2522 4790 2741 4849 habebis
2752 4794 2950 4865 aliquid
2975 4806 3142 4866 tuum,
3157 4813 3211 4857 et
3229 4802 3297 4858 de
3316 4806 3513 4860 viribus
3532 4807 3618 4860 tuis
3635 4815 3729 4871 pre-

2216 4896 2429 4940 sumere
2454 4883 2660 4940 debes?
2687 4888 3145 4956 Quemadmodum
3186 4896 3361 4953 solent
3391 4900 3607 4955 homines
3622 4899 3727 4952 dice-

2215 4992 2276 5033 re
2308 4995 2321 5030 :
2353 4977 2469 5033 Jam
2498 4978 2744 5049 dimitte;
2770 4998 2904 5054 opus
2931 4997 3126 5044 eratut
3159 4989 3301 5047 viam
3333 4992 3631 5057 ostenderes,
3652 4987 3725 5045 sul-

2216 5065 2347 5133 licit,
2372 5070 2652 5128 ambulabo
2678 5075 2836 5131 viam.
2883 5077 2952 5133 Et
2981 5080 3072 5136 ille
3100 5084 3189 5154 qui
3225 5086 3318 5141 tibi
3347 5089 3483 5143 viam
3510 5083 3722 5143 ostendi“

2213 5156 2294 5215 Ne
2330 5159 2468 5217 forte
2497 5163 2575 5218 vis
2606 5174 2662 5220 ut
2689 5166 2944 5225 deducam
2968 5181 3017 5227 te
3043 5174 3068 5229 ι
3103 5173 3181 5229 Tu
3217 5186 3392 5233 autem
3431 5179 3472 5234 si
3497 5176 3719 5248 superbis:

2214 5249 2385 5315 Absit,
2408 5253 2623 5321 sufﬁcit,
2652 5261 2936 5317 ambulabo
2953 5264 3111 5321 viam.
3140 5268 3504 5338 Dimitteris,ct
3524 5265 3720 5341 periulir.

2214 5347 2450 5405 mitatem
2471 5351 2658 5405 iterum
2673 5353 2964 5412 aberrabis.
2984 5359 3184 5417 Bontnn
3201 5374 3315 5419 erat
3330 5365 3419 5419 tibi
3434 5375 3483 5419 ut
3499 5363 3719 5419 deduceret

2216 5451 2287 5504 te.
2311 5443 2399 5513 qui
2430 5446 2572 5514 prius
2600 5448 2651 5501 in
2677 5448 2756 5501 via
2774 5449 3055 5507 collocavit
3081 5462 3149 5509 te.
3180 5456 3439 5513 Czeterum
3462 5457 3549 5511 nisi
3573 5462 3615 5509 et
3637 5453 3717 5522 ipse

2217 5535 2393 5603 ducat,
2417 5553 2599 5595 rursus
2621 5542 2825 5596 errabis
2846 5561 2860 5597 :
2880 5545 2964 5599 die
2988 5546 3062 5601 illi
3082 5563 3228 5618 ergo,
3247 5549 3416 5606 Dednc
3434 5567 3521 5614 me,
3539 5548 3712 5609 Danaae.

2212 5628 2266 5684 in
2291 5630 2371 5685 via
2386 5638 2490 5698 tua,
2514 5644 2557 5687 et
2583 5635 2852 5692 antlmlabo
2875 5637 2929 5693 in
2946 5639 3149 5696 veritate
3165 5653 3251 5697 tua
3267 5643 3432 5717 (Petti.
3449 5656 3616 5709 um,
3633 5634 3710 5707 11)·

2275 5812 2769 5879 §nuontss,tefecit.

2274 5877 2297 5941 ξ
2318 5879 2391 5928 Sic
2411 5884 2516 5929 διεδ.
2542 5887 2600 5930 At
2621 5877 2755 5941 ωδ..
2776 5879 3015 5936 atabulus.

2277 5940 2301 5973 ³
2322 5942 2394 5990 Sic
2407 5945 2513 5991 uss.
2548 5948 2606 5991 At
2620 5940 2755 6006 add,
2776 5952 2828 5996 ut
2849 5943 3197 6003 cirratorum.
