3966 6456
171 389 296 449 893

165 481 337 580 Quod
357 512 534 562 autem
553 501 688 556 viam
709 498 979 570 ingressus
1006 506 1084 556 es,
1121 490 1371 563 juventus
1410 491 1516 580 est,
1536 481 1651 580 ipsa
1677 495 1768 536 re-

166 575 714 666 ;ovatio,etinitium
764 589 905 645 ﬁdei.
959 585 1124 642 Antea
1163 581 1304 637 enim
1343 575 1651 633 ambulabas
1677 588 1772 644 per

167 696 302 752 vias
330 703 445 748 tuas
467 685 806 760 vagalnmdus
831 701 846 749 ;
875 695 1059 737 errans
1086 693 1176 748 per
1198 677 1412 737 silvosa,
1434 686 1528 741 per
1551 684 1764 738 aspera,

171 791 448 846 laceratus
477 781 720 839 omnibus
743 775 995 831 membris
1025 790 1040 825 :
1095 770 1314 840 patriam
1341 763 1637 838 quaerebas.
1663 761 1766 818 hoc

168 889 262 939 est
297 877 636 936 stabilitatem
678 867 958 941 quamdam
1006 862 1224 933 Spiritus
1266 859 1360 920 tui,
1409 856 1494 910 ubi
1540 855 1767 921 diceres,

169 976 330 1032 Bene
357 979 474 1034 est;
506 979 559 1024 et
588 978 808 1021 securus
855 960 1086 1022 diceres,
1127 951 1335 1023 quietus
1380 949 1447 1003 ab
1476 948 1617 1002 omni
1646 961 1765 1000 mo-

170 1067 360 1130 lestia,
393 1061 458 1116 ab
485 1059 628 1113 omni
659 1053 966 1115 tentatione,
997 1047 1063 1103 ab
1110 1044 1252 1099 omni
1290 1049 1556 1112 postremo
1598 1037 1770 1130 capti-

169 1127 946 1216 vitategetnoninveniebas.
988 1136 1124 1205 Quid
1178 1133 1388 1188 dicam?
1430 1130 1583 1184 Venit
1608 1127 1674 1182 ad
1721 1137 1772 1183 te

168 1248 273 1319 qui
317 1244 408 1300 tibi
464 1239 770 1300 ostenderet
827 1231 1007 1288 viam?
1040 1229 1191 1284 Venit
1230 1225 1294 1279 ad
1343 1234 1392 1279 te
1433 1224 1542 1293 ipsa
1587 1221 1689 1319 via,
1720 1229 1773 1274 et

145 1311 505 1405 Leonstitutus
533 1346 591 1385 es
616 1331 668 1385 in
695 1345 754 1382 ea
788 1325 945 1381 nullis
968 1321 1069 1376 tuis
1091 1319 1298 1373 meritis
1325 1311 1764 1387 prmcedentibus,

170 1429 435 1502 quoniam
461 1425 638 1492 utique
665 1408 904 1476 errabas.
942 1412 1100 1482 Quid,
1135 1426 1197 1464 ex
1250 1423 1354 1475 quo
1385 1406 1655 1502 ingressus
1683 1417 1765 1502 es2

165 1492 289 1596 jam
320 1520 459 1590 regis
490 1515 580 1571 te?
601 1514 707 1584 jam
731 1511 818 1565 ille
839 1508 928 1580 qui
957 1507 1093 1559 viam
1134 1501 1316 1555 docuit
1342 1507 1412 1564 te,
1442 1495 1658 1551 dimittit
1680 1492 1772 1548 te?

173 1617 322 1674 Non.
358 1609 528 1682 inquit
559 1627 572 1662 :
625 1603 848 1659 Docuisti
878 1615 955 1653 me
980 1614 1042 1652 ex
1070 1595 1322 1664 iuventute
1371 1602 1522 1652 mea;
1551 1595 1596 1641 et
1623 1601 1774 1682 usque

174 1722 321 1762 nunc
346 1675 653 1757 annuntiabo
675 1693 925 1750 mirabilia
972 1701 1074 1743 tua.
1107 1685 1341 1750 Mirabile
1371 1690 1452 1736 est
1475 1680 1614 1734 enim
1633 1675 1773 1748 quod

176 1797 362 1852 adhuc
383 1793 532 1856 l‘aeis,
563 1800 617 1844 ut
649 1801 800 1857 regas
830 1797 934 1844 me,
966 1780 1054 1849 qui
1086 1778 1136 1831 lu
1175 1776 1256 1828 via
1286 1771 1505 1844 posuisti
1535 1786 1620 1824 me
1653 1786 1666 1832 ;
1721 1777 1775 1824 et

178 1888 302 1946 hare
337 1895 455 1942 sunt
499 1879 756 1938 mirabilia
786 1886 893 1930 tua.
938 1873 1066 1942 Quae
1107 1875 1250 1933 sunt,
1292 1872 1465 1935 putas,
1512 1860 1773 1917 mirabilia

183 1982 283 2038 Dei
310 1980 335 2033 ἲ
360 1976 495 2048 Quid
538 1970 830 2028 mirabilius
857 1968 995 2020 inter
1026 1964 1116 2018 Dei
1143 1959 1424 2022 mirabilia,
1447 1970 1602 2025 quam
1630 1967 1774 2048 mor-

183 2084 308 2129 tuos
329 2043 629 2126 suscitare?
670 2058 1060 2131 Numquidnam
1109 2067 1207 2124 ego
1234 2060 1471 2104 mortuus
1509 2061 1649 2113 sum,
1692 2043 1774 2099 in-

182 2163 359 2236 quis?
398 2161 451 2216 Si
481 2165 720 2214 mortuus
776 2168 882 2208 non
933 2163 1100 2210 esses,
1176 2160 1278 2197 non
1320 2141 1585 2196 diceretur
1633 2136 1772 2236 tibi}

186 2225 359 2326 Surge
381 2251 464 2323 qui
492 2247 697 2310 dormis,
731 2254 776 2298 et
806 2256 1015 2313 exsurge
1057 2255 1087 2291 (ι
1122 2235 1366 2296 mortuis;
1394 2242 1440 2286 et
1468 2225 1777 2326 illuminabnit

111 2398 128 2406 -
185 2358 234 2403 te
261 2319 490 2402 Christus
519 2341 538 2414 (
563 2335 752 2412 Ephes.
775 2352 810 2391 v
831 2378 845 2397 .
877 2335 945 2389 14
979 2331 1018 2403 ).
1058 2327 1250 2384 Mortui
1291 2333 1414 2380 sunt
1439 2336 1627 2377 omnes
1658 2319 1779 2414 inﬁ-

185 2439 338 2495 deles
367 2479 381 2502 ,
432 2411 619 2488 omnes
675 2427 882 2499 iniqui;
924 2437 1150 2494 corpore
1207 2420 1428 2483 vivunt,
1471 2415 1564 2470 sed
1614 2411 1778 2469 corde

186 2529 436 2588 exstincti
457 2536 597 2582 sunt.
635 2522 735 2592 Qui
780 2529 955 2576 autem
1009 2515 1229 2570 suscitat
1283 2519 1547 2566 mortuum
1583 2523 1777 2564 secun-

186 2623 315 2678 dum
334 2634 548 2690 corpus,
581 2614 754 2670 reddit
780 2626 899 2666 eum
928 2609 1030 2662 inci
1081 2605 1204 2660 huic
1253 2600 1517 2666 videndm,
1549 2608 1603 2653 et
1652 2595 1778 2653 huic

188 2715 300 2770 aeri
355 2688 643 2765 ducendo:
687 2718 790 2758 non
827 2708 1005 2754 autem
1049 2696 1332 2751 suscitator
1381 2692 1496 2761 ejus
1545 2690 1659 2759 ipse
1706 2688 1778 2742 illi

191 2807 276 2860 lux
299 2811 352 2859 et
379 2817 471 2855 aer
490 2807 571 2854 est
595 2816 609 2863 ;
649 2795 831 2863 incipit
858 2792 1061 2855 videre,
1093 2783 1540 2858 quemadmodum
1569 2780 1781 2836 videbat

191 2905 367 2953 antea.
398 2895 584 2948 Anima
604 2906 705 2944 non
733 2888 808 2942 sic
833 2883 1204 2940 exsuscitatur.
1228 2877 1412 2932 Anima
1428 2875 1568 2931 enim
1591 2889 1779 2929 exsus-

193 2990 388 3046 citatur
426 3001 455 3040 a
496 2987 640 3047 Deo;
690 2993 991 3051 quanquam
1023 2983 1072 3030 et
1107 2987 1301 3042 corpus
1353 2970 1707 3026 exsuscitctur
1751 2983 1780 3022 a

193 3082 307 3138 Deo
331 3099 344 3134 :
373 3077 466 3134 sed
498 3078 634 3132 Deus
655 3072 865 3144 quando
884 3067 1169 3124 exsuscitat.
1193 3078 1409 3132 corpus,
1438 3061 1636 3115 mundo
1661 3060 1783 3115 red-

195 3174 313 3240 dit;
363 3167 575 3242 quaudo
599 3165 886 3224 exsuscitat
915 3161 1167 3222 animam,
1201 3155 1300 3212 sibi
1355 3153 1511 3210 redit.
1547 3151 1603 3208 Si
1633 3166 1782 3207 recc-

197 3267 288 3324 dat
346 3280 439 3320 aer
481 3259 663 3318 mundi
713 3257 882 3322 istius,
931 3253 1156 3307 moritur
1199 3262 1434 3318 corpus;
1475 3245 1520 3299 si
1571 3243 1786 3300 recedat

200 3361 340 3416 Deus
368 3400 383 3424 ,
437 3353 660 3408 moritur
709 3349 904 3404 anima.
949 3344 1080 3400 Cum
1122 3356 1249 3412 ergo
1295 3340 1523 3394 animam
1568 3335 1787 3391 suscitat

203 3453 364 3512 Deus,
396 3447 494 3502 nisi
527 3443 664 3499 adsit
714 3442 800 3512 qui
842 3436 1136 3500 suscitavit,
1171 3434 1424 3487 suscitata
1482 3444 1585 3483 non
1631 3426 1781 3480 vivit.

204 3542 317 3599 Non
335 3539 475 3595 enim
495 3535 809 3594 suscitat,et
833 3529 1044 3585 dimittit
1097 3535 1153 3580 ut
1198 3523 1339 3578 vivat
1364 3521 1461 3577 sibi
1494 3521 1667 3575 :sieut
1687 3518 1791 3573 La-

203 3648 358 3689 zarus
384 3628 594 3702 quando
621 3624 964 3681 resuscitatus
983 3629 1065 3674 est
1091 3615 1473 3687 quatriduanus
1523 3619 1784 3677 mortuus,

205 3726 488 3784 suscitatus
526 3732 610 3778 est
654 3733 879 3792 corpore
918 3730 1013 3785 per
1043 3709 1248 3767 Domini
1285 3705 1616 3777 corporalem
1649 3719 1787 3774 pra:-

207 3821 452 3877 sentiam.
504 3813 742 3870 Accessit
777 3809 918 3866 enim
945 3802 1294 3874 corporaliter
1331 3799 1396 3853 ad
1441 3797 1741 3865 sepulcrum
1771 3809 1787 3860 ;

208 3911 472 3974 elatnavit,
500 3907 734 3971 Lazare,
789 3901 900 3957 veni
953 3902 1208 3970 foras:ct
1257 3890 1487 3947 surrexit
1539 3887 1788 3952 Lazarus,

213 4004 469 4078 processit
495 4000 562 4056 de
588 3997 832 4068 sepulcro
863 3993 1050 4063 ligatus
1075 4005 1088 4054 ;
1118 3985 1310 4041 deinde
1349 3983 1556 4037 solutus
1587 3979 1789 4034 disces-

212 4071 279 4155 sit
312 4094 504 4170 (Joan.
534 4109 609 4156 xl,
633 4087 800 4145 ιιι-ιι
830 4085 870 4155 ).
908 4079 1270 4137 liesuscitatus
1298 4084 1380 4130 est
1401 4071 1626 4127 Domino
1653 4084 1791 4140 pra:-

214 4167 387 4250 seute,
418 4182 509 4240 sed
541 4181 671 4236 vixit
699 4188 752 4235 et
792 4175 1015 4231 Domino
1044 4172 1284 4226 absente.
1316 4167 1626 4235 Quanquam
1673 4177 1793 4218 eum

218 4279 470 4336 Dominus
513 4273 858 4346 corporaliter
888 4266 1277 4328 resuscitasset,
1308 4268 1560 4331 quantum
1590 4256 1655 4311 ad
1680 4255 1796 4309 visi-

216 4374 337 4430 bilia
363 4371 590 4443 pertinet
618 4387 632 4423 :
665 4374 916 4422 cancrum
967 4359 1246 4436 prmseutia
1286 4353 1577 4424 majestatis
1603 4366 1718 4443 suae
1738 4350 1796 4404 ll-

218 4469 324 4524 lum
346 4441 656 4524 suscitavit;
688 4472 788 4530 qua
842 4452 1122 4528 praesentia
1164 4463 1422 4518 nusquam
1458 4444 1677 4500 recedit.
1709 4441 1796 4497 In-

218 4561 369 4617 terim
402 4568 576 4612 tamen
606 4553 670 4607 ad
698 4549 1033 4622 praesentiam
1058 4544 1314 4599 visibilem
1349 4539 1604 4595 Dominus
1633 4535 1801 4590 susci-

218 4652 346 4710 tavit
374 4650 676 4711 Lazarum;
718 4639 961 4697 discessit
1009 4639 1076 4691 de
1105 4637 1214 4704 ipsa
1269 4634 1480 4688 civitate
1520 4628 1796 4695 Dominus,

221 4745 306 4802 vel
331 4743 399 4798 de
446 4739 538 4794 illo
583 4737 700 4791 loco
732 4752 745 4787 :
783 4728 1036 4802 numquid
1080 4727 1308 4781 Lazarus
1344 4737 1448 4777 non
1482 4719 1660 4776 vixit?
1687 4719 1799 4773 Non

223 4841 300 4897 sic
349 4835 524 4893 anima
567 4829 851 4887 suscitatur
883 4842 896 4876 :
928 4821 1149 4876 suscitat
1195 4818 1335 4871 illam
1379 4816 1549 4874 Deus:
1579 4812 1804 4866 moritur

221 4934 264 4989 si
311 4924 616 4986 discesserit
645 4925 800 4977 Deus.
860 4915 1037 4971 Dicam
1077 4911 1220 4966 enim
1267 4907 1540 4969 audacter,
1588 4902 1800 4970 fratres,

223 5023 317 5081 sed
356 5031 528 5075 tamen
558 5031 762 5072 verum.
797 5012 921 5066 Dua:
952 5007 1070 5060 vitae
1099 5012 1238 5068 sunt,
1265 5017 1366 5056 una
1393 4995 1803 5068 corporis,aite-

226 5133 279 5172 ra
309 5113 528 5168 animas:
558 5109 693 5163 sicut
711 5105 816 5158 vita
841 5098 1079 5172 corporis
1105 5095 1300 5159 anima,
1345 5089 1423 5147 sic
1464 5090 1570 5143 vita
1615 5087 1806 5142 anima:

230 5209 402 5269 Deus;
435 5196 699 5272 quomodo
746 5193 791 5248 si
840 5190 1016 5246 anima
1046 5187 1274 5245 deserat,
1326 5180 1803 5247 moriturcorpns;

229 5300 306 5357 sic
331 5297 506 5352 anima
539 5288 795 5350 moritur,
847 5284 891 5338 si
930 5281 1142 5335 deserat
1185 5275 1346 5331 Deus.
1400 5272 1517 5342 ipsa
1557 5280 1638 5327 est
1681 5285 1807 5339 ergo

228 5390 396 5464 gratia
422 5387 560 5457 ejus,
594 5391 652 5438 ut
678 5379 915 5440 suscitet,
956 5381 1010 5428 et
1047 5373 1116 5427 sit
1163 5369 1457 5464 nobiscum.
1487 5364 1636 5464 Quod
1682 5379 1809 5464 ergo

232 5457 329 5542 nos
362 5480 643 5537 suscitata
688 5481 859 5528 morte
911 5476 1091 5522 nostra
1143 5462 1433 5534 praeterita,
1481 5464 1536 5512 et
1590 5457 1811 5510 innovat

231 5568 622 5649 quodammodo
644 5566 804 5620 vitam
850 5569 1105 5616 nostram.
1146 5556 1370 5611 dicimus
1411 5553 1460 5607 ei
1489 5568 1502 5605 :
1537 5549 1693 5615 Deus,
1721 5550 1815 5602 do-

233 5642 381 5726 cuisti
401 5682 477 5722 me
504 5679 568 5719 ex
581 5663 844 5734 juventute
873 5669 1002 5708 mea.
1041 5650 1173 5719 Quia
1225 5665 1354 5704 vero
1392 5660 1496 5701 non
1523 5642 1724 5699 recedit
1748 5642 1816 5697 ab

234 5765 314 5827 eis
341 5777 473 5838 quos
499 5758 738 5824 suscitat,
768 5767 836 5808 ne
862 5764 981 5805 cum
1013 5746 1291 5801 recesserit
1317 5741 1615 5797 moriantur
1638 5776 1653 5802 ,
1683 5735 1816 5838 diei-

246 5828 374 5916 mus
388 5853 477 5912 ei:
503 5849 574 5908 Et
599 5865 754 5921 usque
779 5861 910 5904 nunc
932 5838 1238 5899 annuntiabo
1263 5831 1514 5893 mirabilia
1533 5840 1622 5889 tua
1644 5843 1668 5898 δ
1691 5828 1817 5901 quia

1289 361 1688 425 ENARRATIO
1726 360 1793 418 IN
1833 359 2155 418 PSALMUM
2197 359 2359 415 LXX.

3356 359 3461 415 894

1877 492 1998 533 eum
2048 491 2254 532 mecum
2299 489 2358 530 es
2407 475 2563 540 vivo,
2610 483 2663 528 et
2714 473 2908 528 animai
2953 487 3090 530 mea
3130 474 3235 529 vita
3284 484 3343 530 tu
3379 490 3458 545 es,

1874 586 1993 642 quae
2032 572 2286 626 morietur
2337 569 2381 624 si
2428 567 2719 622 dimittatur
2761 567 2880 622 sibi.
2930 566 3074 640 Ergo
3129 567 3256 624 dum
3310 568 3462 625 adest

1875 664 1980 718 vita
2021 679 2162 732 mea,
2211 662 2310 718 hec
2354 671 2436 717 est
2476 661 2614 717 Deus
2665 674 2836 729 meus,
2889 676 3048 732 usque
3087 678 3220 717 nunc
3266 678 3288 718 :
3335 663 3459 735 quid

1877 764 2059 826 postea
2080 755 2105 808 ?

1949 848 2003 902 4.
2037 846 2198 920 luere.
2226 846 2309 901 i8.
2342 846 2363 920 ]
2391 845 2458 900 Et
2482 861 2636 916 usque
2659 847 2713 900 in
2751 854 3000 900 senectam
3028 854 3076 900 et
3098 846 3313 900 senium.
3341 848 3455 904 Duo

1877 940 1976 995 ista
2000 939 2212 992 nomina
2237 938 2527 993 senectutis
2547 947 2687 1001 sunt,
2712 949 2766 992 et
2781 937 3155 992 discernuntur
3177 952 3206 990 a
3233 937 3455 994 Graecis.

1877 1029 2120 1087 Gravitas
2148 1029 2292 1084 enim
2344 1039 2464 1098 post
2495 1029 2833 1098 juventutem
2883 1026 3028 1082 aliud
3077 1042 3270 1084 nomen
3301 1028 3462 1087 habet

1878 1121 2017 1191 apud
2052 1119 2288 1184 Graecos,
2321 1128 2373 1173 et
2405 1130 2523 1189 post
2567 1121 2734 1190 ipsam
2777 1121 3088 1190 gravitatem
3127 1121 3350 1176 veniens
3375 1121 3462 1176 ul-

1878 1214 2004 1269 tima
2031 1221 2160 1266 mtas
2207 1211 2348 1267 aliud
2380 1225 2572 1266 nomen
2603 1211 2759 1266 habet
2784 1227 2799 1266 :
2833 1225 2953 1264 nam
2981 1219 3243 1282 πρεσϐύτης
3271 1211 3463 1266 dicitur

1876 1306 2075 1377 gravis,
2105 1313 2158 1360 et
2176 1313 2315 1376 γέρων
2333 1319 2516 1358 senex.
2547 1302 2680 1371 Quia
2710 1318 2839 1357 vero
2866 1302 2919 1356 in
2949 1303 3108 1356 latina
3127 1303 3299 1372 lingua
3327 1302 3462 1358 duos
3505 1324 3511 1340 ί

1878 1416 1994 1454 rum
2015 1400 2234 1453 istorum
2278 1398 2551 1452 nominum
2582 1396 2853 1451 dietinetio
2879 1394 3076 1459 deﬁcit,
3105 1395 3173 1450 de
3189 1405 3466 1452 senectute

1877 1490 2037 1544 ambo
2061 1497 2186 1542 sunt
2231 1489 2419 1556 posita,
2479 1497 2694 1542 senecta
2737 1494 2793 1541 et
2820 1487 3026 1540 senium
3057 1503 3069 1538 :
3095 1487 3241 1541 scitis
3283 1496 3462 1542 autem

1879 1597 1999 1638 esse
2024 1581 2157 1637 duas
2182 1591 2384 1637 artates.
2416 1579 2643 1634 Docuiin
2697 1596 2777 1634 me
2803 1579 3027 1650 gratiam
3060 1588 3202 1633 tuam
3229 1595 3260 1631 a
3279 1583 3463 1647 juven-

1879 1682 1983 1727 tute
2007 1690 2117 1726 mea
2139 1690 2156 1738 ;
2183 1683 2228 1726 et
2258 1689 2414 1736 usque
2435 1687 2590 1736 nunc,
2612 1681 2730 1741 post
2755 1671 3093 1739 juventutem
3144 1684 3342 1738 meam,
3368 1686 3462 1725 an-

1879 1765 2121 1818 nuntiabo
2149 1763 2400 1817 mirabilia
2429 1771 2536 1828 tua,
2565 1761 2686 1833 quia
2721 1777 2929 1817 mecum
2945 1775 3004 1816 es
3027 1769 3082 1816 ut
3111 1777 3214 1816 non
3245 1762 3462 1832 moriar,

1878 1857 1966 1927 qui
1996 1857 2183 1910 venisti
2203 1865 2260 1910 ut
2283 1869 2496 1927 surgam
2525 1873 2540 1920 ;
2569 1867 2615 1910 et
2644 1871 2798 1924 usque
2835 1855 2888 1909 in
2909 1863 3156 1909 senectam
3180 1864 3225 1909 et
3249 1845 3464 1924 senium,

1880 1947 1933 2002 id
1963 1956 2045 2002 est
2073 1963 2238 2019 usque
2265 1947 2329 2002 ad
2367 1947 2607 2002 ultimum
2632 1963 2829 2011 meum,
2877 1947 2978 2002 nisi
3025 1962 3232 2002 mecum
3283 1947 3464 2017 tueris,

1879 2055 1984 2096 non
2009 2041 2112 2097 erit
2138 2041 2339 2112 aliquid
2367 2042 2542 2095 meriti
2574 2042 2676 2095 mei
2712 2057 2726 2094 :
2754 2041 2920 2111 gratia
2951 2049 3037 2094 tua
3085 2054 3299 2111 semper
3348 2057 3469 2111 per-

1879 2145 2087 2190 severet
2119 2151 2349 2190 mecum.
2402 2134 2513 2189 lloe
2555 2135 2760 2189 diceret
2807 2135 2969 2190 etiam
2995 2145 3133 2188 unus
3180 2134 3360 2201 homo,
3391 2145 3465 2199 tu,

1881 2226 1990 2286 ille.
2013 2241 2110 2297 ego
2141 2245 2155 2282 :
2182 2227 2302 2298 quia
2338 2242 2466 2282 vero
2492 2241 2592 2281 vox
2637 2227 2734 2281 ista
2765 2227 2922 2282 unius
2963 2226 3239 2297 cujusdam
3293 2227 3468 2297 magni

1882 2319 2115 2375 hominis
2144 2331 2247 2385 est,
2273 2319 2374 2375 hoc
2431 2328 2513 2374 est
2549 2319 2713 2390 ipsius
2760 2321 3020 2386 unitatis;
3051 2335 3150 2374 vox
3200 2328 3283 2376 est
3327 2321 3469 2375 enim

1882 2412 2175 2477 Ecclesiae;
2209 2427 2509 2484 qumramus
2552 2411 2886 2482 juventutem
2934 2411 3207 2468 Ecclesiae.
3249 2411 3473 2480 Quando

1883 2504 2029 2559 venit
2055 2501 2320 2571 Christus,
2345 2503 2632 2558 cruciﬁxus
2657 2510 2760 2564 est,
2805 2513 3046 2558 mortuus
3072 2512 3174 2565 est,
3219 2504 3469 2572 surrexit,

1882 2595 2089 2651 vocavit
2130 2603 2316 2664 gentes
2344 2610 2359 2659 ;
2388 2601 2662 2664 emperqu
2693 2595 2952 2662 converti,
2987 2595 3106 2650 iacti
3135 2602 3475 2666 suutmarty-

1882 2702 1971 2742 res
2010 2686 2173 2740 fortes
2197 2685 2246 2739 in
2276 2684 2508 2748 Christo,
2540 2685 2687 2740 fusus
2713 2694 2795 2738 est
2823 2685 3038 2756 sanguis
3070 2685 3262 2752 ﬁdelis,
3293 2701 3472 2742 surre-

1885 2781 1962 2834 xit
1990 2793 2143 2849 seges
2190 2779 2480 2834 I'Ieelesite:
2530 2776 2644 2832 have
2691 2778 2959 2846 juventus.
3012 2777 3476 2848 Progredientibus

1887 2880 2062 2926 autem
2091 2870 2419 2938 temporibus
2445 2869 2766 2924 eonlitcatur
2795 2867 3030 2923 Ecclesia
3059 2884 3074 2934 ;
3098 2869 3233 2922 dicat
3262 2886 3274 2922 :
3310 2866 3478 2938 Usque

1886 2979 2019 3018 nunc
2047 2963 2352 3016 annuntiabo
2379 2959 2629 3014 mirabilia
2657 2970 2764 3015 tua.
2810 2958 2925 3014 Non
2965 2967 3166 3014 tantum
3213 2960 3263 3014 in
3288 2960 3480 3029 juven-

1888 3064 2019 3118 tute,
2045 3054 2259 3125 quando
2288 3053 2504 3116 Paulus,
2561 3052 2774 3122 quando
2813 3051 3025 3117 Petrus,
3078 3050 3290 3122 quando
3317 3052 3474 3121 primi

1888 3147 2124 3218 Apostoli
2171 3145 2931 3214 nuntiaverunt;,proeedente
2979 3144 3137 3198 etiam
3169 3153 3344 3211 :etate,
3371 3158 3473 3213 ego

1888 3239 2023 3311 ipse,
2048 3237 2097 3292 id
2149 3236 2434 3291 estttnitas
2484 3244 2591 3299 tua,
2641 3234 2876 3288 membra
2932 3246 3039 3298 tua,
3070 3249 3263 3303 (-Orpus
3307 3244 3475 3302 tuum,

1888 3328 2196 3385 annuntiabo
2246 3326 2498 3380 mirabilia
2526 3337 2630 3380 tua.
2680 3325 2817 3394 Quid
2865 3327 3090 3396 postea?
3143 3325 3204 3380 Et
3230 3342 3384 3396 usque
3414 3325 3481 3379 ad

1887 3431 2138 3480 senectam
2159 3430 2205 3475 et
2224 3421 2417 3475 senium
2464 3421 2791 3473 annuntiabo
2837 3419 3098 3472 mirabilia
3133 3431 3217 3473 tua
3254 3437 3268 3473 :
3304 3433 3472 3490 usque

1890 3516 1945 3572 in
1971 3515 2129 3570 ﬁnem
2163 3512 2340 3568 saeculi
2371 3513 2472 3566 erit
2498 3513 2583 3567 hic
2604 3513 2865 3567 Ecclesia.
2896 3511 2950 3568 Si
2980 3514 3122 3568 enim
3147 3530 3252 3568 non
3282 3513 3364 3569 hic
3393 3513 3480 3568 l'u-

1893 3616 2008 3662 tura
2036 3616 2115 3661 est
2144 3620 2313 3674 usque
2341 3604 2390 3658 in
2422 3606 2580 3658 linem
2610 3605 2790 3659 saeculi
2820 3620 2835 3667 ;
2882 3606 3074 3674 quibus
3108 3606 3360 3660 Dominus
3390 3607 3475 3660 di-

1892 3697 1988 3762 xit,
2023 3695 2153 3749 Ecce
2175 3711 2266 3765 ego
2290 3693 2539 3747 vobiscum
2592 3710 2704 3746 sum
2740 3695 2968 3749 omnibus
3019 3695 3214 3764 diebus,
3251 3714 3406 3768 usque
3432 3697 3484 3753 in

1894 3789 2372 3845 consummationem
2411 3787 2584 3840 oraculi
2613 3784 2631 3858 (
2665 3786 2850 3840 Matth.
2880 3802 3072 3851 xxvtu,
3102 3787 3173 3843 20
3203 3788 3220 3857 )
3245 3791 3269 3842 ?
3308 3789 3485 3856 Quare

1895 3883 1993 3938 ista
2020 3881 2300 3950 Oportebat
2328 3888 2387 3934 ut
2409 3879 2721 3934 dicerentur
2747 3879 2798 3934 in
2821 3878 3108 3950 Seripturis
3131 3881 3157 3936 τ
3183 3883 3312 3948 Quia
3343 3883 3486 3938 futu-

1895 3975 1940 4030 ri
1981 3980 2134 4028 erant
2183 3969 2382 4027 inimici
2425 3970 2728 4027 christiana:
2784 3971 2908 4026 ﬁdei
2947 3972 3036 4041 qui
3089 3971 3329 4028 dicerent
3359 3992 3372 4029 :
3404 3974 3486 4030 Ad

1896 4080 2117 4136 parvum
2141 4075 2349 4133 tempus
2377 4071 2499 4117 sunt
2547 4061 2855 4129 Christiani,
2905 4072 3093 4133 postea
3134 4066 3400 4134 perilnmt,
3431 4075 3486 4122 et

1899 4158 2146 4214 redibunt
2166 4156 2324 4221 idola,
2368 4155 2539 4210 rediet
2571 4154 2710 4224 quod
2757 4166 2872 4210 erat
2914 4163 3068 4209 antea
3098 4155 3197 4228 (α).
3227 4155 3488 4224 Quamdiu

1901 4258 2057 4306 erunt
2102 4245 2438 4303 Christiani?
2485 4245 2655 4317 Usque
2704 4248 2772 4299 ad
2813 4255 3069 4300 senectam
3096 4257 3143 4301 et
3171 4247 3406 4315 senium;
3436 4248 3489 4304 id

1901 4350 1980 4397 est
1998 4357 2162 4412 usque
2183 4341 2232 4394 in
2263 4340 2420 4394 ﬁnem
2466 4339 2668 4394 saeculi.
2697 4338 2778 4393 Tu
2818 4354 2941 4394 eum
2988 4352 3285 4411 exspectas,
3330 4342 3492 4399 miser

1904 4433 2149 4500 inﬁdelis,
2172 4443 2229 4487 ut
2251 4429 2846 4496 transeanI.Christiani,
2876 4433 3070 4487 transis
3107 4446 3160 4488 tu
3187 4434 3304 4489 sine
3331 4435 3490 4491 Chri-

1905 4527 2090 4582 stianis
2115 4534 2201 4580 :et
2220 4523 2502 4580 Christiani
2530 4540 2696 4594 usque
2722 4525 2772 4579 in
2822 4525 2982 4579 linem
3010 4525 3187 4579 szeeuli
3218 4542 3494 4594 permane-

1906 4618 2078 4682 bunt;
2119 4626 2242 4672 ettu
2275 4631 2369 4686 per
2399 4615 2762 4670 inﬁdelitatem
2791 4624 2955 4681 tuam,
2982 4631 3103 4670 cum
3154 4616 3355 4671 ﬁnieris
3375 4617 3494 4673 bre—

1905 4727 2024 4767 vem
2045 4712 2206 4765 vitam
2241 4718 2407 4774 tuam,
2439 4725 2542 4779 qua
2577 4708 2752 4764 fronte
2799 4711 2947 4765 exies
2975 4709 3040 4764 ad
3065 4709 3298 4781 judicem
3339 4725 3496 4782 quem

1906 4821 2026 4861 cum
2053 4807 2260 4859 viveres
2293 4802 2669 4872 blasphemasti
2689 4805 2714 4857 ?
2761 4804 2900 4874 Ergo
2920 4821 2950 4856 a
2983 4804 3247 4875 juventute
3289 4823 3416 4872 mea,
3444 4817 3492 4862 et

1907 4914 2062 4967 usque
2090 4913 2240 4962 nunc,
2267 4904 2316 4948 et
2343 4911 2501 4965 usque
2528 4895 2596 4947 ad
2618 4904 2867 4949 senectam
2912 4904 2957 4949 et
2994 4898 3208 4961 senium,
3263 4897 3496 4963 Domine,

1908 5005 1972 5045 ne
2000 4989 2315 5058 derelinquas
2336 5003 2430 5040 me.
2461 4985 2594 5048 Non,
2619 4985 2888 5056 quomodo
2927 4986 3108 5042 dicunt
3136 4987 3331 5042 inimici
3372 4988 3496 5054 mei,

1909 5097 2078 5152 usque
2125 5080 2190 5134 ad
2241 5088 2450 5147 tempus
2496 5079 2618 5135 erit.
2680 5076 2764 5134 Ne
2803 5080 3119 5151 derelinquas
3168 5097 3285 5146 me,
3339 5081 3499 5135 donec

1912 5172 2200 5226 aununtient
2221 5170 2476 5223 brachium
2510 5179 2649 5222 tuum
2671 5173 2976 5240 generationi
3002 5171 3140 5226 omni
3163 5183 3493 5237 superventu-

1913 5281 2004 5319 ναι.
2061 5263 2129 5316 Et
2165 5259 2437 5317 brachium
2497 5259 2705 5315 Domini
2758 5263 2840 5316 cui
2891 5261 3178 5316 revelatum
3215 5270 3295 5315 est
3324 5263 3341 5332 (
3371 5261 3500 5318 lsai.

1915 5373 2026 5419 ιιιι,
2048 5357 2069 5409 l
2093 5353 2160 5427 )?
2189 5352 2468 5408 Brachium
2498 5353 2725 5412 Domini.
2750 5353 3014 5409 Christus.
3049 5352 3161 5408 Noli
3195 5369 3322 5423 ergo
3343 5354 3499 5410 dere-

1916 5449 2162 5517 linquere
2215 5459 2335 5507 me;
2369 5458 2474 5497 non
2529 5444 2794 5514 gaudeant
2837 5444 2927 5514 qui
2963 5443 3146 5499 dicunt
3179 5463 3192 5500 :
3226 5445 3403 5515 Usque
3441 5444 3506 5500 ad

1918 5548 2117 5597 eertum
2141 5548 2349 5606 tempus
2369 5546 2524 5591 erunt
2573 5535 2877 5592 Christiani.
2906 5533 3023 5590 Sint
3048 5536 3135 5606 qui
3190 5537 3506 5591 aununtient

1919 5631 2193 5688 brachium
2225 5639 2390 5682 tuum.
2430 5628 2526 5683 Cui
2551 5629 2575 5681 ?
2603 5627 2924 5682 Generationi
2951 5629 3090 5682 omni
3115 5641 3508 5698 superuentura.

1922 5726 1979 5783 Si
2026 5737 2153 5794 ergo
2201 5720 2350 5777 omni
2395 5722 2723 5794 generationi
2758 5731 3196 5795 superventuraa;
3243 5740 3410 5796 usque
3441 5728 3505 5784 ad

1992 5842 2066 5907 (α)
2086 5847 2254 5907 Supra,
2276 5853 2389 5906 pag.
2413 5837 2524 5903 454,
2548 5846 2648 5890 not.
2675 5837 2768 5901 (a).
