  <div class='ocr_page' id='page_1' title='image "/cluster/home/n/w/nwhite01/storage/ocr_20150623/36/uva.x000827105/461.png"; bbox 0 0 3966 6454; ppageno 0'>
   <div class='ocr_carea' id='block_1_1' title="bbox 492 340 600 399">
    <p class='ocr_par' dir='ltr' id='par_1_1' title="bbox 492 340 600 399">
     <span class='ocr_line' id='line_1_1' title="bbox 492 340 600 399; baseline -0.028 0"><span class='ocrx_word' id='word_1_1' title='bbox 492 340 600 399; x_wconf 77' lang='lat'><strong>895</strong></span> 
     </span>
    </p>
   </div>
   <div class='ocr_carea' id='block_1_2' title="bbox 495 433 2073 513">
    <p class='ocr_par' dir='ltr' id='par_1_2' title="bbox 495 433 2073 513">
     <span class='ocr_line' id='line_1_2' title="bbox 495 433 2073 513; baseline -0.015 -1"><span class='ocrx_word' id='word_1_2' title='bbox 495 458 652 513; x_wconf 84' lang='lat' dir='ltr'><strong>tinem</strong></span> <span class='ocrx_word' id='word_1_3' title='bbox 673 450 891 508; x_wconf 73' lang='lat' dir='ltr'><strong>steculi:</strong></span> <span class='ocrx_word' id='word_1_4' title='bbox 923 449 1078 506; x_wconf 80' lang='lat' dir='ltr'><strong>linito</strong></span> <span class='ocrx_word' id='word_1_5' title='bbox 1098 446 1243 505; x_wconf 84' lang='lat' dir='ltr'><strong>enim</strong></span> <span class='ocrx_word' id='word_1_6' title='bbox 1274 437 1617 510; x_wconf 73' lang='lat' dir='ltr'><strong>mulo,jam</strong></span> <span class='ocrx_word' id='word_1_7' title='bbox 1643 433 1789 492; x_wconf 85' lang='lat' dir='ltr'><strong>nulla</strong></span> <span class='ocrx_word' id='word_1_8' title='bbox 1816 447 2073 504; x_wconf 61' lang='lat' dir='ltr'><strong>supervev</strong></span> 
     </span>
    </p>
   </div>
   <div class='ocr_carea' id='block_1_3' title="bbox 495 543 915 615">
    <p class='ocr_par' dir='ltr' id='par_1_3' title="bbox 495 543 915 615">
     <span class='ocr_line' id='line_1_3' title="bbox 495 543 915 615; baseline -0.024 -10"><span class='ocrx_word' id='word_1_9' title='bbox 495 550 602 605; x_wconf 81' lang='lat' dir='ltr'><strong>niet</strong></span> <span class='ocrx_word' id='word_1_10' title='bbox 624 543 915 615; x_wconf 75' lang='lat' dir='ltr'><strong>generatio.</strong></span> 
     </span>
    </p>
   </div>
   <div class='ocr_carea' id='block_1_4' title="bbox 565 619 2076 710">
    <p class='ocr_par' dir='ltr' id='par_1_4' title="bbox 565 619 2076 710">
     <span class='ocr_line' id='line_1_4' title="bbox 565 619 2076 710; baseline -0.015 -17"><span class='ocrx_word' id='word_1_11' title='bbox 565 638 620 693; x_wconf 84' lang='lat'><strong>5.</strong></span> <span class='ocrx_word' id='word_1_12' title='bbox 653 636 815 710; x_wconf 53' lang='lat' dir='ltr'><strong>[vera</strong></span> <span class='ocrx_word' id='word_1_13' title='bbox 852 629 973 705; x_wconf 74' lang='lat'><strong>19.]</strong></span> <span class='ocrx_word' id='word_1_14' title='bbox 1002 627 1286 684; x_wconf 85' lang='lat' dir='ltr'><strong>Potentiam</strong></span> <span class='ocrx_word' id='word_1_15' title='bbox 1314 634 1470 685; x_wconf 84' lang='lat' dir='ltr'><strong>tuam,</strong></span> <span class='ocrx_word' id='word_1_16' title='bbox 1519 630 1564 677; x_wconf 85' lang='lat' dir='ltr'><strong>et</strong></span> <span class='ocrx_word' id='word_1_17' title='bbox 1594 619 1851 693; x_wconf 83' lang='lat' dir='ltr'><strong>justitiam</strong></span> <span class='ocrx_word' id='word_1_18' title='bbox 1893 625 2029 670; x_wconf 87' lang='lat' dir='ltr'><strong>tuam</strong></span> <span class='ocrx_word' id='word_1_19' title='bbox 2055 630 2076 671; x_wconf 92' lang='lat'><strong><em>:</em></strong></span> 
     </span>
    </p>
   </div>
   <div class='ocr_carea' id='block_1_5' title="bbox 496 715 2079 795">
    <p class='ocr_par' dir='ltr' id='par_1_5' title="bbox 496 715 2079 795">
     <span class='ocr_line' id='line_1_5' title="bbox 496 715 2079 795; baseline -0.016 -8"><span class='ocrx_word' id='word_1_20' title='bbox 496 731 600 786; x_wconf 81' lang='lat' dir='ltr'><strong>hoc</strong></span> <span class='ocrx_word' id='word_1_21' title='bbox 646 739 746 795; x_wconf 88' lang='lat' dir='ltr'><strong>est,</strong></span> <span class='ocrx_word' id='word_1_22' title='bbox 791 725 1095 780; x_wconf 89' lang='lat' dir='ltr'><strong>annnntiem</strong></span> <span class='ocrx_word' id='word_1_23' title='bbox 1138 717 1463 793; x_wconf 88' lang='lat' dir='ltr'><strong>geuerationi</strong></span> <span class='ocrx_word' id='word_1_24' title='bbox 1495 715 1636 771; x_wconf 88' lang='lat' dir='ltr'><strong>omni</strong></span> <span class='ocrx_word' id='word_1_25' title='bbox 1677 720 2079 781; x_wconf 76' lang='lat' dir='ltr'><strong>superventurte</strong></span> 
     </span>
    </p>
   </div>
   <div class='ocr_carea' id='block_1_6' title="bbox 498 799 2080 884">
    <p class='ocr_par' dir='ltr' id='par_1_6' title="bbox 498 799 2080 884">
     <span class='ocr_line' id='line_1_6' title="bbox 498 799 2080 884; baseline -0.015 -8"><span class='ocrx_word' id='word_1_26' title='bbox 498 819 772 876; x_wconf 73' lang='lat' dir='ltr'><strong>brachium</strong></span> <span class='ocrx_word' id='word_1_27' title='bbox 816 830 981 871; x_wconf 88' lang='lat' dir='ltr'><strong>tuum.</strong></span> <span class='ocrx_word' id='word_1_28' title='bbox 1032 814 1098 870; x_wconf 82' lang='lat' dir='ltr'><strong>Et</strong></span> <span class='ocrx_word' id='word_1_29' title='bbox 1140 813 1265 884; x_wconf 87' lang='lat' dir='ltr'><strong>quid</strong></span> <span class='ocrx_word' id='word_1_30' title='bbox 1299 809 1542 882; x_wconf 73' lang='lat' dir='ltr'><strong>praestitit</strong></span> <span class='ocrx_word' id='word_1_31' title='bbox 1574 808 1843 861; x_wconf 88' lang='lat' dir='ltr'><strong>brachium</strong></span> <span class='ocrx_word' id='word_1_32' title='bbox 1888 799 2080 855; x_wconf 89' lang='lat' dir='ltr'><strong>tuum?</strong></span> 
     </span>
    </p>
   </div>
   <div class='ocr_carea' id='block_1_7' title="bbox 501 901 2084 976">
    <p class='ocr_par' dir='ltr' id='par_1_7' title="bbox 501 901 2084 976">
     <span class='ocr_line' id='line_1_7' title="bbox 501 901 2084 976; baseline -0.012 -10"><span class='ocrx_word' id='word_1_33' title='bbox 501 912 890 967; x_wconf 82' lang='lat' dir='ltr'><strong>Liberalionem</strong></span> <span class='ocrx_word' id='word_1_34' title='bbox 937 918 1173 962; x_wconf 90' lang='lat' dir='ltr'><strong>nostram</strong></span> <span class='ocrx_word' id='word_1_35' title='bbox 1218 908 1521 976; x_wconf 73' lang='lat' dir='ltr'><strong>gratuitam.</strong></span> <span class='ocrx_word' id='word_1_36' title='bbox 1576 901 1685 954; x_wconf 92' lang='lat' dir='ltr'><strong>lloc</strong></span> <span class='ocrx_word' id='word_1_37' title='bbox 1724 912 1851 966; x_wconf 84' lang='lat' dir='ltr'><strong>ergo</strong></span> <span class='ocrx_word' id='word_1_38' title='bbox 1878 909 2084 950; x_wconf 89' lang='lat' dir='ltr'><strong>annun-</strong></span> 
     </span>
    </p>
   </div>
   <div class='ocr_carea' id='block_1_8' title="bbox 503 992 2081 1073">
    <p class='ocr_par' dir='ltr' id='par_1_8' title="bbox 503 992 2081 1073">
     <span class='ocr_line' id='line_1_8' title="bbox 503 992 2081 1073; baseline -0.013 -14"><span class='ocrx_word' id='word_1_39' title='bbox 503 1005 654 1067; x_wconf 89' lang='lat' dir='ltr'><strong>tiem,</strong></span> <span class='ocrx_word' id='word_1_40' title='bbox 679 1003 846 1073; x_wconf 84' lang='lat' dir='ltr'><strong>ipsam</strong></span> <span class='ocrx_word' id='word_1_41' title='bbox 873 1002 1095 1073; x_wconf 87' lang='lat' dir='ltr'><strong>gratiam</strong></span> <span class='ocrx_word' id='word_1_42' title='bbox 1122 999 1266 1054; x_wconf 88' lang='lat' dir='ltr'><strong>omni</strong></span> <span class='ocrx_word' id='word_1_43' title='bbox 1292 992 1620 1067; x_wconf 74' lang='lat' dir='ltr'><strong>generationi</strong></span> <span class='ocrx_word' id='word_1_44' title='bbox 1650 998 2081 1061; x_wconf 69' lang='lat' dir='ltr'><strong>superventurm;</strong></span> 
     </span>
    </p>
   </div>
   <div class='ocr_carea' id='block_1_9' title="bbox 505 1080 2083 1153">
    <p class='ocr_par' dir='ltr' id='par_1_9' title="bbox 505 1080 2083 1153">
     <span class='ocr_line' id='line_1_9' title="bbox 505 1080 2083 1153; baseline -0.011 -3"><span class='ocrx_word' id='word_1_45' title='bbox 505 1096 680 1151; x_wconf 87' lang='lat' dir='ltr'><strong>dicam</strong></span> <span class='ocrx_word' id='word_1_46' title='bbox 702 1097 844 1149; x_wconf 88' lang='lat' dir='ltr'><strong>omni</strong></span> <span class='ocrx_word' id='word_1_47' title='bbox 876 1093 1075 1148; x_wconf 90' lang='lat' dir='ltr'><strong>botniui</strong></span> <span class='ocrx_word' id='word_1_48' title='bbox 1105 1092 1373 1147; x_wconf 88' lang='lat' dir='ltr'><strong>nascituro</strong></span> <span class='ocrx_word' id='word_1_49' title='bbox 1401 1108 1414 1143; x_wconf 88' lang='lat'><strong>:</strong></span> <span class='ocrx_word' id='word_1_50' title='bbox 1444 1087 1582 1143; x_wconf 80' lang='lat' dir='ltr'><strong>Nihil</strong></span> <span class='ocrx_word' id='word_1_51' title='bbox 1611 1100 1671 1139; x_wconf 89' lang='lat' dir='ltr'><strong>es</strong></span> <span class='ocrx_word' id='word_1_52' title='bbox 1701 1100 1791 1153; x_wconf 87' lang='lat' dir='ltr'><strong>per</strong></span> <span class='ocrx_word' id='word_1_53' title='bbox 1820 1090 1892 1147; x_wconf 90' lang='lat' dir='ltr'><strong>te,</strong></span> <span class='ocrx_word' id='word_1_54' title='bbox 1920 1080 2083 1135; x_wconf 90' lang='lat' dir='ltr'><strong>Deum</strong></span> 
     </span>
    </p>
   </div>
   <div class='ocr_carea' id='block_1_10' title="bbox 503 1170 2086 1255">
    <p class='ocr_par' dir='ltr' id='par_1_10' title="bbox 503 1170 2086 1255">
     <span class='ocr_line' id='line_1_10' title="bbox 503 1170 2086 1255; baseline -0.013 -12"><span class='ocrx_word' id='word_1_55' title='bbox 503 1187 724 1251; x_wconf 86' lang='lat' dir='ltr'><strong>invoca;</strong></span> <span class='ocrx_word' id='word_1_56' title='bbox 775 1197 862 1241; x_wconf 87' lang='lat' dir='ltr'><strong>tua</strong></span> <span class='ocrx_word' id='word_1_57' title='bbox 905 1193 1116 1255; x_wconf 86' lang='lat' dir='ltr'><strong>peccata</strong></span> <span class='ocrx_word' id='word_1_58' title='bbox 1157 1192 1310 1243; x_wconf 89' lang='lat' dir='ltr'><strong>sunt,</strong></span> <span class='ocrx_word' id='word_1_59' title='bbox 1337 1179 1522 1233; x_wconf 86' lang='lat' dir='ltr'><strong>merita</strong></span> <span class='ocrx_word' id='word_1_60' title='bbox 1558 1176 1647 1230; x_wconf 91' lang='lat' dir='ltr'><strong>Dei</strong></span> <span class='ocrx_word' id='word_1_61' title='bbox 1687 1183 1844 1239; x_wconf 89' lang='lat' dir='ltr'><strong>sunt;</strong></span> <span class='ocrx_word' id='word_1_62' title='bbox 1886 1170 2086 1240; x_wconf 83' lang='lat' dir='ltr'><strong>suppli-</strong></span> 
     </span>
    </p>
   </div>
   <div class='ocr_carea' id='block_1_11' title="bbox 503 1265 2084 1342">
    <p class='ocr_par' dir='ltr' id='par_1_11' title="bbox 503 1265 2084 1342">
     <span class='ocr_line' id='line_1_11' title="bbox 503 1265 2084 1342; baseline -0.014 -5"><span class='ocrx_word' id='word_1_63' title='bbox 503 1282 641 1337; x_wconf 82' lang='lat' dir='ltr'><strong>cium</strong></span> <span class='ocrx_word' id='word_1_64' title='bbox 694 1280 786 1335; x_wconf 91' lang='lat' dir='ltr'><strong>tibi</strong></span> <span class='ocrx_word' id='word_1_65' title='bbox 833 1279 1078 1342; x_wconf 81' lang='lat' dir='ltr'><strong>debetur,</strong></span> <span class='ocrx_word' id='word_1_66' title='bbox 1126 1286 1182 1332; x_wconf 91' lang='lat' dir='ltr'><strong>et</strong></span> <span class='ocrx_word' id='word_1_67' title='bbox 1222 1290 1342 1330; x_wconf 90' lang='lat' dir='ltr'><strong>cum</strong></span> <span class='ocrx_word' id='word_1_68' title='bbox 1390 1270 1662 1341; x_wconf 67' lang='lat' dir='ltr'><strong>prtrmium</strong></span> <span class='ocrx_word' id='word_1_69' title='bbox 1712 1265 1937 1331; x_wconf 77' lang='lat' dir='ltr'><strong>venerit,</strong></span> <span class='ocrx_word' id='word_1_70' title='bbox 1989 1277 2084 1316; x_wconf 89' lang='lat' dir='ltr'><strong>sua</strong></span> 
     </span>
    </p>
   </div>
   <div class='ocr_carea' id='block_1_12' title="bbox 504 1357 2085 1427">
    <p class='ocr_par' dir='ltr' id='par_1_12' title="bbox 504 1357 2085 1427">
     <span class='ocr_line' id='line_1_12' title="bbox 504 1357 2085 1427; baseline -0.014 0"><span class='ocrx_word' id='word_1_71' title='bbox 504 1372 642 1427; x_wconf 90' lang='lat' dir='ltr'><strong>dona</strong></span> <span class='ocrx_word' id='word_1_72' title='bbox 671 1370 968 1426; x_wconf 87' lang='lat' dir='ltr'><strong>coronabit.</strong></span> <span class='ocrx_word' id='word_1_73' title='bbox 1001 1383 1104 1423; x_wconf 89' lang='lat' dir='ltr'><strong>non</strong></span> <span class='ocrx_word' id='word_1_74' title='bbox 1132 1366 1317 1420; x_wconf 86' lang='lat' dir='ltr'><strong>merita</strong></span> <span class='ocrx_word' id='word_1_75' title='bbox 1348 1377 1454 1419; x_wconf 85' lang='lat' dir='ltr'><strong>tua.</strong></span> <span class='ocrx_word' id='word_1_76' title='bbox 1494 1362 1669 1414; x_wconf 89' lang='lat' dir='ltr'><strong>Dicam</strong></span> <span class='ocrx_word' id='word_1_77' title='bbox 1698 1357 1841 1413; x_wconf 88' lang='lat' dir='ltr'><strong>omni</strong></span> <span class='ocrx_word' id='word_1_78' title='bbox 1863 1368 2085 1425; x_wconf 65' lang='lat' dir='ltr'><strong>genera~</strong></span> 
     </span>
    </p>
   </div>
   <div class='ocr_carea' id='block_1_13' title="bbox 508 1443 2085 1531">
    <p class='ocr_par' dir='ltr' id='par_1_13' title="bbox 508 1443 2085 1531">
     <span class='ocr_line' id='line_1_13' title="bbox 508 1443 2085 1531; baseline -0.013 -14"><span class='ocrx_word' id='word_1_79' title='bbox 508 1464 639 1519; x_wconf 88' lang='lat' dir='ltr'><strong>tioni</strong></span> <span class='ocrx_word' id='word_1_80' title='bbox 667 1468 1066 1531; x_wconf 77' lang='lat' dir='ltr'><strong>superventurtl</strong></span> <span class='ocrx_word' id='word_1_81' title='bbox 1095 1474 1110 1511; x_wconf 92' lang='lat'><strong>:</strong></span> <span class='ocrx_word' id='word_1_82' title='bbox 1143 1456 1217 1511; x_wconf 86' lang='lat' dir='ltr'><strong>De</strong></span> <span class='ocrx_word' id='word_1_83' title='bbox 1243 1453 1544 1523; x_wconf 73' lang='lat' dir='ltr'><strong>captivitate</strong></span> <span class='ocrx_word' id='word_1_84' title='bbox 1571 1448 1756 1503; x_wconf 75' lang='lat' dir='ltr'><strong>venisti</strong></span> <span class='ocrx_word' id='word_1_85' title='bbox 1781 1463 1797 1509; x_wconf 86' lang='lat'><strong>;</strong></span> <span class='ocrx_word' id='word_1_86' title='bbox 1825 1445 1888 1499; x_wconf 87' lang='lat' dir='ltr'><strong>ad</strong></span> <span class='ocrx_word' id='word_1_87' title='bbox 1917 1443 2085 1499; x_wconf 84' lang='lat' dir='ltr'><strong>Atiam</strong></span> 
     </span>
    </p>
   </div>
   <div class='ocr_carea' id='block_1_14' title="bbox 507 1537 2086 1623">
    <p class='ocr_par' dir='ltr' id='par_1_14' title="bbox 507 1537 2086 1623">
     <span class='ocr_line' id='line_1_14' title="bbox 507 1537 2086 1623; baseline -0.015 -13"><span class='ocrx_word' id='word_1_88' title='bbox 507 1551 839 1623; x_wconf 85' lang='lat' dir='ltr'><strong>pertinebas.</strong></span> <span class='ocrx_word' id='word_1_89' title='bbox 885 1551 1063 1603; x_wconf 82' lang='lat' dir='ltr'><strong>Dicam</strong></span> <span class='ocrx_word' id='word_1_90' title='bbox 1094 1547 1195 1601; x_wconf 91' lang='lat' dir='ltr'><strong>hoc</strong></span> <span class='ocrx_word' id='word_1_91' title='bbox 1235 1542 1379 1599; x_wconf 88' lang='lat' dir='ltr'><strong>amni</strong></span> <span class='ocrx_word' id='word_1_92' title='bbox 1418 1537 1749 1611; x_wconf 88' lang='lat' dir='ltr'><strong>generationi</strong></span> <span class='ocrx_word' id='word_1_93' title='bbox 1789 1548 2086 1605; x_wconf 88' lang='lat' dir='ltr'><strong>superven-</strong></span> 
     </span>
    </p>
   </div>
   <div class='ocr_carea' id='block_1_15' title="bbox 513 1628 2084 1707">
    <p class='ocr_par' dir='ltr' id='par_1_15' title="bbox 513 1628 2084 1707">
     <span class='ocr_line' id='line_1_15' title="bbox 513 1628 2084 1707; baseline -0.015 -8"><span class='ocrx_word' id='word_1_94' title='bbox 513 1654 667 1707; x_wconf 85' lang='lat' dir='ltr'><strong>tur:e,</strong></span> <span class='ocrx_word' id='word_1_95' title='bbox 716 1642 885 1695; x_wconf 90' lang='lat' dir='ltr'><strong>nullas</strong></span> <span class='ocrx_word' id='word_1_96' title='bbox 929 1640 1067 1693; x_wconf 88' lang='lat' dir='ltr'><strong>vires</strong></span> <span class='ocrx_word' id='word_1_97' title='bbox 1114 1650 1279 1697; x_wconf 88' lang='lat' dir='ltr'><strong>meas,</strong></span> <span class='ocrx_word' id='word_1_98' title='bbox 1329 1633 1525 1688; x_wconf 89' lang='lat' dir='ltr'><strong>nullam</strong></span> <span class='ocrx_word' id='word_1_99' title='bbox 1573 1628 1829 1700; x_wconf 80' lang='lat' dir='ltr'><strong>justitiam</strong></span> <span class='ocrx_word' id='word_1_100' title='bbox 1878 1640 2084 1687; x_wconf 87' lang='lat' dir='ltr'><strong>meam;</strong></span> 
     </span>
    </p>
   </div>
   <div class='ocr_carea' id='block_1_16' title="bbox 510 1717 2090 1804">
    <p class='ocr_par' dir='ltr' id='par_1_16' title="bbox 510 1717 2090 1804">
     <span class='ocr_line' id='line_1_16' title="bbox 510 1717 2090 1804; baseline -0.012 -15"><span class='ocrx_word' id='word_1_101' title='bbox 510 1734 604 1789; x_wconf 86' lang='lat' dir='ltr'><strong>sed</strong></span> <span class='ocrx_word' id='word_1_102' title='bbox 635 1733 904 1804; x_wconf 86' lang='lat' dir='ltr'><strong>potentiam</strong></span> <span class='ocrx_word' id='word_1_103' title='bbox 934 1741 1069 1785; x_wconf 84' lang='lat' dir='ltr'><strong>tuam</strong></span> <span class='ocrx_word' id='word_1_104' title='bbox 1098 1738 1145 1782; x_wconf 89' lang='lat' dir='ltr'><strong>et</strong></span> <span class='ocrx_word' id='word_1_105' title='bbox 1177 1726 1426 1798; x_wconf 74' lang='lat' dir='ltr'><strong>justitiam</strong></span> <span class='ocrx_word' id='word_1_106' title='bbox 1455 1734 1595 1778; x_wconf 87' lang='lat' dir='ltr'><strong>tuam</strong></span> <span class='ocrx_word' id='word_1_107' title='bbox 1614 1764 1629 1787; x_wconf 93' lang='lat'><strong>,</strong></span> <span class='ocrx_word' id='word_1_108' title='bbox 1659 1721 1795 1776; x_wconf 83' lang='lat' dir='ltr'><strong>Deus</strong></span> <span class='ocrx_word' id='word_1_109' title='bbox 1814 1761 1829 1784; x_wconf 89' lang='lat'><strong>,</strong></span> <span class='ocrx_word' id='word_1_110' title='bbox 1858 1734 2013 1789; x_wconf 85' lang='lat' dir='ltr'><strong>usque</strong></span> <span class='ocrx_word' id='word_1_111' title='bbox 2036 1717 2090 1770; x_wconf 81' lang='lat' dir='ltr'><strong>in</strong></span> 
     </span>
    </p>
   </div>
   <div class='ocr_carea' id='block_1_17' title="bbox 510 1808 2090 1893">
    <p class='ocr_par' dir='ltr' id='par_1_17' title="bbox 510 1808 2090 1893">
     <span class='ocr_line' id='line_1_17' title="bbox 510 1808 2090 1893; baseline -0.011 -14"><span class='ocrx_word' id='word_1_112' title='bbox 510 1825 754 1880; x_wconf 85' lang='lat' dir='ltr'><strong>altissima</strong></span> <span class='ocrx_word' id='word_1_113' title='bbox 792 1839 903 1893; x_wconf 77' lang='lat' dir='ltr'><strong>qua:</strong></span> <span class='ocrx_word' id='word_1_114' title='bbox 941 1821 1104 1891; x_wconf 75' lang='lat' dir='ltr'><strong>fecisti</strong></span> <span class='ocrx_word' id='word_1_115' title='bbox 1141 1817 1415 1889; x_wconf 83' lang='lat' dir='ltr'><strong>magnalia.</strong></span> <span class='ocrx_word' id='word_1_116' title='bbox 1448 1813 1736 1869; x_wconf 81' lang='lat' dir='ltr'><strong>Potentiam</strong></span> <span class='ocrx_word' id='word_1_117' title='bbox 1764 1820 1901 1865; x_wconf 89' lang='lat' dir='ltr'><strong>tuam</strong></span> <span class='ocrx_word' id='word_1_118' title='bbox 1930 1819 1979 1864; x_wconf 85' lang='lat' dir='ltr'><strong>et</strong></span> <span class='ocrx_word' id='word_1_119' title='bbox 1998 1808 2090 1880; x_wconf 89' lang='lat' dir='ltr'><strong>ju-</strong></span> 
     </span>
    </p>
   </div>
   <div class='ocr_carea' id='block_1_18' title="bbox 513 1899 2092 1982">
    <p class='ocr_par' dir='ltr' id='par_1_18' title="bbox 513 1899 2092 1982">
     <span class='ocr_line' id='line_1_18' title="bbox 513 1899 2092 1982; baseline -0.01 -12"><span class='ocrx_word' id='word_1_120' title='bbox 513 1917 702 1972; x_wconf 85' lang='lat' dir='ltr'><strong>stitiam</strong></span> <span class='ocrx_word' id='word_1_121' title='bbox 731 1926 891 1979; x_wconf 86' lang='lat' dir='ltr'><strong>tuam,</strong></span> <span class='ocrx_word' id='word_1_122' title='bbox 922 1926 1195 1982; x_wconf 81' lang='lat' dir='ltr'><strong>usquequo</strong></span> <span class='ocrx_word' id='word_1_123' title='bbox 1214 1910 1240 1963; x_wconf 70' lang='grc' dir='ltr'><strong><em>Ἰ</em></strong></span> <span class='ocrx_word' id='word_1_124' title='bbox 1267 1923 1436 1980; x_wconf 86' lang='lat' dir='ltr'><strong>usque</strong></span> <span class='ocrx_word' id='word_1_125' title='bbox 1462 1905 1528 1962; x_wconf 88' lang='lat' dir='ltr'><strong>ad</strong></span> <span class='ocrx_word' id='word_1_126' title='bbox 1555 1920 1771 1962; x_wconf 84' lang='lat' dir='ltr'><strong>carnem</strong></span> <span class='ocrx_word' id='word_1_127' title='bbox 1796 1913 1848 1959; x_wconf 93' lang='lat' dir='ltr'><strong>et</strong></span> <span class='ocrx_word' id='word_1_128' title='bbox 1876 1899 2092 1972; x_wconf 87' lang='lat' dir='ltr'><strong>sangui-</strong></span> 
     </span>
    </p>
   </div>
   <div class='ocr_carea' id='block_1_19' title="bbox 513 1993 2089 2074">
    <p class='ocr_par' dir='ltr' id='par_1_19' title="bbox 513 1993 2089 2074">
     <span class='ocr_line' id='line_1_19' title="bbox 513 1993 2089 2074; baseline -0.01 -10"><span class='ocrx_word' id='word_1_129' title='bbox 513 2008 679 2064; x_wconf 86' lang='lat' dir='ltr'><strong>nem?</strong></span> <span class='ocrx_word' id='word_1_130' title='bbox 717 2007 861 2074; x_wconf 86' lang='lat' dir='ltr'><strong>Ima,</strong></span> <span class='ocrx_word' id='word_1_131' title='bbox 892 2020 1057 2074; x_wconf 86' lang='lat' dir='ltr'><strong>usque</strong></span> <span class='ocrx_word' id='word_1_132' title='bbox 1092 2002 1164 2058; x_wconf 82' lang='lat' dir='ltr'><strong>ad</strong></span> <span class='ocrx_word' id='word_1_133' title='bbox 1201 2001 1448 2058; x_wconf 89' lang='lat' dir='ltr'><strong>altissima</strong></span> <span class='ocrx_word' id='word_1_134' title='bbox 1484 2015 1599 2071; x_wconf 81' lang='lat' dir='ltr'><strong>qute</strong></span> <span class='ocrx_word' id='word_1_135' title='bbox 1626 1996 1785 2069; x_wconf 80' lang='lat' dir='ltr'><strong>fecisti</strong></span> <span class='ocrx_word' id='word_1_136' title='bbox 1813 1993 2089 2066; x_wconf 87' lang='lat' dir='ltr'><strong>magnalia.</strong></span> 
     </span>
    </p>
   </div>
   <div class='ocr_carea' id='block_1_20' title="bbox 514 2085 2091 2164">
    <p class='ocr_par' dir='ltr' id='par_1_20' title="bbox 514 2085 2091 2164">
     <span class='ocr_line' id='line_1_20' title="bbox 514 2085 2091 2164; baseline -0.011 -8"><span class='ocrx_word' id='word_1_137' title='bbox 514 2100 573 2156; x_wconf 89' lang='lat' dir='ltr'><strong>ln</strong></span> <span class='ocrx_word' id='word_1_138' title='bbox 604 2100 725 2155; x_wconf 88' lang='lat' dir='ltr'><strong>altis</strong></span> <span class='ocrx_word' id='word_1_139' title='bbox 749 2100 870 2155; x_wconf 72' lang='lat' dir='ltr'><strong>caeli</strong></span> <span class='ocrx_word' id='word_1_140' title='bbox 896 2108 1055 2163; x_wconf 86' lang='lat' dir='ltr'><strong>sunt;</strong></span> <span class='ocrx_word' id='word_1_141' title='bbox 1083 2096 1137 2151; x_wconf 90' lang='lat' dir='ltr'><strong>in</strong></span> <span class='ocrx_word' id='word_1_142' title='bbox 1159 2095 1281 2150; x_wconf 85' lang='lat' dir='ltr'><strong>altis</strong></span> <span class='ocrx_word' id='word_1_143' title='bbox 1304 2091 1490 2164; x_wconf 85' lang='lat' dir='ltr'><strong>Angeli</strong></span> <span class='ocrx_word' id='word_1_144' title='bbox 1519 2099 1663 2156; x_wconf 87' lang='lat' dir='ltr'><strong>sunt,</strong></span> <span class='ocrx_word' id='word_1_145' title='bbox 1694 2087 1881 2151; x_wconf 86' lang='lat' dir='ltr'><strong>Sedes,</strong></span> <span class='ocrx_word' id='word_1_146' title='bbox 1910 2085 2091 2140; x_wconf 83' lang='lat' dir='ltr'><strong>Domi-</strong></span> 
     </span>
    </p>
   </div>
   <div class='ocr_carea' id='block_1_21' title="bbox 516 2175 2092 2259">
    <p class='ocr_par' dir='ltr' id='par_1_21' title="bbox 516 2175 2092 2259">
     <span class='ocr_line' id='line_1_21' title="bbox 516 2175 2092 2259; baseline -0.011 -13"><span class='ocrx_word' id='word_1_147' title='bbox 516 2191 790 2256; x_wconf 84' lang='lat' dir='ltr'><strong>natioues,</strong></span> <span class='ocrx_word' id='word_1_148' title='bbox 836 2188 1200 2259; x_wconf 85' lang='lat' dir='ltr'><strong>Principatus,</strong></span> <span class='ocrx_word' id='word_1_149' title='bbox 1232 2185 1530 2241; x_wconf 78' lang='lat' dir='ltr'><strong>Potesmtes</strong></span> <span class='ocrx_word' id='word_1_150' title='bbox 1555 2199 1572 2238; x_wconf 91' lang='lat'><strong>:</strong></span> <span class='ocrx_word' id='word_1_151' title='bbox 1600 2181 1691 2237; x_wconf 83' lang='lat' dir='ltr'><strong>tibi</strong></span> <span class='ocrx_word' id='word_1_152' title='bbox 1730 2180 1926 2234; x_wconf 87' lang='lat' dir='ltr'><strong>debent</strong></span> <span class='ocrx_word' id='word_1_153' title='bbox 1951 2175 2092 2248; x_wconf 91' lang='lat' dir='ltr'><strong>quod</strong></span> 
     </span>
    </p>
   </div>
   <div class='ocr_carea' id='block_1_22' title="bbox 516 2269 2095 2349">
    <p class='ocr_par' dir='ltr' id='par_1_22' title="bbox 516 2269 2095 2349">
     <span class='ocr_line' id='line_1_22' title="bbox 516 2269 2095 2349; baseline -0.008 -13"><span class='ocrx_word' id='word_1_154' title='bbox 516 2288 663 2347; x_wconf 90' lang='lat' dir='ltr'><strong>sunt,</strong></span> <span class='ocrx_word' id='word_1_155' title='bbox 696 2280 787 2335; x_wconf 85' lang='lat' dir='ltr'><strong>tibi</strong></span> <span class='ocrx_word' id='word_1_156' title='bbox 817 2279 1015 2335; x_wconf 88' lang='lat' dir='ltr'><strong>debent</strong></span> <span class='ocrx_word' id='word_1_157' title='bbox 1039 2279 1180 2349; x_wconf 88' lang='lat' dir='ltr'><strong>quod</strong></span> <span class='ocrx_word' id='word_1_158' title='bbox 1210 2278 1413 2339; x_wconf 88' lang='lat' dir='ltr'><strong>vivunt,</strong></span> <span class='ocrx_word' id='word_1_159' title='bbox 1443 2274 1535 2329; x_wconf 90' lang='lat' dir='ltr'><strong>tibi</strong></span> <span class='ocrx_word' id='word_1_160' title='bbox 1565 2273 1759 2329; x_wconf 88' lang='lat' dir='ltr'><strong>debent</strong></span> <span class='ocrx_word' id='word_1_161' title='bbox 1786 2269 1929 2343; x_wconf 90' lang='lat' dir='ltr'><strong>quod</strong></span> <span class='ocrx_word' id='word_1_162' title='bbox 1952 2270 2095 2339; x_wconf 86' lang='lat' dir='ltr'><strong>juste</strong></span> 
     </span>
    </p>
   </div>
   <div class='ocr_carea' id='block_1_23' title="bbox 516 2362 2094 2440">
    <p class='ocr_par' dir='ltr' id='par_1_23' title="bbox 516 2362 2094 2440">
     <span class='ocr_line' id='line_1_23' title="bbox 516 2362 2094 2440; baseline -0.008 -15"><span class='ocrx_word' id='word_1_163' title='bbox 516 2375 729 2435; x_wconf 86' lang='lat' dir='ltr'><strong>vivunt,</strong></span> <span class='ocrx_word' id='word_1_164' title='bbox 777 2373 871 2429; x_wconf 88' lang='lat' dir='ltr'><strong>tibi</strong></span> <span class='ocrx_word' id='word_1_165' title='bbox 916 2372 1114 2427; x_wconf 90' lang='lat' dir='ltr'><strong>debent</strong></span> <span class='ocrx_word' id='word_1_166' title='bbox 1156 2368 1297 2440; x_wconf 85' lang='lat' dir='ltr'><strong>quod</strong></span> <span class='ocrx_word' id='word_1_167' title='bbox 1343 2370 1496 2424; x_wconf 84' lang='lat' dir='ltr'><strong>beate</strong></span> <span class='ocrx_word' id='word_1_168' title='bbox 1543 2367 1758 2431; x_wconf 84' lang='lat' dir='ltr'><strong>vivunt,</strong></span> <span class='ocrx_word' id='word_1_169' title='bbox 1808 2362 2094 2417; x_wconf 80' lang='lat' dir='ltr'><strong>Potentiam</strong></span> 
     </span>
    </p>
   </div>
   <div class='ocr_carea' id='block_1_24' title="bbox 519 2453 2095 2534">
    <p class='ocr_par' dir='ltr' id='par_1_24' title="bbox 519 2453 2095 2534">
     <span class='ocr_line' id='line_1_24' title="bbox 519 2453 2095 2534; baseline -0.007 -15"><span class='ocrx_word' id='word_1_170' title='bbox 519 2474 656 2519; x_wconf 87' lang='lat' dir='ltr'><strong>tuam</strong></span> <span class='ocrx_word' id='word_1_171' title='bbox 682 2474 729 2518; x_wconf 89' lang='lat' dir='ltr'><strong>et</strong></span> <span class='ocrx_word' id='word_1_172' title='bbox 756 2463 1012 2534; x_wconf 73' lang='lat' dir='ltr'><strong>justitiam</strong></span> <span class='ocrx_word' id='word_1_173' title='bbox 1035 2472 1195 2527; x_wconf 90' lang='lat' dir='ltr'><strong>tuam,</strong></span> <span class='ocrx_word' id='word_1_174' title='bbox 1222 2458 1537 2530; x_wconf 77' lang='lat' dir='ltr'><strong>usqueqno?</strong></span> <span class='ocrx_word' id='word_1_175' title='bbox 1567 2455 1737 2528; x_wconf 89' lang='lat' dir='ltr'><strong>Usque</strong></span> <span class='ocrx_word' id='word_1_176' title='bbox 1774 2456 1829 2510; x_wconf 90' lang='lat' dir='ltr'><strong>in</strong></span> <span class='ocrx_word' id='word_1_177' title='bbox 1844 2453 2095 2509; x_wconf 82' lang='lat' dir='ltr'><strong>altissima</strong></span> 
     </span>
    </p>
   </div>
   <div class='ocr_carea' id='block_1_25' title="bbox 516 2549 2094 2626">
    <p class='ocr_par' dir='ltr' id='par_1_25' title="bbox 516 2549 2094 2626">
     <span class='ocr_line' id='line_1_25' title="bbox 516 2549 2094 2626; baseline -0.004 -19"><span class='ocrx_word' id='word_1_178' title='bbox 516 2571 631 2624; x_wconf 75' lang='lat' dir='ltr'><strong>quae</strong></span> <span class='ocrx_word' id='word_1_179' title='bbox 656 2555 813 2626; x_wconf 80' lang='lat' dir='ltr'><strong>fecisti</strong></span> <span class='ocrx_word' id='word_1_180' title='bbox 839 2554 1112 2625; x_wconf 85' lang='lat' dir='ltr'><strong>magnalia.</strong></span> <span class='ocrx_word' id='word_1_181' title='bbox 1154 2552 1231 2608; x_wconf 89' lang='lat' dir='ltr'><strong>Ne</strong></span> <span class='ocrx_word' id='word_1_182' title='bbox 1268 2561 1420 2620; x_wconf 85' lang='lat' dir='ltr'><strong>putes</strong></span> <span class='ocrx_word' id='word_1_183' title='bbox 1464 2550 1732 2604; x_wconf 89' lang='lat' dir='ltr'><strong>hominem</strong></span> <span class='ocrx_word' id='word_1_184' title='bbox 1771 2549 1940 2604; x_wconf 90' lang='lat' dir='ltr'><strong>solum</strong></span> <span class='ocrx_word' id='word_1_185' title='bbox 1965 2560 2094 2619; x_wconf 88' lang='lat' dir='ltr'><strong>per-</strong></span> 
     </span>
    </p>
   </div>
   <div class='ocr_carea' id='block_1_26' title="bbox 520 2641 2094 2715">
    <p class='ocr_par' dir='ltr' id='par_1_26' title="bbox 520 2641 2094 2715">
     <span class='ocr_line' id='line_1_26' title="bbox 520 2641 2094 2715; baseline -0.004 -16"><span class='ocrx_word' id='word_1_186' title='bbox 520 2646 691 2700; x_wconf 88' lang='lat' dir='ltr'><strong>tinere</strong></span> <span class='ocrx_word' id='word_1_187' title='bbox 716 2645 780 2699; x_wconf 89' lang='lat' dir='ltr'><strong>ad</strong></span> <span class='ocrx_word' id='word_1_188' title='bbox 819 2646 1041 2715; x_wconf 84' lang='lat' dir='ltr'><strong>gratiam</strong></span> <span class='ocrx_word' id='word_1_189' title='bbox 1068 2643 1184 2699; x_wconf 86' lang='lat' dir='ltr'><strong>Dei.</strong></span> <span class='ocrx_word' id='word_1_190' title='bbox 1227 2642 1361 2711; x_wconf 86' lang='lat' dir='ltr'><strong>Quid</strong></span> <span class='ocrx_word' id='word_1_191' title='bbox 1401 2650 1515 2698; x_wconf 84' lang='lat' dir='ltr'><strong>erat</strong></span> <span class='ocrx_word' id='word_1_192' title='bbox 1553 2641 1787 2711; x_wconf 81' lang='lat' dir='ltr'><strong>Angelus</strong></span> <span class='ocrx_word' id='word_1_193' title='bbox 1813 2649 2094 2710; x_wconf 70' lang='lat' dir='ltr'><strong>antequam</strong></span> 
     </span>
    </p>
   </div>
   <div class='ocr_carea' id='block_1_27' title="bbox 519 2732 2091 2807">
    <p class='ocr_par' dir='ltr' id='par_1_27' title="bbox 519 2732 2091 2807">
     <span class='ocr_line' id='line_1_27' title="bbox 519 2732 2091 2807; baseline -0.006 -13"><span class='ocrx_word' id='word_1_194' title='bbox 519 2737 706 2793; x_wconf 70' lang='lat' dir='ltr'><strong>ilex-et?</strong></span> <span class='ocrx_word' id='word_1_195' title='bbox 732 2737 855 2806; x_wconf 83' lang='lat' dir='ltr'><strong>quid</strong></span> <span class='ocrx_word' id='word_1_196' title='bbox 884 2744 965 2790; x_wconf 89' lang='lat' dir='ltr'><strong>est</strong></span> <span class='ocrx_word' id='word_1_197' title='bbox 989 2734 1239 2807; x_wconf 83' lang='lat' dir='ltr'><strong>Angelus,</strong></span> <span class='ocrx_word' id='word_1_198' title='bbox 1262 2734 1306 2789; x_wconf 91' lang='lat' dir='ltr'><strong>si</strong></span> <span class='ocrx_word' id='word_1_199' title='bbox 1333 2735 1544 2789; x_wconf 83' lang='lat' dir='ltr'><strong>deserat</strong></span> <span class='ocrx_word' id='word_1_200' title='bbox 1564 2733 1651 2803; x_wconf 80' lang='lat' dir='ltr'><strong>qui</strong></span> <span class='ocrx_word' id='word_1_201' title='bbox 1674 2733 1869 2788; x_wconf 88' lang='lat' dir='ltr'><strong>creavit</strong></span> <span class='ocrx_word' id='word_1_202' title='bbox 1886 2733 1911 2785; x_wconf 83' lang='lat' dir='ltr'><strong>‘l</strong></span> <span class='ocrx_word' id='word_1_203' title='bbox 1933 2732 2091 2801; x_wconf 77' lang='lat' dir='ltr'><strong>Ergo,</strong></span> 
     </span>
    </p>
   </div>
   <div class='ocr_carea' id='block_1_28' title="bbox 518 2824 2101 2899">
    <p class='ocr_par' dir='ltr' id='par_1_28' title="bbox 518 2824 2101 2899">
     <span class='ocr_line' id='line_1_28' title="bbox 518 2824 2101 2899; baseline -0.001 -18"><span class='ocrx_word' id='word_1_204' title='bbox 518 2828 787 2897; x_wconf 78' lang='lat' dir='ltr'><strong>potentiam</strong></span> <span class='ocrx_word' id='word_1_205' title='bbox 818 2838 956 2881; x_wconf 86' lang='lat' dir='ltr'><strong>tuam</strong></span> <span class='ocrx_word' id='word_1_206' title='bbox 996 2838 1043 2882; x_wconf 87' lang='lat' dir='ltr'><strong>et</strong></span> <span class='ocrx_word' id='word_1_207' title='bbox 1074 2827 1333 2899; x_wconf 70' lang='lat' dir='ltr'><strong>justitiam</strong></span> <span class='ocrx_word' id='word_1_208' title='bbox 1369 2835 1529 2892; x_wconf 87' lang='lat' dir='ltr'><strong>tuam,</strong></span> <span class='ocrx_word' id='word_1_209' title='bbox 1570 2842 1728 2897; x_wconf 83' lang='lat' dir='ltr'><strong>usque</strong></span> <span class='ocrx_word' id='word_1_210' title='bbox 1764 2825 1819 2880; x_wconf 89' lang='lat' dir='ltr'><strong>in</strong></span> <span class='ocrx_word' id='word_1_211' title='bbox 1847 2824 2101 2895; x_wconf 66' lang='lat' dir='ltr'><strong>altissima</strong></span> 
     </span>
    </p>
   </div>
   <div class='ocr_carea' id='block_1_29' title="bbox 516 2919 1113 2990">
    <p class='ocr_par' dir='ltr' id='par_1_29' title="bbox 516 2919 1113 2990">
     <span class='ocr_line' id='line_1_29' title="bbox 516 2919 1113 2990; baseline -0.005 -16"><span class='ocrx_word' id='word_1_212' title='bbox 516 2935 628 2990; x_wconf 70' lang='lat' dir='ltr'><strong>quae</strong></span> <span class='ocrx_word' id='word_1_213' title='bbox 651 2920 810 2989; x_wconf 76' lang='lat' dir='ltr'><strong>fecisti</strong></span> <span class='ocrx_word' id='word_1_214' title='bbox 840 2919 1113 2990; x_wconf 85' lang='lat' dir='ltr'><strong>magnalia.</strong></span> 
     </span>
    </p>
   </div>
   <div class='ocr_carea' id='block_1_30' title="bbox 587 3009 2093 3080">
    <p class='ocr_par' dir='ltr' id='par_1_30' title="bbox 587 3009 2093 3080">
     <span class='ocr_line' id='line_1_30' title="bbox 587 3009 2093 3080; baseline 0 -14"><span class='ocrx_word' id='word_1_215' title='bbox 587 3011 638 3066; x_wconf 91' lang='lat'><strong>6.</strong></span> <span class='ocrx_word' id='word_1_216' title='bbox 676 3012 739 3066; x_wconf 88' lang='lat' dir='ltr'><strong>Et</strong></span> <span class='ocrx_word' id='word_1_217' title='bbox 768 3011 928 3065; x_wconf 87' lang='lat' dir='ltr'><strong>homo</strong></span> <span class='ocrx_word' id='word_1_218' title='bbox 956 3026 1014 3066; x_wconf 89' lang='lat' dir='ltr'><strong>se</strong></span> <span class='ocrx_word' id='word_1_219' title='bbox 1038 3010 1282 3067; x_wconf 79' lang='lat' dir='ltr'><strong>extollit!</strong></span> <span class='ocrx_word' id='word_1_220' title='bbox 1320 3019 1375 3067; x_wconf 89' lang='lat' dir='ltr'><strong>et</strong></span> <span class='ocrx_word' id='word_1_221' title='bbox 1400 3016 1459 3067; x_wconf 89' lang='lat' dir='ltr'><strong>ut</strong></span> <span class='ocrx_word' id='word_1_222' title='bbox 1485 3009 1747 3080; x_wconf 86' lang='lat' dir='ltr'><strong>pertineat</strong></span> <span class='ocrx_word' id='word_1_223' title='bbox 1770 3009 1836 3065; x_wconf 89' lang='lat' dir='ltr'><strong>ad</strong></span> <span class='ocrx_word' id='word_1_224' title='bbox 1870 3010 2093 3080; x_wconf 83' lang='lat' dir='ltr'><strong>primam</strong></span> 
     </span>
    </p>
   </div>
   <div class='ocr_carea' id='block_1_31' title="bbox 518 3100 2093 3173">
    <p class='ocr_par' dir='ltr' id='par_1_31' title="bbox 518 3100 2093 3173">
     <span class='ocr_line' id='line_1_31' title="bbox 518 3100 2093 3173; baseline -0.001 -15"><span class='ocrx_word' id='word_1_225' title='bbox 518 3103 907 3170; x_wconf 80' lang='lat' dir='ltr'><strong>captivitatem,</strong></span> <span class='ocrx_word' id='word_1_226' title='bbox 933 3103 1080 3157; x_wconf 82' lang='lat' dir='ltr'><strong>audit</strong></span> <span class='ocrx_word' id='word_1_227' title='bbox 1101 3112 1403 3173; x_wconf 85' lang='lat' dir='ltr'><strong>serpentem</strong></span> <span class='ocrx_word' id='word_1_228' title='bbox 1431 3112 1798 3173; x_wconf 83' lang='lat' dir='ltr'><strong>suggerentem</strong></span> <span class='ocrx_word' id='word_1_229' title='bbox 1825 3118 1837 3155; x_wconf 89' lang='lat'><strong>:</strong></span> <span class='ocrx_word' id='word_1_230' title='bbox 1868 3100 2093 3169; x_wconf 83' lang='lat' dir='ltr'><strong>Gustate,</strong></span> 
     </span>
    </p>
   </div>
   <div class='ocr_carea' id='block_1_32' title="bbox 519 3192 2093 3267">
    <p class='ocr_par' dir='ltr' id='par_1_32' title="bbox 519 3192 2093 3267">
     <span class='ocr_line' id='line_1_32' title="bbox 519 3192 2093 3267; baseline 0.002 -21"><span class='ocrx_word' id='word_1_231' title='bbox 519 3202 565 3246; x_wconf 92' lang='lat' dir='ltr'><strong>et</strong></span> <span class='ocrx_word' id='word_1_232' title='bbox 609 3194 745 3248; x_wconf 83' lang='lat' dir='ltr'><strong>eritis</strong></span> <span class='ocrx_word' id='word_1_233' title='bbox 789 3195 917 3249; x_wconf 82' lang='lat' dir='ltr'><strong>sicut</strong></span> <span class='ocrx_word' id='word_1_234' title='bbox 963 3195 1036 3249; x_wconf 89' lang='lat' dir='ltr'><strong>dii</strong></span> <span class='ocrx_word' id='word_1_235' title='bbox 1076 3192 1227 3267; x_wconf 79' lang='lat' dir='ltr'><strong>(Gen.</strong></span> <span class='ocrx_word' id='word_1_236' title='bbox 1257 3210 1332 3257; x_wconf 85' lang='grc' dir='ltr'>ιιι.</span> <span class='ocrx_word' id='word_1_237' title='bbox 1359 3195 1458 3265; x_wconf 78' lang='lat'><strong>5)!</strong></span> <span class='ocrx_word' id='word_1_238' title='bbox 1504 3194 1757 3249; x_wconf 85' lang='lat' dir='ltr'><strong>llomines</strong></span> <span class='ocrx_word' id='word_1_239' title='bbox 1801 3194 1939 3249; x_wconf 83' lang='lat' dir='ltr'><strong>sicut</strong></span> <span class='ocrx_word' id='word_1_240' title='bbox 1983 3195 2093 3249; x_wconf 85' lang='lat' dir='ltr'><strong>dii!</strong></span> 
     </span>
    </p>
   </div>
   <div class='ocr_carea' id='block_1_33' title="bbox 520 3282 2094 3359">
    <p class='ocr_par' dir='ltr' id='par_1_33' title="bbox 520 3282 2094 3359">
     <span class='ocr_line' id='line_1_33' title="bbox 520 3282 2094 3359; baseline 0.003 -24"><span class='ocrx_word' id='word_1_241' title='bbox 520 3282 677 3348; x_wconf 81' lang='lat' dir='ltr'><strong>Deus,</strong></span> <span class='ocrx_word' id='word_1_242' title='bbox 702 3286 813 3355; x_wconf 86' lang='lat' dir='ltr'><strong>quis</strong></span> <span class='ocrx_word' id='word_1_243' title='bbox 840 3286 1018 3341; x_wconf 86' lang='lat' dir='ltr'><strong>similis</strong></span> <span class='ocrx_word' id='word_1_244' title='bbox 1042 3286 1164 3341; x_wconf 85' lang='lat' dir='ltr'><strong>tibi?</strong></span> <span class='ocrx_word' id='word_1_245' title='bbox 1191 3285 1306 3341; x_wconf 92' lang='lat' dir='ltr'><strong>Non</strong></span> <span class='ocrx_word' id='word_1_246' title='bbox 1339 3286 1393 3341; x_wconf 91' lang='lat' dir='ltr'><strong>in</strong></span> <span class='ocrx_word' id='word_1_247' title='bbox 1418 3287 1630 3359; x_wconf 83' lang='lat' dir='ltr'><strong>abysso,</strong></span> <span class='ocrx_word' id='word_1_248' title='bbox 1655 3300 1761 3341; x_wconf 88' lang='lat' dir='ltr'><strong>non</strong></span> <span class='ocrx_word' id='word_1_249' title='bbox 1789 3286 1841 3340; x_wconf 92' lang='lat' dir='ltr'><strong>in</strong></span> <span class='ocrx_word' id='word_1_250' title='bbox 1869 3286 2094 3354; x_wconf 88' lang='lat' dir='ltr'><strong>inferno,</strong></span> 
     </span>
    </p>
   </div>
   <div class='ocr_carea' id='block_1_34' title="bbox 522 3375 2094 3442">
    <p class='ocr_par' dir='ltr' id='par_1_34' title="bbox 522 3375 2094 3442">
     <span class='ocr_line' id='line_1_34' title="bbox 522 3375 2094 3442; baseline 0.003 -15"><span class='ocrx_word' id='word_1_251' title='bbox 522 3390 627 3428; x_wconf 89' lang='lat' dir='ltr'><strong>non</strong></span> <span class='ocrx_word' id='word_1_252' title='bbox 660 3375 710 3428; x_wconf 91' lang='lat' dir='ltr'><strong>in</strong></span> <span class='ocrx_word' id='word_1_253' title='bbox 743 3383 882 3429; x_wconf 88' lang='lat' dir='ltr'><strong>terra</strong></span> <span class='ocrx_word' id='word_1_254' title='bbox 904 3417 919 3440; x_wconf 91' lang='lat'><strong>,</strong></span> <span class='ocrx_word' id='word_1_255' title='bbox 947 3392 1053 3432; x_wconf 81' lang='lat' dir='ltr'><strong>nati</strong></span> <span class='ocrx_word' id='word_1_256' title='bbox 1090 3377 1142 3431; x_wconf 93' lang='lat' dir='ltr'><strong>in</strong></span> <span class='ocrx_word' id='word_1_257' title='bbox 1170 3376 1347 3442; x_wconf 71' lang='lat' dir='ltr'><strong>cmlo;</strong></span> <span class='ocrx_word' id='word_1_258' title='bbox 1396 3377 1570 3431; x_wconf 88' lang='lat' dir='ltr'><strong>omnia</strong></span> <span class='ocrx_word' id='word_1_259' title='bbox 1612 3376 1755 3432; x_wconf 89' lang='lat' dir='ltr'><strong>enim</strong></span> <span class='ocrx_word' id='word_1_260' title='bbox 1797 3385 1852 3430; x_wconf 93' lang='lat' dir='ltr'><strong>tu</strong></span> <span class='ocrx_word' id='word_1_261' title='bbox 1899 3375 2094 3432; x_wconf 83' lang='lat' dir='ltr'><strong>fecisti.</strong></span> 
     </span>
    </p>
   </div>
   <div class='ocr_carea' id='block_1_35' title="bbox 524 3464 2100 3541">
    <p class='ocr_par' dir='ltr' id='par_1_35' title="bbox 524 3464 2100 3541">
     <span class='ocr_line' id='line_1_35' title="bbox 524 3464 2100 3541; baseline 0.003 -20"><span class='ocrx_word' id='word_1_262' title='bbox 524 3464 663 3532; x_wconf 86' lang='lat' dir='ltr'><strong>Quid</strong></span> <span class='ocrx_word' id='word_1_263' title='bbox 687 3467 960 3523; x_wconf 88' lang='lat' dir='ltr'><strong>contendit</strong></span> <span class='ocrx_word' id='word_1_264' title='bbox 984 3483 1117 3539; x_wconf 90' lang='lat' dir='ltr'><strong>opus</strong></span> <span class='ocrx_word' id='word_1_265' title='bbox 1144 3484 1267 3524; x_wconf 89' lang='lat' dir='ltr'><strong>cum</strong></span> <span class='ocrx_word' id='word_1_266' title='bbox 1292 3468 1535 3525; x_wconf 80' lang='lat' dir='ltr'><strong>artifice?</strong></span> <span class='ocrx_word' id='word_1_267' title='bbox 1574 3469 1743 3536; x_wconf 86' lang='lat' dir='ltr'><strong>Deus,</strong></span> <span class='ocrx_word' id='word_1_268' title='bbox 1771 3472 1886 3541; x_wconf 87' lang='lat' dir='ltr'><strong>quis</strong></span> <span class='ocrx_word' id='word_1_269' title='bbox 1921 3470 2100 3526; x_wconf 85' lang='lat' dir='ltr'><strong>similis</strong></span> 
     </span>
    </p>
   </div>
   <div class='ocr_carea' id='block_1_36' title="bbox 524 3557 2098 3630">
    <p class='ocr_par' dir='ltr' id='par_1_36' title="bbox 524 3557 2098 3630">
     <span class='ocr_line' id='line_1_36' title="bbox 524 3557 2098 3630; baseline 0.004 -20"><span class='ocrx_word' id='word_1_270' title='bbox 524 3557 657 3612; x_wconf 82' lang='lat' dir='ltr'><strong>tibi?</strong></span> <span class='ocrx_word' id='word_1_271' title='bbox 696 3558 809 3630; x_wconf 88' lang='lat' dir='ltr'><strong>Ego</strong></span> <span class='ocrx_word' id='word_1_272' title='bbox 837 3567 1049 3628; x_wconf 77' lang='lat' dir='ltr'><strong>autem,</strong></span> <span class='ocrx_word' id='word_1_273' title='bbox 1078 3561 1153 3615; x_wconf 87' lang='lat' dir='ltr'><strong>ait</strong></span> <span class='ocrx_word' id='word_1_274' title='bbox 1172 3559 1340 3615; x_wconf 84' lang='lat' dir='ltr'><strong>Adam</strong></span> <span class='ocrx_word' id='word_1_275' title='bbox 1370 3560 1549 3625; x_wconf 89' lang='lat' dir='ltr'><strong>miser,</strong></span> <span class='ocrx_word' id='word_1_276' title='bbox 1580 3570 1634 3616; x_wconf 89' lang='lat' dir='ltr'><strong>et</strong></span> <span class='ocrx_word' id='word_1_277' title='bbox 1658 3561 1711 3616; x_wconf 90' lang='lat' dir='ltr'><strong>in</strong></span> <span class='ocrx_word' id='word_1_278' title='bbox 1738 3561 1756 3592; x_wconf 85' lang='grc'>¹</span> <span class='ocrx_word' id='word_1_279' title='bbox 1780 3561 1947 3616; x_wconf 87' lang='lat' dir='ltr'><strong>Adam</strong></span> <span class='ocrx_word' id='word_1_280' title='bbox 1984 3577 2098 3616; x_wconf 86' lang='lat' dir='ltr'><strong>om-</strong></span> 
     </span>
    </p>
   </div>
   <div class='ocr_carea' id='block_1_37' title="bbox 525 3649 2100 3723">
    <p class='ocr_par' dir='ltr' id='par_1_37' title="bbox 525 3649 2100 3723">
     <span class='ocr_line' id='line_1_37' title="bbox 525 3649 2100 3723; baseline 0.004 -21"><span class='ocrx_word' id='word_1_281' title='bbox 525 3650 606 3704; x_wconf 90' lang='lat' dir='ltr'><strong>nis</strong></span> <span class='ocrx_word' id='word_1_282' title='bbox 633 3649 792 3704; x_wconf 90' lang='lat' dir='ltr'><strong>homo</strong></span> <span class='ocrx_word' id='word_1_283' title='bbox 811 3692 827 3716; x_wconf 91' lang='lat'><strong>,</strong></span> <span class='ocrx_word' id='word_1_284' title='bbox 855 3666 974 3706; x_wconf 89' lang='lat' dir='ltr'><strong>cum</strong></span> <span class='ocrx_word' id='word_1_285' title='bbox 1005 3652 1126 3707; x_wconf 91' lang='lat' dir='ltr'><strong>volo</strong></span> <span class='ocrx_word' id='word_1_286' title='bbox 1162 3667 1282 3708; x_wconf 89' lang='lat' dir='ltr'><strong>esse</strong></span> <span class='ocrx_word' id='word_1_287' title='bbox 1312 3667 1558 3723; x_wconf 75' lang='lat' dir='ltr'><strong>perverse</strong></span> <span class='ocrx_word' id='word_1_288' title='bbox 1584 3651 1771 3707; x_wconf 87' lang='lat' dir='ltr'><strong>similis</strong></span> <span class='ocrx_word' id='word_1_289' title='bbox 1811 3652 1927 3718; x_wconf 90' lang='lat' dir='ltr'><strong>tibi,</strong></span> <span class='ocrx_word' id='word_1_290' title='bbox 1973 3667 2100 3709; x_wconf 90' lang='lat' dir='ltr'><strong>ecce</strong></span> 
     </span>
    </p>
   </div>
   <div class='ocr_carea' id='block_1_38' title="bbox 524 3741 2099 3817">
    <p class='ocr_par' dir='ltr' id='par_1_38' title="bbox 524 3741 2099 3817">
     <span class='ocr_line' id='line_1_38' title="bbox 524 3741 2099 3817; baseline 0.005 -22"><span class='ocrx_word' id='word_1_291' title='bbox 524 3742 647 3812; x_wconf 72' lang='lat' dir='ltr'><strong>quid</strong></span> <span class='ocrx_word' id='word_1_292' title='bbox 675 3741 843 3798; x_wconf 79' lang='lat' dir='ltr'><strong>factus</strong></span> <span class='ocrx_word' id='word_1_293' title='bbox 868 3759 986 3799; x_wconf 90' lang='lat' dir='ltr'><strong>sum</strong></span> <span class='ocrx_word' id='word_1_294' title='bbox 1007 3786 1021 3811; x_wconf 92' lang='lat'><strong>,</strong></span> <span class='ocrx_word' id='word_1_295' title='bbox 1049 3755 1109 3801; x_wconf 88' lang='lat' dir='ltr'><strong>ut</strong></span> <span class='ocrx_word' id='word_1_296' title='bbox 1134 3745 1202 3801; x_wconf 90' lang='lat' dir='ltr'><strong>de</strong></span> <span class='ocrx_word' id='word_1_297' title='bbox 1226 3745 1531 3817; x_wconf 82' lang='lat' dir='ltr'><strong>captivitate</strong></span> <span class='ocrx_word' id='word_1_298' title='bbox 1555 3744 1622 3801; x_wconf 90' lang='lat' dir='ltr'><strong>ad</strong></span> <span class='ocrx_word' id='word_1_299' title='bbox 1649 3755 1700 3801; x_wconf 90' lang='lat' dir='ltr'><strong>te</strong></span> <span class='ocrx_word' id='word_1_300' title='bbox 1722 3745 1945 3801; x_wconf 89' lang='lat' dir='ltr'><strong>clamem</strong></span> <span class='ocrx_word' id='word_1_301' title='bbox 1970 3765 1984 3801; x_wconf 88' lang='lat'><strong>:</strong></span> <span class='ocrx_word' id='word_1_302' title='bbox 2013 3747 2099 3803; x_wconf 92' lang='lat' dir='ltr'><strong>cui</strong></span> 
     </span>
    </p>
   </div>
   <div class='ocr_carea' id='block_1_39' title="bbox 524 3833 2100 3909">
    <p class='ocr_par' dir='ltr' id='par_1_39' title="bbox 524 3833 2100 3909">
     <span class='ocr_line' id='line_1_39' title="bbox 524 3833 2100 3909; baseline 0.005 -22"><span class='ocrx_word' id='word_1_303' title='bbox 524 3833 660 3889; x_wconf 85' lang='lat' dir='ltr'><strong>bene</strong></span> <span class='ocrx_word' id='word_1_304' title='bbox 704 3844 818 3891; x_wconf 89' lang='lat' dir='ltr'><strong>erat</strong></span> <span class='ocrx_word' id='word_1_305' title='bbox 857 3837 957 3893; x_wconf 91' lang='lat' dir='ltr'><strong>sub</strong></span> <span class='ocrx_word' id='word_1_306' title='bbox 994 3852 1119 3909; x_wconf 88' lang='lat' dir='ltr'><strong>rege</strong></span> <span class='ocrx_word' id='word_1_307' title='bbox 1159 3838 1321 3906; x_wconf 90' lang='lat' dir='ltr'><strong>bono,</strong></span> <span class='ocrx_word' id='word_1_308' title='bbox 1360 3839 1598 3909; x_wconf 87' lang='lat' dir='ltr'><strong>captivus</strong></span> <span class='ocrx_word' id='word_1_309' title='bbox 1642 3836 1810 3893; x_wconf 89' lang='lat' dir='ltr'><strong>factus</strong></span> <span class='ocrx_word' id='word_1_310' title='bbox 1838 3854 1955 3894; x_wconf 90' lang='lat' dir='ltr'><strong>sum</strong></span> <span class='ocrx_word' id='word_1_311' title='bbox 2001 3840 2100 3896; x_wconf 85' lang='lat' dir='ltr'><strong>sub</strong></span> 
     </span>
    </p>
   </div>
   <div class='ocr_carea' id='block_1_40' title="bbox 524 3925 2096 3999">
    <p class='ocr_par' dir='ltr' id='par_1_40' title="bbox 524 3925 2096 3999">
     <span class='ocr_line' id='line_1_40' title="bbox 524 3925 2096 3999; baseline 0.004 -21"><span class='ocrx_word' id='word_1_312' title='bbox 524 3940 645 3979; x_wconf 89' lang='lat' dir='ltr'><strong>meo</strong></span> <span class='ocrx_word' id='word_1_313' title='bbox 672 3925 991 3994; x_wconf 86' lang='lat' dir='ltr'><strong>seductore;</strong></span> <span class='ocrx_word' id='word_1_314' title='bbox 1031 3938 1084 3983; x_wconf 88' lang='lat' dir='ltr'><strong>et</strong></span> <span class='ocrx_word' id='word_1_315' title='bbox 1107 3929 1279 3985; x_wconf 89' lang='lat' dir='ltr'><strong>clamo</strong></span> <span class='ocrx_word' id='word_1_316' title='bbox 1313 3928 1380 3983; x_wconf 89' lang='lat' dir='ltr'><strong>ad</strong></span> <span class='ocrx_word' id='word_1_317' title='bbox 1420 3937 1472 3985; x_wconf 90' lang='lat' dir='ltr'><strong>te</strong></span> <span class='ocrx_word' id='word_1_318' title='bbox 1497 3969 1512 3993; x_wconf 93' lang='lat'><strong>,</strong></span> <span class='ocrx_word' id='word_1_319' title='bbox 1551 3929 1673 3999; x_wconf 86' lang='lat' dir='ltr'><strong>quia</strong></span> <span class='ocrx_word' id='word_1_320' title='bbox 1702 3930 1868 3985; x_wconf 89' lang='lat' dir='ltr'><strong>cecidi</strong></span> <span class='ocrx_word' id='word_1_321' title='bbox 1897 3930 1995 3986; x_wconf 90' lang='lat' dir='ltr'><strong>abs</strong></span> <span class='ocrx_word' id='word_1_322' title='bbox 2025 3939 2096 3987; x_wconf 92' lang='lat' dir='ltr'><strong>te.</strong></span> 
     </span>
    </p>
   </div>
   <div class='ocr_carea' id='block_1_41' title="bbox 524 4017 2101 4093">
    <p class='ocr_par' dir='ltr' id='par_1_41' title="bbox 524 4017 2101 4093">
     <span class='ocr_line' id='line_1_41' title="bbox 524 4017 2101 4093; baseline 0.006 -22"><span class='ocrx_word' id='word_1_323' title='bbox 524 4017 591 4072; x_wconf 86' lang='lat' dir='ltr'><strong>Et</strong></span> <span class='ocrx_word' id='word_1_324' title='bbox 630 4017 768 4073; x_wconf 90' lang='lat' dir='ltr'><strong>unde</strong></span> <span class='ocrx_word' id='word_1_325' title='bbox 804 4019 900 4075; x_wconf 91' lang='lat' dir='ltr'><strong>abs</strong></span> <span class='ocrx_word' id='word_1_326' title='bbox 945 4030 995 4076; x_wconf 88' lang='lat' dir='ltr'><strong>te</strong></span> <span class='ocrx_word' id='word_1_327' title='bbox 1033 4021 1242 4078; x_wconf 85' lang='lat' dir='ltr'><strong>cecidi?</strong></span> <span class='ocrx_word' id='word_1_328' title='bbox 1283 4020 1416 4077; x_wconf 87' lang='lat' dir='ltr'><strong>Cum</strong></span> <span class='ocrx_word' id='word_1_329' title='bbox 1464 4036 1646 4093; x_wconf 81' lang='lat' dir='ltr'><strong>quer</strong></span> <span class='ocrx_word' id='word_1_330' title='bbox 1686 4037 1806 4078; x_wconf 86' lang='lat' dir='ltr'><strong>esse</strong></span> <span class='ocrx_word' id='word_1_331' title='bbox 1848 4037 2101 4092; x_wconf 86' lang='lat' dir='ltr'><strong>perverse</strong></span> 
     </span>
    </p>
   </div>
   <div class='ocr_carea' id='block_1_42' title="bbox 527 4108 2097 4178">
    <p class='ocr_par' dir='ltr' id='par_1_42' title="bbox 527 4108 2097 4178">
     <span class='ocr_line' id='line_1_42' title="bbox 527 4108 2097 4178; baseline 0.005 -17"><span class='ocrx_word' id='word_1_332' title='bbox 527 4108 714 4163; x_wconf 86' lang='lat' dir='ltr'><strong>similis</strong></span> <span class='ocrx_word' id='word_1_333' title='bbox 741 4109 855 4165; x_wconf 90' lang='lat' dir='ltr'><strong>tibi.</strong></span> <span class='ocrx_word' id='word_1_334' title='bbox 881 4111 1017 4178; x_wconf 87' lang='lat' dir='ltr'><strong>Quid</strong></span> <span class='ocrx_word' id='word_1_335' title='bbox 1040 4112 1228 4167; x_wconf 86' lang='lat' dir='ltr'><strong>enim?</strong></span> <span class='ocrx_word' id='word_1_336' title='bbox 1254 4112 1392 4168; x_wconf 89' lang='lat' dir='ltr'><strong>Deus</strong></span> <span class='ocrx_word' id='word_1_337' title='bbox 1417 4126 1596 4167; x_wconf 87' lang='lat' dir='ltr'><strong>nonne</strong></span> <span class='ocrx_word' id='word_1_338' title='bbox 1631 4111 1698 4167; x_wconf 89' lang='lat' dir='ltr'><strong>ad</strong></span> <span class='ocrx_word' id='word_1_339' title='bbox 1733 4127 1883 4169; x_wconf 88' lang='lat' dir='ltr'><strong>suam</strong></span> <span class='ocrx_word' id='word_1_340' title='bbox 1911 4114 2097 4169; x_wconf 84' lang='lat' dir='ltr'><strong>simili-</strong></span> 
     </span>
    </p>
   </div>
   <div class='ocr_carea' id='block_1_43' title="bbox 529 4201 2101 4275">
    <p class='ocr_par' dir='ltr' id='par_1_43' title="bbox 529 4201 2101 4275">
     <span class='ocr_line' id='line_1_43' title="bbox 529 4201 2101 4275; baseline 0.004 -22"><span class='ocrx_word' id='word_1_341' title='bbox 529 4201 764 4257; x_wconf 90' lang='lat' dir='ltr'><strong>tudinem</strong></span> <span class='ocrx_word' id='word_1_342' title='bbox 803 4218 901 4259; x_wconf 90' lang='lat' dir='ltr'><strong>nos</strong></span> <span class='ocrx_word' id='word_1_343' title='bbox 929 4203 1120 4259; x_wconf 87' lang='lat' dir='ltr'><strong>vocat?</strong></span> <span class='ocrx_word' id='word_1_344' title='bbox 1149 4203 1336 4260; x_wconf 88' lang='lat' dir='ltr'><strong>Nonne</strong></span> <span class='ocrx_word' id='word_1_345' title='bbox 1379 4204 1492 4275; x_wconf 90' lang='lat' dir='ltr'><strong>ipse</strong></span> <span class='ocrx_word' id='word_1_346' title='bbox 1527 4203 1721 4275; x_wconf 87' lang='lat' dir='ltr'><strong>estqui</strong></span> <span class='ocrx_word' id='word_1_347' title='bbox 1761 4203 1889 4259; x_wconf 90' lang='lat' dir='ltr'><strong>dicit</strong></span> <span class='ocrx_word' id='word_1_348' title='bbox 1919 4221 1932 4259; x_wconf 91' lang='lat'><strong>:</strong></span> <span class='ocrx_word' id='word_1_349' title='bbox 1965 4203 2101 4259; x_wconf 86' lang='lat' dir='ltr'><strong>Dili-</strong></span> 
     </span>
    </p>
   </div>
   <div class='ocr_carea' id='block_1_44' title="bbox 525 4293 2099 4365">
    <p class='ocr_par' dir='ltr' id='par_1_44' title="bbox 525 4293 2099 4365">
     <span class='ocr_line' id='line_1_44' title="bbox 525 4293 2099 4365; baseline 0.003 -21"><span class='ocrx_word' id='word_1_350' title='bbox 525 4293 627 4362; x_wconf 88' lang='lat' dir='ltr'><strong>gite</strong></span> <span class='ocrx_word' id='word_1_351' title='bbox 644 4295 873 4347; x_wconf 82' lang='lat' dir='ltr'><strong>inimicos</strong></span> <span class='ocrx_word' id='word_1_352' title='bbox 891 4304 1115 4360; x_wconf 82' lang='lat' dir='ltr'><strong>vestros;</strong></span> <span class='ocrx_word' id='word_1_353' title='bbox 1143 4304 1281 4349; x_wconf 83' lang='lat' dir='ltr'><strong>orate</strong></span> <span class='ocrx_word' id='word_1_354' title='bbox 1306 4311 1397 4365; x_wconf 88' lang='lat' dir='ltr'><strong>pro</strong></span> <span class='ocrx_word' id='word_1_355' title='bbox 1415 4294 1486 4350; x_wconf 89' lang='lat' dir='ltr'><strong>eis</strong></span> <span class='ocrx_word' id='word_1_356' title='bbox 1505 4294 1591 4365; x_wconf 89' lang='lat' dir='ltr'><strong>qui</strong></span> <span class='ocrx_word' id='word_1_357' title='bbox 1609 4309 1695 4348; x_wconf 84' lang='lat' dir='ltr'><strong>vos</strong></span> <span class='ocrx_word' id='word_1_358' title='bbox 1716 4306 2099 4365; x_wconf 81' lang='lat' dir='ltr'><strong>persequuntur;</strong></span> 
     </span>
    </p>
   </div>
   <div class='ocr_carea' id='block_1_45' title="bbox 527 4384 2099 4455">
    <p class='ocr_par' dir='ltr' id='par_1_45' title="bbox 527 4384 2099 4455">
     <span class='ocr_line' id='line_1_45' title="bbox 527 4384 2099 4455; baseline 0.004 -20"><span class='ocrx_word' id='word_1_359' title='bbox 527 4384 801 4455; x_wconf 83' lang='lat' dir='ltr'><strong>benefacite</strong></span> <span class='ocrx_word' id='word_1_360' title='bbox 828 4385 897 4440; x_wconf 88' lang='lat' dir='ltr'><strong>eis</strong></span> <span class='ocrx_word' id='word_1_361' title='bbox 923 4385 1010 4453; x_wconf 89' lang='lat' dir='ltr'><strong>qui</strong></span> <span class='ocrx_word' id='word_1_362' title='bbox 1034 4401 1120 4440; x_wconf 81' lang='lat' dir='ltr'><strong>vos</strong></span> <span class='ocrx_word' id='word_1_363' title='bbox 1144 4385 1354 4440; x_wconf 85' lang='lat' dir='ltr'><strong>oderunt</strong></span> <span class='ocrx_word' id='word_1_364' title='bbox 1373 4387 1399 4440; x_wconf 84' lang='lat'><strong>?</strong></span> <span class='ocrx_word' id='word_1_365' title='bbox 1441 4385 1564 4440; x_wconf 68' lang='lat' dir='ltr'><strong>llaec</strong></span> <span class='ocrx_word' id='word_1_366' title='bbox 1586 4384 1784 4452; x_wconf 90' lang='lat' dir='ltr'><strong>dicens,</strong></span> <span class='ocrx_word' id='word_1_367' title='bbox 1817 4386 1882 4440; x_wconf 91' lang='lat' dir='ltr'><strong>ad</strong></span> <span class='ocrx_word' id='word_1_368' title='bbox 1912 4387 2099 4441; x_wconf 89' lang='lat' dir='ltr'><strong>simili-</strong></span> 
     </span>
    </p>
   </div>
   <div class='ocr_carea' id='block_1_46' title="bbox 524 4476 2101 4549">
    <p class='ocr_par' dir='ltr' id='par_1_46' title="bbox 524 4476 2101 4549">
     <span class='ocr_line' id='line_1_46' title="bbox 524 4476 2101 4549; baseline 0.004 -22"><span class='ocrx_word' id='word_1_369' title='bbox 524 4476 760 4531; x_wconf 90' lang='lat' dir='ltr'><strong>tudinem</strong></span> <span class='ocrx_word' id='word_1_370' title='bbox 792 4477 885 4534; x_wconf 89' lang='lat' dir='ltr'><strong>Dei</strong></span> <span class='ocrx_word' id='word_1_371' title='bbox 929 4492 1025 4533; x_wconf 91' lang='lat' dir='ltr'><strong>nos</strong></span> <span class='ocrx_word' id='word_1_372' title='bbox 1070 4479 1331 4533; x_wconf 87' lang='lat' dir='ltr'><strong>hortatur.</strong></span> <span class='ocrx_word' id='word_1_373' title='bbox 1378 4478 1615 4547; x_wconf 79' lang='lat' dir='ltr'><strong>Denique</strong></span> <span class='ocrx_word' id='word_1_374' title='bbox 1656 4478 1781 4549; x_wconf 83' lang='lat' dir='ltr'><strong>quid</strong></span> <span class='ocrx_word' id='word_1_375' title='bbox 1820 4478 2101 4549; x_wconf 85' lang='lat' dir='ltr'><strong>adjungit?</strong></span> 
     </span>
    </p>
   </div>
   <div class='ocr_carea' id='block_1_47' title="bbox 529 4566 2099 4642">
    <p class='ocr_par' dir='ltr' id='par_1_47' title="bbox 529 4566 2099 4642">
     <span class='ocr_line' id='line_1_47' title="bbox 529 4566 2099 4642; baseline 0.003 -20"><span class='ocrx_word' id='word_1_376' title='bbox 529 4566 597 4622; x_wconf 89' lang='lat' dir='ltr'><strong>Ut</strong></span> <span class='ocrx_word' id='word_1_377' title='bbox 621 4569 752 4635; x_wconf 85' lang='lat' dir='ltr'><strong>sitis,</strong></span> <span class='ocrx_word' id='word_1_378' title='bbox 783 4570 971 4640; x_wconf 89' lang='lat' dir='ltr'><strong>inquit,</strong></span> <span class='ocrx_word' id='word_1_379' title='bbox 1006 4571 1101 4639; x_wconf 83' lang='lat' dir='ltr'><strong>ﬁlii</strong></span> <span class='ocrx_word' id='word_1_380' title='bbox 1122 4568 1295 4626; x_wconf 89' lang='lat' dir='ltr'><strong>Patris</strong></span> <span class='ocrx_word' id='word_1_381' title='bbox 1319 4571 1468 4625; x_wconf 81' lang='lat' dir='ltr'><strong>vestri</strong></span> <span class='ocrx_word' id='word_1_382' title='bbox 1494 4570 1579 4642; x_wconf 85' lang='lat' dir='ltr'><strong>qui</strong></span> <span class='ocrx_word' id='word_1_383' title='bbox 1605 4572 1655 4624; x_wconf 89' lang='lat' dir='ltr'><strong>in</strong></span> <span class='ocrx_word' id='word_1_384' title='bbox 1679 4571 1817 4626; x_wconf 70' lang='lat' dir='ltr'><strong>ctzlis</strong></span> <span class='ocrx_word' id='word_1_385' title='bbox 1845 4581 1934 4625; x_wconf 85' lang='lat' dir='ltr'><strong>est.</strong></span> <span class='ocrx_word' id='word_1_386' title='bbox 1963 4571 2099 4640; x_wconf 85' lang='lat' dir='ltr'><strong>Quid</strong></span> 
     </span>
    </p>
   </div>
   <div class='ocr_carea' id='block_1_48' title="bbox 524 4658 2101 4729">
    <p class='ocr_par' dir='ltr' id='par_1_48' title="bbox 524 4658 2101 4729">
     <span class='ocr_line' id='line_1_48' title="bbox 524 4658 2101 4729; baseline 0.001 -14"><span class='ocrx_word' id='word_1_387' title='bbox 524 4660 665 4715; x_wconf 92' lang='lat' dir='ltr'><strong>enim</strong></span> <span class='ocrx_word' id='word_1_388' title='bbox 715 4661 828 4729; x_wconf 81' lang='lat' dir='ltr'><strong>ipse</strong></span> <span class='ocrx_word' id='word_1_389' title='bbox 876 4659 1040 4716; x_wconf 86' lang='lat' dir='ltr'><strong>facit?</strong></span> <span class='ocrx_word' id='word_1_390' title='bbox 1085 4660 1197 4715; x_wconf 77' lang='lat' dir='ltr'><strong>Hoc</strong></span> <span class='ocrx_word' id='word_1_391' title='bbox 1242 4658 1367 4715; x_wconf 82' lang='lat' dir='ltr'><strong>facit</strong></span> <span class='ocrx_word' id='word_1_392' title='bbox 1404 4667 1546 4715; x_wconf 87' lang='lat' dir='ltr'><strong>certe</strong></span> <span class='ocrx_word' id='word_1_393' title='bbox 1580 4678 1594 4715; x_wconf 91' lang='lat'><strong>:</strong></span> <span class='ocrx_word' id='word_1_394' title='bbox 1623 4659 1722 4726; x_wconf 86' lang='lat' dir='ltr'><strong>Qui</strong></span> <span class='ocrx_word' id='word_1_395' title='bbox 1757 4661 1912 4715; x_wconf 85' lang='lat' dir='ltr'><strong>solem</strong></span> <span class='ocrx_word' id='word_1_396' title='bbox 1950 4678 2101 4717; x_wconf 88' lang='lat' dir='ltr'><strong>suum</strong></span> 
     </span>
    </p>
   </div>
   <div class='ocr_carea' id='block_1_49' title="bbox 522 4750 2099 4824">
    <p class='ocr_par' dir='ltr' id='par_1_49' title="bbox 522 4750 2099 4824">
     <span class='ocr_line' id='line_1_49' title="bbox 522 4750 2099 4824; baseline 0.002 -19"><span class='ocrx_word' id='word_1_397' title='bbox 522 4751 647 4805; x_wconf 88' lang='lat' dir='ltr'><strong>oriri</strong></span> <span class='ocrx_word' id='word_1_398' title='bbox 675 4752 797 4824; x_wconf 80' lang='lat' dir='ltr'><strong>facit</strong></span> <span class='ocrx_word' id='word_1_399' title='bbox 830 4767 981 4822; x_wconf 85' lang='lat' dir='ltr'><strong>super</strong></span> <span class='ocrx_word' id='word_1_400' title='bbox 1003 4750 1159 4807; x_wconf 86' lang='lat' dir='ltr'><strong>bonos</strong></span> <span class='ocrx_word' id='word_1_401' title='bbox 1185 4761 1230 4806; x_wconf 87' lang='lat' dir='ltr'><strong>et</strong></span> <span class='ocrx_word' id='word_1_402' title='bbox 1259 4751 1436 4818; x_wconf 88' lang='lat' dir='ltr'><strong>malos,</strong></span> <span class='ocrx_word' id='word_1_403' title='bbox 1463 4760 1508 4805; x_wconf 91' lang='lat' dir='ltr'><strong>et</strong></span> <span class='ocrx_word' id='word_1_404' title='bbox 1537 4751 1663 4823; x_wconf 86' lang='lat' dir='ltr'><strong>pluit</strong></span> <span class='ocrx_word' id='word_1_405' title='bbox 1688 4767 1841 4823; x_wconf 86' lang='lat' dir='ltr'><strong>super</strong></span> <span class='ocrx_word' id='word_1_406' title='bbox 1858 4753 2027 4823; x_wconf 88' lang='lat' dir='ltr'><strong>justas</strong></span> <span class='ocrx_word' id='word_1_407' title='bbox 2051 4763 2099 4808; x_wconf 90' lang='lat' dir='ltr'><strong>et</strong></span> 
     </span>
    </p>
   </div>
   <div class='ocr_carea' id='block_1_50' title="bbox 521 4843 2099 4917">
    <p class='ocr_par' dir='ltr' id='par_1_50' title="bbox 521 4843 2099 4917">
     <span class='ocr_line' id='line_1_50' title="bbox 521 4843 2099 4917; baseline 0.003 -20"><span class='ocrx_word' id='word_1_408' title='bbox 521 4845 736 4915; x_wconf 87' lang='lat' dir='ltr'><strong>injustas</strong></span> <span class='ocrx_word' id='word_1_409' title='bbox 779 4843 990 4917; x_wconf 75' lang='lat' dir='ltr'><strong>(Matth.</strong></span> <span class='ocrx_word' id='word_1_410' title='bbox 1019 4860 1072 4911; x_wconf 75' lang='grc' dir='ltr'>ν,</span> <span class='ocrx_word' id='word_1_411' title='bbox 1094 4845 1185 4911; x_wconf 68' lang='grc'><strong>44,</strong></span> <span class='ocrx_word' id='word_1_412' title='bbox 1210 4844 1339 4915; x_wconf 72' lang='grc'><strong>45).</strong></span> <span class='ocrx_word' id='word_1_413' title='bbox 1384 4843 1483 4911; x_wconf 94' lang='lat' dir='ltr'><strong>Qui</strong></span> <span class='ocrx_word' id='word_1_414' title='bbox 1511 4860 1639 4917; x_wconf 89' lang='lat' dir='ltr'><strong>ergo</strong></span> <span class='ocrx_word' id='word_1_415' title='bbox 1675 4844 1811 4901; x_wconf 85' lang='lat' dir='ltr'><strong>bene</strong></span> <span class='ocrx_word' id='word_1_416' title='bbox 1844 4845 1956 4901; x_wconf 82' lang='lat' dir='ltr'><strong>vult</strong></span> <span class='ocrx_word' id='word_1_417' title='bbox 1995 4847 2099 4901; x_wconf 56' lang='lat' dir='ltr'><strong>ini-</strong></span> 
     </span>
    </p>
   </div>
   <div class='ocr_carea' id='block_1_51' title="bbox 521 4937 2097 5007">
    <p class='ocr_par' dir='ltr' id='par_1_51' title="bbox 521 4937 2097 5007">
     <span class='ocr_line' id='line_1_51' title="bbox 521 4937 2097 5007; baseline 0.001 -15"><span class='ocrx_word' id='word_1_418' title='bbox 521 4938 661 4992; x_wconf 89' lang='lat' dir='ltr'><strong>mico</strong></span> <span class='ocrx_word' id='word_1_419' title='bbox 690 4954 821 5001; x_wconf 90' lang='lat' dir='ltr'><strong>suo,</strong></span> <span class='ocrx_word' id='word_1_420' title='bbox 867 4937 975 4992; x_wconf 88' lang='lat' dir='ltr'><strong>Deo</strong></span> <span class='ocrx_word' id='word_1_421' title='bbox 1022 4937 1211 5007; x_wconf 88' lang='lat' dir='ltr'><strong>similis</strong></span> <span class='ocrx_word' id='word_1_422' title='bbox 1249 4947 1334 4993; x_wconf 90' lang='lat' dir='ltr'><strong>est</strong></span> <span class='ocrx_word' id='word_1_423' title='bbox 1361 4955 1375 4991; x_wconf 91' lang='lat'>:</span> <span class='ocrx_word' id='word_1_424' title='bbox 1405 4951 1505 4992; x_wconf 88' lang='lat' dir='ltr'><strong>nec</strong></span> <span class='ocrx_word' id='word_1_425' title='bbox 1549 4937 1648 4992; x_wconf 88' lang='lat' dir='ltr'><strong>ista</strong></span> <span class='ocrx_word' id='word_1_426' title='bbox 1693 4937 1973 5007; x_wconf 88' lang='lat' dir='ltr'><strong>superbia,</strong></span> <span class='ocrx_word' id='word_1_427' title='bbox 2002 4938 2097 4994; x_wconf 89' lang='lat' dir='ltr'><strong>sed</strong></span> 
     </span>
    </p>
   </div>
   <div class='ocr_carea' id='block_1_52' title="bbox 519 5028 2098 5100">
    <p class='ocr_par' dir='ltr' id='par_1_52' title="bbox 519 5028 2098 5100">
     <span class='ocr_line' id='line_1_52' title="bbox 519 5028 2098 5100; baseline -0.001 -15"><span class='ocrx_word' id='word_1_428' title='bbox 519 5030 817 5087; x_wconf 86' lang='lat' dir='ltr'><strong>obedientia</strong></span> <span class='ocrx_word' id='word_1_429' title='bbox 858 5038 953 5085; x_wconf 88' lang='lat' dir='ltr'><strong>est.</strong></span> <span class='ocrx_word' id='word_1_430' title='bbox 1000 5030 1221 5097; x_wconf 73' lang='lat' dir='ltr'><strong>Quare?</strong></span> <span class='ocrx_word' id='word_1_431' title='bbox 1261 5028 1393 5096; x_wconf 84' lang='lat' dir='ltr'><strong>Quia</strong></span> <span class='ocrx_word' id='word_1_432' title='bbox 1439 5029 1505 5084; x_wconf 86' lang='lat' dir='ltr'><strong>ad</strong></span> <span class='ocrx_word' id='word_1_433' title='bbox 1545 5029 1824 5100; x_wconf 81' lang='lat' dir='ltr'><strong>imaginem</strong></span> <span class='ocrx_word' id='word_1_434' title='bbox 1855 5030 1947 5085; x_wconf 89' lang='lat' dir='ltr'><strong>Dei</strong></span> <span class='ocrx_word' id='word_1_435' title='bbox 1979 5029 2098 5085; x_wconf 80' lang='lat' dir='ltr'><strong>facti</strong></span> 
     </span>
    </p>
   </div>
   <div class='ocr_carea' id='block_1_53' title="bbox 517 5121 2100 5192">
    <p class='ocr_par' dir='ltr' id='par_1_53' title="bbox 517 5121 2100 5192">
     <span class='ocr_line' id='line_1_53' title="bbox 517 5121 2100 5192; baseline -0.001 -14"><span class='ocrx_word' id='word_1_436' title='bbox 517 5138 703 5178; x_wconf 84' lang='lat' dir='ltr'><strong>sumus</strong></span> <span class='ocrx_word' id='word_1_437' title='bbox 731 5141 744 5178; x_wconf 89' lang='lat'><strong>:</strong></span> <span class='ocrx_word' id='word_1_438' title='bbox 775 5121 1050 5178; x_wconf 86' lang='lat' dir='ltr'><strong>Faciamus</strong></span> <span class='ocrx_word' id='word_1_439' title='bbox 1069 5163 1084 5188; x_wconf 90' lang='lat'><strong>,</strong></span> <span class='ocrx_word' id='word_1_440' title='bbox 1113 5122 1316 5191; x_wconf 82' lang='lat' dir='ltr'><strong>inquit,</strong></span> <span class='ocrx_word' id='word_1_441' title='bbox 1347 5121 1597 5176; x_wconf 83' lang='lat' dir='ltr'><strong>hominem</strong></span> <span class='ocrx_word' id='word_1_442' title='bbox 1633 5121 1701 5174; x_wconf 85' lang='lat' dir='ltr'><strong>ad</strong></span> <span class='ocrx_word' id='word_1_443' title='bbox 1742 5121 2013 5192; x_wconf 82' lang='lat' dir='ltr'><strong>imaginem</strong></span> <span class='ocrx_word' id='word_1_444' title='bbox 2053 5131 2100 5176; x_wconf 84' lang='lat' dir='ltr'><strong>et</strong></span> 
     </span>
    </p>
   </div>
   <div class='ocr_carea' id='block_1_54' title="bbox 518 5210 2097 5286">
    <p class='ocr_par' dir='ltr' id='par_1_54' title="bbox 518 5210 2097 5286">
     <span class='ocr_line' id='line_1_54' title="bbox 518 5210 2097 5286; baseline 0 -18"><span class='ocrx_word' id='word_1_445' title='bbox 518 5215 898 5269; x_wconf 83' lang='lat' dir='ltr'><strong>similitudinem</strong></span> <span class='ocrx_word' id='word_1_446' title='bbox 926 5224 1149 5270; x_wconf 84' lang='lat' dir='ltr'><strong>nostram</strong></span> <span class='ocrx_word' id='word_1_447' title='bbox 1178 5211 1329 5286; x_wconf 83' lang='lat' dir='ltr'><strong>(Gen.</strong></span> <span class='ocrx_word' id='word_1_448' title='bbox 1360 5229 1405 5276; x_wconf 90' lang='lat' dir='ltr'><strong>I,</strong></span> <span class='ocrx_word' id='word_1_449' title='bbox 1431 5212 1556 5282; x_wconf 74' lang='lat'><strong>26).</strong></span> <span class='ocrx_word' id='word_1_450' title='bbox 1590 5211 1706 5267; x_wconf 85' lang='lat' dir='ltr'><strong>Non</strong></span> <span class='ocrx_word' id='word_1_451' title='bbox 1733 5227 1861 5282; x_wconf 89' lang='lat' dir='ltr'><strong>ergo</strong></span> <span class='ocrx_word' id='word_1_452' title='bbox 1898 5210 2097 5282; x_wconf 83' lang='lat' dir='ltr'><strong>aliquid</strong></span> 
     </span>
    </p>
   </div>
   <div class='ocr_carea' id='block_1_55' title="bbox 519 5302 2095 5377">
    <p class='ocr_par' dir='ltr' id='par_1_55' title="bbox 519 5302 2095 5377">
     <span class='ocr_line' id='line_1_55' title="bbox 519 5302 2095 5377; baseline -0.002 -16"><span class='ocrx_word' id='word_1_453' title='bbox 519 5307 747 5363; x_wconf 89' lang='lat' dir='ltr'><strong>alienum</strong></span> <span class='ocrx_word' id='word_1_454' title='bbox 773 5315 874 5370; x_wconf 88' lang='lat' dir='ltr'><strong>est,</strong></span> <span class='ocrx_word' id='word_1_455' title='bbox 902 5308 946 5362; x_wconf 92' lang='lat' dir='ltr'><strong>si</strong></span> <span class='ocrx_word' id='word_1_456' title='bbox 975 5306 1258 5377; x_wconf 74' lang='lat' dir='ltr'><strong>imaginem</strong></span> <span class='ocrx_word' id='word_1_457' title='bbox 1290 5305 1377 5359; x_wconf 89' lang='lat' dir='ltr'><strong>Dei</strong></span> <span class='ocrx_word' id='word_1_458' title='bbox 1409 5313 1649 5358; x_wconf 87' lang='lat' dir='ltr'><strong>tenemus</strong></span> <span class='ocrx_word' id='word_1_459' title='bbox 1678 5304 1728 5356; x_wconf 90' lang='lat' dir='ltr'><strong>in</strong></span> <span class='ocrx_word' id='word_1_460' title='bbox 1763 5302 1913 5357; x_wconf 89' lang='lat' dir='ltr'><strong>nobis</strong></span> <span class='ocrx_word' id='word_1_461' title='bbox 1944 5320 1956 5357; x_wconf 93' lang='lat'>:</span> <span class='ocrx_word' id='word_1_462' title='bbox 1992 5304 2095 5359; x_wconf 85' lang='lat' dir='ltr'><strong>uti-</strong></span> 
     </span>
    </p>
   </div>
   <div class='ocr_carea' id='block_1_56' title="bbox 520 5393 2095 5466">
    <p class='ocr_par' dir='ltr' id='par_1_56' title="bbox 520 5393 2095 5466">
     <span class='ocr_line' id='line_1_56' title="bbox 520 5393 2095 5466; baseline -0.003 -13"><span class='ocrx_word' id='word_1_463' title='bbox 520 5416 636 5454; x_wconf 86' lang='lat' dir='ltr'><strong>nam</strong></span> <span class='ocrx_word' id='word_1_464' title='bbox 667 5414 783 5453; x_wconf 86' lang='lat' dir='ltr'><strong>eam</strong></span> <span class='ocrx_word' id='word_1_465' title='bbox 817 5414 910 5466; x_wconf 88' lang='lat' dir='ltr'><strong>per</strong></span> <span class='ocrx_word' id='word_1_466' title='bbox 947 5397 1248 5466; x_wconf 84' lang='lat' dir='ltr'><strong>superbiam</strong></span> <span class='ocrx_word' id='word_1_467' title='bbox 1291 5410 1395 5449; x_wconf 93' lang='lat' dir='ltr'><strong>non</strong></span> <span class='ocrx_word' id='word_1_468' title='bbox 1436 5394 1772 5448; x_wconf 88' lang='lat' dir='ltr'><strong>amittamus!</strong></span> <span class='ocrx_word' id='word_1_469' title='bbox 1826 5393 1928 5447; x_wconf 86' lang='lat' dir='ltr'><strong>Sed</strong></span> <span class='ocrx_word' id='word_1_470' title='bbox 1970 5393 2095 5463; x_wconf 87' lang='lat' dir='ltr'><strong>quid</strong></span> 
     </span>
    </p>
   </div>
   <div class='ocr_carea' id='block_1_57' title="bbox 520 5484 2094 5560">
    <p class='ocr_par' dir='ltr' id='par_1_57' title="bbox 520 5484 2094 5560">
     <span class='ocr_line' id='line_1_57' title="bbox 520 5484 2094 5560; baseline -0.004 -15"><span class='ocrx_word' id='word_1_471' title='bbox 520 5501 629 5552; x_wconf 86' lang='lat' dir='ltr'><strong>est,</strong></span> <span class='ocrx_word' id='word_1_472' title='bbox 682 5506 775 5560; x_wconf 88' lang='lat' dir='ltr'><strong>per</strong></span> <span class='ocrx_word' id='word_1_473' title='bbox 816 5488 1119 5557; x_wconf 77' lang='lat' dir='ltr'><strong>superbiam</strong></span> <span class='ocrx_word' id='word_1_474' title='bbox 1161 5488 1296 5541; x_wconf 80' lang='lat' dir='ltr'><strong>velle</strong></span> <span class='ocrx_word' id='word_1_475' title='bbox 1339 5502 1456 5539; x_wconf 82' lang='lat' dir='ltr'><strong>esse</strong></span> <span class='ocrx_word' id='word_1_476' title='bbox 1498 5486 1721 5540; x_wconf 85' lang='lat' dir='ltr'><strong>similem</strong></span> <span class='ocrx_word' id='word_1_477' title='bbox 1773 5485 1923 5539; x_wconf 84' lang='lat' dir='ltr'><strong>Deo?</strong></span> <span class='ocrx_word' id='word_1_478' title='bbox 1971 5484 2094 5554; x_wconf 82' lang='lat' dir='ltr'><strong>quid</strong></span> 
     </span>
    </p>
   </div>
   <div class='ocr_carea' id='block_1_58' title="bbox 519 5576 2096 5652">
    <p class='ocr_par' dir='ltr' id='par_1_58' title="bbox 519 5576 2096 5652">
     <span class='ocr_line' id='line_1_58' title="bbox 519 5576 2096 5652; baseline -0.005 -15"><span class='ocrx_word' id='word_1_479' title='bbox 519 5594 782 5652; x_wconf 87' lang='lat' dir='ltr'><strong>putamus,</strong></span> <span class='ocrx_word' id='word_1_480' title='bbox 813 5590 869 5635; x_wconf 86' lang='grc' dir='ltr'><strong>ιιι</strong></span> <span class='ocrx_word' id='word_1_481' title='bbox 896 5582 1218 5637; x_wconf 77' lang='lat' dir='ltr'><strong>exclamaret</strong></span> <span class='ocrx_word' id='word_1_482' title='bbox 1244 5578 1479 5648; x_wconf 69' lang='lat' dir='ltr'><strong>captivus</strong></span> <span class='ocrx_word' id='word_1_483' title='bbox 1509 5595 1519 5629; x_wconf 90' lang='lat'>:</span> <span class='ocrx_word' id='word_1_484' title='bbox 1549 5576 1782 5638; x_wconf 85' lang='lat' dir='ltr'><strong>Domine.</strong></span> <span class='ocrx_word' id='word_1_485' title='bbox 1812 5578 1924 5645; x_wconf 81' lang='lat' dir='ltr'><strong>quis</strong></span> <span class='ocrx_word' id='word_1_486' title='bbox 1954 5577 2096 5630; x_wconf 80' lang='lat' dir='ltr'><strong>simi-</strong></span> 
     </span>
    </p>
   </div>
   <div class='ocr_carea' id='block_1_59' title="bbox 520 5667 2090 5743">
    <p class='ocr_par' dir='ltr' id='par_1_59' title="bbox 520 5667 2090 5743">
     <span class='ocr_line' id='line_1_59' title="bbox 520 5667 2090 5743; baseline -0.002 -17"><span class='ocrx_word' id='word_1_487' title='bbox 520 5674 581 5726; x_wconf 86' lang='lat' dir='ltr'><strong>lis</strong></span> <span class='ocrx_word' id='word_1_488' title='bbox 624 5673 755 5727; x_wconf 86' lang='lat' dir='ltr'><strong>tibi?</strong></span> <span class='ocrx_word' id='word_1_489' title='bbox 794 5687 911 5743; x_wconf 76' lang='lat' dir='ltr'><strong>qu.c</strong></span> <span class='ocrx_word' id='word_1_490' title='bbox 952 5682 1032 5727; x_wconf 79' lang='lat' dir='ltr'><strong>est</strong></span> <span class='ocrx_word' id='word_1_491' title='bbox 1074 5674 1169 5726; x_wconf 69' lang='lat' dir='ltr'><strong>i~ta</strong></span> <span class='ocrx_word' id='word_1_492' title='bbox 1211 5685 1454 5740; x_wconf 57' lang='lat' dir='ltr'><strong>perversa</strong></span> <span class='ocrx_word' id='word_1_493' title='bbox 1500 5668 1832 5723; x_wconf 80' lang='lat' dir='ltr'><strong>similitudo?</strong></span> <span class='ocrx_word' id='word_1_494' title='bbox 1874 5667 2090 5737; x_wconf 78' lang='lat' dir='ltr'><strong>Audite,</strong></span> 
     </span>
    </p>
   </div>
   <div class='ocr_carea' id='block_1_60' title="bbox 579 5805 1308 5870">
    <p class='ocr_par' dir='ltr' id='par_1_60' title="bbox 579 5805 1308 5870">
     <span class='ocr_line' id='line_1_60' title="bbox 579 5805 1308 5870; baseline -0.003 -13"><span class='ocrx_word' id='word_1_495' title='bbox 579 5807 598 5841; x_wconf 77' lang='grc'>⁸</span> <span class='ocrx_word' id='word_1_496' title='bbox 624 5806 871 5870; x_wconf 78' lang='lat' dir='ltr'><strong>Particula,</strong></span> <span class='ocrx_word' id='word_1_497' title='bbox 894 5805 963 5869; x_wconf 86' lang='lat' dir='ltr'><strong>in,</strong></span> <span class='ocrx_word' id='word_1_498' title='bbox 987 5807 1128 5858; x_wconf 84' lang='lat' dir='ltr'><strong>abest</strong></span> <span class='ocrx_word' id='word_1_499' title='bbox 1149 5821 1177 5857; x_wconf 89' lang='lat' dir='ltr'><strong>a</strong></span> <span class='ocrx_word' id='word_1_500' title='bbox 1203 5814 1308 5856; x_wconf 71' lang='lat' dir='ltr'><strong>Mss.</strong></span> 
     </span>
    </p>
   </div>
   <div class='ocr_carea' id='block_1_61' title="bbox 1720 313 2524 377">
    <p class='ocr_par' dir='ltr' id='par_1_61' title="bbox 1720 313 2524 377">
     <span class='ocr_line' id='line_1_61' title="bbox 1720 313 2524 377; baseline -0.007 -1"><span class='ocrx_word' id='word_1_501' title='bbox 1720 319 1780 377; x_wconf 80' lang='grc'>8.</span> <span class='ocrx_word' id='word_1_502' title='bbox 1819 314 2189 376; x_wconf 63' lang='grc' dir='ltr'>Αῠειιετιιιι</span> <span class='ocrx_word' id='word_1_503' title='bbox 2218 313 2524 373; x_wconf 80' lang='lat' dir='ltr'><strong>EPISCOPI</strong></span> 
     </span>
    </p>
   </div>
   <div class='ocr_carea' id='block_1_62' title="bbox 2182 430 3713 508">
    <p class='ocr_par' dir='ltr' id='par_1_62' title="bbox 2182 430 3713 508">
     <span class='ocr_line' id='line_1_62' title="bbox 2182 430 3713 508; baseline 0.002 -20"><span class='ocrx_word' id='word_1_504' title='bbox 2182 443 2238 488; x_wconf 89' lang='lat' dir='ltr'><strong>et</strong></span> <span class='ocrx_word' id='word_1_505' title='bbox 2271 431 2582 501; x_wconf 79' lang='lat' dir='ltr'><strong>ittlelligite,</strong></span> <span class='ocrx_word' id='word_1_506' title='bbox 2610 431 2654 485; x_wconf 88' lang='lat' dir='ltr'><strong>si</strong></span> <span class='ocrx_word' id='word_1_507' title='bbox 2691 430 2919 502; x_wconf 86' lang='lat' dir='ltr'><strong>potestis</strong></span> <span class='ocrx_word' id='word_1_508' title='bbox 2949 448 2965 486; x_wconf 91' lang='lat'><strong>:</strong></span> <span class='ocrx_word' id='word_1_509' title='bbox 2994 430 3262 487; x_wconf 88' lang='lat' dir='ltr'><strong>credimus</strong></span> <span class='ocrx_word' id='word_1_510' title='bbox 3283 441 3464 488; x_wconf 82' lang='lat' dir='ltr'><strong>autem</strong></span> <span class='ocrx_word' id='word_1_511' title='bbox 3496 435 3605 505; x_wconf 78' lang='lat' dir='ltr'><strong>quia</strong></span> <span class='ocrx_word' id='word_1_512' title='bbox 3626 438 3713 508; x_wconf 79' lang='lat' dir='ltr'><strong>ipse</strong></span> 
     </span>
    </p>
   </div>
   <div class='ocr_carea' id='block_1_63' title="bbox 2179 524 3714 596">
    <p class='ocr_par' dir='ltr' id='par_1_63' title="bbox 2179 524 3714 596">
     <span class='ocr_line' id='line_1_63' title="bbox 2179 524 3714 596; baseline 0.004 -20"><span class='ocrx_word' id='word_1_513' title='bbox 2179 526 2269 596; x_wconf 84' lang='lat' dir='ltr'><strong>qui</strong></span> <span class='ocrx_word' id='word_1_514' title='bbox 2297 542 2393 578; x_wconf 88' lang='lat' dir='ltr'><strong>nos</strong></span> <span class='ocrx_word' id='word_1_515' title='bbox 2432 526 2608 594; x_wconf 63' lang='lat' dir='ltr'><strong>posuit</strong></span> <span class='ocrx_word' id='word_1_516' title='bbox 2648 524 2763 577; x_wconf 74' lang='lat' dir='ltr'><strong>lltl&#39;c</strong></span> <span class='ocrx_word' id='word_1_517' title='bbox 2788 524 2939 578; x_wconf 81' lang='lat' dir='ltr'><strong>vobis</strong></span> <span class='ocrx_word' id='word_1_518' title='bbox 2973 525 3157 579; x_wconf 83' lang='lat' dir='ltr'><strong>dicere</strong></span> <span class='ocrx_word' id='word_1_519' title='bbox 3177 566 3192 586; x_wconf 92' lang='lat'><strong>,</strong></span> <span class='ocrx_word' id='word_1_520' title='bbox 3239 525 3389 579; x_wconf 83' lang='lat' dir='ltr'><strong>dabit</strong></span> <span class='ocrx_word' id='word_1_521' title='bbox 3413 526 3555 581; x_wconf 81' lang='lat' dir='ltr'><strong>vobis</strong></span> <span class='ocrx_word' id='word_1_522' title='bbox 3590 531 3714 587; x_wconf 81' lang='lat' dir='ltr'><strong>etiam</strong></span> 
     </span>
    </p>
   </div>
   <div class='ocr_carea' id='block_1_64' title="bbox 2183 614 3719 689">
    <p class='ocr_par' dir='ltr' id='par_1_64' title="bbox 2183 614 3719 689">
     <span class='ocr_line' id='line_1_64' title="bbox 2183 614 3719 689; baseline 0.003 -20"><span class='ocrx_word' id='word_1_523' title='bbox 2183 629 2339 685; x_wconf 87' lang='lat' dir='ltr'><strong>posse</strong></span> <span class='ocrx_word' id='word_1_524' title='bbox 2363 624 2414 667; x_wconf 90' lang='lat' dir='ltr'><strong>et</strong></span> <span class='ocrx_word' id='word_1_525' title='bbox 2450 614 2763 683; x_wconf 75' lang='lat' dir='ltr'><strong>intelligere.</strong></span> <span class='ocrx_word' id='word_1_526' title='bbox 2811 614 2949 669; x_wconf 87' lang='lat' dir='ltr'><strong>Deus</strong></span> <span class='ocrx_word' id='word_1_527' title='bbox 2980 614 3122 677; x_wconf 86' lang='lat' dir='ltr'><strong>nullo</strong></span> <span class='ocrx_word' id='word_1_528' title='bbox 3153 614 3351 685; x_wconf 78' lang='lat' dir='ltr'><strong>indiget</strong></span> <span class='ocrx_word' id='word_1_529' title='bbox 3379 616 3533 680; x_wconf 79' lang='lat' dir='ltr'><strong>bono,</strong></span> <span class='ocrx_word' id='word_1_530' title='bbox 3557 628 3605 671; x_wconf 80' lang='lat' dir='ltr'><strong>et</strong></span> <span class='ocrx_word' id='word_1_531' title='bbox 3632 621 3719 689; x_wconf 83' lang='lat' dir='ltr'><strong>ipse</strong></span> 
     </span>
    </p>
   </div>
   <div class='ocr_carea' id='block_1_65' title="bbox 2180 706 3720 776">
    <p class='ocr_par' dir='ltr' id='par_1_65' title="bbox 2180 706 3720 776">
     <span class='ocr_line' id='line_1_65' title="bbox 2180 706 3720 776; baseline 0 -16"><span class='ocrx_word' id='word_1_532' title='bbox 2180 717 2265 761; x_wconf 77' lang='lat' dir='ltr'><strong>est</strong></span> <span class='ocrx_word' id='word_1_533' title='bbox 2293 721 2556 760; x_wconf 84' lang='lat' dir='ltr'><strong>summum</strong></span> <span class='ocrx_word' id='word_1_534' title='bbox 2588 708 2805 769; x_wconf 89' lang='lat' dir='ltr'><strong>bonum,</strong></span> <span class='ocrx_word' id='word_1_535' title='bbox 2837 718 2890 760; x_wconf 91' lang='lat' dir='ltr'><strong>et</strong></span> <span class='ocrx_word' id='word_1_536' title='bbox 2917 706 2986 760; x_wconf 89' lang='lat' dir='ltr'><strong>ab</strong></span> <span class='ocrx_word' id='word_1_537' title='bbox 3013 709 3127 776; x_wconf 71' lang='lat' dir='ltr'><strong>ip~o</strong></span> <span class='ocrx_word' id='word_1_538' title='bbox 3150 716 3231 761; x_wconf 87' lang='lat' dir='ltr'><strong>est</strong></span> <span class='ocrx_word' id='word_1_539' title='bbox 3258 722 3420 761; x_wconf 87' lang='lat' dir='ltr'><strong>omne</strong></span> <span class='ocrx_word' id='word_1_540' title='bbox 3449 709 3640 763; x_wconf 86' lang='lat' dir='ltr'><strong>bonum.</strong></span> <span class='ocrx_word' id='word_1_541' title='bbox 3668 711 3720 768; x_wconf 77' lang='lat' dir='ltr'><strong>Ut</strong></span> 
     </span>
    </p>
   </div>
   <div class='ocr_carea' id='block_1_66' title="bbox 2183 797 3722 869">
    <p class='ocr_par' dir='ltr' id='par_1_66' title="bbox 2183 797 3722 869">
     <span class='ocr_line' id='line_1_66' title="bbox 2183 797 3722 869; baseline 0.002 -16"><span class='ocrx_word' id='word_1_542' title='bbox 2183 813 2313 869; x_wconf 85' lang='lat' dir='ltr'><strong>ergo</strong></span> <span class='ocrx_word' id='word_1_543' title='bbox 2342 798 2463 852; x_wconf 88' lang='lat' dir='ltr'><strong>boni</strong></span> <span class='ocrx_word' id='word_1_544' title='bbox 2489 800 2678 864; x_wconf 81' lang='lat' dir='ltr'><strong>simus,</strong></span> <span class='ocrx_word' id='word_1_545' title='bbox 2713 799 2820 853; x_wconf 88' lang='lat' dir='ltr'><strong>Deo</strong></span> <span class='ocrx_word' id='word_1_546' title='bbox 2849 797 3144 868; x_wconf 74' lang='lat' dir='ltr'><strong>indigemus</strong></span> <span class='ocrx_word' id='word_1_547' title='bbox 3173 813 3188 849; x_wconf 88' lang='lat'><strong>:</strong></span> <span class='ocrx_word' id='word_1_548' title='bbox 3222 807 3274 850; x_wconf 88' lang='lat' dir='ltr'><strong>ut</strong></span> <span class='ocrx_word' id='word_1_549' title='bbox 3306 797 3481 853; x_wconf 88' lang='lat' dir='ltr'><strong>bonus</strong></span> <span class='ocrx_word' id='word_1_550' title='bbox 3507 802 3571 852; x_wconf 86' lang='lat' dir='ltr'><strong>sit</strong></span> <span class='ocrx_word' id='word_1_551' title='bbox 3596 802 3722 868; x_wconf 83' lang='lat' dir='ltr'><strong>Deus,</strong></span> 
     </span>
    </p>
   </div>
   <div class='ocr_carea' id='block_1_67' title="bbox 2184 889 3723 959">
    <p class='ocr_par' dir='ltr' id='par_1_67' title="bbox 2184 889 3723 959">
     <span class='ocr_line' id='line_1_67' title="bbox 2184 889 3723 959; baseline 0.001 -15"><span class='ocrx_word' id='word_1_552' title='bbox 2184 892 2337 944; x_wconf 87' lang='lat' dir='ltr'><strong>nobis</strong></span> <span class='ocrx_word' id='word_1_553' title='bbox 2374 906 2477 944; x_wconf 91' lang='lat' dir='ltr'><strong>non</strong></span> <span class='ocrx_word' id='word_1_554' title='bbox 2510 891 2703 959; x_wconf 88' lang='lat' dir='ltr'><strong>indiget</strong></span> <span class='ocrx_word' id='word_1_555' title='bbox 2727 931 2742 953; x_wconf 92' lang='lat'><strong>,</strong></span> <span class='ocrx_word' id='word_1_556' title='bbox 2784 903 2883 944; x_wconf 91' lang='lat' dir='ltr'><strong>nec</strong></span> <span class='ocrx_word' id='word_1_557' title='bbox 2927 889 3079 942; x_wconf 85' lang='lat' dir='ltr'><strong>nobis</strong></span> <span class='ocrx_word' id='word_1_558' title='bbox 3113 897 3312 942; x_wconf 86' lang='lat' dir='ltr'><strong>tantum</strong></span> <span class='ocrx_word' id='word_1_559' title='bbox 3336 929 3354 954; x_wconf 92' lang='lat'><strong>,</strong></span> <span class='ocrx_word' id='word_1_560' title='bbox 3386 890 3478 944; x_wconf 80' lang='lat' dir='ltr'><strong>sed</strong></span> <span class='ocrx_word' id='word_1_561' title='bbox 3523 898 3723 959; x_wconf 70' lang='lat' dir='ltr'><strong>usquead</strong></span> 
     </span>
    </p>
   </div>
   <div class='ocr_carea' id='block_1_68' title="bbox 2184 978 3723 1050">
    <p class='ocr_par' dir='ltr' id='par_1_68' title="bbox 2184 978 3723 1050">
     <span class='ocr_line' id='line_1_68' title="bbox 2184 978 3723 1050; baseline 0.002 -17"><span class='ocrx_word' id='word_1_562' title='bbox 2184 981 2430 1034; x_wconf 86' lang='lat' dir='ltr'><strong>altissima</strong></span> <span class='ocrx_word' id='word_1_563' title='bbox 2454 996 2565 1050; x_wconf 68' lang='lat' dir='ltr'><strong>quae</strong></span> <span class='ocrx_word' id='word_1_564' title='bbox 2588 979 2705 1048; x_wconf 78' lang='lat' dir='ltr'><strong>fecit</strong></span> <span class='ocrx_word' id='word_1_565' title='bbox 2737 979 3013 1049; x_wconf 84' lang='lat' dir='ltr'><strong>magnalia,</strong></span> <span class='ocrx_word' id='word_1_566' title='bbox 3045 993 3143 1034; x_wconf 87' lang='lat' dir='ltr'><strong>nec</strong></span> <span class='ocrx_word' id='word_1_567' title='bbox 3170 978 3294 1049; x_wconf 70' lang='lat' dir='ltr'><strong>ipsis</strong></span> <span class='ocrx_word' id='word_1_568' title='bbox 3319 982 3633 1047; x_wconf 66' lang='lat' dir='ltr'><strong>ccclestihus,</strong></span> <span class='ocrx_word' id='word_1_569' title='bbox 3653 1002 3723 1040; x_wconf 80' lang='lat' dir='ltr'><strong>nec</strong></span> 
     </span>
    </p>
   </div>
   <div class='ocr_carea' id='block_1_69' title="bbox 2184 1070 3726 1146">
    <p class='ocr_par' dir='ltr' id='par_1_69' title="bbox 2184 1070 3726 1146">
     <span class='ocr_line' id='line_1_69' title="bbox 2184 1070 3726 1146; baseline 0.001 -18"><span class='ocrx_word' id='word_1_570' title='bbox 2184 1071 2650 1143; x_wconf 68' lang='lat' dir='ltr'><strong>superemlestibus</strong></span> <span class='ocrx_word' id='word_1_571' title='bbox 2672 1112 2687 1135; x_wconf 92' lang='lat'><strong>,</strong></span> <span class='ocrx_word' id='word_1_572' title='bbox 2719 1085 2817 1125; x_wconf 88' lang='lat' dir='ltr'><strong>nec</strong></span> <span class='ocrx_word' id='word_1_573' title='bbox 2844 1070 2983 1125; x_wconf 75' lang='lat' dir='ltr'><strong>ctelo</strong></span> <span class='ocrx_word' id='word_1_574' title='bbox 3008 1071 3130 1125; x_wconf 71' lang='grc' dir='ltr'>εωιί</span> <span class='ocrx_word' id='word_1_575' title='bbox 3159 1071 3302 1138; x_wconf 82' lang='lat' dir='ltr'><strong>quod</strong></span> <span class='ocrx_word' id='word_1_576' title='bbox 3332 1072 3547 1135; x_wconf 84' lang='lat' dir='ltr'><strong>dicitur,</strong></span> <span class='ocrx_word' id='word_1_577' title='bbox 3573 1076 3726 1146; x_wconf 65' lang='lat' dir='ltr'><strong>indiget</strong></span> 
     </span>
    </p>
   </div>
   <div class='ocr_carea' id='block_1_70' title="bbox 2191 1161 3724 1230">
    <p class='ocr_par' dir='ltr' id='par_1_70' title="bbox 2191 1161 3724 1230">
     <span class='ocr_line' id='line_1_70' title="bbox 2191 1161 3724 1230; baseline 0.001 -13"><span class='ocrx_word' id='word_1_578' title='bbox 2191 1164 2329 1218; x_wconf 80' lang='lat' dir='ltr'><strong>Deus</strong></span> <span class='ocrx_word' id='word_1_579' title='bbox 2350 1204 2365 1225; x_wconf 90' lang='lat'><strong>,</strong></span> <span class='ocrx_word' id='word_1_580' title='bbox 2402 1172 2571 1216; x_wconf 89' lang='lat' dir='ltr'><strong>utaut</strong></span> <span class='ocrx_word' id='word_1_581' title='bbox 2603 1161 2793 1216; x_wconf 86' lang='lat' dir='ltr'><strong>melior</strong></span> <span class='ocrx_word' id='word_1_582' title='bbox 2835 1162 2925 1226; x_wconf 88' lang='lat' dir='ltr'><strong>sit,</strong></span> <span class='ocrx_word' id='word_1_583' title='bbox 2971 1170 3062 1214; x_wconf 85' lang='lat' dir='ltr'><strong>aut</strong></span> <span class='ocrx_word' id='word_1_584' title='bbox 3090 1163 3397 1230; x_wconf 87' lang='lat' dir='ltr'><strong>potentior,</strong></span> <span class='ocrx_word' id='word_1_585' title='bbox 3429 1175 3518 1215; x_wconf 88' lang='lat' dir='ltr'><strong>aut</strong></span> <span class='ocrx_word' id='word_1_586' title='bbox 3548 1163 3724 1219; x_wconf 80' lang='lat' dir='ltr'><strong>beatior.</strong></span> 
     </span>
    </p>
   </div>
   <div class='ocr_carea' id='block_1_71' title="bbox 2187 1253 3728 1325">
    <p class='ocr_par' dir='ltr' id='par_1_71' title="bbox 2187 1253 3728 1325">
     <span class='ocr_line' id='line_1_71' title="bbox 2187 1253 3728 1325; baseline 0.003 -17"><span class='ocrx_word' id='word_1_587' title='bbox 2187 1254 2321 1324; x_wconf 83' lang='lat' dir='ltr'><strong>Quid</strong></span> <span class='ocrx_word' id='word_1_588' title='bbox 2344 1256 2484 1309; x_wconf 88' lang='lat' dir='ltr'><strong>enim</strong></span> <span class='ocrx_word' id='word_1_589' title='bbox 2511 1264 2655 1310; x_wconf 87' lang='lat' dir='ltr'><strong>esset</strong></span> <span class='ocrx_word' id='word_1_590' title='bbox 2677 1253 2932 1324; x_wconf 73' lang='lat' dir='ltr'><strong>quidquid</strong></span> <span class='ocrx_word' id='word_1_591' title='bbox 2961 1254 3101 1309; x_wconf 88' lang='lat' dir='ltr'><strong>aliud</strong></span> <span class='ocrx_word' id='word_1_592' title='bbox 3130 1266 3232 1319; x_wconf 70' lang='grc' dir='ltr'>νει,</span> <span class='ocrx_word' id='word_1_593' title='bbox 3257 1255 3360 1309; x_wconf 90' lang='lat' dir='ltr'><strong>nisi</strong></span> <span class='ocrx_word' id='word_1_594' title='bbox 3392 1257 3505 1325; x_wconf 83' lang='lat' dir='ltr'><strong>ipse</strong></span> <span class='ocrx_word' id='word_1_595' title='bbox 3529 1255 3728 1312; x_wconf 70' lang='lat' dir='ltr'><strong>fecisset?</strong></span> 
     </span>
    </p>
   </div>
   <div class='ocr_carea' id='block_1_72' title="bbox 2187 1349 3728 1420">
    <p class='ocr_par' dir='ltr' id='par_1_72' title="bbox 2187 1349 3728 1420">
     <span class='ocr_line' id='line_1_72' title="bbox 2187 1349 3728 1420; baseline 0.008 -25"><span class='ocrx_word' id='word_1_596' title='bbox 2187 1349 2302 1418; x_wconf 82' lang='lat' dir='ltr'><strong>Quo</strong></span> <span class='ocrx_word' id='word_1_597' title='bbox 2330 1366 2456 1414; x_wconf 77' lang='lat' dir='ltr'><strong>ergo</strong></span> <span class='ocrx_word' id='word_1_598' title='bbox 2484 1360 2597 1417; x_wconf 79' lang='lat' dir='ltr'><strong>eget</strong></span> <span class='ocrx_word' id='word_1_599' title='bbox 2630 1349 2725 1401; x_wconf 89' lang='lat' dir='ltr'><strong>abs</strong></span> <span class='ocrx_word' id='word_1_600' title='bbox 2757 1358 2807 1402; x_wconf 87' lang='lat' dir='ltr'><strong>te</strong></span> <span class='ocrx_word' id='word_1_601' title='bbox 2838 1349 2925 1418; x_wconf 77' lang='lat' dir='ltr'><strong>qui</strong></span> <span class='ocrx_word' id='word_1_602' title='bbox 2956 1358 3072 1401; x_wconf 80' lang='lat' dir='ltr'><strong>erat</strong></span> <span class='ocrx_word' id='word_1_603' title='bbox 3097 1360 3223 1404; x_wconf 80' lang='lat' dir='ltr'><strong>ante</strong></span> <span class='ocrx_word' id='word_1_604' title='bbox 3253 1359 3338 1413; x_wconf 85' lang='lat' dir='ltr'><strong>te,</strong></span> <span class='ocrx_word' id='word_1_605' title='bbox 3370 1360 3422 1404; x_wconf 74' lang='lat' dir='ltr'><strong>el</strong></span> <span class='ocrx_word' id='word_1_606' title='bbox 3458 1362 3556 1404; x_wconf 80' lang='lat' dir='ltr'><strong>tam</strong></span> <span class='ocrx_word' id='word_1_607' title='bbox 3583 1363 3728 1420; x_wconf 80' lang='lat' dir='ltr'><strong>potens</strong></span> 
     </span>
    </p>
   </div>
   <div class='ocr_carea' id='block_1_73' title="bbox 2188 1439 3729 1513">
    <p class='ocr_par' dir='ltr' id='par_1_73' title="bbox 2188 1439 3729 1513">
     <span class='ocr_line' id='line_1_73' title="bbox 2188 1439 3729 1513; baseline -0.003 -17"><span class='ocrx_word' id='word_1_608' title='bbox 2188 1450 2322 1504; x_wconf 88' lang='lat' dir='ltr'><strong>erat,</strong></span> <span class='ocrx_word' id='word_1_609' title='bbox 2356 1450 2410 1494; x_wconf 90' lang='lat' dir='ltr'><strong>ut</strong></span> <span class='ocrx_word' id='word_1_610' title='bbox 2435 1456 2554 1495; x_wconf 89' lang='lat' dir='ltr'><strong>cum</strong></span> <span class='ocrx_word' id='word_1_611' title='bbox 2590 1449 2644 1494; x_wconf 84' lang='grc' dir='ltr'><strong>ιιι</strong></span> <span class='ocrx_word' id='word_1_612' title='bbox 2674 1457 2777 1492; x_wconf 91' lang='lat' dir='ltr'><strong>non</strong></span> <span class='ocrx_word' id='word_1_613' title='bbox 2805 1454 2973 1504; x_wconf 79' lang='lat' dir='ltr'><strong>esses,</strong></span> <span class='ocrx_word' id='word_1_614' title='bbox 3007 1440 3204 1495; x_wconf 79' lang='lat' dir='ltr'><strong>faceret</strong></span> <span class='ocrx_word' id='word_1_615' title='bbox 3233 1441 3324 1495; x_wconf 80' lang='lat' dir='ltr'><strong>te?</strong></span> <span class='ocrx_word' id='word_1_616' title='bbox 3355 1439 3607 1512; x_wconf 72' lang='lat' dir='ltr'><strong>Numquid</strong></span> <span class='ocrx_word' id='word_1_617' title='bbox 3632 1458 3729 1513; x_wconf 74' lang='lat' dir='ltr'><strong>quo-</strong></span> 
     </span>
    </p>
   </div>
   <div class='ocr_carea' id='block_1_74' title="bbox 2191 1528 3728 1601">
    <p class='ocr_par' dir='ltr' id='par_1_74' title="bbox 2191 1528 3728 1601">
     <span class='ocr_line' id='line_1_74' title="bbox 2191 1528 3728 1601; baseline 0.001 -15"><span class='ocrx_word' id='word_1_618' title='bbox 2191 1532 2349 1586; x_wconf 88' lang='lat' dir='ltr'><strong>modo</strong></span> <span class='ocrx_word' id='word_1_619' title='bbox 2374 1541 2622 1601; x_wconf 88' lang='lat' dir='ltr'><strong>parentes</strong></span> <span class='ocrx_word' id='word_1_620' title='bbox 2666 1529 2866 1585; x_wconf 87' lang='lat' dir='ltr'><strong>faciunt</strong></span> <span class='ocrx_word' id='word_1_621' title='bbox 2912 1528 3093 1584; x_wconf 77' lang='lat' dir='ltr'><strong>filios?</strong></span> <span class='ocrx_word' id='word_1_622' title='bbox 3143 1529 3242 1584; x_wconf 77' lang='lat' dir='ltr'><strong>Per</strong></span> <span class='ocrx_word' id='word_1_623' title='bbox 3266 1531 3551 1600; x_wconf 84' lang='lat' dir='ltr'><strong>quamdam</strong></span> <span class='ocrx_word' id='word_1_624' title='bbox 3577 1547 3728 1587; x_wconf 76' lang='lat' dir='ltr'><strong>conru-</strong></span> 
     </span>
    </p>
   </div>
   <div class='ocr_carea' id='block_1_75' title="bbox 2193 1621 3730 1691">
    <p class='ocr_par' dir='ltr' id='par_1_75' title="bbox 2193 1621 3730 1691">
     <span class='ocr_line' id='line_1_75' title="bbox 2193 1621 3730 1691; baseline -0.001 -13"><span class='ocrx_word' id='word_1_625' title='bbox 2193 1623 2500 1691; x_wconf 76' lang='lat' dir='ltr'><strong>piseenltam</strong></span> <span class='ocrx_word' id='word_1_626' title='bbox 2535 1627 2800 1675; x_wconf 71' lang='lat' dir='ltr'><strong>carnalem</strong></span> <span class='ocrx_word' id='word_1_627' title='bbox 2831 1631 3116 1690; x_wconf 78' lang='lat' dir='ltr'><strong>generant,</strong></span> <span class='ocrx_word' id='word_1_628' title='bbox 3153 1621 3327 1690; x_wconf 85' lang='lat' dir='ltr'><strong>potius</strong></span> <span class='ocrx_word' id='word_1_629' title='bbox 3366 1636 3525 1690; x_wconf 79' lang='lat' dir='ltr'><strong>quam</strong></span> <span class='ocrx_word' id='word_1_630' title='bbox 3553 1635 3730 1687; x_wconf 79' lang='lat' dir='ltr'><strong>creant;</strong></span> 
     </span>
    </p>
   </div>
   <div class='ocr_carea' id='block_1_76' title="bbox 2191 1710 3730 1782">
    <p class='ocr_par' dir='ltr' id='par_1_76' title="bbox 2191 1710 3730 1782">
     <span class='ocr_line' id='line_1_76' title="bbox 2191 1710 3730 1782; baseline 0.003 -15"><span class='ocrx_word' id='word_1_631' title='bbox 2191 1713 2305 1767; x_wconf 85' lang='lat' dir='ltr'><strong>istis</strong></span> <span class='ocrx_word' id='word_1_632' title='bbox 2334 1713 2474 1766; x_wconf 85' lang='lat' dir='ltr'><strong>enim</strong></span> <span class='ocrx_word' id='word_1_633' title='bbox 2517 1710 2896 1782; x_wconf 73' lang='lat' dir='ltr'><strong>generantibus</strong></span> <span class='ocrx_word' id='word_1_634' title='bbox 2919 1752 2933 1773; x_wconf 86' lang='lat'><strong>,</strong></span> <span class='ocrx_word' id='word_1_635' title='bbox 2969 1711 3109 1767; x_wconf 87' lang='lat' dir='ltr'><strong>Deus</strong></span> <span class='ocrx_word' id='word_1_636' title='bbox 3135 1722 3305 1767; x_wconf 87' lang='lat' dir='ltr'><strong>creat.</strong></span> <span class='ocrx_word' id='word_1_637' title='bbox 3356 1710 3488 1767; x_wconf 82' lang='lat' dir='ltr'><strong>Nam</strong></span> <span class='ocrx_word' id='word_1_638' title='bbox 3531 1715 3573 1769; x_wconf 89' lang='lat' dir='ltr'><strong>si</strong></span> <span class='ocrx_word' id='word_1_639' title='bbox 3613 1723 3657 1770; x_wconf 87' lang='lat' dir='ltr'><strong>tu</strong></span> <span class='ocrx_word' id='word_1_640' title='bbox 3681 1717 3730 1770; x_wconf 77' lang='lat' dir='ltr'><strong>ita</strong></span> 
     </span>
    </p>
   </div>
   <div class='ocr_carea' id='block_1_77' title="bbox 2190 1804 3733 1877">
    <p class='ocr_par' dir='ltr' id='par_1_77' title="bbox 2190 1804 3733 1877">
     <span class='ocr_line' id='line_1_77' title="bbox 2190 1804 3733 1877; baseline 0.001 -18"><span class='ocrx_word' id='word_1_641' title='bbox 2190 1819 2376 1865; x_wconf 83' lang='lat' dir='ltr'><strong>creas,</strong></span> <span class='ocrx_word' id='word_1_642' title='bbox 2404 1805 2491 1877; x_wconf 82' lang='lat' dir='ltr'><strong>die.</strong></span> <span class='ocrx_word' id='word_1_643' title='bbox 2519 1804 2644 1874; x_wconf 83' lang='lat' dir='ltr'><strong>quid</strong></span> <span class='ocrx_word' id='word_1_644' title='bbox 2677 1816 2763 1858; x_wconf 89' lang='lat' dir='ltr'><strong>tua</strong></span> <span class='ocrx_word' id='word_1_645' title='bbox 2795 1804 2985 1859; x_wconf 87' lang='lat' dir='ltr'><strong>mulier</strong></span> <span class='ocrx_word' id='word_1_646' title='bbox 3016 1805 3246 1873; x_wconf 76' lang='lat' dir='ltr'><strong>paritura</strong></span> <span class='ocrx_word' id='word_1_647' title='bbox 3276 1816 3386 1860; x_wconf 79' lang='lat' dir='ltr'><strong>est.</strong></span> <span class='ocrx_word' id='word_1_648' title='bbox 3418 1804 3552 1872; x_wconf 85' lang='lat' dir='ltr'><strong>Quid</strong></span> <span class='ocrx_word' id='word_1_649' title='bbox 3579 1806 3733 1876; x_wconf 81' lang='lat' dir='ltr'><strong>dieam,</strong></span> 
     </span>
    </p>
   </div>
   <div class='ocr_carea' id='block_1_78' title="bbox 2190 1896 3814 1969">
    <p class='ocr_par' dir='ltr' id='par_1_78' title="bbox 2190 1896 3814 1969">
     <span class='ocr_line' id='line_1_78' title="bbox 2190 1896 3814 1969; baseline 0.002 -16"><span class='ocrx_word' id='word_1_650' title='bbox 2190 1896 2271 1953; x_wconf 87' lang='lat' dir='ltr'><strong>&#39;l‘u</strong></span> <span class='ocrx_word' id='word_1_651' title='bbox 2298 1896 2426 1952; x_wconf 81' lang='lat' dir='ltr'><strong>die?</strong></span> <span class='ocrx_word' id='word_1_652' title='bbox 2457 1899 2566 1966; x_wconf 83' lang='lat' dir='ltr'><strong>ipsa</strong></span> <span class='ocrx_word' id='word_1_653' title='bbox 2602 1896 2774 1962; x_wconf 80' lang='lat' dir='ltr'><strong>dicat,</strong></span> <span class='ocrx_word' id='word_1_654' title='bbox 2804 1913 2924 1967; x_wconf 76' lang='lat' dir='ltr'><strong>qua:</strong></span> <span class='ocrx_word' id='word_1_655' title='bbox 2948 1898 3089 1966; x_wconf 87' lang='lat' dir='ltr'><strong>quod</strong></span> <span class='ocrx_word' id='word_1_656' title='bbox 3125 1907 3296 1966; x_wconf 81' lang='lat' dir='ltr'><strong>portat</strong></span> <span class='ocrx_word' id='word_1_657' title='bbox 3330 1899 3557 1969; x_wconf 76' lang='lat' dir='ltr'><strong>ignorat.</strong></span> <span class='ocrx_word' id='word_1_658' title='bbox 3595 1899 3734 1956; x_wconf 80' lang='lat' dir='ltr'><strong>Gene-</strong></span> <span class='ocrx_word' id='word_1_659' title='bbox 3800 1904 3814 1931; x_wconf 87' lang='lat'><strong>‘</strong></span> 
     </span>
    </p>
   </div>
   <div class='ocr_carea' id='block_1_79' title="bbox 2191 1986 3737 2056">
    <p class='ocr_par' dir='ltr' id='par_1_79' title="bbox 2191 1986 3737 2056">
     <span class='ocr_line' id='line_1_79' title="bbox 2191 1986 3737 2056; baseline 0.001 -11"><span class='ocrx_word' id='word_1_660' title='bbox 2191 1998 2313 2045; x_wconf 86' lang='lat' dir='ltr'><strong>rant</strong></span> <span class='ocrx_word' id='word_1_661' title='bbox 2358 2000 2532 2045; x_wconf 89' lang='lat' dir='ltr'><strong>tamen</strong></span> <span class='ocrx_word' id='word_1_662' title='bbox 2564 1987 2809 2044; x_wconf 85' lang='lat' dir='ltr'><strong>homines</strong></span> <span class='ocrx_word' id='word_1_663' title='bbox 2849 1986 3019 2049; x_wconf 79' lang='lat' dir='ltr'><strong>tilias.</strong></span> <span class='ocrx_word' id='word_1_664' title='bbox 3060 1998 3113 2044; x_wconf 91' lang='lat' dir='ltr'><strong>et</strong></span> <span class='ocrx_word' id='word_1_665' title='bbox 3146 1990 3213 2043; x_wconf 88' lang='lat' dir='ltr'><strong>ad</strong></span> <span class='ocrx_word' id='word_1_666' title='bbox 3241 1989 3496 2044; x_wconf 85' lang='lat' dir='ltr'><strong>solatium</strong></span> <span class='ocrx_word' id='word_1_667' title='bbox 3522 2005 3675 2056; x_wconf 86' lang='lat' dir='ltr'><strong>suum,</strong></span> <span class='ocrx_word' id='word_1_668' title='bbox 3698 2003 3737 2047; x_wconf 84' lang='lat' dir='ltr'><strong>et</strong></span> 
     </span>
    </p>
   </div>
   <div class='ocr_carea' id='block_1_80' title="bbox 2192 2080 3737 2152">
    <p class='ocr_par' dir='ltr' id='par_1_80' title="bbox 2192 2080 3737 2152">
     <span class='ocr_line' id='line_1_80' title="bbox 2192 2080 3737 2152; baseline 0.003 -16"><span class='ocrx_word' id='word_1_669' title='bbox 2192 2082 2259 2137; x_wconf 89' lang='lat' dir='ltr'><strong>ad</strong></span> <span class='ocrx_word' id='word_1_670' title='bbox 2286 2082 2577 2136; x_wconf 86' lang='lat' dir='ltr'><strong>subsidium</strong></span> <span class='ocrx_word' id='word_1_671' title='bbox 2621 2082 2931 2138; x_wconf 87' lang='lat' dir='ltr'><strong>senectutis.</strong></span> <span class='ocrx_word' id='word_1_672' title='bbox 2964 2080 3226 2152; x_wconf 84' lang='lat' dir='ltr'><strong>Numquid</strong></span> <span class='ocrx_word' id='word_1_673' title='bbox 3277 2081 3405 2138; x_wconf 90' lang='lat' dir='ltr'><strong>ideo</strong></span> <span class='ocrx_word' id='word_1_674' title='bbox 3433 2083 3622 2139; x_wconf 83' lang='lat' dir='ltr'><strong>creavit</strong></span> <span class='ocrx_word' id='word_1_675' title='bbox 3652 2084 3737 2141; x_wconf 72' lang='lat' dir='ltr'><strong>hac</strong></span> 
     </span>
    </p>
   </div>
   <div class='ocr_carea' id='block_1_81' title="bbox 2194 2175 3736 2248">
    <p class='ocr_par' dir='ltr' id='par_1_81' title="bbox 2194 2175 3736 2248">
     <span class='ocr_line' id='line_1_81' title="bbox 2194 2175 3736 2248; baseline 0.001 -17"><span class='ocrx_word' id='word_1_676' title='bbox 2194 2176 2371 2231; x_wconf 89' lang='lat' dir='ltr'><strong>omnia</strong></span> <span class='ocrx_word' id='word_1_677' title='bbox 2404 2175 2561 2242; x_wconf 89' lang='lat' dir='ltr'><strong>Deus,</strong></span> <span class='ocrx_word' id='word_1_678' title='bbox 2589 2191 2618 2230; x_wconf 91' lang='lat' dir='ltr'><strong>a</strong></span> <span class='ocrx_word' id='word_1_679' title='bbox 2649 2176 2840 2247; x_wconf 88' lang='lat' dir='ltr'><strong>quibus</strong></span> <span class='ocrx_word' id='word_1_680' title='bbox 2867 2189 3033 2232; x_wconf 79' lang='lat' dir='ltr'><strong>senex</strong></span> <span class='ocrx_word' id='word_1_681' title='bbox 3058 2175 3451 2246; x_wconf 83' lang='lat' dir='ltr'><strong>adjuvaretur?</strong></span> <span class='ocrx_word' id='word_1_682' title='bbox 3476 2175 3619 2231; x_wconf 84' lang='lat' dir='ltr'><strong>Novit</strong></span> <span class='ocrx_word' id='word_1_683' title='bbox 3641 2193 3736 2248; x_wconf 70' lang='lat' dir='ltr'><strong>ergo</strong></span> 
     </span>
    </p>
   </div>
   <div class='ocr_carea' id='block_1_82' title="bbox 2196 2267 3736 2338">
    <p class='ocr_par' dir='ltr' id='par_1_82' title="bbox 2196 2267 3736 2338">
     <span class='ocr_line' id='line_1_82' title="bbox 2196 2267 3736 2338; baseline 0.002 -16"><span class='ocrx_word' id='word_1_684' title='bbox 2196 2267 2333 2322; x_wconf 89' lang='lat' dir='ltr'><strong>Deus</strong></span> <span class='ocrx_word' id='word_1_685' title='bbox 2360 2267 2502 2337; x_wconf 89' lang='lat' dir='ltr'><strong>quod</strong></span> <span class='ocrx_word' id='word_1_686' title='bbox 2529 2275 2708 2332; x_wconf 88' lang='lat' dir='ltr'><strong>creat,</strong></span> <span class='ocrx_word' id='word_1_687' title='bbox 2741 2278 2796 2322; x_wconf 88' lang='lat' dir='ltr'><strong>et</strong></span> <span class='ocrx_word' id='word_1_688' title='bbox 2820 2268 2976 2337; x_wconf 85' lang='lat' dir='ltr'><strong>quale</strong></span> <span class='ocrx_word' id='word_1_689' title='bbox 3004 2269 3069 2323; x_wconf 90' lang='lat' dir='ltr'><strong>sit</strong></span> <span class='ocrx_word' id='word_1_690' title='bbox 3101 2285 3195 2338; x_wconf 90' lang='lat' dir='ltr'><strong>per</strong></span> <span class='ocrx_word' id='word_1_691' title='bbox 3221 2269 3344 2337; x_wconf 87' lang='lat' dir='ltr'><strong>ejus</strong></span> <span class='ocrx_word' id='word_1_692' title='bbox 3375 2270 3647 2324; x_wconf 67' lang='lat' dir='ltr'><strong>bonitatem</strong></span> <span class='ocrx_word' id='word_1_693' title='bbox 3665 2312 3679 2335; x_wconf 94' lang='lat'><strong>,</strong></span> <span class='ocrx_word' id='word_1_694' title='bbox 3697 2280 3736 2325; x_wconf 86' lang='lat' dir='ltr'><strong>et</strong></span> 
     </span>
    </p>
   </div>
   <div class='ocr_carea' id='block_1_83' title="bbox 2193 2359 3737 2431">
    <p class='ocr_par' dir='ltr' id='par_1_83' title="bbox 2193 2359 3737 2431">
     <span class='ocr_line' id='line_1_83' title="bbox 2193 2359 3737 2431; baseline 0.003 -18"><span class='ocrx_word' id='word_1_695' title='bbox 2193 2360 2351 2431; x_wconf 85' lang='lat' dir='ltr'><strong>quale</strong></span> <span class='ocrx_word' id='word_1_696' title='bbox 2396 2359 2627 2415; x_wconf 87' lang='lat' dir='ltr'><strong>futurum</strong></span> <span class='ocrx_word' id='word_1_697' title='bbox 2675 2360 2745 2415; x_wconf 90' lang='lat' dir='ltr'><strong>sit</strong></span> <span class='ocrx_word' id='word_1_698' title='bbox 2790 2376 2887 2431; x_wconf 87' lang='lat' dir='ltr'><strong>per</strong></span> <span class='ocrx_word' id='word_1_699' title='bbox 2925 2362 3187 2431; x_wconf 87' lang='lat' dir='ltr'><strong>propriam</strong></span> <span class='ocrx_word' id='word_1_700' title='bbox 3221 2362 3586 2427; x_wconf 76' lang='lat' dir='ltr'><strong>volnuuitem;</strong></span> <span class='ocrx_word' id='word_1_701' title='bbox 3627 2365 3737 2417; x_wconf 78' lang='lat' dir='ltr'><strong>novit</strong></span> 
     </span>
    </p>
   </div>
   <div class='ocr_carea' id='block_1_84' title="bbox 2195 2450 3732 2525">
    <p class='ocr_par' dir='ltr' id='par_1_84' title="bbox 2195 2450 3732 2525">
     <span class='ocr_line' id='line_1_84' title="bbox 2195 2450 3732 2525; baseline 0.001 -19"><span class='ocrx_word' id='word_1_702' title='bbox 2195 2451 2335 2508; x_wconf 91' lang='lat' dir='ltr'><strong>Deus</strong></span> <span class='ocrx_word' id='word_1_703' title='bbox 2361 2460 2415 2507; x_wconf 91' lang='lat' dir='ltr'><strong>et</strong></span> <span class='ocrx_word' id='word_1_704' title='bbox 2441 2451 2704 2506; x_wconf 86' lang='lat' dir='ltr'><strong>ordinavit</strong></span> <span class='ocrx_word' id='word_1_705' title='bbox 2729 2455 2926 2508; x_wconf 88' lang='lat' dir='ltr'><strong>omnia.</strong></span> <span class='ocrx_word' id='word_1_706' title='bbox 2958 2450 3028 2510; x_wconf 87' lang='lat' dir='ltr'><strong>Ut</strong></span> <span class='ocrx_word' id='word_1_707' title='bbox 3064 2461 3243 2508; x_wconf 90' lang='lat' dir='ltr'><strong>autem</strong></span> <span class='ocrx_word' id='word_1_708' title='bbox 3273 2453 3443 2508; x_wconf 88' lang='lat' dir='ltr'><strong>homo</strong></span> <span class='ocrx_word' id='word_1_709' title='bbox 3468 2455 3534 2509; x_wconf 87' lang='lat' dir='ltr'><strong>sit</strong></span> <span class='ocrx_word' id='word_1_710' title='bbox 3555 2455 3732 2525; x_wconf 78' lang='lat' dir='ltr'><strong>aliquid,</strong></span> 
     </span>
    </p>
   </div>
   <div class='ocr_carea' id='block_1_85' title="bbox 2193 2544 3738 2615">
    <p class='ocr_par' dir='ltr' id='par_1_85' title="bbox 2193 2544 3738 2615">
     <span class='ocr_line' id='line_1_85' title="bbox 2193 2544 3738 2615; baseline -0.001 -14"><span class='ocrx_word' id='word_1_711' title='bbox 2193 2545 2457 2601; x_wconf 89' lang='lat' dir='ltr'><strong>convertit</strong></span> <span class='ocrx_word' id='word_1_712' title='bbox 2483 2544 2635 2600; x_wconf 83' lang='lat' dir='ltr'><strong>se&#39;ad</strong></span> <span class='ocrx_word' id='word_1_713' title='bbox 2678 2544 2829 2601; x_wconf 90' lang='lat' dir='ltr'><strong>illum</strong></span> <span class='ocrx_word' id='word_1_714' title='bbox 2869 2560 2898 2598; x_wconf 91' lang='lat' dir='ltr'><strong>a</strong></span> <span class='ocrx_word' id='word_1_715' title='bbox 2940 2560 3046 2615; x_wconf 88' lang='lat' dir='ltr'><strong>quo</strong></span> <span class='ocrx_word' id='word_1_716' title='bbox 3087 2554 3296 2599; x_wconf 70' lang='lat' dir='ltr'><strong>creatus</strong></span> <span class='ocrx_word' id='word_1_717' title='bbox 3330 2554 3434 2599; x_wconf 85' lang='grc' dir='ltr'>εει.</span> <span class='ocrx_word' id='word_1_718' title='bbox 3469 2545 3738 2601; x_wconf 80' lang='lat' dir='ltr'><strong>Recedendo</strong></span> 
     </span>
    </p>
   </div>
   <div class='ocr_carea' id='block_1_86' title="bbox 2194 2637 3737 2710">
    <p class='ocr_par' dir='ltr' id='par_1_86' title="bbox 2194 2637 3737 2710">
     <span class='ocr_line' id='line_1_86' title="bbox 2194 2637 3737 2710; baseline -0.001 -15"><span class='ocrx_word' id='word_1_719' title='bbox 2194 2640 2339 2695; x_wconf 89' lang='lat' dir='ltr'><strong>enim</strong></span> <span class='ocrx_word' id='word_1_720' title='bbox 2373 2638 2605 2710; x_wconf 81' lang='lat' dir='ltr'><strong>frigescit</strong></span> <span class='ocrx_word' id='word_1_721' title='bbox 2625 2656 2639 2699; x_wconf 82' lang='lat'><strong>;</strong></span> <span class='ocrx_word' id='word_1_722' title='bbox 2671 2637 2975 2694; x_wconf 86' lang='lat' dir='ltr'><strong>accedendo</strong></span> <span class='ocrx_word' id='word_1_723' title='bbox 2998 2637 3245 2695; x_wconf 82' lang='lat' dir='ltr'><strong>fervescit</strong></span> <span class='ocrx_word' id='word_1_724' title='bbox 3269 2657 3284 2693; x_wconf 90' lang='lat'><strong>:</strong></span> <span class='ocrx_word' id='word_1_725' title='bbox 3310 2640 3605 2695; x_wconf 79' lang='lat' dir='ltr'><strong>recedeudo</strong></span> <span class='ocrx_word' id='word_1_726' title='bbox 3627 2649 3737 2696; x_wconf 83' lang='lat' dir='ltr'><strong>tene-</strong></span> 
     </span>
    </p>
   </div>
   <div class='ocr_carea' id='block_1_87' title="bbox 2195 2727 3738 2800">
    <p class='ocr_par' dir='ltr' id='par_1_87' title="bbox 2195 2727 3738 2800">
     <span class='ocr_line' id='line_1_87' title="bbox 2195 2727 3738 2800; baseline 0.001 -16"><span class='ocrx_word' id='word_1_727' title='bbox 2195 2728 2432 2794; x_wconf 83' lang='lat' dir='ltr'><strong>brescit;</strong></span> <span class='ocrx_word' id='word_1_728' title='bbox 2479 2727 2782 2784; x_wconf 89' lang='lat' dir='ltr'><strong>accedendo</strong></span> <span class='ocrx_word' id='word_1_729' title='bbox 2825 2729 3089 2784; x_wconf 87' lang='lat' dir='ltr'><strong>clarescit.</strong></span> <span class='ocrx_word' id='word_1_730' title='bbox 3135 2730 3180 2783; x_wconf 79' lang='grc' dir='ltr'>Α</span> <span class='ocrx_word' id='word_1_731' title='bbox 3207 2745 3318 2800; x_wconf 89' lang='lat' dir='ltr'><strong>quo</strong></span> <span class='ocrx_word' id='word_1_732' title='bbox 3357 2732 3499 2785; x_wconf 89' lang='lat' dir='ltr'><strong>enim</strong></span> <span class='ocrx_word' id='word_1_733' title='bbox 3541 2732 3738 2786; x_wconf 73' lang='lat' dir='ltr'><strong>habetat</strong></span> 
     </span>
    </p>
   </div>
   <div class='ocr_carea' id='block_1_88' title="bbox 2194 2818 3735 2894">
    <p class='ocr_par' dir='ltr' id='par_1_88' title="bbox 2194 2818 3735 2894">
     <span class='ocr_line' id='line_1_88' title="bbox 2194 2818 3735 2894; baseline 0.001 -18"><span class='ocrx_word' id='word_1_734' title='bbox 2194 2824 2298 2888; x_wconf 89' lang='lat' dir='ltr'><strong>sit,</strong></span> <span class='ocrx_word' id='word_1_735' title='bbox 2329 2821 2468 2892; x_wconf 87' lang='lat' dir='ltr'><strong>apud</strong></span> <span class='ocrx_word' id='word_1_736' title='bbox 2513 2821 2659 2875; x_wconf 86' lang='lat' dir='ltr'><strong>illum</strong></span> <span class='ocrx_word' id='word_1_737' title='bbox 2706 2820 2866 2876; x_wconf 86' lang='lat' dir='ltr'><strong>habet</strong></span> <span class='ocrx_word' id='word_1_738' title='bbox 2910 2830 2967 2875; x_wconf 90' lang='lat' dir='ltr'><strong>ut</strong></span> <span class='ocrx_word' id='word_1_739' title='bbox 2994 2819 3041 2875; x_wconf 90' lang='lat' dir='ltr'><strong>ei</strong></span> <span class='ocrx_word' id='word_1_740' title='bbox 3074 2818 3212 2876; x_wconf 89' lang='lat' dir='ltr'><strong>bene</strong></span> <span class='ocrx_word' id='word_1_741' title='bbox 3239 2821 3333 2876; x_wconf 88' lang='lat' dir='ltr'><strong>sit.</strong></span> <span class='ocrx_word' id='word_1_742' title='bbox 3387 2822 3612 2894; x_wconf 85' lang='lat' dir='ltr'><strong>Denique</strong></span> <span class='ocrx_word' id='word_1_743' title='bbox 3636 2822 3735 2877; x_wconf 73' lang='lat' dir='ltr'><strong>tilias</strong></span> 
     </span>
    </p>
   </div>
   <div class='ocr_carea' id='block_1_89' title="bbox 2201 2912 3736 2985">
    <p class='ocr_par' dir='ltr' id='par_1_89' title="bbox 2201 2912 3736 2985">
     <span class='ocr_line' id='line_1_89' title="bbox 2201 2912 3736 2985; baseline -0.001 -15"><span class='ocrx_word' id='word_1_744' title='bbox 2201 2917 2396 2981; x_wconf 83' lang='lat' dir='ltr'><strong>minor,</strong></span> <span class='ocrx_word' id='word_1_745' title='bbox 2418 2915 2506 2985; x_wconf 90' lang='lat' dir='ltr'><strong>qui</strong></span> <span class='ocrx_word' id='word_1_746' title='bbox 2529 2913 2696 2968; x_wconf 88' lang='lat' dir='ltr'><strong>voluit</strong></span> <span class='ocrx_word' id='word_1_747' title='bbox 2721 2914 2774 2968; x_wconf 92' lang='lat' dir='ltr'><strong>in</strong></span> <span class='ocrx_word' id='word_1_748' title='bbox 2798 2928 2894 2968; x_wconf 88' lang='lat' dir='ltr'><strong>sua</strong></span> <span class='ocrx_word' id='word_1_749' title='bbox 2922 2921 3185 2984; x_wconf 89' lang='lat' dir='ltr'><strong>potestate</strong></span> <span class='ocrx_word' id='word_1_750' title='bbox 3210 2912 3412 2971; x_wconf 86' lang='lat' dir='ltr'><strong>habere</strong></span> <span class='ocrx_word' id='word_1_751' title='bbox 3439 2916 3736 2970; x_wconf 70' lang='lat' dir='ltr'><strong>substantiam</strong></span> 
     </span>
    </p>
   </div>
   <div class='ocr_carea' id='block_1_90' title="bbox 2195 3004 3737 3075">
    <p class='ocr_par' dir='ltr' id='par_1_90' title="bbox 2195 3004 3737 3075">
     <span class='ocr_line' id='line_1_90' title="bbox 2195 3004 3737 3075; baseline 0 -13"><span class='ocrx_word' id='word_1_752' title='bbox 2195 3022 2369 3070; x_wconf 89' lang='lat' dir='ltr'><strong>suam,</strong></span> <span class='ocrx_word' id='word_1_753' title='bbox 2391 3021 2508 3075; x_wconf 69' lang='lat' dir='ltr'><strong>qum</strong></span> <span class='ocrx_word' id='word_1_754' title='bbox 2538 3005 2607 3060; x_wconf 89' lang='lat' dir='ltr'><strong>illi</strong></span> <span class='ocrx_word' id='word_1_755' title='bbox 2636 3004 2774 3073; x_wconf 87' lang='lat' dir='ltr'><strong>apud</strong></span> <span class='ocrx_word' id='word_1_756' title='bbox 2806 3015 3008 3075; x_wconf 83' lang='lat' dir='ltr'><strong>patrem</strong></span> <span class='ocrx_word' id='word_1_757' title='bbox 3031 3006 3231 3075; x_wconf 89' lang='lat' dir='ltr'><strong>optime</strong></span> <span class='ocrx_word' id='word_1_758' title='bbox 3255 3009 3585 3073; x_wconf 79' lang='lat' dir='ltr'><strong>servabatur,</strong></span> <span class='ocrx_word' id='word_1_759' title='bbox 3609 3009 3737 3071; x_wconf 82' lang='lat' dir='ltr'><strong>lactus</strong></span> 
     </span>
    </p>
   </div>
   <div class='ocr_carea' id='block_1_91' title="bbox 2196 3094 3735 3170">
    <p class='ocr_par' dir='ltr' id='par_1_91' title="bbox 2196 3094 3735 3170">
     <span class='ocr_line' id='line_1_91' title="bbox 2196 3094 3735 3170; baseline -0.001 -16"><span class='ocrx_word' id='word_1_760' title='bbox 2196 3113 2306 3154; x_wconf 76' lang='lat' dir='ltr'><strong>sua:</strong></span> <span class='ocrx_word' id='word_1_761' title='bbox 2332 3097 2633 3169; x_wconf 86' lang='lat' dir='ltr'><strong>potestatis,</strong></span> <span class='ocrx_word' id='word_1_762' title='bbox 2657 3094 2924 3167; x_wconf 83' lang='lat' dir='ltr'><strong>profectus</strong></span> <span class='ocrx_word' id='word_1_763' title='bbox 2946 3105 3029 3152; x_wconf 89' lang='lat' dir='ltr'><strong>est</strong></span> <span class='ocrx_word' id='word_1_764' title='bbox 3054 3097 3110 3152; x_wconf 91' lang='lat' dir='ltr'><strong>in</strong></span> <span class='ocrx_word' id='word_1_765' title='bbox 3131 3098 3405 3167; x_wconf 84' lang='lat' dir='ltr'><strong>regionem</strong></span> <span class='ocrx_word' id='word_1_766' title='bbox 3425 3100 3735 3170; x_wconf 73' lang='lat' dir='ltr'><strong>longinquam,</strong></span> 
     </span>
    </p>
   </div>
   <div class='ocr_carea' id='block_1_92' title="bbox 2198 3187 3735 3259">
    <p class='ocr_par' dir='ltr' id='par_1_92' title="bbox 2198 3187 3735 3259">
     <span class='ocr_line' id='line_1_92' title="bbox 2198 3187 3735 3259; baseline -0.001 -15"><span class='ocrx_word' id='word_1_767' title='bbox 2198 3189 2353 3244; x_wconf 79' lang='lat' dir='ltr'><strong>luesit</strong></span> <span class='ocrx_word' id='word_1_768' title='bbox 2394 3188 2614 3259; x_wconf 88' lang='lat' dir='ltr'><strong>principi</strong></span> <span class='ocrx_word' id='word_1_769' title='bbox 2661 3187 2833 3255; x_wconf 89' lang='lat' dir='ltr'><strong>malo,</strong></span> <span class='ocrx_word' id='word_1_770' title='bbox 2863 3202 3059 3258; x_wconf 89' lang='lat' dir='ltr'><strong>porcos</strong></span> <span class='ocrx_word' id='word_1_771' title='bbox 3103 3191 3276 3258; x_wconf 88' lang='lat' dir='ltr'><strong>pavit;</strong></span> <span class='ocrx_word' id='word_1_772' title='bbox 3328 3189 3471 3245; x_wconf 85' lang='lat' dir='ltr'><strong>fame</strong></span> <span class='ocrx_word' id='word_1_773' title='bbox 3513 3200 3735 3245; x_wconf 81' lang='lat' dir='ltr'><strong>correctus</strong></span> 
     </span>
    </p>
   </div>
   <div class='ocr_carea' id='block_1_93' title="bbox 2198 3281 3735 3353">
    <p class='ocr_par' dir='ltr' id='par_1_93' title="bbox 2198 3281 3735 3353">
     <span class='ocr_line' id='line_1_93' title="bbox 2198 3281 3735 3353; baseline 0 -17"><span class='ocrx_word' id='word_1_774' title='bbox 2198 3290 2281 3336; x_wconf 91' lang='lat' dir='ltr'><strong>est</strong></span> <span class='ocrx_word' id='word_1_775' title='bbox 2325 3283 2415 3352; x_wconf 90' lang='lat' dir='ltr'><strong>qui</strong></span> <span class='ocrx_word' id='word_1_776' title='bbox 2461 3281 2738 3337; x_wconf 84' lang='lat' dir='ltr'><strong>saturitate</strong></span> <span class='ocrx_word' id='word_1_777' title='bbox 2784 3281 3047 3350; x_wconf 89' lang='lat' dir='ltr'><strong>superbus</strong></span> <span class='ocrx_word' id='word_1_778' title='bbox 3096 3281 3435 3338; x_wconf 72' lang='lat' dir='ltr'><strong>abscesserat</strong></span> <span class='ocrx_word' id='word_1_779' title='bbox 3478 3282 3633 3353; x_wconf 86' lang='lat' dir='ltr'><strong>(Luc.</strong></span> <span class='ocrx_word' id='word_1_780' title='bbox 3666 3298 3735 3348; x_wconf 76' lang='lat' dir='ltr'><strong>xv,</strong></span> 
     </span>
    </p>
   </div>
   <div class='ocr_carea' id='block_1_94' title="bbox 2201 3372 3737 3445">
    <p class='ocr_par' dir='ltr' id='par_1_94' title="bbox 2201 3372 3737 3445">
     <span class='ocr_line' id='line_1_94' title="bbox 2201 3372 3737 3445; baseline -0.001 -16"><span class='ocrx_word' id='word_1_781' title='bbox 2201 3372 2427 3445; x_wconf 68' lang='grc' dir='ltr'>ιε-ιθ).</span> <span class='ocrx_word' id='word_1_782' title='bbox 2458 3374 2597 3443; x_wconf 85' lang='lat' dir='ltr'><strong>Ergo</strong></span> <span class='ocrx_word' id='word_1_783' title='bbox 2637 3373 2875 3443; x_wconf 84' lang='lat' dir='ltr'><strong>quisquis</strong></span> <span class='ocrx_word' id='word_1_784' title='bbox 2919 3374 2992 3427; x_wconf 88' lang='lat' dir='ltr'><strong>ita</strong></span> <span class='ocrx_word' id='word_1_785' title='bbox 3018 3372 3129 3428; x_wconf 88' lang='lat' dir='ltr'><strong>vult</strong></span> <span class='ocrx_word' id='word_1_786' title='bbox 3169 3388 3290 3428; x_wconf 88' lang='lat' dir='ltr'><strong>esse</strong></span> <span class='ocrx_word' id='word_1_787' title='bbox 3337 3375 3527 3429; x_wconf 86' lang='lat' dir='ltr'><strong>similis</strong></span> <span class='ocrx_word' id='word_1_788' title='bbox 3556 3375 3737 3436; x_wconf 85' lang='lat' dir='ltr'><strong>Deo,ttt</strong></span> 
     </span>
    </p>
   </div>
   <div class='ocr_carea' id='block_1_95' title="bbox 2198 3463 3736 3535">
    <p class='ocr_par' dir='ltr' id='par_1_95' title="bbox 2198 3463 3736 3535">
     <span class='ocr_line' id='line_1_95' title="bbox 2198 3463 3736 3535; baseline -0.003 -15"><span class='ocrx_word' id='word_1_789' title='bbox 2198 3466 2265 3521; x_wconf 87' lang='lat' dir='ltr'><strong>ad</strong></span> <span class='ocrx_word' id='word_1_790' title='bbox 2294 3466 2439 3521; x_wconf 91' lang='lat' dir='ltr'><strong>illum</strong></span> <span class='ocrx_word' id='word_1_791' title='bbox 2466 3475 2603 3531; x_wconf 88' lang='lat' dir='ltr'><strong>stet,</strong></span> <span class='ocrx_word' id='word_1_792' title='bbox 2635 3463 3104 3535; x_wconf 84' lang='lat' dir='ltr'><strong>fortitudinemque</strong></span> <span class='ocrx_word' id='word_1_793' title='bbox 3130 3479 3280 3519; x_wconf 89' lang='lat' dir='ltr'><strong>suam</strong></span> <span class='ocrx_word' id='word_1_794' title='bbox 3305 3504 3319 3523; x_wconf 90' lang='lat'><strong>.</strong></span> <span class='ocrx_word' id='word_1_795' title='bbox 3369 3466 3506 3520; x_wconf 89' lang='lat' dir='ltr'><strong>sicut</strong></span> <span class='ocrx_word' id='word_1_796' title='bbox 3528 3465 3736 3535; x_wconf 77' lang='lat' dir='ltr'><strong>scriptun</strong></span> 
     </span>
    </p>
   </div>
   <div class='ocr_carea' id='block_1_96' title="bbox 2199 3557 3736 3630">
    <p class='ocr_par' dir='ltr' id='par_1_96' title="bbox 2199 3557 3736 3630">
     <span class='ocr_line' id='line_1_96' title="bbox 2199 3557 3736 3630; baseline -0.005 -15"><span class='ocrx_word' id='word_1_797' title='bbox 2199 3568 2308 3623; x_wconf 88' lang='lat' dir='ltr'><strong>est,</strong></span> <span class='ocrx_word' id='word_1_798' title='bbox 2341 3558 2406 3614; x_wconf 88' lang='lat' dir='ltr'><strong>ad</strong></span> <span class='ocrx_word' id='word_1_799' title='bbox 2437 3561 2579 3615; x_wconf 87' lang='lat' dir='ltr'><strong>illum</strong></span> <span class='ocrx_word' id='word_1_800' title='bbox 2609 3560 2870 3614; x_wconf 85' lang='lat' dir='ltr'><strong>custodiat</strong></span> <span class='ocrx_word' id='word_1_801' title='bbox 2900 3557 3072 3630; x_wconf 87' lang='lat' dir='ltr'><strong>(Psal.</strong></span> <span class='ocrx_word' id='word_1_802' title='bbox 3103 3574 3262 3622; x_wconf 76' lang='lat' dir='ltr'><strong>LVIII,</strong></span> <span class='ocrx_word' id='word_1_803' title='bbox 3293 3558 3439 3629; x_wconf 74' lang='lat'><strong>10),</strong></span> <span class='ocrx_word' id='word_1_804' title='bbox 3467 3573 3564 3613; x_wconf 90' lang='lat' dir='ltr'><strong>non</strong></span> <span class='ocrx_word' id='word_1_805' title='bbox 3590 3558 3647 3612; x_wconf 88' lang='lat' dir='ltr'><strong>ab</strong></span> <span class='ocrx_word' id='word_1_806' title='bbox 3672 3557 3736 3612; x_wconf 84' lang='lat' dir='ltr'><strong>illo</strong></span> 
     </span>
    </p>
   </div>
   <div class='ocr_carea' id='block_1_97' title="bbox 2200 3649 3736 3721">
    <p class='ocr_par' dir='ltr' id='par_1_97' title="bbox 2200 3649 3736 3721">
     <span class='ocr_line' id='line_1_97' title="bbox 2200 3649 3736 3721; baseline -0.005 -12"><span class='ocrx_word' id='word_1_807' title='bbox 2200 3653 2415 3709; x_wconf 84' lang='lat' dir='ltr'><strong>recedat</strong></span> <span class='ocrx_word' id='word_1_808' title='bbox 2446 3672 2459 3705; x_wconf 90' lang='lat'><strong>:</strong></span> <span class='ocrx_word' id='word_1_809' title='bbox 2492 3654 2540 3708; x_wconf 88' lang='lat' dir='ltr'><strong>ei</strong></span> <span class='ocrx_word' id='word_1_810' title='bbox 2581 3652 2901 3707; x_wconf 84' lang='lat' dir='ltr'><strong>calta-renda</strong></span> <span class='ocrx_word' id='word_1_811' title='bbox 2937 3652 3176 3721; x_wconf 89' lang='lat' dir='ltr'><strong>signetur</strong></span> <span class='ocrx_word' id='word_1_812' title='bbox 3204 3662 3459 3721; x_wconf 74' lang='lat' dir='ltr'><strong>tanquam</strong></span> <span class='ocrx_word' id='word_1_813' title='bbox 3486 3667 3552 3706; x_wconf 79' lang='lat' dir='ltr'><strong>ex</strong></span> <span class='ocrx_word' id='word_1_814' title='bbox 3579 3649 3736 3705; x_wconf 84' lang='lat' dir='ltr'><strong>amtulo</strong></span> 
     </span>
    </p>
   </div>
   <div class='ocr_carea' id='block_1_98' title="bbox 2199 3739 3734 3813">
    <p class='ocr_par' dir='ltr' id='par_1_98' title="bbox 2199 3739 3734 3813">
     <span class='ocr_line' id='line_1_98' title="bbox 2199 3739 3734 3813; baseline -0.001 -15"><span class='ocrx_word' id='word_1_815' title='bbox 2199 3758 2341 3806; x_wconf 86' lang='lat' dir='ltr'><strong>cera.</strong></span> <span class='ocrx_word' id='word_1_816' title='bbox 2375 3744 2446 3798; x_wconf 92' lang='lat' dir='ltr'><strong>illi</strong></span> <span class='ocrx_word' id='word_1_817' title='bbox 2472 3743 2664 3798; x_wconf 77' lang='lat' dir='ltr'><strong>afﬁxus</strong></span> <span class='ocrx_word' id='word_1_818' title='bbox 2698 3743 2889 3798; x_wconf 89' lang='lat' dir='ltr'><strong>habeat</strong></span> <span class='ocrx_word' id='word_1_819' title='bbox 2919 3744 3200 3813; x_wconf 79' lang='lat' dir='ltr'><strong>imaginem</strong></span> <span class='ocrx_word' id='word_1_820' title='bbox 3232 3743 3388 3812; x_wconf 88' lang='lat' dir='ltr'><strong>ejus,</strong></span> <span class='ocrx_word' id='word_1_821' title='bbox 3422 3741 3607 3797; x_wconf 82' lang='lat' dir='ltr'><strong>faciens</strong></span> <span class='ocrx_word' id='word_1_822' title='bbox 3628 3739 3734 3811; x_wconf 78' lang='lat' dir='ltr'><strong>quod</strong></span> 
     </span>
    </p>
   </div>
   <div class='ocr_carea' id='block_1_99' title="bbox 2199 3832 3732 3905">
    <p class='ocr_par' dir='ltr' id='par_1_99' title="bbox 2199 3832 3732 3905">
     <span class='ocr_line' id='line_1_99' title="bbox 2199 3832 3732 3905; baseline -0.003 -16"><span class='ocrx_word' id='word_1_823' title='bbox 2199 3835 2399 3890; x_wconf 89' lang='lat' dir='ltr'><strong>dictum</strong></span> <span class='ocrx_word' id='word_1_824' title='bbox 2418 3844 2519 3897; x_wconf 83' lang='lat' dir='ltr'><strong>est,</strong></span> <span class='ocrx_word' id='word_1_825' title='bbox 2547 3834 2678 3888; x_wconf 65' lang='lat' dir='ltr'><strong>lli/ti</strong></span> <span class='ocrx_word' id='word_1_826' title='bbox 2697 3835 2957 3889; x_wconf 69' lang='lat' dir='ltr'><strong>att/tmere</strong></span> <span class='ocrx_word' id='word_1_827' title='bbox 2975 3833 3085 3889; x_wconf 87' lang='lat' dir='ltr'><strong>Deo</strong></span> <span class='ocrx_word' id='word_1_828' title='bbox 3111 3835 3292 3888; x_wconf 86' lang='lat' dir='ltr'><strong>bonum</strong></span> <span class='ocrx_word' id='word_1_829' title='bbox 3314 3847 3396 3889; x_wconf 84' lang='lat' dir='ltr'><strong>est</strong></span> <span class='ocrx_word' id='word_1_830' title='bbox 3419 3832 3583 3905; x_wconf 84' lang='lat' dir='ltr'><strong>(Psal.</strong></span> <span class='ocrx_word' id='word_1_831' title='bbox 3602 3847 3732 3895; x_wconf 77' lang='lat' dir='ltr'><strong>usu,</strong></span> 
     </span>
    </p>
   </div>
   <div class='ocr_carea' id='block_1_100' title="bbox 2198 3920 3732 3999">
    <p class='ocr_par' dir='ltr' id='par_1_100' title="bbox 2198 3920 3732 3999">
     <span class='ocr_line' id='line_1_100' title="bbox 2198 3920 3732 3999; baseline -0.005 -16"><span class='ocrx_word' id='word_1_832' title='bbox 2198 3928 2351 3999; x_wconf 71' lang='lat'><strong>28);</strong></span> <span class='ocrx_word' id='word_1_833' title='bbox 2398 3945 2521 3984; x_wconf 87' lang='lat' dir='ltr'><strong>vere</strong></span> <span class='ocrx_word' id='word_1_834' title='bbox 2563 3929 2794 3984; x_wconf 82' lang='lat' dir='ltr'><strong>custodit</strong></span> <span class='ocrx_word' id='word_1_835' title='bbox 2837 3927 3236 3983; x_wconf 90' lang='lat' dir='ltr'><strong>similitudinetn</strong></span> <span class='ocrx_word' id='word_1_836' title='bbox 3283 3936 3341 3983; x_wconf 87' lang='lat' dir='ltr'><strong>et</strong></span> <span class='ocrx_word' id='word_1_837' title='bbox 3390 3927 3649 3997; x_wconf 79' lang='lat' dir='ltr'><strong>imaginem</strong></span> <span class='ocrx_word' id='word_1_838' title='bbox 3684 3920 3732 3975; x_wconf 82' lang='lat' dir='ltr'><strong>ad</strong></span> 
     </span>
    </p>
   </div>
   <div class='ocr_carea' id='block_1_101' title="bbox 2200 4014 3730 4090">
    <p class='ocr_par' dir='ltr' id='par_1_101' title="bbox 2200 4014 3730 4090">
     <span class='ocr_line' id='line_1_101' title="bbox 2200 4014 3730 4090; baseline -0.006 -15"><span class='ocrx_word' id='word_1_839' title='bbox 2200 4035 2356 4090; x_wconf 91' lang='lat' dir='ltr'><strong>quam</strong></span> <span class='ocrx_word' id='word_1_840' title='bbox 2388 4019 2555 4076; x_wconf 83' lang='lat' dir='ltr'><strong>factus</strong></span> <span class='ocrx_word' id='word_1_841' title='bbox 2596 4029 2700 4075; x_wconf 89' lang='lat' dir='ltr'><strong>est.</strong></span> <span class='ocrx_word' id='word_1_842' title='bbox 2750 4019 2918 4075; x_wconf 87' lang='lat' dir='ltr'><strong>Porro</strong></span> <span class='ocrx_word' id='word_1_843' title='bbox 2962 4029 3139 4074; x_wconf 89' lang='lat' dir='ltr'><strong>autem</strong></span> <span class='ocrx_word' id='word_1_844' title='bbox 3187 4018 3232 4073; x_wconf 89' lang='lat' dir='ltr'><strong>si</strong></span> <span class='ocrx_word' id='word_1_845' title='bbox 3274 4033 3531 4090; x_wconf 86' lang='lat' dir='ltr'><strong>perverse</strong></span> <span class='ocrx_word' id='word_1_846' title='bbox 3554 4014 3730 4071; x_wconf 69' lang='lat' dir='ltr'><strong>valuerit</strong></span> 
     </span>
    </p>
   </div>
   <div class='ocr_carea' id='block_1_102' title="bbox 2200 4109 3730 4182">
    <p class='ocr_par' dir='ltr' id='par_1_102' title="bbox 2200 4109 3730 4182">
     <span class='ocr_line' id='line_1_102' title="bbox 2200 4109 3730 4182; baseline -0.004 -17"><span class='ocrx_word' id='word_1_847' title='bbox 2200 4111 2396 4166; x_wconf 87' lang='lat' dir='ltr'><strong>imitari</strong></span> <span class='ocrx_word' id='word_1_848' title='bbox 2444 4111 2631 4178; x_wconf 88' lang='lat' dir='ltr'><strong>Deum,</strong></span> <span class='ocrx_word' id='word_1_849' title='bbox 2682 4119 2740 4166; x_wconf 90' lang='lat' dir='ltr'><strong>ut</strong></span> <span class='ocrx_word' id='word_1_850' title='bbox 2778 4110 3048 4182; x_wconf 90' lang='lat' dir='ltr'><strong>quomodo</strong></span> <span class='ocrx_word' id='word_1_851' title='bbox 3093 4110 3234 4167; x_wconf 87' lang='lat' dir='ltr'><strong>Deus</strong></span> <span class='ocrx_word' id='word_1_852' title='bbox 3273 4127 3384 4165; x_wconf 88' lang='lat' dir='ltr'><strong>non</strong></span> <span class='ocrx_word' id='word_1_853' title='bbox 3436 4109 3730 4176; x_wconf 82' lang='lat' dir='ltr'><strong>habetaqno</strong></span> 
     </span>
    </p>
   </div>
   <div class='ocr_carea' id='block_1_103' title="bbox 2201 4197 3725 4272">
    <p class='ocr_par' dir='ltr' id='par_1_103' title="bbox 2201 4197 3725 4272">
     <span class='ocr_line' id='line_1_103' title="bbox 2201 4197 3725 4272; baseline -0.004 -18"><span class='ocrx_word' id='word_1_854' title='bbox 2201 4200 2478 4267; x_wconf 90' lang='lat' dir='ltr'><strong>formetur,</strong></span> <span class='ocrx_word' id='word_1_855' title='bbox 2512 4217 2614 4256; x_wconf 91' lang='lat' dir='ltr'><strong>non</strong></span> <span class='ocrx_word' id='word_1_856' title='bbox 2645 4200 2807 4257; x_wconf 89' lang='lat' dir='ltr'><strong>habet</strong></span> <span class='ocrx_word' id='word_1_857' title='bbox 2831 4218 2859 4254; x_wconf 90' lang='lat' dir='ltr'><strong>a</strong></span> <span class='ocrx_word' id='word_1_858' title='bbox 2887 4218 2995 4272; x_wconf 91' lang='lat' dir='ltr'><strong>quo</strong></span> <span class='ocrx_word' id='word_1_859' title='bbox 3024 4212 3257 4272; x_wconf 78' lang='lat' dir='ltr'><strong>regatur,</strong></span> <span class='ocrx_word' id='word_1_860' title='bbox 3287 4200 3371 4255; x_wconf 89' lang='lat' dir='ltr'><strong>sic</strong></span> <span class='ocrx_word' id='word_1_861' title='bbox 3398 4202 3509 4269; x_wconf 89' lang='lat' dir='ltr'><strong>ipse</strong></span> <span class='ocrx_word' id='word_1_862' title='bbox 3532 4197 3637 4252; x_wconf 88' lang='lat' dir='ltr'><strong>velit</strong></span> <span class='ocrx_word' id='word_1_863' title='bbox 3658 4209 3725 4248; x_wconf 79' lang='lat' dir='ltr'><strong>sua</strong></span> 
     </span>
    </p>
   </div>
   <div class='ocr_carea' id='block_1_104' title="bbox 2201 4286 3726 4365">
    <p class='ocr_par' dir='ltr' id='par_1_104' title="bbox 2201 4286 3726 4365">
     <span class='ocr_line' id='line_1_104' title="bbox 2201 4286 3726 4365; baseline -0.007 -16"><span class='ocrx_word' id='word_1_864' title='bbox 2201 4301 2464 4365; x_wconf 88' lang='lat' dir='ltr'><strong>potestate</strong></span> <span class='ocrx_word' id='word_1_865' title='bbox 2490 4294 2584 4359; x_wconf 87' lang='lat' dir='ltr'><strong>uti,</strong></span> <span class='ocrx_word' id='word_1_866' title='bbox 2608 4304 2667 4350; x_wconf 89' lang='lat' dir='ltr'><strong>ut</strong></span> <span class='ocrx_word' id='word_1_867' title='bbox 2689 4294 2957 4365; x_wconf 87' lang='lat' dir='ltr'><strong>quomodo</strong></span> <span class='ocrx_word' id='word_1_868' title='bbox 2976 4293 3136 4361; x_wconf 88' lang='lat' dir='ltr'><strong>Deus,</strong></span> <span class='ocrx_word' id='word_1_869' title='bbox 3158 4292 3305 4347; x_wconf 92' lang='lat' dir='ltr'><strong>nullo</strong></span> <span class='ocrx_word' id='word_1_870' title='bbox 3331 4292 3599 4353; x_wconf 87' lang='lat' dir='ltr'><strong>formante,</strong></span> <span class='ocrx_word' id='word_1_871' title='bbox 3617 4286 3726 4341; x_wconf 84' lang='lat' dir='ltr'><strong>nullo</strong></span> 
     </span>
    </p>
   </div>
   <div class='ocr_carea' id='block_1_105' title="bbox 2200 4379 3726 4457">
    <p class='ocr_par' dir='ltr' id='par_1_105' title="bbox 2200 4379 3726 4457">
     <span class='ocr_line' id='line_1_105' title="bbox 2200 4379 3726 4457; baseline -0.007 -16"><span class='ocrx_word' id='word_1_872' title='bbox 2200 4396 2417 4457; x_wconf 82' lang='lat' dir='ltr'><strong>regente</strong></span> <span class='ocrx_word' id='word_1_873' title='bbox 2445 4387 2619 4453; x_wconf 85' lang='lat' dir='ltr'><strong>vivat;</strong></span> <span class='ocrx_word' id='word_1_874' title='bbox 2661 4387 2786 4457; x_wconf 89' lang='lat' dir='ltr'><strong>quid</strong></span> <span class='ocrx_word' id='word_1_875' title='bbox 2817 4394 3010 4450; x_wconf 78' lang='lat' dir='ltr'><strong>restat,</strong></span> <span class='ocrx_word' id='word_1_876' title='bbox 3039 4385 3231 4439; x_wconf 82' lang='lat' dir='ltr'><strong>fratres</strong></span> <span class='ocrx_word' id='word_1_877' title='bbox 3252 4426 3266 4447; x_wconf 86' lang='lat'><strong>,</strong></span> <span class='ocrx_word' id='word_1_878' title='bbox 3295 4385 3396 4441; x_wconf 91' lang='lat' dir='ltr'><strong>nisi</strong></span> <span class='ocrx_word' id='word_1_879' title='bbox 3437 4393 3492 4438; x_wconf 91' lang='lat' dir='ltr'><strong>ut</strong></span> <span class='ocrx_word' id='word_1_880' title='bbox 3520 4379 3726 4437; x_wconf 78' lang='lat' dir='ltr'><strong>recedens</strong></span> 
     </span>
    </p>
   </div>
   <div class='ocr_carea' id='block_1_106' title="bbox 2199 4475 3724 4549">
    <p class='ocr_par' dir='ltr' id='par_1_106' title="bbox 2199 4475 3724 4549">
     <span class='ocr_line' id='line_1_106' title="bbox 2199 4475 3724 4549; baseline -0.009 -15"><span class='ocrx_word' id='word_1_881' title='bbox 2199 4478 2267 4534; x_wconf 89' lang='lat' dir='ltr'><strong>ab</strong></span> <span class='ocrx_word' id='word_1_882' title='bbox 2293 4478 2411 4549; x_wconf 89' lang='lat' dir='ltr'><strong>ejus</strong></span> <span class='ocrx_word' id='word_1_883' title='bbox 2451 4478 2631 4533; x_wconf 86' lang='lat' dir='ltr'><strong>calore</strong></span> <span class='ocrx_word' id='word_1_884' title='bbox 2668 4487 2968 4548; x_wconf 85' lang='lat' dir='ltr'><strong>torpescat,</strong></span> <span class='ocrx_word' id='word_1_885' title='bbox 2999 4476 3254 4532; x_wconf 88' lang='lat' dir='ltr'><strong>recedens</strong></span> <span class='ocrx_word' id='word_1_886' title='bbox 3296 4491 3327 4528; x_wconf 89' lang='lat' dir='ltr'><strong>a</strong></span> <span class='ocrx_word' id='word_1_887' title='bbox 3370 4475 3578 4530; x_wconf 82' lang='lat' dir='ltr'><strong>veritate</strong></span> <span class='ocrx_word' id='word_1_888' title='bbox 3600 4481 3724 4523; x_wconf 82' lang='lat' dir='ltr'><strong>vane-</strong></span> 
     </span>
    </p>
   </div>
   <div class='ocr_carea' id='block_1_107' title="bbox 2199 4568 3723 4640">
    <p class='ocr_par' dir='ltr' id='par_1_107' title="bbox 2199 4568 3723 4640">
     <span class='ocr_line' id='line_1_107' title="bbox 2199 4568 3723 4640; baseline -0.01 -14"><span class='ocrx_word' id='word_1_889' title='bbox 2199 4579 2333 4637; x_wconf 88' lang='lat' dir='ltr'><strong>scat,</strong></span> <span class='ocrx_word' id='word_1_890' title='bbox 2364 4569 2621 4627; x_wconf 89' lang='lat' dir='ltr'><strong>recedens</strong></span> <span class='ocrx_word' id='word_1_891' title='bbox 2644 4570 2711 4625; x_wconf 87' lang='lat' dir='ltr'><strong>ab</strong></span> <span class='ocrx_word' id='word_1_892' title='bbox 2739 4585 2804 4625; x_wconf 91' lang='lat' dir='ltr'><strong>eo</strong></span> <span class='ocrx_word' id='word_1_893' title='bbox 2832 4568 2973 4640; x_wconf 90' lang='lat' dir='ltr'><strong>quod</strong></span> <span class='ocrx_word' id='word_1_894' title='bbox 3011 4583 3219 4624; x_wconf 89' lang='lat' dir='ltr'><strong>summe</strong></span> <span class='ocrx_word' id='word_1_895' title='bbox 3241 4577 3405 4636; x_wconf 80' lang='lat' dir='ltr'><strong>atque</strong></span> <span class='ocrx_word' id='word_1_896' title='bbox 3431 4568 3723 4621; x_wconf 84' lang='lat' dir='ltr'><strong>incommuta-</strong></span> 
     </span>
    </p>
   </div>
   <div class='ocr_carea' id='block_1_108' title="bbox 2199 4659 3407 4727">
    <p class='ocr_par' dir='ltr' id='par_1_108' title="bbox 2199 4659 3407 4727">
     <span class='ocr_line' id='line_1_108' title="bbox 2199 4659 3407 4727; baseline -0.005 -9"><span class='ocrx_word' id='word_1_897' title='bbox 2199 4662 2378 4718; x_wconf 90' lang='lat' dir='ltr'><strong>biliter</strong></span> <span class='ocrx_word' id='word_1_898' title='bbox 2404 4663 2421 4694; x_wconf 85' lang='grc'>¹</span> <span class='ocrx_word' id='word_1_899' title='bbox 2447 4671 2547 4727; x_wconf 87' lang='lat' dir='ltr'><strong>est,</strong></span> <span class='ocrx_word' id='word_1_900' title='bbox 2576 4661 2627 4716; x_wconf 91' lang='lat' dir='ltr'><strong>in</strong></span> <span class='ocrx_word' id='word_1_901' title='bbox 2653 4661 2888 4717; x_wconf 87' lang='lat' dir='ltr'><strong>deterius</strong></span> <span class='ocrx_word' id='word_1_902' title='bbox 2917 4671 3149 4715; x_wconf 88' lang='lat' dir='ltr'><strong>umtatus</strong></span> <span class='ocrx_word' id='word_1_903' title='bbox 3172 4659 3407 4715; x_wconf 85' lang='lat' dir='ltr'><strong>deliciat.</strong></span> 
     </span>
    </p>
   </div>
   <div class='ocr_carea' id='block_1_109' title="bbox 2270 4733 3719 4811">
    <p class='ocr_par' dir='ltr' id='par_1_109' title="bbox 2270 4733 3719 4811">
     <span class='ocr_line' id='line_1_109' title="bbox 2270 4733 3719 4811; baseline -0.012 -1"><span class='ocrx_word' id='word_1_904' title='bbox 2270 4756 2324 4810; x_wconf 86' lang='lat'><strong>7.</strong></span> <span class='ocrx_word' id='word_1_905' title='bbox 2367 4753 2482 4811; x_wconf 85' lang='lat' dir='ltr'><strong>Hoc</strong></span> <span class='ocrx_word' id='word_1_906' title='bbox 2524 4752 2766 4809; x_wconf 85' lang='lat' dir='ltr'><strong>diabolus</strong></span> <span class='ocrx_word' id='word_1_907' title='bbox 2812 4750 2937 4807; x_wconf 78' lang='lat' dir='ltr'><strong>fecit</strong></span> <span class='ocrx_word' id='word_1_908' title='bbox 2966 4769 2980 4805; x_wconf 92' lang='lat'>:</span> <span class='ocrx_word' id='word_1_909' title='bbox 3011 4749 3201 4804; x_wconf 87' lang='lat' dir='ltr'><strong>imitari</strong></span> <span class='ocrx_word' id='word_1_910' title='bbox 3250 4748 3415 4803; x_wconf 89' lang='lat' dir='ltr'><strong>Deum</strong></span> <span class='ocrx_word' id='word_1_911' title='bbox 3456 4743 3620 4806; x_wconf 82' lang='lat' dir='ltr'><strong>voluit,</strong></span> <span class='ocrx_word' id='word_1_912' title='bbox 3652 4733 3719 4792; x_wconf 73' lang='lat' dir='ltr'><strong>sed</strong></span> 
     </span>
    </p>
   </div>
   <div class='ocr_carea' id='block_1_110' title="bbox 2202 4831 3720 4917">
    <p class='ocr_par' dir='ltr' id='par_1_110' title="bbox 2202 4831 3720 4917">
     <span class='ocr_line' id='line_1_110' title="bbox 2202 4831 3720 4917; baseline -0.014 -16"><span class='ocrx_word' id='word_1_913' title='bbox 2202 4861 2481 4917; x_wconf 85' lang='lat' dir='ltr'><strong>perverse;</strong></span> <span class='ocrx_word' id='word_1_914' title='bbox 2528 4859 2632 4899; x_wconf 90' lang='lat' dir='ltr'><strong>non</strong></span> <span class='ocrx_word' id='word_1_915' title='bbox 2666 4858 2784 4899; x_wconf 88' lang='lat' dir='ltr'><strong>esse</strong></span> <span class='ocrx_word' id='word_1_916' title='bbox 2825 4843 2926 4897; x_wconf 88' lang='lat' dir='ltr'><strong>sub</strong></span> <span class='ocrx_word' id='word_1_917' title='bbox 2961 4843 3101 4897; x_wconf 89' lang='lat' dir='ltr'><strong>illius</strong></span> <span class='ocrx_word' id='word_1_918' title='bbox 3133 4848 3421 4909; x_wconf 79' lang='lat' dir='ltr'><strong>potestate,</strong></span> <span class='ocrx_word' id='word_1_919' title='bbox 3457 4836 3542 4891; x_wconf 87' lang='lat' dir='ltr'><strong>sed</strong></span> <span class='ocrx_word' id='word_1_920' title='bbox 3570 4831 3720 4917; x_wconf 72' lang='lat' dir='ltr'><strong>habere</strong></span> 
     </span>
    </p>
   </div>
   <div class='ocr_carea' id='block_1_111' title="bbox 2199 4915 3718 5006">
    <p class='ocr_par' dir='ltr' id='par_1_111' title="bbox 2199 4915 3718 5006">
     <span class='ocr_line' id='line_1_111' title="bbox 2199 4915 3718 5006; baseline -0.011 -14"><span class='ocrx_word' id='word_1_921' title='bbox 2199 4915 2384 4992; x_wconf 83' lang='lat' dir='ltr'><strong>contra</strong></span> <span class='ocrx_word' id='word_1_922' title='bbox 2431 4936 2576 4991; x_wconf 82' lang='lat' dir='ltr'><strong>illum</strong></span> <span class='ocrx_word' id='word_1_923' title='bbox 2622 4942 2958 5006; x_wconf 88' lang='lat' dir='ltr'><strong>potestatem.</strong></span> <span class='ocrx_word' id='word_1_924' title='bbox 3006 4931 3178 4987; x_wconf 79' lang='lat' dir='ltr'><strong>Homo</strong></span> <span class='ocrx_word' id='word_1_925' title='bbox 3223 4939 3401 4985; x_wconf 85' lang='lat' dir='ltr'><strong>autem</strong></span> <span class='ocrx_word' id='word_1_926' title='bbox 3447 4927 3625 4998; x_wconf 86' lang='lat' dir='ltr'><strong>positus</strong></span> <span class='ocrx_word' id='word_1_927' title='bbox 3647 4915 3718 4970; x_wconf 69' lang='lat' dir='ltr'><strong>sub</strong></span> 
     </span>
    </p>
   </div>
   <div class='ocr_carea' id='block_1_112' title="bbox 2202 5007 3718 5102">
    <p class='ocr_par' dir='ltr' id='par_1_112' title="bbox 2202 5007 3718 5102">
     <span class='ocr_line' id='line_1_112' title="bbox 2202 5007 3718 5102; baseline -0.013 -17"><span class='ocrx_word' id='word_1_928' title='bbox 2202 5039 2487 5102; x_wconf 66' lang='lat' dir='ltr'><strong>praecepto,</strong></span> <span class='ocrx_word' id='word_1_929' title='bbox 2514 5028 2714 5083; x_wconf 89' lang='lat' dir='ltr'><strong>audivit</strong></span> <span class='ocrx_word' id='word_1_930' title='bbox 2739 5044 2768 5081; x_wconf 89' lang='lat' dir='ltr'><strong>a</strong></span> <span class='ocrx_word' id='word_1_931' title='bbox 2793 5027 3015 5081; x_wconf 88' lang='lat' dir='ltr'><strong>Domino</strong></span> <span class='ocrx_word' id='word_1_932' title='bbox 3039 5025 3169 5092; x_wconf 89' lang='lat' dir='ltr'><strong>Deo,</strong></span> <span class='ocrx_word' id='word_1_933' title='bbox 3199 5022 3324 5078; x_wconf 83' lang='lat' dir='ltr'><strong>Noli</strong></span> <span class='ocrx_word' id='word_1_934' title='bbox 3349 5031 3557 5091; x_wconf 80' lang='lat' dir='ltr'><strong>tangere.</strong></span> <span class='ocrx_word' id='word_1_935' title='bbox 3585 5007 3718 5081; x_wconf 74' lang='lat' dir='ltr'><strong>Quid?</strong></span> 
     </span>
    </p>
   </div>
   <div class='ocr_carea' id='block_1_113' title="bbox 2201 5101 3715 5202">
    <p class='ocr_par' dir='ltr' id='par_1_113' title="bbox 2201 5101 3715 5202">
     <span class='ocr_line' id='line_1_113' title="bbox 2201 5101 3715 5202; baseline -0.009 -20"><span class='ocrx_word' id='word_1_936' title='bbox 2201 5127 2349 5183; x_wconf 81' lang='lat' dir='ltr'><strong>Hanc</strong></span> <span class='ocrx_word' id='word_1_937' title='bbox 2371 5101 2615 5181; x_wconf 87' lang='lat' dir='ltr'><strong>arborem</strong></span> <span class='ocrx_word' id='word_1_938' title='bbox 2638 5123 2789 5196; x_wconf 83' lang='lat' dir='ltr'><strong>(Gen.</strong></span> <span class='ocrx_word' id='word_1_939' title='bbox 2814 5139 2874 5191; x_wconf 86' lang='lat' dir='ltr'><strong>tt,</strong></span> <span class='ocrx_word' id='word_1_940' title='bbox 2902 5118 3011 5193; x_wconf 81' lang='lat' dir='ltr'><strong>l7).</strong></span> <span class='ocrx_word' id='word_1_941' title='bbox 3032 5118 3167 5187; x_wconf 88' lang='lat' dir='ltr'><strong>Quid</strong></span> <span class='ocrx_word' id='word_1_942' title='bbox 3196 5127 3280 5174; x_wconf 89' lang='lat' dir='ltr'><strong>est</strong></span> <span class='ocrx_word' id='word_1_943' title='bbox 3305 5118 3443 5173; x_wconf 89' lang='lat' dir='ltr'><strong>enim</strong></span> <span class='ocrx_word' id='word_1_944' title='bbox 3472 5112 3548 5168; x_wconf 90' lang='lat' dir='ltr'><strong>illa</strong></span> <span class='ocrx_word' id='word_1_945' title='bbox 3567 5101 3715 5202; x_wconf 44' lang='lat' dir='ltr'><strong>arbuti</strong></span> 
     </span>
    </p>
   </div>
   <div class='ocr_carea' id='block_1_114' title="bbox 2202 5195 3713 5287">
    <p class='ocr_par' dir='ltr' id='par_1_114' title="bbox 2202 5195 3713 5287">
     <span class='ocr_line' id='line_1_114' title="bbox 2202 5195 3713 5287; baseline -0.017 -12"><span class='ocrx_word' id='word_1_946' title='bbox 2202 5220 2256 5275; x_wconf 90' lang='lat' dir='ltr'><strong>Si</strong></span> <span class='ocrx_word' id='word_1_947' title='bbox 2290 5220 2422 5274; x_wconf 87' lang='lat' dir='ltr'><strong>bona</strong></span> <span class='ocrx_word' id='word_1_948' title='bbox 2451 5228 2554 5284; x_wconf 90' lang='lat' dir='ltr'><strong>est,</strong></span> <span class='ocrx_word' id='word_1_949' title='bbox 2577 5195 2741 5287; x_wconf 85' lang='lat' dir='ltr'><strong>quare</strong></span> <span class='ocrx_word' id='word_1_950' title='bbox 2767 5232 2871 5271; x_wconf 91' lang='lat' dir='ltr'><strong>non</strong></span> <span class='ocrx_word' id='word_1_951' title='bbox 2899 5211 3101 5284; x_wconf 85' lang='lat' dir='ltr'><strong>tango?</strong></span> <span class='ocrx_word' id='word_1_952' title='bbox 3129 5210 3173 5265; x_wconf 89' lang='lat' dir='ltr'><strong>si</strong></span> <span class='ocrx_word' id='word_1_953' title='bbox 3203 5208 3341 5265; x_wconf 89' lang='lat' dir='ltr'><strong>mala</strong></span> <span class='ocrx_word' id='word_1_954' title='bbox 3369 5216 3469 5271; x_wconf 85' lang='lat' dir='ltr'><strong>est,</strong></span> <span class='ocrx_word' id='word_1_955' title='bbox 3494 5199 3601 5273; x_wconf 88' lang='lat' dir='ltr'><strong>quid</strong></span> <span class='ocrx_word' id='word_1_956' title='bbox 3625 5195 3713 5248; x_wconf 71' lang='lat' dir='ltr'><strong>facit</strong></span> 
     </span>
    </p>
   </div>
   <div class='ocr_carea' id='block_1_115' title="bbox 2203 5286 3710 5380">
    <p class='ocr_par' dir='ltr' id='par_1_115' title="bbox 2203 5286 3710 5380">
     <span class='ocr_line' id='line_1_115' title="bbox 2203 5286 3710 5380; baseline -0.031 3"><span class='ocrx_word' id='word_1_957' title='bbox 2203 5311 2255 5365; x_wconf 77' lang='grc' dir='ltr'><strong>Ῐη</strong></span> <span class='ocrx_word' id='word_1_958' title='bbox 2287 5309 2574 5380; x_wconf 67' lang='grc' dir='ltr'><strong>βίιΐίιιιίςοΐ</strong></span> <span class='ocrx_word' id='word_1_959' title='bbox 2604 5308 2831 5363; x_wconf 86' lang='lat' dir='ltr'><strong>Prorsus</strong></span> <span class='ocrx_word' id='word_1_960' title='bbox 2857 5304 2979 5360; x_wconf 88' lang='lat' dir='ltr'><strong>ideo</strong></span> <span class='ocrx_word' id='word_1_961' title='bbox 3006 5312 3090 5359; x_wconf 87' lang='lat' dir='ltr'><strong>est</strong></span> <span class='ocrx_word' id='word_1_962' title='bbox 3116 5301 3167 5357; x_wconf 91' lang='lat' dir='ltr'><strong>in</strong></span> <span class='ocrx_word' id='word_1_963' title='bbox 3196 5298 3459 5373; x_wconf 82' lang='lat' dir='ltr'><strong>paradiso,</strong></span> <span class='ocrx_word' id='word_1_964' title='bbox 3485 5291 3589 5363; x_wconf 86' lang='lat' dir='ltr'><strong>quia</strong></span> <span class='ocrx_word' id='word_1_965' title='bbox 3612 5286 3710 5380; x_wconf 72' lang='lat' dir='ltr'><strong>bona</strong></span> 
     </span>
    </p>
   </div>
   <div class='ocr_carea' id='block_1_116' title="bbox 2201 5374 3711 5467">
    <p class='ocr_par' dir='ltr' id='par_1_116' title="bbox 2201 5374 3711 5467">
     <span class='ocr_line' id='line_1_116' title="bbox 2201 5374 3711 5467; baseline -0.002 -13"><span class='ocrx_word' id='word_1_966' title='bbox 2201 5374 2317 5467; x_wconf 64' lang='lat' dir='ltr'><strong>est;</strong></span> <span class='ocrx_word' id='word_1_967' title='bbox 2362 5401 2453 5455; x_wconf 76' lang='lat' dir='ltr'><strong>sed</strong></span> <span class='ocrx_word' id='word_1_968' title='bbox 2496 5399 2617 5455; x_wconf 88' lang='lat' dir='ltr'><strong>nolo</strong></span> <span class='ocrx_word' id='word_1_969' title='bbox 2662 5408 2864 5467; x_wconf 81' lang='lat' dir='ltr'><strong>tangas.</strong></span> <span class='ocrx_word' id='word_1_970' title='bbox 2896 5395 3071 5463; x_wconf 83' lang='lat' dir='ltr'><strong>Quare</strong></span> <span class='ocrx_word' id='word_1_971' title='bbox 3098 5408 3200 5447; x_wconf 89' lang='lat' dir='ltr'><strong>non</strong></span> <span class='ocrx_word' id='word_1_972' title='bbox 3233 5389 3426 5459; x_wconf 65' lang='lat' dir='ltr'><strong>tango?</strong></span> <span class='ocrx_word' id='word_1_973' title='bbox 3467 5384 3583 5451; x_wconf 62' lang='lat' dir='ltr'><strong>Qui&quot;</strong></span> <span class='ocrx_word' id='word_1_974' title='bbox 3620 5374 3711 5424; x_wconf 49' lang='lat' dir='ltr'><strong>“b‘”</strong></span> 
     </span>
    </p>
   </div>
   <div class='ocr_carea' id='block_1_117' title="bbox 2199 5469 3705 5557">
    <p class='ocr_par' dir='ltr' id='par_1_117' title="bbox 2199 5469 3705 5557">
     <span class='ocr_line' id='line_1_117' title="bbox 2199 5469 3705 5557; baseline -0.021 -7"><span class='ocrx_word' id='word_1_975' title='bbox 2199 5496 2431 5551; x_wconf 88' lang='lat' dir='ltr'><strong>dientem</strong></span> <span class='ocrx_word' id='word_1_976' title='bbox 2462 5505 2510 5548; x_wconf 88' lang='lat' dir='ltr'><strong>te</strong></span> <span class='ocrx_word' id='word_1_977' title='bbox 2538 5493 2658 5548; x_wconf 85' lang='lat' dir='ltr'><strong>volo</strong></span> <span class='ocrx_word' id='word_1_978' title='bbox 2679 5533 2694 5557; x_wconf 94' lang='lat'><strong>,</strong></span> <span class='ocrx_word' id='word_1_979' title='bbox 2729 5509 2831 5546; x_wconf 88' lang='lat' dir='ltr'><strong>non</strong></span> <span class='ocrx_word' id='word_1_980' title='bbox 2870 5487 3335 5544; x_wconf 88' lang='lat' dir='ltr'><strong>contradicentem.</strong></span> <span class='ocrx_word' id='word_1_981' title='bbox 3375 5479 3513 5535; x_wconf 78' lang='lat' dir='ltr'><strong>Servi</strong></span> <span class='ocrx_word' id='word_1_982' title='bbox 3540 5470 3594 5525; x_wconf 86' lang='lat' dir='ltr'><strong>ad</strong></span> <span class='ocrx_word' id='word_1_983' title='bbox 3618 5469 3705 5523; x_wconf 69' lang='lat' dir='ltr'><strong>lim‘.</strong></span> 
     </span>
    </p>
   </div>
   <div class='ocr_carea' id='block_1_118' title="bbox 2200 5559 3707 5654">
    <p class='ocr_par' dir='ltr' id='par_1_118' title="bbox 2200 5559 3707 5654">
     <span class='ocr_line' id='line_1_118' title="bbox 2200 5559 3707 5654; baseline -0.019 -11"><span class='ocrx_word' id='word_1_984' title='bbox 2200 5607 2352 5647; x_wconf 85' lang='lat' dir='ltr'><strong>serve</strong></span> <span class='ocrx_word' id='word_1_985' title='bbox 2376 5595 2435 5654; x_wconf 80' lang='grc'><strong>²;</strong></span> <span class='ocrx_word' id='word_1_986' title='bbox 2467 5589 2559 5645; x_wconf 87' lang='lat' dir='ltr'><strong>sed</strong></span> <span class='ocrx_word' id='word_1_987' title='bbox 2590 5589 2694 5644; x_wconf 89' lang='lat' dir='ltr'><strong>noli</strong></span> <span class='ocrx_word' id='word_1_988' title='bbox 2725 5586 2890 5651; x_wconf 85' lang='lat' dir='ltr'><strong>male,</strong></span> <span class='ocrx_word' id='word_1_989' title='bbox 2919 5599 3092 5639; x_wconf 84' lang='lat' dir='ltr'><strong>serve.</strong></span> <span class='ocrx_word' id='word_1_990' title='bbox 3121 5582 3282 5633; x_wconf 80' lang='lat' dir='ltr'><strong>Serve</strong></span> <span class='ocrx_word' id='word_1_991' title='bbox 3302 5620 3315 5642; x_wconf 88' lang='lat'><strong>,</strong></span> <span class='ocrx_word' id='word_1_992' title='bbox 3346 5574 3460 5628; x_wconf 88' lang='lat' dir='ltr'><strong>andi</strong></span> <span class='ocrx_word' id='word_1_993' title='bbox 3486 5569 3608 5637; x_wconf 84' lang='lat' dir='ltr'><strong>prius</strong></span> <span class='ocrx_word' id='word_1_994' title='bbox 3631 5559 3707 5611; x_wconf 58' lang='lat'><strong>00‘</strong></span> 
     </span>
    </p>
   </div>
   <div class='ocr_carea' id='block_1_119' title="bbox 2261 5715 3367 5783">
    <p class='ocr_par' dir='ltr' id='par_1_119' title="bbox 2261 5715 3367 5783">
     <span class='ocr_line' id='line_1_119' title="bbox 2261 5715 3367 5783; baseline -0.018 -2"><span class='ocrx_word' id='word_1_995' title='bbox 2261 5732 2281 5763; x_wconf 73' lang='grc' dir='ltr'><strong>ι</strong></span> <span class='ocrx_word' id='word_1_996' title='bbox 2306 5731 2379 5780; x_wconf 85' lang='lat' dir='ltr'><strong>sic</strong></span> <span class='ocrx_word' id='word_1_997' title='bbox 2396 5737 2467 5779; x_wconf 76' lang='lat' dir='ltr'><strong>Fr.</strong></span> <span class='ocrx_word' id='word_1_998' title='bbox 2492 5736 2543 5777; x_wconf 88' lang='lat' dir='ltr'><strong>et</strong></span> <span class='ocrx_word' id='word_1_999' title='bbox 2570 5734 2675 5777; x_wconf 82' lang='lat' dir='ltr'><strong>Mss.</strong></span> <span class='ocrx_word' id='word_1_1000' title='bbox 2699 5734 2753 5777; x_wconf 74' lang='grc' dir='ltr'>Αι</span> <span class='ocrx_word' id='word_1_1001' title='bbox 2773 5733 2905 5783; x_wconf 76' lang='lat' dir='ltr'><strong>t.ov.,</strong></span> <span class='ocrx_word' id='word_1_1002' title='bbox 2921 5715 3367 5783; x_wconf 66' lang='lat' dir='ltr'><strong>incomparabiliter.</strong></span> 
     </span>
    </p>
   </div>
   <div class='ocr_carea' id='block_1_120' title="bbox 2270 5759 3695 5856">
    <p class='ocr_par' dir='ltr' id='par_1_120' title="bbox 2270 5759 3695 5856">
     <span class='ocr_line' id='line_1_120' title="bbox 2270 5759 3695 5856; baseline -0.02 -11"><span class='ocrx_word' id='word_1_1003' title='bbox 2270 5759 2726 5856; x_wconf 62' lang='grc' dir='ltr'><strong>ὶῗιὶἶιίιιῖἷοῖῖιέεῗ</strong></span> <span class='ocrx_word' id='word_1_1004' title='bbox 2734 5759 2832 5838; x_wconf 53' lang='lat' dir='ltr'><strong>“iiii</strong></span> <span class='ocrx_word' id='word_1_1005' title='bbox 2843 5759 2856 5774; x_wconf 82' lang='grc'>’</span> <span class='ocrx_word' id='word_1_1006' title='bbox 2868 5759 3378 5851; x_wconf 56' lang='grc' dir='ltr'><strong>ίιῖιῖἑέἒ’,”ἕεῑιὶἕᾶιῑ1έιέ</strong></span> <span class='ocrx_word' id='word_1_1007' title='bbox 3394 5779 3532 5824; x_wconf 79' lang='lat' dir='ltr'><strong>serue.</strong></span> <span class='ocrx_word' id='word_1_1008' title='bbox 3552 5759 3695 5818; x_wconf 52' lang='lat' dir='ltr'><strong>ut»</strong></span> 
     </span>
    </p>
   </div>
  </div>
