3966 6454
232 443 343 503 897

232 560 364 617 mini
403 560 635 632 iussum,
666 571 719 616 et
746 571 869 616 tunc
906 558 1142 631 iubentis
1170 557 1314 613 disco
1340 559 1642 614 consilium.
1676 558 1818 613 Bona

231 666 315 708 est
341 654 540 709 arbor:
591 653 715 707 nolo
741 662 943 719 tangas.
982 651 1196 720 Quare?
1235 650 1366 718 Quia
1396 651 1648 705 Dominus
1674 667 1813 716 smn,

230 757 286 800 ιιι
311 761 499 799 servus
527 760 606 799 es.
638 743 761 798 Haec
790 753 894 797 tota
926 758 1083 799 eausa
1114 754 1215 799 est.
1245 743 1301 798 SI
1334 758 1489 812 parva
1522 752 1633 804 est,
1665 742 1818 796 drdi-

229 836 415 910 gnaris
456 851 574 891 esse
620 835 852 891 servus?
899 834 1035 904 Quid
1076 845 1251 888 autem
1298 834 1388 889 tibi
1437 834 1683 902 expedit,
1717 833 1817 889 nisi

230 943 357 984 esse
397 927 497 982 sub
526 926 795 981 Domino?
840 925 1115 995 Quomodo
1153 925 1260 980 eris
1303 924 1402 978 sub
1433 924 1689 990 Domino,
1718 923 1818 978 nisi

231 1019 401 1075 fueris
442 1018 541 1072 sub
581 1017 888 1088 pra-cepto?
933 1017 1099 1072 Porro
1127 1015 1170 1069 si
1201 1014 1414 1085 expedit
1449 1015 1540 1070 tibi
1568 1029 1689 1071 csse
1718 1014 1818 1069 sub

230 1111 480 1174 Domino,
526 1121 580 1166 et
623 1110 723 1164 sub
772 1119 1056 1180 praecepto,
1106 1106 1230 1179 quid
1276 1107 1369 1162 tibi
1412 1107 1654 1174 jussnrns
1700 1113 1818 1161 erat

231 1204 419 1262 Deus?
449 1203 660 1275 Aliquid
687 1202 829 1258 enim
864 1202 1055 1270 qua-rit
1078 1200 1172 1254 abs
1199 1199 1292 1254 te?
1320 1198 1465 1254 Oﬂer
1490 1198 1617 1252 mihi
1646 1198 1816 1253 sacri-

230 1300 433 1361 ﬁcium,
464 1298 703 1353 dicturus
727 1294 971 1353 esttibi?
1010 1294 1196 1349 Nonne
1222 1294 1336 1363 ipse
1380 1292 1502 1347 fecit
1527 1292 1726 1355 onmia,
1762 1294 1813 1346 in

224 1392 423 1462 quibus
451 1402 498 1445 et
531 1401 582 1444 te
614 1388 774 1444 fecit?
800 1389 1106 1456 Obsequere
1132 1386 1280 1446 mibi,
1310 1385 1547 1443 dtCltlrtN
1571 1395 1649 1439 est
1683 1384 1811 1447 tibi;

223 1484 343 1538 sive
365 1483 430 1537 ad
459 1485 669 1542 lectum.
695 1496 813 1535 cum
839 1480 1150 1551 requiesco;
1178 1479 1289 1533 sive
1313 1477 1376 1531 ad
1404 1492 1665 1538 mensam,
1691 1491 1810 1531 cum

226 1592 317 1629 me
358 1575 575 1637 reticio;
622 1575 734 1628 sive
770 1573 833 1625 ad
868 1572 1114 1629 balneas.
1144 1585 1263 1624 eum
1307 1569 1466 1622 Ιιινσιῖ
1507 1569 1637 1636 Quia
1683 1583 1812 1638 ergo

224 1666 375 1719 nullo
400 1666 496 1719 abs
525 1676 575 1719 te
607 1666 802 1731 indiget
834 1663 1011 1727 Deus,
1050 1661 1178 1715 nihil
1223 1660 1314 1714 libi
1359 1659 1537 1713 debuit
1580 1658 1811 1724 jubere?

224 1756 289 1813 Si
315 1766 489 1811 autem
520 1756 699 1809 debuit
725 1755 920 1825 aliquid
941 1753 1152 1824 jubere,
1183 1762 1238 1806 nt
1266 1763 1337 1814 te,
1366 1749 1505 1820 quod
1536 1750 1624 1803 tibi
1651 1765 1811 1819 expc-

226 1846 330 1910 dit,
356 1845 581 1901 sentires
604 1860 726 1900 es~e
751 1844 851 1898 snb
878 1843 1121 1909 Domino,
1150 1844 1217 1895 ab
1236 1843 1409 1911 aliqui
1438 1857 1495 1895 re
1524 1839 1808 1909 prohiben-

222 1937 329 1993 dus
370 1952 528 1999 eras;
580 1952 683 1990 non
733 1945 949 2006 propter
989 1936 1127 1990 illius
1156 1935 1361 1987 arboris
1392 1933 1664 1997 malitiam,
1711 1931 1807 1986 sed

221 2040 445 2099 propter
492 2038 633 2082 tuam
679 2028 1054 2082 obedientiam.
1101 2025 1218 2081 Non
1262 2024 1427 2094 potuit
1458 2026 1594 2076 Deus
1631 2024 1806 2093 perfe-

221 2124 362 2178 ctius
407 2123 773 2178 demanstmre
816 2129 1070 2191 quantum
1115 2120 1184 2174 sit
1228 2119 1421 2171 bonum
1465 2116 1802 2181 ιιΙιυιΙὶθειιιιιξ,

222 2218 326 2272 nisi
350 2232 469 2270 cum
503 2215 692 2285 probib
732 2216 764 2266 il
794 2213 863 2267 ab
888 2230 947 2266 ea
978 2228 1037 2268 re
1064 2228 1182 2283 qua:
1213 2226 1317 2264 non
1345 2219 1457 2263 erat
1484 2211 1639 2261 ma'a.
1678 2207 1802 2262 Sola

220 2310 293 2365 ibi
342 2309 639 2364 obedienlia
690 2318 833 2363 tenet
878 2308 1145 2378 palmam;
1177 2306 1287 2361 Sola
1332 2306 1399 2359 ibi
1446 2306 1803 2359 iuobedientia

220 2402 423 2457 invenit
451 2416 681 2468 pmuam.
725 2400 923 2454 BOnum
951 2410 1073 2462 est;
1126 2398 1248 2451 nolo
1276 2407 1477 2467 tangas.
1517 2397 1628 2451 Non
1660 2397 1801 2452 enim

218 2508 329 2547 non
364 2493 627 2562 ιιιιιενιιιιθ
666 2490 956 2546 moriturus
980 2504 1057 2544 es.
1102 2489 1361 2555 Numquid
1406 2489 1494 2558 qui
1528 2489 1648 2543 biuc
1679 2504 1801 2559 pro-

218 2584 413 2645 bibuit,
436 2583 536 2639 alia
565 2582 867 2639 subtraxit?
905 2581 1089 2636 Nonne
1114 2589 1196 2633 est
1219 2580 1495 2649 paradisus
1522 2580 1803 2633 [foctttusis

220 2677 411 2746 plenus
440 2674 759 2729 arboribus?
788 2673 921 2740 Quid
952 2673 1043 2726 tibi
1071 2671 1264 2726 deest?
1293 2671 1402 2725 lloe
1434 2672 1554 2724 uolo
1582 2681 1799 2741 tangas;

217 2769 346 2826 hinc
374 2769 497 2823 nolo
533 2777 735 2839 gustes.
770 2767 971 2822 Buzmm
1014 2774 1128 2829 est,
1157 2764 1250 2820 sed
1278 2765 1577 2819 obrdientia
1612 2765 1803 2819 melior

184 2880 189 2885 '
215 2873 321 2921 est.
370 2862 596 2918 Proinde
621 2877 740 2917 cmn
788 2860 1025 2923 tetigeris
1045 2899 1058 2921 ,
1093 2858 1345 2928 ΙιιιιιιιιυίιΙ
1375 2858 1535 2911 arbor
1569 2858 1655 2910 illa
1687 2873 1801 2911 ma-

216 2955 325 3011 lum
368 2955 491 3019 erit,
520 2962 577 3008 ut
611 2951 898 3006 moriaris?
941 2949 1046 3005 Sed
1092 2947 1450 3003 inoln-dirntia
1481 2959 1531 3000 te
1570 2948 1798 3016 subjecit.

216 3044 528 3112 morti,qnia
550 3041 812 3113 prohibita
832 3040 1067 3112 tetigisti.
1090 3039 1383 3095 ldeoarbor
1412 3038 1501 3092 illa
1529 3038 1791 3107 appellata

216 3149 297 3194 cst
314 3138 548 3193 scicntia-
569 3135 912 3208 dignosceltdi
934 3131 1052 3190 buiti
1071 3144 1124 3188 et
1150 3134 1269 3187 mali
1297 3132 1445 3204 (Gen.
1464 3148 1520 3193 rt.
1548 3135 1653 3199 l7),
1684 3149 1787 3187 non

215 3229 338 3300 quia
369 3229 491 3283 inde
522 3228 641 3281 talia
669 3227 817 3295 quasi
863 3242 1012 3295 poma
1046 3213 1343 3297 pendebant
1372 3243 1384 3288 ;
1418 3226 1507 3279 sed
1538 3226 1789 3296 quidquid

214 3330 357 3374 essi't
397 3319 553 3374 arbor
598 3319 715 3383 illa,
748 3317 1027 3387 cujuslibet
1070 3318 1248 3388 putni,
1282 3316 1559 3385 t'lljUSllbt'l
1594 3320 1792 3371 fructus

215 3416 389 3473 esset,
419 3410 537 3464 ideo
573 3411 651 3464 sic
679 3419 858 3462 vocata
888 3420 1001 3469 est,
1037 3410 1156 3479 quia
1191 3408 1349 3462 homo
1372 3411 1458 3479 qui
1502 3409 1664 3462 uolet
1697 3411 1791 3461 bo-

214 3518 339 3556 num
366 3516 395 3555 a
429 3502 566 3555 malo
607 3503 909 3557 discernere
949 3517 1042 3569 prr
1072 3512 1424 3569 praereptum,
1465 3500 1515 3554 di
1550 3511 1791 3557 cretnrus

211 3604 325 3650 erat
369 3610 463 3662 per
488 3593 945 3661 t-Xperimentum;
980 3600 1037 3646 ut
1067 3601 1114 3645 ta
1155 3593 1327 3661 εει.ύο
1356 3595 1605 3649 vetitum.
1642 3598 1790 3647 iore-

212 3687 349 3739 nirct
374 3684 713 3754 Supplicium.
760 3684 932 3750 Quare
960 3692 1134 3736 autem
1183 3692 1232 3737 te
1258 3684 1377 3753 tgit.
1410 3685 1600 3738 frazres
1643 3687 1790 3739 mei?

209 3777 345 3846 Quid
396 3777 470 3829 illi
515 3776 738 3830 deerat?
779 3776 989 3831 Dicatur
1037 3773 1164 3828 mihi
1205 3774 1329 3844 quid
1379 3775 1449 3828 illi
1503 3775 1687 3830 deerat
1736 3778 1786 3830 in

158 3928 161 3937 Γ
207 3869 456 3942 paradiso
496 3869 805 3932 cons’itnto,
856 3867 907 3921 in
958 3867 1128 3920 media
1175 3868 1463 3934 opulentia,
1499 3869 1789 3935 ιιιιιιιὶὶειιιιθ

205 3964 456 4025 deliciis;
507 3965 589 4016 cui
640 3977 842 4029 magna:
886 3960 1087 4014 delicia:
1136 3969 1286 4014 crant
1334 3961 1441 4031 ipsa
1492 3962 1623 4015 VlSitl
1673 3962 1785 4021 Dei,

206 4053 358 4121 cujus
408 4052 593 4108 faciem
644 4051 794 4122 quasi
842 4051 1034 4104 inimici
1086 4051 1255 4105 timuit
1306 4064 1415 4120 pOSI
1471 4055 1788 4119 pet't'atttltt?

204 4144 345 4213 Quid
379 4145 449 4199 illi
479 4147 697 4207 deerat,
727 4154 777 4196 ιιι
813 4152 1079 4212 tangeret,
1115 4143 1215 4197 nisi
1255 4144 1374 4213 quia
1403 4161 1495 4198 sua
1532 4157 1788 4212 putt-state

204 4239 284 4292 uti
318 4237 502 4300 Vulltit,
537 4246 857 4305 przecqxpnnn
899 4250 1142 4302 rumpere
1183 4235 1497 4301 delectavit;
1544 4251 1595 4289 ut
1644 4238 1786 4290 nullo

202 4332 307 4385 sibi
352 4331 659 4385 dominante
706 4329 859 4383 ﬁeret
904 4321 1041 4383 sicut
1094 4329 1251 4391 Deus,
1299 4330 1417 4398 quia
1459 4329 1564 4382 Deo
1612 4331 1786 4385 nullus

204 4424 390 4491 utique
446 4420 791 4475 dominatur?
846 4418 976 4473 Male
1016 4434 1212 4489 vagus,
1256 4419 1393 4474 male
1433 4435 1780 4488 pl'iBSlllllClb,

202 4515 414 4570 futuros
460 4520 734 4575 mortuus,
784 4509 1081 4565 recedendo
1128 4526 1157 4563 a
1201 4509 1283 4564 ria
1325 4511 1620 4580 justilim'!
1663 4528 1785 4568 ecce

201 4608 364 4662 solvit
410 4614 726 4674 pra-replum
753 4644 764 4664 .
808 4604 1038 4658 νιιειιίεὶι
1080 4617 1109 4656 a
1147 4605 1350 4659 cervice
1392 4604 1574 4673 jugmu
1623 4606 1782 4660 disci-

204 4701 388 4771 ριῐηιιι,
416 4698 648 4752 habenas
675 4695 944 4764 regiminis
966 4694 1230 4748 uallant-
1253 4696 1591 4749 animositate
1613 4698 1787 4751 disru-

202 4794 279 4862 pit
308 4809 322 4855 ;
374 4791 459 4844 ubi
489 4799 570 4844 est
601 4788 783 4841 nunc?
827 4786 981 4840 (Ii-rte
1025 4787 1263 4856 captivus
1290 4788 1481 4840 clamat
1507 4804 1519 4838 τ
1549 4788 1779 4854 Domine,

201 4886 317 4953 quia
347 4882 524 4935 similis
562 4882 694 4935 tibi?
739 4879 885 4933 Volui
928 4893 1047 4934 e~se
1079 4893 1321 4945 pem-rse
1348 4880 1536 4934 Similis
1571 4882 1698 4944 tibi,
1730 4890 1784 4935 et

205 4978 377 5029 laetus
401 4989 515 5026 smn
545 4972 734 5027 similis
765 4968 959 5041 pecori.
1002 4969 1110 5025 Sub
1153 4982 1236 5024 tua
1264 4970 1655 5035 dominatione,
1683 4975 1783 5028 sub

204 5073 301 5121 tuo
331 5075 595 5135 praerepto
618 5080 737 5118 wre
762 5060 951 5116 similis
975 5077 1118 5114 eram
1150 5078 1161 5113 :
1195 5061 1287 5115 sed
1316 5063 1363 5113 Ιιι
1389 5079 1476 5115 mo
1502 5063 1551 5115 in
1582 5065 1782 5120 honore

205 5159 414 5230 posi.us
442 5174 544 5210 non
584 5157 883 5217 intellexit;
927 5166 1262 5224 comparatus
1290 5167 1372 5210 est
1411 5157 1665 5225 jlltlte'-liS
1704 5158 1781 5212 in-

203 5251 465 5313 seusatis,
493 5256 547 5303 et
580 5249 768 5301 similis
795 5247 960 5303 faelus
986 5258 1065 5302 est
1097 5248 1199 5301 illis
1224 5249 1391 5318 (Paul.
1425 5265 1585 5304 xmm
1608 5292 1622 5312 ,
1653 5250 1776 5321 15).

202 5344 323 5399 lam
362 5344 426 5397 de
453 5341 792 5395 similitudiiu-
814 5341 1172 5410 j:uucntorum
1204 5342 1371 5394 clama
1400 5357 1538 5403 sero,
1570 5354 1619 5393 et
1651 5344 1735 5397 dic
1764 5361 1776 5396 :

204 5434 366 5495 Dem,
395 5451 502 5504 quis
526 5433 704 5485 similis
739 5432 824 5484 tibi
844 5432 871 5485 ?

282 5526 334 5580 8.
379 5523 777 5598 [vers.‘20,2l.]
820 5523 1047 5590 Quantus
1092 5525 1349 5579 ostendisti
1399 5526 1520 5579 mihi
1565 5526 1777 5580 mbula-

204 5618 372 5674 tiones
413 5619 597 5671 multus
624 5627 668 5669 et
699 5615 900 5671 mulas!
935 5615 1138 5681 Merito,
1185 5619 1413 5682 superbe
1456 5634 1605 5672 servi.
1639 5636 1649 5670 :
1685 5635 1779 5671 Vu-

204 5794 371 5846 ciorcs
387 5805 500 5843 cum
513 5792 656 5845 editis
677 5805 691 5843 :
715 5805 811 5844 non
832 5792 1231 5847 contradicenth
1252 5808 1459 5862 servum,
1480 5799 1546 5852 ad
1566 5799 1655 5853 hoc
1673 5813 1780 5852 ser-

204 5867 293 5950 n"
314 5863 542 5982 gladiique
562 5923 692 5981 llis,
711 5930 744 5969 a
763 5915 1083 5982 vitajustitiw-

1292 442 1690 501 ENARRATIO
1728 442 1795 499 IN
1833 441 2158 501 PSALMUM
2194 443 2360 501 LXX.

3408 459 3516 518 898

1929 556 2069 612 luisti
2116 557 2258 614 enim
2305 574 2555 629 perverse
2597 574 2717 619 esse
2758 562 2950 620 similis
2994 565 3221 623 Domino
3264 579 3375 635 tuo,
3419 573 3512 643 qui

1927 649 2096 705 factus
2121 668 2237 707 eras
2263 653 2327 706 ad
2359 653 2638 723 imaginem
2673 656 2875 712 Domini
2908 657 3004 713 tui.
3049 659 3189 717 Bene
3225 662 3315 716 tibi
3343 665 3510 720 relies

1928 755 1984 799 ut
2022 755 2162 800 es<et
2208 746 2475 802 recedenti
2519 746 2585 802 ab
2630 749 2718 803 illo
2749 749 2929 805 bono?
2974 751 3196 808 Prorsus
3245 755 3374 811 dicit
3416 757 3511 815 tibi

1930 836 2067 892 Deus
2097 856 2110 893 :
2137 838 2191 895 Si
2221 841 2424 895 recedis
2448 857 2475 894 a
2504 856 2611 903 me.
2639 852 2693 897 et
2720 842 2856 899 bene
2881 853 2963 898 est
2990 845 3104 906 tibi.
3127 862 3227 918 ego
3257 865 3361 903 non
3387 866 3507 906 sum

1924 928 2120 984 bonum
2150 939 2316 986 tuum.
2349 932 2578 989 Proinde
2602 936 2645 988 si
2675 935 2761 989 ille
2787 935 2975 1002 bonus,
2999 948 3053 993 et
3075 954 3284 995 summe
3312 940 3502 1011 bonus,

1922 1022 2070 1077 etde
2097 1038 2154 1078 se
2180 1024 2281 1079 sibi
2314 1027 2500 1089 bonus,
2546 1034 2602 1082 et
2645 1027 2789 1083 nullo
2825 1028 3003 1084 alieno
3032 1030 3169 1085 bono
3216 1033 3387 1087 bonus
3412 1016 3435 1096 ,’
3453 1045 3507 1090 et

1924 1113 2038 1182 ipse
2063 1124 2302 1169 nostrum
2328 1130 2593 1170 summum
2624 1117 2817 1173 bonum
2845 1136 2859 1185 ;
2888 1120 3184 1176 reccdendo
3211 1124 3352 1190 inde,
3376 1126 3504 1196 quid

1921 1203 2053 1264 eris,
2093 1204 2193 1258 nisi
2235 1206 2450 1260 malus?
2490 1206 2643 1271 Item,
2687 1210 2732 1263 si
2762 1210 2874 1278 ipse
2900 1220 2984 1266 est
3009 1211 3278 1268 beatitudo
3301 1226 3503 1285 nostra,

1919 1292 2045 1363 quid
2088 1298 2187 1349 erit
2232 1297 2500 1352 recedenti
2526 1340 2542 1362 ,
2592 1298 2690 1352 nisi
2739 1301 2996 1357 miseria?
3039 1303 3172 1359 Redi
3216 1320 3344 1377 ergo
3388 1318 3507 1377 post

1920 1386 2210 1452 miseriam,
2244 1399 2299 1443 et
2322 1389 2408 1443 dic
2435 1407 2447 1442 :
2479 1389 2723 1459 Domine,
2760 1394 2871 1463 quis
2900 1395 3078 1449 similis
3104 1397 3238 1452 tibi?
3276 1399 3505 1466 Quantas

1917 1478 2181 1533 aurudisti
2205 1481 2329 1534 mihi
2357 1482 2704 1539 tribulatione;
2730 1487 2915 1540 multus
2943 1496 2991 1541 et
3018 1487 3220 1544 multis!

1986 1572 2039 1628 9.
2080 1574 2183 1628 Sed
2223 1575 2494 1644 disciplina
2533 1577 2658 1643 fuit;
2699 1577 2990 1633 admunitio
3018 1622 3032 1645 ,
3083 1595 3186 1635 non
3238 1582 3499 1641 desertio.

1919 1663 2155 1735 Denique
2182 1668 2376 1736 gratias
2401 1683 2566 1739 agens
2592 1670 2716 1739 quid
2746 1670 2909 1725 dicit?
2945 1670 3013 1726 Et
3046 1690 3315 1731 conversus
3339 1678 3504 1743 vivi/i-

1914 1757 2041 1808 cain
2091 1773 2203 1824 me,
2251 1768 2299 1811 et
2346 1758 2409 1812 de
2455 1759 2648 1830 abyssi:
2694 1770 2842 1815 terra:
2887 1762 3068 1816 iterum
3122 1766 3365 1821 reduxisti
3401 1786 3499 1826 me.

1913 1848 2136 1915 Quando
2163 1850 2304 1904 enim
2334 1852 2528 1906 antea?
2557 1852 2683 1923 quid
2705 1864 2786 1908 est
2812 1852 2942 1920 boc,
2983 1856 3212 1912 iterum?
3248 1858 3499 1918 Cecidisti

1910 1938 1978 1991 ab
2004 1939 2283 1995 altitudine
2306 1983 2322 2005 ,
2351 1956 2385 1996 o
2411 1942 2570 1996 homo
2593 1985 2609 2009 ,
2655 1944 2975 2013 mancipium
3024 1947 3337 2005 iuobcdiens
3361 1994 3375 2016 ,
3404 1968 3497 2009 su-

1911 2028 2074 2098 perbe
2110 2031 2364 2088 adversus
2411 2033 2688 2088 Duininum
2714 2077 2728 2102 ,
2774 2036 3011 2090 cecidisti
3041 2040 3054 2093 !
3089 2038 3307 2096 Factum
3335 2053 3415 2098 est
3446 2044 3499 2101 in

1915 2129 1997 2182 te,
2031 2120 2207 2175 Omnis
2231 2124 2315 2192 qui
2356 2139 2410 2177 se
2454 2125 2681 2191 exultat,
2733 2126 3118 2184 Itnmiliubitnr:
3165 2131 3247 2186 tiat
3305 2133 3356 2187 in
3406 2143 3494 2201 te,

1918 2207 2092 2264 Omnis
2131 2212 2217 2280 qui
2255 2228 2309 2266 se
2353 2212 2624 2279 Imudliat,
2668 2216 2969 2271 exultabimr
3014 2218 3182 2289 (Luc.
3228 2239 3332 2288 xtr,
3365 2227 3420 2280 ll

1915 2301 2041 2355 “t'di
2075 2303 2140 2355 de
2172 2302 2455 2370 profundo.
2492 2305 2671 2361 Redeo
2696 2350 2709 2369 ,
2741 2308 2945 2375 inquit;
2989 2314 3149 2367 redeo
3171 2354 3187 2378 ,
3221 2331 3450 2384 agnosco
3480 2338 3495 2375 :

1911 2392 2051 2448 Deus
2073 2436 2087 2458 ,
2117 2396 2229 2466 quis
2255 2397 2432 2451 similis
2462 2398 2549 2451 tibi
2572 2400 2597 2453 ζ)
2629 2399 2854 2465 Quantus
2887 2406 3142 2457 ostemtistt
3186 2410 3307 2459 milii
3337 2410 3496 2464 tribu-

1909 2486 2118 2541 lationes
2148 2489 2327 2543 multus
2356 2501 2400 2543 et
2432 2490 2590 2545 mulus
2612 2492 2634 2545 !
2679 2491 2740 2544 Et
2778 2509 3043 2550 conversus
3081 2500 3341 2565 initi/ienin
3378 2520 3457 2557 me
3479 2545 3493 2571 ,

1909 2588 1954 2631 et
1982 2580 2045 2632 de
2069 2580 2260 2649 (tbyssis
2294 2592 2437 2636 teme
2468 2584 2645 2635 iterum
2677 2586 2921 2640 reduxisti
2963 2604 3040 2641 me
3112 2589 3454 2657 Intelliunuus
3477 2637 3493 2661 ,

1907 2671 2081 2725 audio.
2114 2672 2386 2727 Reduusti
2419 2675 2556 2729 enim
2586 2676 2652 2729 de
2695 2679 2900 2748 abyssis
2945 2687 3137 2748 terrm;
3183 2683 3433 2741 reduxisti
3466 2704 3493 2742 a

1909 2765 2263 2831 pronuntitate
2296 2780 2349 2822 et
2379 2770 2743 2824 sulnuersione
2776 2773 2995 2839 peccati.
3033 2775 3135 2829 Sed
3168 2793 3334 2845 quare
3357 2821 3371 2844 ,
3402 2780 3495 2834 ite-

1906 2872 2016 2909 rum
2040 2858 2064 2911 .9
2089 2860 2309 2925 Quando
2331 2861 2440 2929 jam
2473 2860 2663 2915 iactum
2697 2863 2852 2919 erat?
2888 2864 3224 2937 Sequamur,
3260 2886 3328 2927 ne
3360 2871 3494 2931 forte

1907 2950 2198 3015 posteriora
2246 2952 2429 3018 psalmi
2459 2952 2625 3019 ipsius
2670 2966 2939 3025 exponant
2980 2957 3172 3030 nobis,
3224 2962 3365 3031 quod
3408 2964 3494 3023 hic

1906 3042 2137 3095 nondum
2170 3042 2511 3111 intelligimus
2538 3088 2550 3107 ,
2590 3046 2712 3113 quid
2757 3047 2952 3103 dixerit
2993 3050 3189 3104 iterum.
3225 3054 3362 3124 Ergo
3393 3070 3492 3112 au-

1903 3133 2150 3186 diamus:
2199 3132 2423 3200 Quantas
2461 3136 2720 3190 ostendisti
2761 3139 2884 3192 mihi
2926 3140 3271 3199 tribulatione:
3309 3147 3492 3204 multa:

1901 3236 1947 3278 et
1993 3226 2149 3279 mulus
2173 3227 2194 3280 !
2234 3239 2280 3281 et
2333 3245 2598 3284 conversus
2642 3230 2904 3299 rimﬁcasti
2947 3251 3061 3299 me,
3105 3246 3154 3291 et
3192 3237 3256 3291 de
3296 3241 3490 3311 abyssi:

1900 3327 2045 3371 lt'rra’
2074 3321 2251 3373 iterum
2283 3322 2527 3375 reduxisti
2557 3340 2652 3376 me.
2694 3325 2827 3391 Quid
2868 3327 3059 3381 deinde
3079 3331 3104 3382 ?
3136 3328 3488 3403 Multiplicasti

1895 3412 2141 3481 iustitium
2184 3426 2361 3478 tuum;
2401 3426 2445 3468 et
2476 3432 2740 3472 conversus
2773 3421 3060 3474 consolatus
3100 3439 3152 3475 es
3195 3441 3273 3478 me
3297 3468 3311 3491 ,
3341 3435 3385 3480 et
3427 3428 3488 3483 de

1897 3506 2089 3575 abyssia
2119 3516 2264 3560 terra’
2282 3508 2460 3561 iterum
2489 3509 2733 3562 reduxisti
2757 3528 2853 3564 me.
2883 3512 3016 3567 Ecce
3037 3515 3256 3569 alterum
3281 3518 3482 3575 iterum.

1895 3596 1948 3649 Si
1981 3598 2079 3650 hoc
2109 3599 2281 3649 iterum
2311 3598 2518 3652 Sohere
2548 3600 2847 3653 laboramus
2875 3605 3038 3657 semel
3064 3608 3290 3673 positum
3321 3650 3333 3670 ,
3366 3611 3485 3680 quis

1897 3693 2085 3759 poterit
2114 3692 2322 3743 solvere
2346 3692 2715 3759 geminatum?
2744 3692 2861 3746 Jam
2891 3696 3058 3761 ipsum
3098 3697 3277 3751 iterum
3314 3701 3484 3770 gemi-

1896 3782 2038 3834 natio
2066 3792 2146 3835 est
2171 3824 2183 3845 ,
2213 3792 2267 3837 et
2293 3798 2502 3836 rursum
2538 3784 2762 3851 positum
2789 3795 2870 3839 est
2899 3787 3099 3841 iterum.
3133 3791 3281 3846 Adsit
3322 3794 3412 3849 ille
3440 3796 3482 3851 'a

1893 3889 1998 3941 quo
2019 3873 2182 3942 gratia
2208 3892 2219 3926 :
2248 3873 2383 3926 adsit
2410 3885 2455 3925 ct
2480 3874 2751 3929 brat-binm
2777 3877 2911 3945 quod
2938 3881 3314 3938 aununtimuns
3336 3886 3480 3940 omni

1892 3967 2217 4035 getrrationi
2261 3980 2661 4036 superreotore
2704 3988 2717 4022 :
2761 3970 2899 4025 adsit
2936 3972 3085 4041 ipse,
3134 3986 3185 4028 et
3231 3986 3478 4046 tanquam

1892 4058 2040 4111 clave
2071 4059 2085 4090 ⁸
2115 4061 2290 4112 crucis
2319 4076 2427 4113 stur
2449 4063 2684 4115 claudam
2707 4074 3092 4119 sacramentum
3125 4069 3347 4135 aperiat.
3376 4070 3480 4133 Ne-

1891 4165 1993 4219 qne
2020 4151 2160 4205 enim
2189 4150 2299 4205 frus
2326 4169 2417 4217 ra,
2454 4153 2541 4207 illo
2584 4156 2833 4209 rrucilixo
2856 4200 2869 4218 ,
2915 4160 3085 4212 velum
3139 4162 3316 4232 templi
3368 4181 3479 4220 me-

1891 4240 2034 4294 dimn
2066 4242 2287 4297 scissum
2319 4254 2401 4297 e~t
2431 4244 2447 4308 (
2475 4242 2658 4297 Matth.
2696 4261 2833 4300 χχιιι
2861 4290 2875 4314 ,
2909 4249 2967 4303 Si
2998 4251 3037 4318 ),
3074 4252 3169 4305 nisi
3221 4255 3340 4321 quia
3380 4271 3478 4325 per

1890 4334 2056 4404 ipsius
2078 4337 2374 4405 passionem
2399 4340 2632 4391 omnium
2658 4344 3029 4412 mysteriorum
3056 4359 3256 4403 secreta
3288 4361 3475 4418 patue—

1893 4437 2032 4481 runt.
2069 4430 2211 4481 Adsit
2244 4446 2368 4496 ergo
2397 4430 2507 4498 ipse
2540 4434 2933 4488 transeuntibus
2962 4436 3026 4489 ad
3058 4454 3177 4492 eum
3206 4456 3220 4505 ;
3262 4442 3473 4499 aufera-

1890 4528 1976 4572 tur
2002 4521 2236 4574 relamen
2269 4520 2349 4591 (11
2381 4521 2497 4577 Cor.
2532 4539 2585 4577 ιιι
2611 4566 2624 4581 .
2662 4527 2724 4578 t6
2753 4527 2812 4592 ):
2852 4526 2994 4581 dicat
3028 4529 3179 4585 nobis
3223 4534 3475 4592 Dominus

1892 4626 2071 4670 nuster
2101 4626 2152 4670 et
2194 4616 2436 4672 Salvator
2477 4617 2631 4672 Jcsus
2676 4617 2959 4689 Christus,
3002 4639 3165 4693 quare
3212 4629 3328 4683 talis
3373 4645 3474 4686 γοχ

1889 4707 2166 4775 Propheta!
2200 4694 2572 4776 pruuttiSSdCSI
2610 4727 2622 4762 :
2660 4708 2932 4765 Ostendiin
2969 4715 3092 4767 mihi
3132 4718 3474 4776 tribulatione:

1889 4802 2072 4855 multas
2103 4812 2147 4854 et
2170 4803 2330 4855 mulus
2353 4819 2371 4865 ;
2391 4814 2437 4855 et
2458 4819 2719 4857 romanus
2741 4806 3002 4873 viri/icasti
3023 4826 3100 4863 me
3123 4853 3136 4867 .
3166 4822 3209 4864 et
3240 4814 3302 4868 de
3326 4838 3337 4862 ί
3358 4814 3472 4886 bys-

1887 4893 1956 4947 sis
1981 4903 2125 4945 terra:
2150 4894 2329 4946 iterum
2358 4893 2599 4947 reduxisti
2628 4912 2723 4947 nte.
2761 4897 2835 4950 lin
2866 4896 2969 4954 hoc
2992 4901 3217 4970 primum
3244 4904 3470 4973 positum

1887 4993 1967 5038 est
1993 4984 2171 5037 iterum
2202 4999 2221 5036 :
2251 4983 2520 5036 vidvamus
2565 4985 2688 5055 quid
2740 4984 2839 5042 hoc
2885 4989 2990 5059 sit,
3041 5001 3096 5046 et
3142 4994 3471 5052 inveniemus

1886 5090 2048 5145 quare
2074 5075 2299 5128 alterum
2330 5075 2528 5129 iterum.

1960 5170 2025 5222 10
2086 5167 2218 5235 Quid
2246 5180 2326 5221 est
2353 5167 2634 5223 Christus?
2676 5169 2740 5224 In
2780 5174 3028 5242 principio
3067 5187 3173 5231 erat
3212 5176 3466 5248 Verbum,

1886 5270 1931 5314 et
1962 5257 2174 5312 Verbum
2222 5270 2325 5313 erut
2362 5261 2500 5332 apud
2539 5260 2702 5317 Deum
2728 5306 2741 5327 ,
2792 5275 2837 5319 et
2875 5265 3010 5320 Deus
3051 5279 3155 5321 erat
3210 5268 3469 5329 Verbum:

1886 5349 1979 5403 hoc
2007 5361 2111 5403 erat
2155 5352 2206 5403 in
2248 5353 2495 5419 principio
2539 5356 2677 5424 apud
2724 5354 2900 5409 Deum.
2950 5358 3134 5413 Omnia
3179 5380 3267 5430 per
3305 5365 3470 5434 ipsum

1887 5443 2020 5511 facta
2045 5454 2159 5496 sunt
2184 5485 2197 5505 ,
2228 5456 2270 5497 et
2297 5446 2403 5497 sine
2427 5447 2537 5513 ipso
2564 5449 2751 5517 factum
2777 5459 2851 5503 est
2891 5451 3035 5504 nihil.
3084 5452 3297 5510 Grande
3333 5458 3464 5514 hoc!

1888 5550 2132 5604 magnum
2158 5536 2255 5588 hoc
2281 5538 2293 5591 !
2324 5536 2399 5590 'l'u
2423 5538 2544 5606 quid
2573 5580 2587 5603 ,
2611 5540 2859 5607 captive?
2887 5541 2970 5595 ubi
2995 5543 3183 5611 jaees?
3207 5547 3259 5600 In
3285 5563 3464 5617 carne,

1888 5628 1985 5679 sub
2014 5640 2201 5681 morte.
2235 5628 2364 5694 Quis
2389 5645 2517 5699 ergo
2546 5630 2673 5684 ille?
2697 5631 2814 5700 quis
2849 5643 2901 5686 tu
2920 5633 2943 5687 ?
2964 5644 3015 5689 et
3043 5636 3168 5706 quid
3199 5639 3286 5695 ille
3317 5651 3466 5709 post-

1887 5720 1994 5775 ea?
2024 5735 2236 5790 propter
2263 5722 2465 5792 quem?
2497 5722 2625 5789 Quis
2663 5723 2754 5780 ille
2776 5767 2791 5788 ,
2815 5727 2915 5782 nisi
2945 5731 3086 5798 quod
3127 5732 3324 5787 dictum
3348 5743 3464 5806 est,

1895 5811 2150 5869 Verbum?
2170 5814 2323 5881 Quod
2355 5814 2629 5872 Verbum?
2669 5831 2739 5875 ne
2776 5816 2914 5876 forte
2955 5831 3111 5878 sonat
3147 5833 3203 5881 et
3239 5825 3472 5893 transit?

1888 5956 1895 5962 ~
1959 5928 1974 5958 ι
1990 5926 2179 5990 Aliquot
2195 5935 2320 5989 Mss.,
2342 5926 2486 5979 etum
2518 5977 2529 5987 ,

3484 5136 3492 5172 l
