3966 6450
565 334 666 400 899

559 451 792 511 Verbum
823 451 964 508 Deus
992 450 1128 522 apud
1173 449 1377 514 Deum;
1419 447 1651 507 Verbum
1692 460 1787 521 per
1828 452 1970 521 quod
2012 450 2146 506 facta

558 558 683 603 sunt
712 547 909 602 omnia.
942 545 1075 614 Quid
1105 554 1319 615 propter
1347 544 1440 600 te?
1465 544 1531 599 Et
1569 544 1785 599 Verbum
1812 560 1932 598 caro
1959 545 2150 613 factum

557 655 664 701 est.
695 651 739 697 et
783 640 1021 694 habitarit
1057 639 1109 693 in
1149 638 1290 693 nobis
1333 636 1523 709 (Joan.
1570 652 1584 693 ι
1616 678 1629 703 ,
1674 639 1697 694 1
1728 679 1743 706 ,
1787 638 1824 692 9
1848 680 1863 703 ,
1913 640 1979 706 '5,
2012 639 2078 693 Η
2107 641 2146 709 ).

560 735 658 801 Qui
690 732 825 788 Filio
854 733 1059 805 proprio
1088 749 1188 788 non
1218 732 1438 805 pepercit
1460 774 1475 799 ,
1515 733 1604 788 sed
1630 749 1723 805 pro
1749 732 1892 788 nobis
1921 732 2149 788 omnibus

555 828 763 883 tradidit
793 827 936 882 illum
959 843 978 893 ;
1001 827 1251 899 quomoda
1277 842 1377 881 non
1414 836 1462 882 et
1501 843 1618 881 cunt
1654 826 1745 882 illo
1790 827 1960 881 omnia
2006 826 2149 882 nobis

555 921 759 976 donavit
789 920 810 993 (
840 919 988 974 Rern.
1018 935 1109 975 vut
1133 961 1148 986 ,
1176 919 1246 976 ὖὶ
1272 919 1317 991 )‘t
1344 918 1483 976 Ecce
1519 916 1644 991 quid
1669 961 1685 986 ,
1724 921 1844 991 quis
1869 961 1882 987 ,
1933 928 2149 992 propter

554 1032 734 1087 quem.
770 1014 936 1071 Filius
966 1015 1056 1070 Dei
1086 1030 1204 1069 caro
1246 1023 1466 1084 propter
1511 1025 1843 1085 peecatorem
1869 1056 1884 1080 ,
1928 1022 2148 1086 propter

556 1108 793 1178 iniquum
818 1149 833 1170 ,
877 1115 1096 1178 propter
1131 1105 1460 1161 desertorem
1488 1149 1504 1173 ,
1552 1116 1773 1178 propter
1808 1108 2100 1177 superbum
2128 1147 2143 1173 ,

554 1212 775 1274 propter
801 1214 1108 1271 perversum
1158 1201 1249 1256 Dei
1290 1200 1372 1255 sui
1414 1200 1778 1257 imitatorem!
1820 1199 2014 1257 Factus
2055 1200 2147 1259 ille

553 1294 695 1366 quod
722 1304 776 1349 tu
802 1337 815 1353 .
843 1293 983 1349 illius
1009 1293 1238 1348 hominis
1258 1335 1273 1360 ,
1296 1300 1354 1347 ut
1381 1308 1476 1347 nos
1497 1292 1833 1348 eﬂlccremur
1859 1293 1950 1348 lilii
1977 1294 2066 1350 Dei
2091 1295 2141 1350 'l

553 1388 694 1444 Caro
726 1386 894 1441 lat-tus
924 1405 935 1439 :
969 1385 1109 1440 unde
1139 1386 1307 1440 caro?
1337 1385 1414 1440 Ex
1448 1385 1606 1441 Maria
1636 1384 1841 1456 virgine
1865 1381 1887 1459 (
1912 1383 2039 1440 Luc.
2069 1398 2142 1454 tt,

555 1483 653 1553 7).
682 1480 834 1538 Unde
865 1479 1023 1536 Maria
1053 1479 1246 1551 virgo?
1277 1480 1349 1535 Ex
1378 1478 1567 1535 Adam.
1601 1479 1739 1549 Ergo
1766 1493 1829 1535 ex
1855 1479 1946 1535 illo
1975 1479 2146 1551 primo

554 1573 804 1643 captivo;
845 1582 898 1627 et
946 1584 1072 1627 caro
1112 1571 1164 1624 in
1208 1569 1418 1625 Christo
1466 1570 1534 1625 de
1580 1584 1751 1625 massa
1800 1570 2140 1641 captivitatis.

556 1663 753 1736 thnid
794 1662 938 1718 hoc?
987 1659 1063 1717 Ad
1107 1661 1430 1731 exetuplnm.
1479 1661 1727 1731 Suscepit
1764 1678 1795 1719 a
1841 1672 1893 1718 te
1939 1664 1991 1722 in
2038 1678 2145 1737 quo

556 1767 860 1814 moreretur
889 1769 985 1823 pro
1012 1764 1099 1818 te;
1132 1754 1364 1824 suscepit
1389 1766 1416 1806 a
1446 1763 1497 1810 te
1522 1753 1663 1823 quod
1688 1753 1906 1810 oll‘erret
1937 1770 2034 1826 pro
2056 1763 2140 1824 te,

555 1865 662 1923 quo
689 1851 940 1920 exemplo
971 1849 1189 1904 doceret
1229 1860 1297 1903 te.
1339 1846 1477 1915 Quid
1524 1848 1742 1905 doceret
1776 1850 1869 1907 te?
1894 1849 2028 1920 Quia
2056 1867 2142 1907 re-

557 1953 894 2002 surrecturus
923 1957 1004 1998 es.
1033 1940 1189 1999 Unde
1219 1941 1359 1997 enim
1388 1941 1639 1999 crederes
1663 1984 1678 2009 ,
1706 1942 1807 1999 nisi
1837 1942 2142 2016 exemplum

553 2038 731 2093 carnis
762 2035 1086 2106 prmcetlcret
1114 2043 1399 2106 assumpta:
1438 2032 1507 2089 de
1553 2048 1729 2090 massa
1775 2036 1963 2091 mortis
2004 2037 2145 2092 ture?

556 2131 699 2202 Ergo
725 2131 776 2186 in
822 2130 914 2185 illo
949 2130 1121 2200 primo
1161 2128 1592 2190 resurreximus;
1639 2128 1762 2199 quia
1804 2134 1858 2184 et
1901 2126 2146 2188 Christus

554 2246 674 2287 eum
702 2231 993 2286 resurrexit
1017 2273 1032 2292 .
1068 2242 1167 2285 nos
1203 2228 1611 2285 resnrreximus.
1661 2227 1777 2285 Non
1820 2229 1961 2285 enim
2004 2225 2145 2285 Ver-

556 2322 681 2378 bum
713 2332 975 2378 mortuum
1005 2330 1091 2379 est
1112 2365 1127 2388 ,
1155 2334 1209 2377 et
1238 2322 1571 2388 resurrexit;
1618 2320 1709 2377 sed
1737 2321 1790 2377 in
1820 2322 1994 2379 Verbo
2018 2338 2145 2379 caro

556 2424 764 2470 mortua
794 2424 872 2470 est
896 2458 912 2483 ,
955 2424 1008 2469 et
1040 2415 1354 2470 resurrexit.
1386 2412 1458 2469 lbi
1487 2423 1730 2471 mortuus
1758 2410 2103 2473 estChristus
2126 2460 2141 2485 ,

556 2505 646 2563 uhi
671 2520 730 2564 es
756 2517 811 2563 tu
840 2508 1161 2574 moriturus;
1190 2516 1245 2564 et
1286 2506 1356 2563 ibi
1403 2509 1697 2566 resurrexit
1731 2508 1975 2567 Christus
1998 2553 2012 2576 ,
2054 2511 2145 2569 ubi

557 2613 619 2658 es
648 2608 703 2656 tu
754 2610 1168 2658 resurrecturus.
1204 2599 1464 2672 Exemplo
1507 2620 1604 2659 suo
1643 2604 1824 2661 docuit
1865 2605 1991 2678 quid
2036 2621 2145 2663 non

555 2694 810 2760 timeres,
845 2694 969 2767 quid
994 2710 1261 2765 Sperares.
1307 2693 1556 2751 Timebas
1593 2707 1857 2763 mortem;
1905 2708 2146 2753 mortuus

554 2799 636 2843 est
665 2804 678 2843 :
710 2786 1035 2857 desperatius
1062 2782 1507 2844 resurrectionem
1534 2805 1548 2853 ;
1581 2787 1894 2845 resurrexit.
1930 2786 2033 2845 Sed
2064 2784 2147 2845 di-

554 2883 632 2939 cis
663 2881 829 2937 mihi:
861 2880 954 2937 lllc
982 2881 1310 2944 resurrexit;
1345 2876 1599 2953 numquid
1634 2880 1776 2953 ego?
1816 2880 1919 2939 Sed
1961 2897 2144 2941 resur-

552 2975 691 3031 rexit
717 2974 768 3028 in
799 2988 863 3029 eo
891 2972 1029 3043 quod
1061 2989 1155 3044 pro
1178 2981 1230 3029 te
1256 2971 1460 3043 accepit
1483 2988 1549 3029 ex
1574 2982 1644 3030 te.
1676 2973 1813 3046 Ergo
1839 2982 2025 3030 natura
2057 2986 2144 3032 tua

555 3067 608 3124 in
639 3066 730 3122 illo
771 3064 1043 3137 praecessit
1095 3071 1184 3132 te;
1240 3073 1295 3121 et
1339 3064 1480 3136 quod
1526 3074 1794 3136 sumptum
1840 3074 1922 3122 est
1962 3084 2030 3123 ex
2058 3078 2143 3138 te,

556 3157 796 3214 ascendit
823 3164 947 3212 ante
979 3166 1031 3211 te
1061 3174 1073 3209 :
1104 3154 1175 3210 ibi
1206 3171 1337 3227 ergo
1362 3164 1416 3211 et
1445 3162 1500 3211 tu
1547 3156 1857 3213 ascendisti.
1892 3159 2148 3216 Ascendit

555 3265 682 3324 ergo
712 3249 804 3306 ille
831 3248 974 3320 prior
994 3291 1010 3315 ,
1046 3258 1099 3304 et
1128 3247 1180 3303 in
1209 3248 1301 3305 illo
1330 3264 1458 3315 nos;
1487 3249 1610 3322 quia
1652 3266 1777 3305 caro
1821 3249 1907 3305 illa
1944 3250 2012 3307 de
2050 3268 2145 3326 ge-

556 3361 685 3402 nere
715 3343 969 3399 humano.
1002 3341 1144 3414 Ergo
1172 3349 1224 3397 et
1253 3341 1344 3398 illo
1369 3353 1701 3414 resurgente,
1733 3345 1934 3401 reducti
1963 3362 2147 3402 sumus

558 3452 627 3495 ex
668 3436 877 3507 ahyssis
912 3445 1089 3490 terrm.
1133 3434 1268 3491 Cum
1317 3432 1496 3506 itaque
1534 3438 1829 3495 resurrexit
1869 3438 2143 3505 Christus,

558 3526 623 3585 de
647 3527 840 3601 abyssis
859 3536 1006 3583 terra:
1042 3527 1285 3583 reduxisti
1319 3544 1418 3583 me.
1458 3522 1590 3584 Cum
1635 3546 1762 3586 vero
1794 3531 2063 3590 credimus
2093 3532 2147 3589 in

556 3618 828 3678 Christum
853 3660 869 3685 ,
897 3619 959 3675 de
991 3616 1185 3691 abyssis
1212 3628 1358 3675 terra?
1384 3620 1562 3675 iterant
1590 3619 1837 3678 reduxisti
1876 3640 1973 3678 me.
2008 3622 2148 3681 Ecce

557 3726 719 3784 unum
751 3711 954 3766 iterum.
985 3709 1121 3766 Audi
1155 3710 1361 3781 impleri
1391 3711 1459 3767 ab
1485 3713 1737 3784 Apostolo
1768 3733 1780 3771 :
1812 3712 1874 3770 Si
1916 3733 2033 3787 ergo
2067 3733 2147 3772 re-

555 3803 845 3863 turrea‘istis
869 3818 984 3857 cum
1009 3801 1206 3857 Christo
1225 3844 1241 3869 ,
1269 3819 1381 3873 qua:
1398 3820 1600 3859 sursum
1636 3815 1751 3860 sunt
1791 3807 1994 3877 quwrite
2015 3849 2029 3872 ,
2063 3808 2147 3863 ubi

557 3896 789 3956 Christus
808 3904 880 3951 est
907 3896 960 3950 in
985 3895 1191 3951 dextera
1214 3893 1310 3949 Dei
1330 3894 1507 3952 sedens
1528 3913 1546 3963 ;
1565 3914 1678 3970 (μίαν
1702 3916 1900 3953 sursum
1924 3911 2037 3954 sunt
2061 3917 2146 3956 sa-

555 3990 691 4064 pite.
719 4005 821 4045 non
852 4005 966 4058 qua!
993 4006 1144 4061 super
1163 3997 1349 4043 terram
1385 3985 1619 4061 (Coloss.
1652 4006 1705 4046 ιιι
1728 4032 1742 4054 .
1776 3993 1799 4046 i
1829 4034 1843 4058 ,
1872 3986 1908 4046 2
1930 3989 1970 4066 ).
2001 3992 2145 4052 Prte-

559 4081 721 4140 cessit
744 4096 872 4153 ergo
901 4080 988 4136 ille
1012 4097 1026 4147 ;
1049 4080 1157 4152 jam
1186 4081 1576 4139 resurreximus
1605 4092 1658 4139 et
1684 4099 1784 4139 nos
1805 4127 1822 4153 ,
1854 4086 1945 4142 sed
1969 4087 2146 4148 adhuc

558 4173 613 4230 in
643 4188 756 4244 Spe.
787 4173 921 4228 Audi
951 4173 1051 4227 hoc
1078 4172 1216 4227 idem
1244 4172 1543 4243 apostolum
1576 4174 1794 4232 Paulum
1834 4177 2095 4236 dicentem
2126 4200 2140 4236 :

556 4262 626 4321 Et
654 4265 751 4339 ipsi
774 4266 825 4319 in
840 4264 1224 4357 inobismetipsis
1251 4264 1621 4337 ingentiscimns
1660 4268 2010 4342 adoptionem,
2052 4290 2140 4330 εισι

530 4356 849 4434 ,δροσιιιιιιει
873 4356 1262 4429 redemptionem
1305 4361 1533 4430 corporis
1569 4361 1745 4417 nostri.
1780 4362 1968 4422 Adhuc
1996 4368 2144 4439 inge—

558 4451 782 4521 miscis,
812 4449 986 4507 adhuc
1028 4462 1327 4522 exapcctas.
1372 4452 1511 4521 Quid
1559 4470 1688 4526 ergo
1735 4464 1819 4513 est
1858 4458 2002 4530 quod
2051 4460 2145 4517 tibi

556 4544 807 4618 prtcstitit
840 4542 1122 4599 Christus?
1159 4544 1294 4599 Audi
1333 4545 1475 4617 quod
1523 4548 1767 4619 sequitur
1808 4568 1820 4605 :
1868 4551 1975 4622 Spe
2015 4554 2147 4608 enim

554 4634 682 4693 salui
709 4636 828 4706 {acti
855 4649 1064 4699 sumus;
1087 4652 1201 4708 spes
1220 4644 1387 4691 autem
1412 4653 1526 4708 qua:
1552 4638 1745 4695 videtur
1783 4657 1883 4695 non
1907 4653 1981 4697 est
2007 4660 2142 4714 spes.

562 4725 715 4795 Quod
736 4727 869 4781 enim
894 4726 1024 4782 videt
1047 4727 1157 4800 quis
1177 4771 1192 4792 ,
1222 4724 1343 4800 quid
1367 4729 1580 4801 sperat?
1606 4730 1668 4787 Si
1695 4742 1863 4787 autem
1886 4735 2021 4806 quod
2044 4754 2146 4795 non

557 4818 783 4876 uidemus
810 4832 1071 4890 speramus
1089 4862 1105 4887 ,
1134 4837 1224 4892 per
1250 4822 1542 4893 patientium
1568 4835 1912 4895 exspectamus
1944 4825 1961 4901 (
1994 4828 2140 4885 Rom.

553 4927 650 4971 7m
674 4954 689 4981 ,
719 4910 894 4968 23-25
922 4910 963 4985 ).
992 4910 1213 4969 “educti
1241 4930 1367 4987 ergo
1391 4930 1575 4972 sumus
1604 4916 1786 4973 iterum
1833 4917 1900 4975 ab
1937 4922 2145 4994 ahyssis

555 5023 672 5080 spe.
716 5009 896 5078 Quare
930 5006 1152 5066 iterum?
1180 5011 1312 5082 Quia
1341 5011 1453 5083 jam
1489 5013 1733 5072 Christus
1776 5029 2141 5088 praecesserat.

559 5100 664 5159 Sed
690 5102 812 5173 quia
841 5118 1180 5176 resurgemus
1202 5105 1254 5160 in
1285 5121 1344 5161 re
1373 5124 1387 5162 :
1416 5107 1575 5164 modo
1603 5108 1744 5164 enim
1770 5126 1865 5182 spe
1895 5113 2141 5183 vivimus,

556 5193 717 5249 modo
751 5194 1043 5251 secundum
1089 5194 1245 5252 fidem
1289 5197 1622 5255 ambulamus
1655 5217 1669 5255 :
1718 5201 1922 5259 reducti
1961 5219 2144 5262 sumus

556 5287 625 5344 ah
655 5288 859 5359 ahyssis
884 5296 1041 5346 terrrc
1066 5331 1082 5357 ,
1112 5287 1378 5346 credendo
1408 5289 1459 5346 in
1488 5307 1608 5348 eum
1636 5295 1728 5367 qui
1768 5306 1891 5353 ante
1933 5314 2030 5355 nos
2057 5316 2145 5357 re-

556 5381 791 5437 surrexit
819 5382 885 5436 ah
911 5380 1119 5454 ahyssis
1151 5393 1341 5450 terrm;
1373 5387 1684 5443 rcsuscitata
1721 5398 1803 5445 est
1833 5392 2008 5448 anima
2049 5411 2144 5450 no-

554 5484 661 5530 Stru
701 5474 767 5530 ah
802 5475 1079 5547 iniquitate
1115 5476 1473 5544 inﬁdelitatis,
1514 5489 1569 5536 et
1604 5481 1740 5537 facta
1780 5494 1862 5540 est
1902 5486 1955 5541 in
1990 5489 2144 5548 nobis

555 5568 706 5640 quasi
738 5567 905 5640 prima
936 5571 1256 5627 resurrectio
1287 5587 1383 5643 per
1411 5571 1591 5629 ﬁdem.
1622 5562 1729 5631 Sed
1768 5576 1813 5631 si
1854 5578 1964 5635 sola
2001 5584 2103 5637 erit
2123 5624 2139 5652 ,

554 5660 643 5716 ubi
674 5666 757 5717 est
783 5660 924 5733 quod
948 5661 1236 5733 Apostolus
1257 5666 1332 5721 ait
1360 5683 1373 5721 :
1403 5684 1423 5721 ι
1453 5667 1808 5742 Adoptioncm
1830 5684 2142 5746 exspectau-

632 5838 637 5898 ι
671 5819 1171 5898 mestrcﬁigerenntr,
1197 5837 1221 5876 a
1247 5824 1495 5891 plerisque
1519 5832 1624 5881 Mss.
1652 5834 1700 5881 tu
1717 5825 1823 5883 aliis
1848 5826 2026 5898 legitur
2054 5850 2065 5886 :
2094 5844 2143 5889 ut

555 5888 638 5933 ﬂos
663 5878 788 5943 ﬁlias
818 5878 905 5932 1)(τῖ
921 5884 1116 5944 fureret.

1819 338 1875 396 s.
1920 339 2287 398 sucusrm
2330 338 2635 398 EPISCOPl
3694 360 3767 423 ,ω

2262 460 2341 508 tes
2389 450 2811 523 redemptionem
2859 456 3103 526 corporis
3145 458 3395 515 nostri?»
3446 463 3531 519 ubi
3570 476 3642 522 est
3673 474 3769 539 quod

2257 543 2348 599 illo
2376 544 2493 601 loco
2519 543 2654 601 dixit
2682 562 2694 600 :
2728 564 2748 598 ι
2781 546 2989 618 Corpus
3020 559 3285 608 mortuum
3313 564 3401 609 est
3422 565 3620 627 prapter
3640 576 3757 632 pecu

2258 644 2408 702 tum;
2459 636 2678 707 spiritus
2721 638 2826 693 vita
2861 648 2944 696 est
2988 653 3207 712 propter
3238 644 3516 715 justitiam.
3566 649 3616 706 Si
3649 667 3772 715 autem

2254 728 2342 798 qui
2369 729 2649 785 suscitavit
2684 730 2957 788 Christum
3002 749 3031 789 a
3059 737 3280 792 mortuis
3312 737 3517 797 habitat
3556 742 3603 800 in
3638 749 3773 821 voltis,

2253 821 2345 893 qui
2391 823 2668 879 suscitavit
2710 823 2894 882 desum
2937 826 3212 885 Christum
3242 845 3268 885 a
3294 834 3523 890 mortuis
3560 837 3787 898 ririiicabiti

2297 870 2345 875 __
2392 870 2667 879 _----.....-
2711 870 2894 882 -.η-η.
2941 870 3212 885 ν.....,......
3242 870 3268 885 ..
3296 870 3523 890 ...........
3567 870 3774 898 ...ηιωυη

2252 870 2307 969 ἐι
2346 915 2592 971 mortalia
2629 930 2858 988 corpora
2894 926 3106 989 vestra,
3156 932 3252 994 per
3277 922 3644 985 inhabitantem
3663 870 3787 1002 Spiri-I

2251 1013 2365 1062 tum
2392 1007 2507 1079 ejus
2537 1006 2589 1064 in
2620 985 2770 1066 vobis
2801 1026 2821 1065 ι
2861 1011 3039 1083 (Rom.
3059 985 3175 1084 vin,
3200 1014 3285 1081 10,
3310 1014 3444 1090 il)?
3472 1021 3599 1092 Ergo
3616 985 3784 1092 parte}

2252 1101 2591 1158 surreximus
2622 1112 2805 1160 mento
2828 1146 2845 1172 ,
2873 1103 3006 1170 iide,
3039 1118 3169 1178 spe,
3205 1105 3507 1177 charitate;
3552 1111 3634 1169 sed
3666 1126 3777 1174 restat

2254 1199 2313 1248 ut
2338 1207 2681 1266 resurgamus
2696 1211 2941 1268 corpore.
2970 1196 3177 1255 Audisti
3198 1212 3363 1256 unum
3382 1203 3561 1259 iterum
3580 1221 3597 1271 ;
3613 1205 3775 1265 audiar

2250 1285 2477 1341 alterum
2501 1288 2681 1342 iterant
2705 1301 2723 1344 :
2744 1304 2906 1345 unum
2932 1290 3114 1347 iterum
3137 1333 3153 1358 ,
3182 1301 3406 1365 propter
3424 1293 3671 1355 Christum
3687 1314 3777 1371 pra-

2249 1376 2530 1434 cedentem
2560 1398 2576 1447 ;
2605 1387 2660 1436 et
2686 1382 2911 1439 alterum
2938 1427 2953 1451 ,
2982 1382 3078 1440 sed
3106 1382 3281 1443 adhuc
3333 1398 3432 1458 spe
3459 1431 3475 1455 ,
3509 1390 3635 1461 quod
3667 1402 3779 1451 παίω

2250 1470 2304 1527 in
2333 1487 2410 1529 re.
2437 1472 2795 1545 Multiplicasti
2814 1477 3070 1548 justitiam
3114 1487 3296 1536 tuam:
3332 1482 3446 1551 jam
3487 1482 3538 1537 in
3579 1484 3777 1542 credenti-

2249 1561 2349 1619 bus
2375 1607 2392 1632 ,
2418 1565 2530 1637 jam
2572 1567 2623 1621 in
2669 1566 2775 1623 illis
2822 1570 2909 1641 qui
2960 1570 3134 1641 primo
3179 1582 3591 1630 resurrcxerunt
3626 1576 3669 1631 in
3701 1590 3775 1649 spe.

2252 1652 2606 1727 Multiplicasti
2625 1658 2880 1730 justitiam
2907 1670 3067 1716 tuam.
3096 1660 3176 1718 Ad
3207 1663 3381 1734 ipsum
3407 1664 3649 1735 justitiam
3670 1672 3777 1740 peni-

2249 1753 2339 1801 net
2364 1754 2416 1802 et
2444 1746 2711 1819 ﬂagellum
2741 1767 2755 1818 ;
2784 1751 2904 1823 quia
2932 1760 3129 1823 tempus
3155 1763 3228 1808 est
3254 1764 3309 1807 ut
3344 1754 3597 1826 judicium
3632 1758 3778 1830 itu-im

2248 1853 2281 1891 a
2304 1837 2453 1893 domo
2479 1837 2574 1894 Dei
2605 1841 2623 1911 (
2648 1839 2669 1895 Ι
2703 1840 2841 1897 Petr.
2872 1858 2945 1909 tr,
2976 1844 3036 1899 l7
3061 1843 3101 1917 ),
3136 1844 3209 1901 alt
3238 1845 3466 1913 Petrus;
3496 1846 3543 1903 id
3573 1858 3644 1906 est
3664 1868 3685 1903 τι
3705 1864 3779 1908 ssn-

2248 1930 2349 1986 clis
2378 1931 2512 2002 ejus.
2549 1930 2810 2006 Flagellat
2840 1944 3017 1992 autem
3041 1950 3252 1996 omnem
3280 1940 3452 1996 lilium
3483 1954 3626 2015 quem
3649 1948 3780 2017 recipit

2249 2023 2270 2095 (
2299 2022 2457 2082 Prov.
2484 2042 2542 2084 ut
2570 2070 2585 2094 ,
2618 2029 2686 2084 12
2714 2071 2729 2095 ,
2758 2039 2803 2085 et
2834 2027 2990 2086 Hebr.
3020 2046 3097 2088 xu
3122 2075 3138 2098 ,
3166 2033 3199 2089 6
3226 2029 3267 2107 ).
3305 2026 3648 2105 Multiplicasti
3672 2040 3778 2113 juni-

2249 2119 2370 2173 tiam
2399 2127 2537 2175 tuam
2562 2137 2581 2176 :
2607 2124 2727 2194 quia
2755 2124 2863 2193 jam
2894 2138 2989 2180 nec
3023 2124 3146 2181 [iliis
3177 2129 3463 2198 pepercisti
3490 2144 3506 2196 ;
3541 2130 3623 2186 sed
3649 2133 3781 2202 quibus

2248 2211 2615 2271 htcreditatem
2646 2225 2900 2273 :eternam
2932 2220 3185 2275 servabas
3211 2263 3226 2288 ,
3255 2218 3538 2292 disciplina
3570 2237 3659 2279 non
3680 2224 3781 2282 dese

2247 2304 2419 2362 ruistl.
2455 2302 2808 2379 Multiplicasti
2822 2310 3078 2380 justitiam
3107 2316 3289 2378 tuam;
3339 2322 3390 2368 et
3424 2300 3669 2371 conversus
3698 2330 3779 2372 ron-

2250 2396 2442 2455 solatus
2471 2417 2523 2455 es
2551 2416 2629 2456 me
2656 2418 2674 2457 :
2698 2408 2751 2458 et
2780 2414 2999 2476 propter
3035 2414 3229 2477 corpus
3273 2407 3334 2463 in
3381 2404 3488 2464 nne
3524 2414 3780 2468 resurrectu-

2248 2504 2366 2547 rum
2393 2534 2410 2559 ,
2442 2500 2487 2548 et
2516 2492 2579 2547 de
2605 2493 2798 2565 abyssis
2825 2506 2971 2551 terra:
2996 2496 3177 2553 iterum
3202 2500 3457 2558 reduxisti
3483 2519 3573 2559 nte.

2321 2582 2409 2639 ll.
2448 2579 2471 2659 [
2498 2600 2627 2641 vers.
2658 2585 2750 2641 Ἡ.
2775 2583 2797 2661 ]
2837 2586 3040 2643 Etenim
3079 2607 3171 2664 ego
3209 2594 3492 2664 conﬁtebar
3513 2593 3596 2651 tibi
3624 2595 3668 2650 in
3698 2597 3782 2652 rasis

2249 2675 2436 2748 psalmi
2463 2677 2717 2733 veritatem
2747 2689 2908 2736 tuam.
2941 2676 3077 2737 Vasa
3110 2684 3297 2753 psalmi
3325 2728 3340 2750 ,
3379 2686 3683 2758 psalterium.
3711 2688 3781 2744 Sed

2246 2767 2373 2839 quid
2402 2777 2484 2824 est
2516 2768 2869 2840 psalterium?
2905 2771 3172 2845 Organum
3206 2774 3447 2846 ligneum
3468 2788 3585 2833 eum
3604 2776 3777 2835 chordis.

2248 2856 2387 2929 Quid
2410 2861 2720 2933 signiﬁcat?
2751 2862 2977 2922 Interest
3006 2866 3203 2938 aliquid
3231 2869 3378 2926 inter
3401 2869 3569 2941 ipsum
3598 2879 3643 2928 et
3666 2868 3781 2927 citius

2249 2964 2365 3010 ram
2396 2973 2409 3007 :
2442 2952 2703 3013 interesse
2731 2956 2916 3015 dicunt
2938 2960 3029 3030 qui
3070 2968 3302 3031 norunt,
3358 2979 3426 3020 eo
3471 2963 3606 3035 quod
3641 2980 3780 3023 eoact-

2248 3056 2373 3103 vum
2402 3048 2531 3104 illud
2563 3049 2762 3121 lignum
2792 3054 2875 3108 cui
2916 3053 3132 3110 chorda:
3171 3055 3621 3127 supertenduntur
3652 3062 3696 3114 ut
3728 3073 3780 3114 re-

2249 3149 2479 3207 sonent,
2510 3143 2563 3197 in
2589 3143 2868 3212 superiore
2893 3154 3041 3218 parte
3071 3146 3230 3203 habet
3257 3150 3568 3220 psalterium
3595 3193 3608 3215 ,
3634 3150 3780 3209 cithara

2250 3232 2303 3289 in
2332 3232 2604 3291 inferiore.
2638 3235 2704 3292 Et
2732 3230 2853 3307 Quia
2875 3222 3094 3308 spiritus
3113 3238 3350 3313 deSuper
3374 3284 3389 3305 .
3420 3258 3546 3299 caro
3568 3242 3627 3299 de
3651 3254 3777 3305 terra.

2249 3326 2539 3398 signiﬁcari
2570 3327 2782 3385 videtur
2806 3346 2901 3402 per
2929 3332 3234 3402 psalterium
3265 3335 3491 3406 spiritus
3511 3378 3525 3403 ,
3554 3352 3639 3409 per
3658 3334 3778 3393 culu-

2249 3434 2364 3474 ram
2394 3435 2541 3477 caro.
2571 3420 2635 3476 Et
2661 3421 2781 3493 quia
2824 3422 2956 3479 duas
3001 3424 3210 3482 dixerat
3250 3424 3587 3484 reductiones
3625 3437 3777 3484 nostra:

2250 3509 2318 3569 ab
2345 3511 2552 3586 abySsis
2581 3525 2735 3571 terra:
2759 3535 2775 3584 ;
2804 3532 2961 3571 unam
2988 3518 3283 3575 secundum
3331 3522 3572 3593 spiritum
3612 3521 3656 3576 in
3686 3535 3777 3591 spe,

2250 3602 2471 3660 alteram
2502 3606 2794 3663 secundum
2819 3624 3014 3679 corpus
3045 3611 3096 3666 in
3126 3627 3224 3679 re;
3257 3613 3385 3671 audi
3425 3630 3516 3671 eas
3547 3614 3695 3671 duas:
3719 3612 3776 3668 Et-

2250 3695 2383 3752 enim
2407 3713 2497 3771 ego
2523 3698 2798 3770 conﬁtebor
2823 3701 2911 3756 tibi
2936 3702 2988 3756 in
3032 3702 3163 3757 vasis
3192 3704 3381 3775 psalmi
3407 3707 3640 3761 veritatem
3666 3714 3773 3760 tuast.

2251 3788 2365 3847 Hoc
2393 3791 2684 3848 secundum
2715 3794 2957 3865 spiritum
2988 3814 3001 3851 :
3042 3795 3169 3869 quid
3211 3794 3279 3854 de
3317 3799 3586 3873 corpore?
3608 3797 3773 3854 Psallam

2249 3883 2338 3938 tibi
2365 3882 2418 3939 in
2443 3884 2667 3953 cithara,
2698 3896 2900 3943 sanctus
2930 3885 3115 3944 Israel.

2322 3977 2409 4035 12.
2452 3974 2621 4055 [vers.
2673 3979 2782 4048 25,
2812 3979 2947 4055 24.]
3006 3980 3203 4037 lterum
3260 3982 3368 4041 hoc
3418 3982 3571 4054 audi,
3617 3991 3773 4055 propter

2249 4070 2422 4143 ipsum
2452 4071 2631 4127 iterum
2670 4080 2722 4128 et
2759 4073 2958 4129 iterum.
2995 4072 3333 4131 Exsultabunt
3379 4078 3514 4132 labia
3550 4092 3673 4140 mea,
3696 4089 3771 4126 tua

2249 4163 2467 4237 psallam
2494 4164 2602 4220 tibi.
2634 4164 2766 4236 Quia
2798 4164 2936 4221 labia
2958 4167 3131 4223 solent
3160 4167 3265 4224 dici
3291 4177 3353 4225 et.
3379 4168 3627 4226 interioris
3648 4161 3770 4222 homi-

2250 4256 2335 4313 nis
2363 4266 2417 4312 οι
2442 4257 2721 4314 exterioris
2744 4301 2760 4326 ,
2805 4259 3065 4316 incertum
3100 4269 3185 4317 est
3215 4262 3487 4333 quomodo
3524 4262 3663 4332 posita
3698 4256 3772 4312 sint

2250 4342 2392 4403 labia
2422 4366 2435 4403 :
2466 4347 2707 4420 sequitur
2732 4364 2861 4422 ergo
2886 4393 2901 4417 ,
2936 4350 3003 4405 Et
3031 4352 3203 4406 anima
3244 4370 3358 4410 mea
3393 4370 3540 4423 quam
3561 4346 3766 4407 redemisti.

2251 4439 2394 4513 Ergo
2418 4440 2487 4497 de
2518 4441 2671 4497 labiis
2701 4444 3040 4500 interioribus
3066 4444 3250 4501 salvati
3283 4445 3337 4502 in
3368 4461 3463 4519 spe
3486 4489 3501 4514 ,
3541 4441 3704 4501 reducti
3723 4436 3768 4491 ab

2250 4534 2457 4608 abyssis
2484 4544 2640 4593 terrae
2670 4538 2722 4593 in
2756 4537 2856 4593 lidc
2881 4550 2934 4594 et
2962 4539 3219 4595 charitate
3242 4582 3258 4608 ,
3291 4549 3617 4613 exspectantes
3642 4546 3765 4593 tamen

2251 4626 2423 4684 adhuc
2448 4629 2839 4702 redemptionem
2888 4632 3113 4703 corporis
3159 4634 3354 4700 nostri,
3405 4632 3528 4706 quid
3567 4622 3765 4687 dicimus?

2249 4717 2367 4776 Jam
2412 4720 2587 4777 dixit:
2635 4721 2704 4778 Et
2745 4724 2917 4777 anima
2954 4741 3064 4780 mea
3106 4742 3258 4797 quam
3301 4725 3566 4781 redemisti.
3595 4718 3679 4778 Sed
3718 4729 3762 4772 ne

2250 4811 2419 4867 solam
2450 4813 2681 4870 animam
2710 4816 3041 4888 redemptam
3071 4826 3286 4887 putares
3310 4860 3325 4886 ,
3357 4818 3409 4872 in
3436 4832 3530 4889 qua
3559 4828 3673 4871 nunc
3699 4823 3745 4863 su

2250 4904 2370 4961 disti
2405 4923 2566 4963 unum
2592 4908 2769 4964 iterum
2793 4952 2808 4973 ,
2831 4910 3010 4965 Adhuc
3030 4921 3195 4967 autem
3213 4953 3229 4980 ,
3252 4911 3455 4984 inquit:
3476 4908 3589 4982 quid
3605 4902 3758 4962 adhuc?

2251 4996 2431 5053 Adhuc
2459 5010 2627 5056 autem
2649 5010 2695 5056 et
2723 5001 2897 5075 lingua
2922 5019 3032 5058 mea
3053 5019 3072 5058 :
3099 5019 3227 5075 ergo
3244 5004 3352 5075 jam
3376 5005 3544 5075 lingua
3562 4995 3745 5069 corporis

2253 5087 2381 5146 Tota
2405 5092 2488 5147 die
2509 5093 2824 5148 meditabitur
2840 5095 3095 5165 justitiam
3126 5106 3263 5151 tuam
3283 5113 3303 5150 :
3329 5096 3378 5151 id
3408 5104 3489 5152 est
3524 5094 3571 5150 iu
3604 5084 3741 5147 interni

2251 5191 2360 5241 tate
2387 5184 2504 5241 sine
2534 5188 2657 5240 line.
2684 5183 2788 5242 Sed
2819 5186 3028 5258 quando
3061 5187 3205 5244 hoc?
3231 5187 3345 5244 Jam
3374 5188 3428 5244 in
3455 5188 3549 5243 ﬁne
3569 5178 3739 5240 smcttli'

2249 5277 2641 5333 resurrectione
2669 5281 2910 5348 corporis
2934 5320 2949 5346 ,
2977 5289 3031 5335 et
3058 5280 3422 5337 immutatione
3446 5280 3497 5335 in
3525 5273 3751 5347 angelicum

2250 5379 2466 5427 statum.
2526 5370 2677 5428 Unde
2724 5372 2826 5431 hoc
2876 5374 3129 5444 probatur
3174 5378 3297 5446 quia
3338 5375 3404 5431 de
3448 5373 3543 5429 line
3582 5368 3750 5424 dicitur.

2247 5462 2431 5520 Adhuc
2452 5474 2616 5520 autem
2636 5475 2681 5520 et
2706 5467 2880 5538 lingua
2900 5484 3010 5522 mea
3031 5477 3134 5524 tota
3155 5469 3236 5524 die
3255 5467 3555 5524 meditabitur
3562 5456 3749 5537 justitiam

2250 5566 2387 5613 tuam
2407 5559 2433 5613 .9
2453 5556 2581 5615 Cum
2601 5561 2799 5631 confusi
2822 5562 3047 5632 fuerint,
3085 5569 3132 5616 et
3169 5560 3447 5617 erubuerint
3472 5557 3551 5630 qui
3582 5560 3746 5625 quam

2249 5716 2261 5784 ς
2316 5716 2334 5748 ί
2360 5714 2493 5776 laid,
2510 5714 2629 5784 audi
2649 5714 2855 5784 alterum
2881 5724 2969 5784 (οι
2994 5717 3132 5777 infra,
3158 5726 3284 5784 post,
3314 5707 3744 5784 ρνωωᾴειιιεζηιίέῗῗ

2249 5776 2395 5846 haut:
2423 5773 2496 5846 tu:
2512 5776 2705 5846 iterum,
2738 5780 2824 5831 sed
2846 5779 3006 5831 adhuc
3025 5773 3130 5846 spe.
3150 5773 3281 5843 (inid
3305 5773 3443 5832 restat
3461 5775 3506 5829 in
3526 5786 3571 5826 rc
3588 5773 3609 5823 .’
3625 5777 3742 5818 fraer

2250 5839 2500 5905 danturad
2514 5840 2709 5905 aliquot
2733 5849 2840 5894 Mss.

2314 5903 2335 5935 ¹
2355 5901 2488 5964 Edd.,
2507 5902 2555 5954 in
2582 5901 2943 5959 rl's‘ttt't'ct‘littttc.
2966 5905 3127 5972 Abest,
3154 5901 3223 5971 in,
3244 5919 3272 5959 ι
3295 5912 3389 5959 uss.
