3966 6442
218 344 331 404 901

220 465 371 520 Mala
417 461 563 519 mihi.
627 462 850 533 Quando
895 458 1287 517 confundentur
1314 495 1329 521 ,
1380 451 1592 524 quando
1638 451 1829 507 erubea

221 568 423 621 secat.
456 556 557 613 nisi
588 557 641 613 in
670 556 777 615 line
800 553 1023 612 osculi?
1064 550 1282 609 Duobus
1306 549 1448 604 enim
1481 546 1654 602 modis
1692 560 1828 601 con-

226 651 558 714 fundentur;
589 659 680 704 aut
719 665 841 706 cum
881 646 1105 702 credent
1146 646 1199 700 in
1241 643 1516 698 Christum
1543 684 1557 704 ,
1590 650 1677 694 aut
1707 654 1829 694 cum

225 745 441 801 venerit
484 742 754 800 Christus.
801 740 931 797 Nam
982 739 1236 811 quamdiu
1285 737 1372 792 hic
1417 743 1499 792 est
1552 734 1826 798 Ecl-lusio;

227 835 488 905 quamdiu
528 835 695 906 gemit
734 832 966 888 triticum
1013 831 1155 887 inter
1199 829 1416 900 paleas,
1461 825 1712 897 quamdiu
1739 839 1832 895 ge-

227 940 387 984 munt
415 929 576 999 spicae
606 928 747 983 inter
784 926 984 982 zizania
1025 921 1259 994 (llatth.
1304 937 1398 989 nt,
1452 920 1519 974 1%
1544 960 1559 984 ,
1607 928 1655 973 et
1693 932 1785 971 xm
1809 958 1826 984 ,

226 1024 303 1079 δυ
332 1024 372 1093 ),
400 1020 650 1092 quamdiu
675 1028 896 1093 gemunt
939 1033 1063 1073 rasa
1110 1013 1495 1072 misericordiae
1542 1013 1680 1067 inter
1702 1023 1829 1064 vasa

228 1116 329 1171 ine
356 1116 490 1171 iacta
519 1115 575 1170 in
597 1114 973 1171 contumeliam
1014 1110 1034 1185 (
1059 1110 1099 1167 Il
1129 1109 1263 1165 Tim.
1295 1120 1371 1173 tt,
1397 1107 1469 1163 80
1492 1104 1534 1176 ),
1574 1103 1830 1176 quamdiu

226 1210 401 1282 gemit
429 1208 595 1264 lilium
628 1209 767 1262 inter
801 1207 1023 1276 spinas,
1067 1218 1174 1259 non
1216 1202 1446 1258 dcerem
1495 1198 1691 1252 inimici
1739 1197 1828 1267 qui

228 1300 413 1357 dicant
437 1338 456 1365 ,
483 1298 701 1367 Quando
722 1300 964 1352 morietur
983 1338 998 1361 ,
1021 1305 1071 1352 et
1096 1295 1272 1366 peribit
1297 1308 1477 1348 nomen
1501 1290 1653 1361 ejus(
1682 1289 1827 1344 Paul.

228 1408 328 1454 xc.
359 1393 395 1447 6
424 1391 484 1462 );
512 1391 562 1445 id
595 1402 678 1447 est
701 1432 717 1454 ,
750 1390 887 1446 Ecce
913 1389 1092 1445 veniet
1118 1397 1327 1457 tempus
1363 1395 1423 1440 ut
1460 1382 1710 1439 liniantur
1731 1423 1746 1448 ,
1777 1388 1832 1436 et

228 1500 343 1541 non
385 1485 491 1541 sint
530 1482 856 1540 Christiani:
897 1483 1036 1538 sicut
1068 1482 1347 1551 creperum
1383 1491 1449 1532 ex
1489 1476 1665 1545 aliquo
1693 1476 1830 1528 tem-

229 1593 368 1649 pore
395 1617 411 1642 ,
440 1577 509 1632 ita
540 1591 708 1647 usque
737 1575 804 1630 ad
834 1585 1036 1631 cernua
1077 1582 1288 1642 tempus
1333 1576 1508 1625 erunt.
1554 1566 1659 1624 Sed
1707 1581 1830 1623 cum

232 1671 339 1729 ista
367 1671 673 1736 dicunt;et
712 1669 831 1724 sine
872 1666 980 1723 line
1006 1667 1024 1699 ⁸
1073 1662 1408 1729 moriuntur,
1454 1669 1507 1717 et
1554 1665 1830 1731 permanet

230 1764 474 1823 Ecclesia
500 1804 517 1831 ,
548 1762 846 1836 praedicans
873 1759 1147 1816 brachium
1177 1756 1382 1812 Domini
1422 1755 1569 1810 otnni
1607 1767 1831 1837 genera-

234 1858 371 1917 tloui
396 1864 819 1927 superventnrte.
859 1850 1049 1908 Veniet
1095 1858 1152 1906 et
1193 1851 1306 1919 ipse
1350 1848 1566 1903 nltiunts
1592 1846 1643 1900 in
1671 1845 1831 1899 clari-

233 1957 349 2005 tate
396 1961 532 2013 ana;
580 1952 863 2015 resurgant
909 1957 1099 1998 carnes
1146 1939 1382 2004 ntortui,
1432 1940 1658 2009 quiaque
1707 1950 1827 1990 cum

232 2055 398 2097 causa
427 2053 568 2095 sua:
613 2036 1004 2110 separabantur
1049 2035 1172 2090 boni
1216 2033 1282 2088 ad
1335 2032 1609 2088 dexteram
1639 2071 1653 2097 ,
1704 2028 1828 2083 mali

231 2143 417 2193 autem
443 2133 509 2190 ad
538 2133 810 2189 sinistram
839 2130 860 2205 (
888 2129 1074 2185 Hatth.
1109 2142 1230 2194 xxv,
1259 2127 1328 2183 55
1353 2126 1393 2198 );
1419 2136 1471 2180 et
1492 2122 1827 2178 coitiundeu-

235 2236 327 2285 tur
354 2226 443 2299 qui
476 2224 837 2286 insultabant,
887 2221 1205 2276 erubescant
1246 2218 1337 2290 qui
1379 2216 1729 2288 garricbaui:
1775 2223 1829 2268 et

233 2323 317 2379 sic
347 2323 522 2394 lingua
548 2335 664 2377 mea
697 2332 814 2390 post
842 2317 1288 2374 resurrectionem
1311 2311 1544 2368 tucditab
1567 2322 1651 2364 tur
1676 2307 1828 2379 justi-

235 2417 367 2473 tiam
396 2426 538 2472 tuam
569 2456 584 2475 .
618 2422 726 2469 tota
754 2413 843 2469 die
868 2412 1075 2468 laudem
1108 2418 1251 2483 tuam
1279 2449 1293 2475 ,
1321 2422 1436 2463 sum
1479 2404 1677 2479 canfusi
1717 2404 1831 2477 fue-

234 2511 376 2576 rint,
402 2520 449 2566 et
472 2508 759 2564 erubuerint
786 2508 873 2578 qui
902 2514 1133 2578 quierunt
1160 2504 1281 2558 mihi
1312 2503 1467 2557 mala.

248 2630 1808 2656 MM

647 2711 729 2775 IN
783 2706 1164 2775 PSALMUM
1221 2704 1430 2770 LXXI

799 2834 1194 2894 ENABBATIO
1231 2835 1331 2909 (α).

313 2957 366 3015 ι.
396 2954 546 3031 [vero
571 2952 651 3027 Li
680 2953 744 3010 In
775 2953 1103 3009 Salonianum
1124 2952 1338 3023 quidem
1368 2949 1556 3022 psalmi
1584 2950 1737 3022 hujus
1765 2949 1830 3006 ti-

242 3049 387 3105 tulus
432 3058 788 3119 praenotatur;
820 3046 913 3101 sed
959 3046 1076 3101 inec
1104 3047 1154 3100 in
1187 3060 1252 3100 eo
1279 3044 1547 3110 dicuntur,
1577 3059 1696 3113 qua:
1723 3058 1830 3100 non

237 3144 449 3215 possint
495 3142 568 3197 illi
608 3141 883 3197 Salomnni
913 3140 1022 3210 regi
1054 3138 1216 3194 Israel
1247 3139 1535 3193 secundum
1568 3153 1783 3192 carnem
1809 3178 1825 3204 ,

233 3236 390 3307 juxta
418 3248 480 3291 ea
510 3250 632 3305 qua:
660 3232 728 3288 de
755 3233 849 3286 illo
877 3242 1059 3285 sant-ta
1087 3230 1362 3300 Scriptura
1406 3229 1661 3300 loquitur,
1694 3244 1829 3285 con.

238 3327 464 3383 venire:
498 3325 727 3381 Domino
771 3335 949 3379 autem
995 3321 1213 3379 Christo
1262 3322 1537 3394 aptissime
1582 3333 1826 3394 possunt.

241 3419 396 3481 Unde
440 3420 755 3489 intelligitur
781 3417 941 3473 etiam
975 3418 1147 3488 ipsum
1179 3417 1494 3471 vocabulum
1523 3416 1831 3473 Salomonis

236 3513 309 3571 ad
330 3514 608 3585 ﬁguratam
628 3508 1074 3583 signiﬁcationem
1096 3508 1417 3577 adhibitum,
1453 3519 1505 3563 ut
1531 3509 1584 3563 in
1599 3524 1665 3565 eo
1681 3509 1831 3564 Chri-

237 3618 360 3666 stus
384 3606 695 3678 aeciplatur.
722 3606 974 3662 Salomon
1004 3603 1201 3674 quippe
1230 3603 1612 3673 interpretatur
1644 3603 1830 3659 Pacili-

237 3715 378 3766 cua;
419 3714 483 3756 ac
512 3714 607 3770 per
630 3698 754 3766 hoc,
785 3697 891 3753 tale
913 3695 1225 3751 vocabulum
1253 3694 1330 3749 illi
1360 3695 1638 3751 verissime
1664 3704 1828 3767 atque

237 3793 445 3864 optime
469 3792 748 3862 congruit,
788 3804 884 3862 per
905 3802 1066 3860 quem
1091 3786 1438 3843 mediatorem
1462 3802 1527 3843 ex
1550 3787 1823 3853 inittticis’,

238 3896 461 3958 accepta
489 3884 805 3942 remissione
843 3891 1217 3953 peccatorum,
1247 3879 1655 3936 reconciliantur
1696 3881 1826 3935 Deo.

242 3978 453 4037 Etenim
491 3993 605 4032 cum
654 3975 847 4030 inimici
889 3988 1141 4039 essemus,
1178 3970 1490 4027 reconciliati
1517 3988 1691 4026 sumus
1722 3971 1828 4027 Deo

240 4087 335 4145 per
359 4079 566 4125 mortem
591 4067 716 4122 Filii
740 4069 849 4140 ejus
880 4064 1056 4139 (Rom.
1087 4080 1139 4130 ν,
1164 4061 1278 4133 l0).
1311 4063 1453 4118 idem
1486 4063 1601 4132 ipse
1627 4072 1712 4119 est
1739 4064 1825 4119 ille

240 4161 499 4236 paciﬁcus
516 4203 532 4227 ,
560 4161 646 4231 qui
674 4161 790 4232 fecit
816 4168 1027 4231 utraque
1049 4171 1228 4223 unum,
1253 4165 1300 4210 et
1336 4154 1559 4210 medium
1586 4155 1827 4228 parietem

239 4256 478 4311 anuceria:
492 4254 703 4317 solvens,
722 4251 1019 4305 inimicitias
1032 4251 1084 4304 in
1103 4264 1256 4303 carne
1280 4265 1374 4304 sua
1393 4265 1409 4313 ;
1426 4248 1584 4323 legem
1616 4249 1828 4304 manda-

241 4360 410 4405 torum
433 4348 643 4403 decretis
660 4360 923 4412 eoacuans,
944 4353 1000 4398 ut
1024 4343 1150 4398 duos
1166 4342 1400 4398 conderet
1428 4345 1479 4397 in
1504 4358 1559 4398 se
1587 4340 1637 4396 in
1666 4359 1829 4397 unum

240 4456 426 4496 nouum
450 4439 720 4501 hominem,
753 4437 942 4505 faciens
964 4449 1179 4506 parent:
1209 4445 1254 4490 et
1279 4435 1478 4490 veniens
1508 4436 1828 4507 euangeliza-

238 4535 312 4591 vit
341 4549 511 4606 pacem
536 4533 600 4587 iis
622 4532 707 4602 qui
736 4529 916 4601 longe,
946 4536 993 4583 et
1018 4544 1191 4600 pacem
1218 4529 1281 4584 iis
1309 4529 1394 4599 qui
1424 4545 1580 4600 prope
1608 4528 1825 4602 (Ep/tes.

239 4643 282 4687 tt
302 4671 317 4696 ,
343 4627 526 4684 H-l?
545 4628 589 4699 ).
638 4625 756 4695 Ipse
786 4623 838 4678 in
873 4620 1159 4693 Evangelia
1186 4620 1352 4677 dicit:
1384 4619 1574 4676 Pacem
1599 4622 1827 4693 relinquo

238 4722 399 4788 vobis,
429 4737 603 4794 pacem
632 4733 793 4773 meam
824 4716 888 4770 do
913 4715 1047 4771 robis
1072 4713 1251 4779 (Joan.
1283 4730 1389 4776 xw,
1417 4713 1530 4788 ‘27).
1562 4716 1627 4771 Et
1649 4717 1829 4772 nmltis

238 4816 362 4872 aliis
383 4813 701 4871 testimoniis
726 4808 980 4864 Dominus
999 4806 1242 4863 Christus
1263 4804 1517 4878 paciﬁcus
1533 4822 1652 4864 ese
1676 4824 1828 4864 mon-

240 4915 484 4965 stratur:
515 4919 620 4961 non
647 4899 945 4959 secundum
984 4913 1169 4972 pacem
1197 4913 1353 4966 quam
1382 4900 1529 4952 norit
1555 4909 1607 4953 et
1639 4901 1829 4971 qua-rit

242 4999 332 5059 hic
374 4996 639 5064 mundus;
681 4996 775 5053 sed
825 4995 969 5051 illam
1017 5007 1199 5064 pacem
1235 4992 1301 5048 dc
1334 5007 1433 5062 qua
1464 4992 1659 5048 dicitur
1686 4995 1824 5065 apud

238 5095 583 5168 prephetam,
610 5089 752 5147 Dabo
772 5094 845 5145 eis
869 5088 1105 5143 solatium
1128 5103 1315 5152 rerum,
1350 5103 1522 5160 parem
1550 5103 1700 5160 super
1728 5107 1824 5163 pa.

239 5202 348 5245 cem
374 5185 528 5256 (lsui.
558 5200 659 5240 Lvn
683 5227 697 5251 ,
731 5182 818 5251 i9,
851 5198 950 5238 sec.
983 5176 1182 5252 LXX);
1211 5195 1330 5235 cum
1364 5181 1567 5237 scilicet
1593 5184 1708 5253 paci
1734 5199 1823 5240 re-

237 5280 631 5340 conciliationis
670 5279 884 5334 additur
928 5292 1027 5348 pax
1070 5276 1502 5331 immortalitatis.
1534 5274 1666 5332 Nam
1710 5286 1827 5349 post

236 5376 418 5435 omnia
443 5373 646 5431 reddita
667 5388 784 5443 qua:
812 5370 1053 5442 promisit
1079 5370 1234 5432 Dens,
1260 5368 1606 5426 novissimam
1640 5385 1821 5440 pacem

237 5484 341 5526 nos
356 5476 671 5540 exspectare
690 5464 905 5530 debere,
928 5478 1029 5534 qua
1058 5476 1179 5518 eum
1204 5460 1312 5517 Deo
1334 5461 1573 5515 vivamus
1596 5464 1647 5517 in
1670 5474 1823 5520 :rtcr-

235 5580 391 5630 num,
424 5562 563 5618 idem
596 5558 851 5632 prepheta
881 5554 1133 5625 ostendit,
1167 5553 1254 5611 ubi
1280 5555 1355 5611 ait
1382 5571 1395 5609 :
1425 5553 1662 5626 Domine,
1685 5552 1822 5613 Deus

301 5703 518 5772 ξνιανθε
531 5708 659 5772 "se.
683 5697 808 5772 ﬁde:
863 5759 875 5772 .

298 5767 321 5801 ³
337 5774 445 5818 Mss.
472 5758 713 5830 plerique,
737 5758 1017 5830 inimicitiis.

226 5900 269 5947 .
295 5830 371 5946 (ἴ)
395 5819 575 5882 [uisitata
596 5819 724 5880 anno
744 5826 917 5878 Christi
932 5824 1039 5891 ωδ,
1058 5832 1121 5877 ex
1141 5822 1347 5888 Fpiswla
1372 5819 1553 5887 169,ad
1568 5821 1816 5885 Bruttium,

1373 328 1769 389 ENAllllATlO
1808 329 1876 386 ΙΝ
1914 330 2235 389 PSALMUM
2274 328 2460 390 LXXI.

3424 334 3531 396 909

1939 456 2128 515 noster,
2150 465 2325 521 pacem
2352 452 2419 504 da
2446 449 2588 504 nobis
2605 465 2627 516 ;
2646 450 2817 506 omnia
2842 452 2976 507 enim
2999 453 3181 511 dedisti
3195 451 3343 514 nobis
3367 451 3524 527 (lact.

1937 556 2090 610 xxvn,
2139 540 2203 597 l2
2226 583 2241 607 ,
2276 559 2391 598 sec.
2419 542 2565 599 LXX
2587 543 2629 609 ).
2672 543 2785 598 Pax
2817 544 2918 600 erit
2950 546 3108 616 plane
3134 549 3219 603 illa
3250 552 3485 620 perfecta
3507 599 3525 614 ..

1937 634 2151 704 quando
2177 635 2448 691 novissima
2486 636 2693 690 inimica
2727 637 3012 694 destruetur
3040 657 3193 696 more.
3239 642 3308 699 Et
3336 644 3390 700 in
3420 664 3526 718 quo

1937 729 2043 782 crit
2084 727 2219 794 hoc,
2255 728 2356 785 nisi
2390 730 2442 784 in
2476 729 2698 800 pacilieo
2728 732 2820 787 illo
2850 735 3260 793 reconciliatore
3302 742 3528 797 ttostro?

1938 818 2084 877 Sicut
2112 821 2253 877 enim
2282 824 2332 877 in
2361 822 2527 879 Adam
2557 840 2728 881 omnes
2750 828 3056 897 moriuntur;
3085 829 3159 887 sic
3176 842 3224 887 et
3252 833 3305 889 in
3326 835 3528 892 Christo

1936 928 2108 969 omnes
2155 916 2541 987 viviﬁcabuntur
2584 919 2776 992 (lCor.
2818 936 2907 990 xv,
2938 924 3044 991 26,
3077 925 3150 981 92
3175 926 3215 998 ).
3262 929 3529 998 Quoniam

1935 1022 2064 1079 ergo
2110 1009 2409 1068 invenimus
2449 1029 2633 1070 verum
2676 1014 3058 1088 Salomonern,
3098 1022 3199 1078 hoc
3229 1035 3313 1081 est
3342 1043 3529 1085 verum

1938 1103 2247 1172 paciﬁcum;
2292 1105 2421 1178 quid
2465 1107 2661 1165 deinde
2705 1110 2944 1181 psalmus
2984 1113 3099 1184 ipse
3125 1114 3193 1172 de
3219 1117 3314 1174 illo
3341 1119 3529 1178 doceat

1936 1196 2295 1254 attendamus.

2006 1288 2059 1340 Ξ.
2081 1288 2232 1362 [rem
2250 1290 2333 1365 2.]
2358 1291 2509 1356 Deus,
2530 1293 2786 1364 judicium
2809 1305 2948 1354 tuum
2974 1301 3084 1373 regi
3105 1302 3191 1370 da,
3214 1313 3260 1357 et
3275 1302 3529 1377 justitiam

1936 1389 2073 1435 tuam
2103 1380 2213 1450 ﬁlio
2236 1385 2389 1453 regis.
2426 1386 2681 1443 Dominus
2713 1389 2828 1459 ipse
2857 1391 2909 1445 in
2934 1393 3222 1466 Evangelia
3252 1397 3397 1457 dicit.
3427 1398 3529 1455 Ρα-

1936 1482 2012 1527 ter
2052 1491 2151 1529 non
2181 1478 2383 1547 judicut
2409 1496 2749 1550 quemquam;
2775 1485 2865 1539 sed
2909 1501 3057 1542 omne
3087 1490 3344 1562 judicium
3393 1494 3529 1550 dedit

1936 1564 2074 1621 Filio
2094 1566 2268 1636 (Joan.
2292 1584 2344 1638 ν,
2367 1570 2460 1645 2:2)
2483 1590 2496 1627 :
2526 1573 2627 1629 hoc
2652 1584 2736 1630 est
2762 1592 2912 1649 ergo,
2944 1574 3099 1645 Deus,
3114 1582 3367 1652 judicium
3390 1594 3528 1641 tuum

1935 1659 2040 1731 regi
2089 1661 2174 1715 da.
2217 1662 2316 1729 Qui
2347 1680 2441 1720 rex
2469 1667 2628 1722 etiam
2664 1669 2802 1725 illius
2831 1682 2915 1726 cst
2947 1676 3123 1744 regis,
3157 1679 3278 1747 quia
3309 1687 3361 1733 el
3393 1679 3528 1736 lleus

1937 1752 2095 1808 Pater
2121 1754 2300 1826 utique
2323 1770 2413 1812 rex
2447 1769 2551 1813 εει.
2581 1758 2655 1814 Ita
2688 1762 2946 1831 scriptum
2976 1775 3076 1825 est.
3109 1769 3251 1837 quod
3284 1786 3372 1825 rex
3405 1770 3527 1828 fecit
3609 1780 3618 1790 '

1937 1846 2148 1914 nuptias
2193 1847 2301 1901 lilio
2341 1864 2440 1904 suo
2465 1846 2681 1921 (Matth.
2715 1867 2827 1908 χιιι
2850 1896 2864 1916 ,
2891 1852 2971 1925 2).
3003 1855 3149 1913 More
3171 1869 3348 1915 autem
3377 1861 3527 1917 Scri-

1935 1947 2103 2006 ptura:
2124 1937 2260 1992 idem
2284 1942 2562 2008 repetitur.
2587 1941 2718 1996 Nam
2740 1945 2880 2014 quod
2904 1946 3056 2010 dixit,
3076 1948 3333 2017 judicium
3350 1962 3492 2007 tuum
3505 1971 3524 2021 ;

1936 2027 2037 2083 hoc
2066 2027 2222 2084 aliter
2251 2029 2381 2085 dixit
2410 2032 2697 2101 :justitiam
2727 2045 2865 2090 tuam
2896 2050 2914 2091 :
2942 2046 2997 2093 et
3026 2040 3164 2109 quod
3195 2042 3348 2106 dixit,
3385 2046 3523 2114 regi;

1936 2119 2040 2175 hoc
2063 2122 2218 2176 aliter
2241 2122 2395 2185 dixit.
2426 2125 2536 2193 ﬁlio
2558 2129 2723 2197 regis;
2751 2130 2884 2183 sient
2915 2140 3000 2186 est
3030 2132 3173 2193 illud,
3210 2133 3307 2201 Qui
3338 2135 3525 2191 habitat

1932 2214 1985 2266 in
2010 2214 2168 2279 cadis,
2188 2217 2414 2271 irridebit
2441 2234 2542 2279 eos,
2563 2229 2610 2271 et
2633 2220 2881 2277 Dominus
2899 2224 3229 2280 subsannabit
3250 2244 3334 2283 eos
3351 2230 3367 2299 (
3383 2228 3524 2284 I’sal.

1935 2319 1992 2367 It,
2021 2306 2101 2373 4).
2129 2306 2280 2375 Quod
2310 2318 2421 2373 est,
2453 2312 2539 2381 qui
2567 2312 2760 2366 habitat
2784 2315 2834 2367 in
2862 2316 3033 2381 caelis;
3060 2317 3161 2374 hoc
3190 2329 3300 2385 est,
3336 2331 3382 2375 et
3417 2320 3525 2377 Do-

1934 2396 2101 2450 minus
2126 2413 2145 2450 :
2164 2408 2217 2452 et
2246 2397 2388 2468 quod
2412 2411 2515 2466 est,
2542 2403 2771 2457 irridebit
2792 2420 2910 2469 eos;
2940 2406 3042 2461 ltoc
3069 2418 3170 2473 est,
3200 2411 3527 2469 subsanuubit

1934 2504 2037 2542 eos.
2069 2489 2165 2555 Et,
2197 2488 2324 2544 (Itali
2352 2503 2592 2547 crtarrant
2621 2495 2836 2565 gloriam
2866 2494 2988 2559 Dei.
3020 2508 3066 2553 et
3103 2517 3256 2565 opera
3287 2520 3526 2558 manuum

1933 2581 2045 2652 ejus
2072 2583 2339 2636 annuntiat
2370 2582 2743 2650 firmamentum
2774 2586 2949 2657 (Psul.
2980 2604 3103 2645 xvut
3127 2635 3140 2656 ,
3165 2591 3199 2646 2
3218 2594 3258 2657 ).
3285 2592 3408 2650 Gali
3439 2612 3522 2651 rev

1934 2675 2083 2744 petiti
2115 2685 2239 2729 sunt
2268 2677 2479 2730 nomine
2512 2677 2831 2734 firmamenti
2860 2698 2873 2735 :
2901 2692 2955 2737 ct
2992 2680 3134 2754 quod
3176 2686 3376 2742 dictum
3405 2698 3525 2758 est,

1933 2765 2148 2838 gloriam
2181 2765 2310 2830 Dei;
2342 2769 2622 2838 repetitum
2668 2779 2787 2837 est,
2819 2788 2974 2841 opera
3015 2790 3256 2829 manuum
3306 2779 3453 2849 ejus:
3474 2787 3527 2835 et

1932 2860 2074 2930 quod
2106 2859 2305 2915 dictant
2332 2871 2415 2916 οδι
2436 2905 2449 2924 ,
2480 2872 2753 2929 euarraut;
2785 2867 3071 2933 repetitum
3105 2877 3207 2932 est,
3231 2872 3524 2927 anmtntiat.

1935 2951 2055 3007 Isne
2085 2964 2262 3007 autem
2294 2956 2640 3024 repetitiones
2667 2956 2891 3012 multum
2920 2959 3132 3031 eloquia
3164 2962 3340 3016 divina
3374 2980 3523 3020 com-

1935 3047 2218 3114 mendant;
2252 3049 2370 3103 sive
2397 3050 2584 3105 eadem
2617 3051 2800 3119 verba,
2835 3052 2950 3109 sive
2977 3054 3096 3109 aliis
3125 3055 3303 3112 verhis
3333 3059 3522 3115 eadem

1931 3142 2196 3199 sententia
2225 3153 2500 3214 repetatur
2528 3161 2542 3203 :
2571 3154 2626 3200 et
2653 3148 2883 3204 maxime
2914 3150 3261 3217 reperiuntur
3286 3151 3338 3208 in
3370 3151 3522 3211 I‘Sal-

1933 3235 2065 3300 mis;
2098 3246 2148 3290 et
2182 3234 2233 3289 in
2266 3252 2331 3291 eo
2360 3250 2557 3308 genere
2581 3240 2847 3297 sermonis
2868 3256 2973 3313 quo
2994 3242 3158 3299 animi
3189 3252 3271 3301 est
3300 3263 3523 3304 moven-

1932 3326 2033 3383 dus
2060 3326 2302 3383 allectus.

2003 3419 2060 3475 5.
2098 3419 2296 3476 Deinde
2320 3421 2566 3494 sequitur
2593 3440 2607 3477 :
2638 3423 2884 3480 Judicare
2912 3426 3160 3499 pepulum
3187 3438 3330 3495 tuum
3354 3431 3406 3485 iu
3426 3431 3523 3502 ju-
3566 3440 3571 3441 ⁷

1929 3512 2090 3580 stitia,
2115 3522 2163 3568 et
2192 3529 2438 3583 pauperes
2462 3525 2573 3570 tuo:
2600 3516 2655 3571 in
2674 3516 2892 3589 judicio.
2920 3520 3030 3575 ltex
3063 3518 3219 3577 l‘ater
3246 3523 3354 3593 regi
3387 3519 3521 3580 Filio

1931 3604 1998 3660 ad
2029 3621 2186 3676 quam
2219 3620 2334 3662 rem
2362 3606 2510 3662 dedit
2535 3608 2794 3676 μιίιίοἱιιηι
2821 3624 2973 3665 suum
3006 3612 3340 3681 etju~litiam
3372 3629 3522 3671 suam

1930 3696 2062 3753 Datis
2088 3696 2409 3765 ostenditur,
2435 3714 2556 3754 cum
2585 3699 2733 3765 dicit,
2757 3699 3005 3755 Judicare
3030 3702 3273 3772 pupulum
3303 3715 3445 3760 tuum
3470 3707 3523 3763 in

1922 3791 2164 3864 justitia,
2199 3792 2249 3846 id
2278 3802 2395 3859 est,
2425 3792 2489 3847 ad
2514 3792 2858 3862 judicandnm
2891 3797 3142 3866 populum
3176 3804 3345 3853 tuum.
3376 3796 3521 3857 Talis

1934 3882 2132 3938 locutio
2160 3894 2243 3939 cst
2286 3884 2425 3953 apud
2473 3884 2814 3941 Salomonem
2845 3905 2858 3941 :
2884 3884 3158 3943 Proverbia
3192 3890 3520 3959 Salomonis,

1935 3976 2030 4046 ﬁlii
2057 3974 2246 4042 David,
2272 3974 2400 4031 scire
2419 3978 2718 4048 sapientiam
2742 3986 2789 4033 et
2814 3979 3135 4050 disciplinam
3159 3981 3336 4054 (Prov.
3364 3998 3402 4051 t,
3428 3984 3480 4057 l)
3504 4001 3519 4051 ;

1933 4066 2037 4124 hoc
2063 4079 2164 4134 cst,
2199 4068 2484 4125 Proverbia
2512 4068 2852 4135 SalomOnls,
2884 4071 2951 4126 ad
2991 4072 3263 4131 sciendum
3304 4076 3519 4145 sapien-

1935 4164 2059 4219 tiam
2091 4176 2146 4220 ct
2170 4163 2526 4235 disciplinam.
2580 4163 2655 4220 Ita
2677 4207 2690 4227 ,
2711 4166 2968 4237 judicium
2996 4175 3137 4221 tuum
3163 4168 3259 4234 da,
3283 4167 3521 4243 judicare

1932 4259 2177 4330 populum
2207 4268 2381 4321 tuum;
2411 4256 2459 4313 id
2483 4267 2587 4325 est,
2612 4257 2872 4326 judicium
2903 4268 3047 4313 tuum
3072 4258 3162 4327 da,
3186 4260 3249 4315 ad
3275 4259 3520 4331 judican-

1932 4351 2057 4408 dntn
2088 4354 2336 4424 populum
2367 4363 2535 4408 tuum.
2579 4353 2729 4420 Quod
2759 4362 2936 4408 autent
2962 4352 3036 4407 ait
3063 4351 3210 4424 prius
3230 4396 3244 4417 ,
3278 4356 3521 4427 populum

1933 4455 2106 4512 tuum;
2137 4445 2239 4503 hoc
2275 4448 2350 4501 ait
2391 4447 2656 4517 posterius
2677 4489 2692 4509 ,
2731 4463 2974 4517 pauperes
3014 4456 3126 4502 tuos
3148 4465 3166 4503 :
3192 4458 3245 4503 et
3273 4449 3412 4519 quod
3444 4449 3520 4505 ait

1931 4539 2098 4610 prius,
2126 4539 2180 4594 in
2200 4539 2437 4609 justitia;
2468 4538 2569 4594 hoc
2595 4540 2883 4611 posterius,
2916 4539 2967 4594 iu
2989 4540 3224 4612 judicio;
3256 4558 3404 4597 more
3432 4543 3541 4618 illo.

1931 4634 2287 4705 repetitionis.
2335 4634 2432 4690 Ubi
2461 4649 2591 4690 sane
2616 4634 2945 4690 demonstrat
2976 4635 3227 4707 populum
3263 4635 3356 4692 Dei
3388 4650 3519 4708 pau-
3536 4620 3562 4777 ἐ

1934 4740 2115 4777 nercm
2147 4742 2267 4777 esse
2297 4725 2515 4777 debere.
2546 4726 2595 4777 id
2624 4736 2726 4777 est.
2754 4743 2857 4777 non
2880 4728 3192 4777 sunerhnm-
3224 4730 3317 4777 sed
3350 4729 3519 4777 hmni.
3560 4770 3562 4773 .

1932 4740 2115 4797 pereat
2147 4742 2267 4783 esse
2297 4725 2515 4791 debere,
2546 4726 2595 4782 id
2624 4736 2727 4792 est,
2754 4743 2857 4781 non
2880 4728 3193 4799 superbum,
3224 4730 3317 4785 sed
3350 4725 3545 4813 lnnni-j

1930 4819 2057 4875 lem.
2089 4819 2230 4875 Beati
2260 4819 2401 4876 enim
2429 4838 2678 4891 pauperes
2700 4822 2903 4892 spiritu,
2927 4823 3165 4891 quoniam
3192 4825 3417 4893 ipsorum
3443 4835 3518 4880 est

1928 4932 2141 4989 regnum
2165 4916 2401 4971 rte/orum
2432 4915 2647 4985 (Matth.
2681 4931 2735 4982 ν,
2761 4914 2837 4986 5).
2865 4916 2979 4983 Qua
3019 4927 3328 4988 paupertate
3355 4918 3515 4973 etiam

1928 5008 2116 5064 beatus
2140 5008 2240 5064 Joh
2266 5023 2469 5079 panper
2497 5006 2611 5073 fuit,
2638 5012 2693 5063 et
2713 5018 2996 5079 antequam
3020 5026 3239 5082 magnas
3271 5011 3388 5066 illas
3412 5021 3517 5079 ter;

1929 5117 2086 5158 ranas
2107 5100 2318 5156 divitias
2337 5100 2625 5157 amisisset.
2653 5102 2805 5170 Quod
2839 5103 2960 5159 ideo
2984 5106 3512 5161 commemorandum

1929 5198 2105 5267 putavi
2127 5238 2141 5261 ,
2173 5196 2421 5267 quoniam
2453 5206 2576 5252 sunt
2608 5197 2822 5269 tptidam
2855 5198 2942 5269 qui
2978 5198 3184 5253 lucilius
3212 5200 3390 5254 omnia
3418 5216 3512 5257 sua

1929 5290 2248 5362 pauperibus
2275 5288 2621 5358 distribuunt,
2646 5307 2802 5361 quam
2829 5290 2924 5362 ipsi
2951 5306 3211 5362 pauperes
3243 5292 3333 5349 [lci
3364 5293 3509 5351 ﬁant.

1928 5380 2097 5439 lnllati
2140 5392 2267 5439 sum
2302 5381 2444 5437 enim
2468 5383 2725 5453 jactautia
2753 5398 2854 5452 qua
2900 5393 3083 5453 putant
3126 5383 3225 5439 sibi
3262 5400 3382 5441 esse
3415 5388 3510 5441 tri-
3545 5424 3567 5449 ς

1926 5474 2215 5540 buendnm.
2251 5495 2356 5534 non
2382 5478 2565 5550 gratia:
2597 5479 2709 5546 Dei,
2740 5478 2880 5549 quod
2907 5478 3042 5534 bene
3066 5479 3277 5545 vivunt;
3309 5490 3363 5535 et
3393 5480 3511 5537 ideo
3548 5542 3553 5557 ι

1921 5576 2030 5649 jam
2057 5590 2153 5631 nec.
2177 5576 2310 5630 hcne
2329 5573 2530 5638 vivunt,
2552 5584 2977 5645 quantacumque
2997 5572 3132 5627 bona
3153 5588 3312 5643 opera
3338 5572 3511 5629 lacere
3560 5569 3611 5657 \

1928 5669 2228 5726 videantur.
2281 5668 2355 5723 De
2386 5683 2484 5722 suo
2514 5667 2708 5738 quippe
2739 5665 2936 5722 habere
2963 5681 3023 5722 sc
3049 5676 3238 5738 putant
3259 5708 3273 5730 ,
3302 5678 3355 5722 ct
3391 5669 3508 5740 glo-
3604 5664 3607 5673 ⁴

1924 5763 2133 5819 riantur
2175 5761 2325 5832 quasi
2368 5775 2473 5815 non
2516 5756 2821 5830 acceperint
2849 5757 2905 5830 (Ι
2933 5756 3155 5826 Contr,
3193 5758 3288 5833 7):
3319 5759 3510 5817 divites

1926 5853 2029 5924 sui,
2064 5870 2168 5912 non
2195 5867 2456 5925 pauperes
2486 5849 2610 5918 Dei;
2636 5849 2968 5907 abundantrs
2997 5848 3122 5922 sibi,
3156 5864 3261 5909 non
3290 5860 3509 5926 egentes
