3966 6448
455 2312 468 2429 ἓ

443 2432 460 2513 ί

440 2526 452 2667 ἕ

435 2696 450 2856 l

570 420 673 478 903

555 537 702 594 ~Deo.
724 534 828 592 Sed
849 533 924 590 ait
950 530 1234 603 Apostolus
1257 547 1271 585 :
1295 528 1358 586 Si
1377 527 1676 584 distribuero
1697 527 1864 582 omnia
1886 543 1996 583 mea
2021 541 2146 582 oau-

575 631 795 702 perilms.
824 641 868 682 ct
901 625 1156 680 tradidi-ro
1183 639 1368 693 corpus
1397 638 1560 675 meum
1592 632 1643 674 ut
1674 623 1902 677 ardeam.
1927 620 2149 672 charita-

573 732 670 778 ιιοιι
689 731 857 774 autem
884 735 982 771 non
1009 717 1238 778 habeam,
1265 715 1393 768 nihil
1417 713 1539 767 mihi
1561 713 1780 783 prodest.
1806 711 2077 779 Tanquam
2101 709 2148 766 si

573 814 812 869 diceret:
846 811 902 866 Si
951 809 1274 863 distribuero
1321 807 1496 861 oumia
1542 821 1658 859 mea
1706 804 2048 874 pauperibus,
2093 812 2149 860 et

573 917 774 974 pauper
815 899 908 955 Dei
959 916 1063 954 non
1111 897 1284 963 fuero,
1326 896 1454 950 nihil
1487 895 1618 950 mihi
1648 895 1881 966 prodest.
1915 892 2148 951 Charitas

567 995 709 1052 enim
739 1009 837 1047 non
864 991 1073 1063 inﬂatur
1099 991 1141 1062 (l
1161 988 1278 1044 Cor.
1297 1005 1404 1052 stu,
1434 990 1488 1053 ὅ,
1517 989 1606 1061 At);
1635 1003 1732 1043 nec
1751 1000 1832 1043 est
1860 1004 1982 1044 vera
2011 989 2027 1020 ί
2053 989 2146 1044 Dei

567 1085 803 1144 Charitas
843 1085 894 1139 in
936 1099 1002 1140 eo
1039 1084 1128 1154 qui
1169 1081 1405 1152 ingratus
1431 1090 1513 1135 est
1541 1095 1728 1135 sancto
1751 1079 1968 1150 Spiritui
1994 1081 2143 1148 ejus,

567 1196 664 1252 per
689 1195 847 1250 quem
875 1176 1192 1232 dill’unditur
1211 1176 1262 1230 iu
1284 1173 1537 1230 cordibus
1558 1173 1757 1228 nostris
1777 1173 2006 1228 cbaritas
2031 1173 2147 1248 ejus

567 1271 742 1342 (Rom.
768 1285 824 1331 ν,
848 1270 926 1338 5).
960 1269 1028 1323 Et
1054 1266 1174 1322 ideo
1204 1265 1336 1320 tales
1366 1280 1473 1319 non
1505 1265 1776 1334 pertinent
1796 1267 1859 1316 ad
1893 1266 2144 1335 populum

569 1363 698 1428 Dei,
728 1361 849 1434 quia
879 1377 985 1414 non
1015 1369 1137 1413 sunt.
1179 1373 1440 1428 pauperes
1471 1356 1586 1410 Dei.
1641 1357 1908 1427 Paupr-res
1947 1359 2145 1428 quippe

567 1455 660 1510 Dei
686 1453 906 1508 dicunt:
936 1450 1046 1504 Nos
1069 1459 1353 1503 autemnon
1375 1448 1609 1517 spiritum
1632 1447 1783 1520 hujus
1805 1450 1979 1502 nntndi
2003 1465 2146 1504 acce-

569 1545 764 1616 pimus.
791 1543 880 1595 sed
905 1541 1157 1612 Spiritum
1183 1541 1268 1606 qui
1297 1555 1358 1594 ea:
1386 1538 1489 1593 Deo
1518 1549 1589 1593 est
1611 1581 1625 1604 ,
1654 1550 1707 1593 ut
1733 1541 1950 1594 sciamus
1975 1558 2090 1610 qua:
2111 1558 2144 1596 a

569 1633 678 1687 Deo
703 1632 889 1683 donata
914 1640 1028 1684 sunt
1054 1631 1194 1684 nobis
1225 1629 1274 1702 (l
1301 1629 1416 1684 Cor.
1444 1647 1478 1686 ιι
1501 1673 1513 1694 ,
1540 1630 1659 1700 12).
1702 1631 1832 1687 Nam
1864 1649 1982 1688 cum
2011 1643 2065 1688 ct
2089 1635 2141 1689 in

568 1722 672 1776 isto
700 1723 902 1790 psalmo
926 1763 940 1788 ,
970 1734 1184 1793 propter
1213 1723 1462 1793 suscepti,
1487 1723 1719 1780 hominis
1749 1736 2140 1782 sacramentum

563 1832 668 1886 quo
698 1815 924 1870 Verbum
951 1831 1078 1870 caro
1106 1815 1300 1871 tactum
1331 1827 1413 1872 est
1442 1816 1620 1890 (Joan.
1672 1835 1725 1885 ι,
1765 1819 1869 1892 Η)
1892 1862 1906 1885 ,
1936 1819 2144 1878 dicatur

567 1909 674 1965 Deo
704 1909 846 1965 Patri
873 1911 1020 1980 regi,
1059 1909 1320 1964 Justitiam
1347 1921 1486 1966 tnant
1515 1913 1583 1966 da
1608 1913 1718 1981 [ilio
1745 1915 1908 1985 regis;
1952 1914 2144 1971 nolunt

563 2004 647 2059 isti
679 2003 780 2058 sibi
809 2003 922 2057 dari
954 2003 1214 2072 justitiam
1236 2046 1251 2068 ,
1281 2003 1375 2058 sed
1403 2018 1432 2058 a
1463 2003 1768 2075 semetipsis
1796 2020 1912 2060 eam
1943 2005 2140 2061 habere

562 2097 854 2152 confidunt.
880 2097 1186 2166 Ignorantes
1207 2096 1348 2151 enim
1379 2097 1469 2152 Dei
1495 2095 1778 2167 justitiam,
1801 2106 1856 2153 et
1874 2113 2025 2154 suam
2049 2113 2139 2154 ro-

563 2193 730 2245 lentes
773 2191 1137 2256 constituere,
1181 2190 1403 2260 justitize
1449 2190 1541 2246 Dei
1591 2206 1694 2246 non
1738 2202 1862 2245 sunt
1913 2192 2137 2260 subjecti

562 2282 578 2348 (
594 2282 738 2336 Rom.
771 2297 826 2347 ι,
849 2280 924 2349 5).
957 2281 1070 2335 Νοιι
1095 2289 1220 2335 sunt
1246 2283 1443 2352 itaque,
1470 2291 1527 2336 ut
1551 2281 1663 2336 dixi
1684 2324 1700 2349 ,
1732 2297 1993 2352 pauperes
2021 2285 2134 2351 Dei,

561 2372 652 2426 sed
685 2372 873 2427 divites
901 2371 1012 2436 sui;
1041 2371 1163 2442 quia
1195 2386 1300 2426 non
1328 2381 1456 2427 sunt
1487 2372 1715 2427 humiles
1734 2415 1748 2433 .
1778 2373 1872 2428 sed
1899 2375 2135 2444 superbi.

565 2461 751 2517 Veniet
774 2477 901 2517 vero
931 2462 1016 2516 ille
1039 2459 1281 2530 judicare
1310 2461 1558 2530 populum
1599 2461 1691 2518 Dei
1729 2461 1780 2517 in
1814 2463 2018 2532 justitia
2038 2506 2054 2531 ,
2084 2476 2140 2521 et

563 2569 823 2624 pauperes
852 2554 941 2608 Dei
971 2554 1020 2606 in
1043 2553 1246 2623 judicio
1271 2571 1284 2608 ε
1307 2562 1362 2610 et
1387 2569 1452 2609 eo
1472 2553 1673 2624 judicio
1698 2555 1967 2612 discernet
1995 2575 2022 2610 a
2048 2558 2137 2615 di-

560 2646 757 2700 vitibus
797 2660 980 2700 eorum
1028 2660 1290 2715 pauperes
1331 2661 1490 2712 suos;
1523 2645 1617 2702 sed
1653 2663 1788 2718 quos
1818 2661 2131 2720 paupertate

559 2753 650 2794 sua
680 2739 802 2792 fecit
827 2737 1016 2792 divites
1041 2752 1186 2792 suos.
1216 2736 1421 2793 Clamat
1447 2739 1494 2793 ei
1520 2740 1718 2811 quippe
1745 2743 1973 2813 populus
2002 2761 2134 2814 pan-

559 2845 654 2898 per
677 2825 898 2884 :Judica
928 2844 1039 2894 me,
1075 2826 1243 2892 Deus,
1277 2838 1324 2882 et
1365 2829 1592 2885 discerne
1631 2847 1836 2886 causam
1876 2851 2038 2890 nteant
2074 2836 2138 2892 de

556 2932 702 2996 gente
721 2937 822 2976 non
846 2931 1021 2976 sancta
1048 2919 1219 2992 (Psal.
1243 2938 1372 2989 xui,
1398 2922 1472 2993 l).

627 3015 680 3070 4.
707 3013 860 3082 Quod
883 3023 1056 3070 autem
1081 3023 1284 3070 mutato
1302 3015 1588 3071 verborum
1611 3017 1818 3082 ordine,
1843 3035 1963 3076 cum
1987 3021 2150 3092 prius’

555 3107 798 3170 dixisset,
821 3104 976 3168 Deus,
987 3105 1240 3176 judicium
1261 3115 1398 3161 tuum
1420 3109 1526 3177 regi
1546 3109 1632 3176 da,
1656 3120 1702 3164 et
1716 3113 1970 3183 justitiam
1996 3125 2135 3169 tuam

555 3198 663 3267 ﬁlio
691 3197 824 3268 regis
845 3240 860 3257 .
890 3197 1034 3266 prius
1068 3212 1272 3267 ponens
1291 3196 1583 3266 judicium.
1611 3199 1804 3257 deinde
1832 3203 2092 3273 justitiam
2116 3222 2130 3268 ;

559 3291 706 3359 prius
731 3288 988 3357 justitiam
1021 3290 1213 3358 posuit,
1237 3289 1430 3345 deinde
1449 3293 1724 3360 judicium,
1753 3296 1957 3361 dicens,
1979 3298 2134 3354 ludi-

557 3397 672 3435 care
701 3381 944 3448 populum
973 3391 1115 3434 tuum
1145 3381 1196 3434 in
1226 3383 1420 3448 iustitia
1441 3426 1453 3440 .
1483 3394 1529 3438 et
1561 3403 1803 3456 pauperes
1832 3400 1941 3442 tuos
1970 3391 2020 3444 in
2042 3392 2132 3463 ju-

556 3474 725 3536 dicio;
747 3471 912 3541 ttto'gis
933 3474 1162 3528 ostendit
1183 3475 1438 3542 judicium
1459 3491 1520 3530 se.
1536 3480 2128 3552 appellaSSejustitiam,

556 3565 690 3619 nihil
719 3564 976 3618 interesse
1003 3563 1378 3622 demouswans
1398 3583 1504 3639 quo
1523 3569 1710 3626 ordine
1739 3583 1986 3640 ponatur,
2009 3591 2130 3631 cum

555 3656 695 3712 idern
744 3655 1025 3723 significet.
1080 3655 1228 3712 Solet
1271 3659 1410 3712 enim
1455 3659 1558 3714 dici
1603 3661 1861 3730 judicium
1913 3683 2129 3737 pravum

553 3748 694 3818 quod
737 3747 988 3815 injusmtn
1019 3757 1134 3810 est;
1169 3751 1418 3809 iustitiam
1452 3768 1579 3804 vero
1612 3754 1842 3824 iniquam
1881 3759 1960 3813 vel
1997 3761 2135 3831 inju—

555 3851 689 3894 Statu
717 3838 894 3894 dicere
925 3856 1028 3893 non
1056 3843 1307 3894 Solemus.
1355 3843 1406 3894 Si
1437 3850 1576 3896 etum
1622 3860 1776 3912 prava
1799 3889 1814 3911 ,
1844 3859 1899 3903 et
1941 3851 2131 3918 injusta

555 3929 686 3992 erit;
723 3947 820 3986 nec
845 3931 1044 4000 justitia
1069 3931 1176 4000 jam
1209 3933 1431 3988 dicenda
1463 3945 1561 3990 est.
1614 3937 1842 3996 Proinde
1887 3944 2132 4011 ponendo

555 4021 806 4094 judicium
829 4065 842 4090 ,
875 4035 1034 4095 atque
1063 4025 1280 4092 justitizn
1313 4022 1529 4082 nomine
1557 4033 1880 4098 repetendo;
1913 4035 1990 4089 \‘ul
2035 4055 2132 4106 po-

556 4114 730 4170 nendo
769 4113 1068 4183 justitiam,
1102 4125 1154 4170 et
1197 4132 1314 4171 eam
1347 4117 1530 4184 judicii
1564 4122 1777 4176 nomine
1806 4127 2129 4197 repetendo,

557 4209 688 4263 satis
711 4208 898 4264 edovet
932 4209 1146 4278 proprie
1171 4228 1226 4262 se
1254 4213 1520 4280 appellare
1557 4215 1812 4284 judicium
1855 4223 1992 4291 quod
2037 4239 2134 4293 pro

555 4300 754 4372 justitia
785 4301 906 4372 poni
937 4301 1094 4365 solet,
1129 4302 1175 4354 id
1203 4312 1301 4362 est,
1328 4305 1465 4374 quod
1499 4306 1546 4360 in
1579 4309 1712 4363 male
1740 4309 2026 4378 judicandu
2055 4316 2134 4370 itt-

557 4392 717 4463 telligi
750 4409 852 4446 non
885 4402 1075 4458 potest.
1103 4393 1198 4449 Ubi
1221 4395 1366 4450 enim
1399 4397 1653 4452 Dominus
1680 4399 1827 4464 dicit,
1861 4401 2133 4476 Nolileju-

557 4485 726 4537 dicare
753 4486 1100 4553 personaliter,
1120 4487 1208 4540 sed
1229 4499 1414 4540 rectum
1433 4489 1684 4558 judicium
1702 4493 1930 4560 judicate
1951 4494 2128 4567 (Joan.

556 4588 651 4642 νη,
676 4578 804 4641 ου),
831 4578 1056 4630 ostendit
1091 4593 1209 4632 esse
1239 4594 1394 4647 posse
1426 4597 1642 4648 pravum
1671 4583 1926 4650 judicium
1951 4631 1965 4652 ,
2009 4607 2130 4644 cum

561 4668 724 4732 dicit,
759 4666 962 4722 Rectum
983 4669 1234 4740 judicium
1254 4671 1480 4739 judicate
1501 4688 1520 4726 :
1545 4673 1773 4744 denique
1800 4677 1924 4732 illud
1957 4689 2130 4748 vetat;

559 4758 661 4815 hoc
693 4757 947 4828 prmeipit.
991 4757 1122 4814 Cum
1151 4775 1278 4817 vero
1303 4761 1416 4814 sine
1443 4763 1546 4818 ulla
1575 4764 1870 4834 adjecdone
1895 4769 2016 4826 dicit
2042 4772 2132 4842 ju-

532 4849 772 4926 (dicium,
801 4849 1056 4904 continuo
1080 4851 1278 4918 justum
1303 4855 1416 4908 vult
1443 4855 1696 4928 intelligi;
1730 4861 1867 4915 sicut
1887 4873 1967 4917 cst
1991 4865 2131 4935 quod

539 4933 626 4996 ait
691 4939 992 5012 Relinquitis
1017 4944 1247 5013 graviora
1271 4943 1438 5015 Legis,
1467 4949 1858 5006 misericordiam
1879 4995 1890 5013 ,
1921 4965 1968 5008 et
1981 4933 2131 5026 judi-

553 5034 684 5089 cium
713 5031 926 5100 (Matth.
955 5048 1104 5099 χχιιι,
1129 5032 1244 5105 23).
1271 5035 1338 5090 Et
1365 5036 1490 5091 illud
1521 5040 1662 5109 quod
1689 5040 1950 5100 Jeremias
1971 5047 2128 5103 dicit:

557 5123 776 5179 Faciens
796 5125 996 5178 divitias
1012 5141 1132 5179 suas
1159 5141 1256 5180 non
1283 5143 1394 5182 cum
1416 5129 1839 5203 iudicio(Jerem.
1865 5153 1994 5202 xm,
2017 5139 2128 5214 Η).

553 5213 670 5271 Non
693 5215 784 5280 ait,
812 5215 1036 5271 Faciens
1060 5216 1272 5271 divitias
1291 5233 1414 5274 suas
1441 5237 1602 5290 pravo
1626 5225 1888 5294 injustore
1907 5213 2127 5300 judicio,

553 5306 636 5361 vel
679 5324 782 5362 non
827 5322 948 5362 cum
985 5307 1186 5378 judicio
1230 5319 1376 5366 recto
1404 5324 1494 5366 aut
1521 5313 1698 5384 justo;
1727 5319 1853 5388 sed,
1889 5339 1989 5378 ιιοιι
2015 5341 2131 5382 cum

554 5399 745 5463 iudicio
771 5414 787 5446 ν
807 5399 1060 5470 judicium
1093 5417 1200 5457 non
1225 5403 1518 5474 appellans,
1547 5407 1649 5463 nisi
1671 5411 1811 5480 quod
1842 5427 2042 5472 rectum
2067 5433 2130 5476 ac

549 5489 751 5563 justum
783 5501 882 5547 est.

623 5584 677 5640 5.
703 5581 852 5656 [νινε.
879 5581 957 5658 5.]
984 5583 1278 5659 Suscipiunt
1299 5600 1490 5646 montes
1513 5609 1690 5664 pacem
1724 5601 1930 5668 populo,
1955 5613 2004 5657 et
2027 5605 2129 5659 col-

553 5679 623 5734 les
641 5679 912 5751 justitiam.
955 5679 1160 5736 Montes
1203 5683 1432 5756 majores
1477 5699 1634 5757 sunt,
1667 5692 1832 5750 colles
1873 5697 2125 5756 minores.

553 5769 808 5828 Nimirum
833 5788 960 5841 ergo
985 5774 1042 5829 hi
1070 5785 1194 5830 sunt
1218 5793 1353 5846 quos
1379 5779 1516 5838 alius
1541 5782 1700 5842 habet
1726 5788 1996 5858 psalmus:
2019 5791 2131 5851 Pu-

618 5885 633 5914 ι
659 5882 732 5932 sic
751 5889 857 5934 uas.
873 5890 930 5936 At
948 5885 1086 5949 add”
1107 5885 1298 5940 veritas.

1803 407 1860 464 S.
1903 401 2268 463 AUGUSTINI
2307 403 2614 466 EPISCOPI
3694 435 3768 494 ωι

2251 521 2394 576 sillos
2409 540 2524 577 cum
2546 525 2760 595 magnis.
2782 527 2869 583 Isti
2893 529 3089 601 quippe
3108 543 3299 592 montes
3315 540 3662 603 multum
3675 554 3766 610 sicut

2251 615 2448 675 arietes,
2481 625 2535 670 ct
2560 617 2643 670 isti
2673 620 2825 673 calles
2850 623 2978 675 sicut
3003 626 3126 695 agni
3143 633 3328 693 ouium,
3355 632 3410 684 in
3435 637 3558 688 exitu
3578 637 3711 697 Israel
3727 665 3769 701 es

2251 701 2484 774 digpr
2515 705 2686 776 (Psal.
2708 723 2858 778 cxtlt,
2889 714 2975 773 13,
2998 716 3053 780 At,
3081 713 3156 789 l),
3184 717 3235 773 id
3254 732 3334 774 est
3363 723 3414 776 in
3447 730 3608 796 populi
3634 731 3706 790 Dei
3727 736 3768 792 li.

2251 794 2523 850 beratioue
2547 798 2614 852 ab
2641 799 2798 870 hujus
2823 805 3004 859 saeculi
3047 809 3323 867 servitute.
3370 794 3646 876 Excellenti
3677 842 3767 896 ergo

2250 889 2530 945 sanctitate
2569 895 2870 951 eminentes
2910 897 2961 952 in
3003 897 3277 971 Ecclesia,
3306 916 3518 964 montes
3542 924 3678 980 sunt;
3706 889 3767 989 qui

2250 979 2426 1034 idonei
2446 993 2568 1038 sunt
2589 995 2643 1040 et
2662 985 2798 1041 alios
2817 987 3014 1044 docere
3035 992 3054 1062 (
3067 990 3111 1046 ll
3137 991 3266 1048 Tim.
3289 1011 3348 1062 ιι,
3371 996 3450 1068 2),
3475 1000 3552 1056 sic
3566 979 3766 1074 loquendo

2250 1082 2308 1126 ut
2335 1071 2563 1130 ﬁdeliter
2585 1076 2936 1149 instruantur,
2964 1080 3043 1148 sic
3071 1083 3298 1140 vivendo
3327 1096 3391 1142 ut
3412 1071 3767 1155 salubriusrimi-

2249 1172 2431 1220 tentur
2457 1185 2472 1221 :
2501 1167 2670 1225 colles
2705 1181 2885 1227 autem
2925 1185 3051 1230 sunt
3092 1177 3304 1234 illormn
3334 1183 3681 1245 excellentiam
3702 1209 3768 1250 sua

2248 1255 2550 1312 obedientia
2595 1260 3004 1333 subsequentcs.
3035 1267 3212 1335 Quare
3237 1285 3372 1342 ergo
3397 1285 3581 1332 montes
3611 1299 3766 1350 paea,

2247 1353 2295 1398 et
2323 1346 2474 1401 colles
2493 1348 2793 1419 justitiam?
2829 1355 2911 1409 An
2941 1356 3078 1413 forte
3109 1359 3240 1415 nihil
3272 1362 3585 1433 interesset,
3612 1346 3768 1432 etiamsi

2247 1436 2316 1491 ita
2345 1438 2615 1496 diceretur
2641 1460 2654 1498 :
2678 1441 2982 1516 Suscipiunt
3007 1461 3218 1508 mortles
3241 1453 3507 1523 justitiam
3535 1465 3767 1531 papulom

2245 1530 2411 1584 colles
2438 1536 2660 1603 pacem?
2689 1535 2936 1610 Utrisque
2961 1542 3102 1597 enim
3129 1543 3358 1613 justitia,
3385 1559 3440 1604 et
3470 1554 3764 1630 utrisque-pax

2247 1627 2546 1680 necessaria
2572 1637 2657 1683 est
2680 1647 2694 1683 :
2720 1639 2775 1686 et
2802 1632 2914 1688 lteri
2943 1646 3120 1704 potest
3147 1648 3202 1692 ut
3229 1641 3339 1696 alio
3363 1647 3578 1704 nomine
3601 1664 3684 1720 pas

2247 1715 2434 1782 pellata
2459 1718 2529 1772 sit
2556 1719 2668 1790 ipsa
2693 1721 2932 1790 justitia;
2967 1725 3080 1784 lucc
3106 1740 3189 1784 est
3215 1732 3364 1788 enim
3395 1751 3524 1792 vera
3551 1715 3671 1810 pas,
3693 1715 3765 1803 non

2244 1808 2453 1876 qualem
2483 1811 2665 1880 injusti
2695 1814 2833 1869 inter
2859 1830 2919 1871 se
2949 1817 3168 1875 faciunt.
3194 1825 3274 1879 An
3304 1828 3482 1894 potius
3504 1808 3767 1895 cumdistin-

2243 1901 2420 1956 ctione
2447 1917 2552 1957 nou
2581 1909 2972 1964 contemnenda
3002 1911 3409 1985 intelligendum
3441 1931 3523 1976 est
3547 1927 3666 1994 quod
3689 1931 3765 1998 ait,

2244 1988 2443 2047 Montes
2469 2011 2667 2065 pacem,
2695 2007 2740 2052 et
2762 2001 2914 2056 colles
2931 2003 3232 2074 justitiam?
3261 1988 3597 2073 Excellentes
3624 1988 3768 2094 quippe

2242 2082 2296 2138 in
2327 2085 2581 2153 Ecclesia,
2616 2090 2728 2156 paci
2775 2091 2969 2149 debent
3011 2097 3246 2168 vigilanti
3292 2103 3586 2166 intentione
3617 2082 3766 2170 causa.

2241 2175 2386 2242 lere;
2418 2194 2484 2234 ne
2528 2191 2747 2251 propter
2770 2201 2896 2240 suos
2934 2187 3169 2248 honores
3191 2199 3430 2266 superbe
3449 2205 3641 2271 agendo
3662 2209 3766 2264 sebi.

2241 2281 2410 2325 smata
2439 2272 2636 2329 faciant
2653 2318 2670 2340 ,
2699 2278 2917 2336 unitatis
2941 2297 3198 2356 compage
3220 2287 3489 2361 disrupta.
3517 2294 3674 2356 Colles
3691 2316 3761 2358 atto

2241 2370 2347 2417 tem
2377 2363 2444 2419 ita
2471 2381 2566 2422 eos
2603 2369 2862 2429 imitando
2887 2383 2940 2430 et
2965 2375 3265 2436 obediendo
3307 2384 3696 2458 subsequantur,
3725 2403 3764 2451 ut

2239 2454 2318 2510 eis
2367 2456 2637 2514 Christum
2688 2472 3043 2532 anteponant;
3093 2485 3160 2524 ne
3207 2454 3760 2550 malorum—montium,

2239 2549 2488 2618 quoniam
2516 2551 2764 2609 videntur
2787 2559 3074 2629 excellere,
3097 2579 3228 2619 vana
3250 2571 3572 2629 auctoritate
3587 2575 3762 2643 seducti,

2239 2653 2299 2696 se
2317 2656 2346 2696 a
2367 2641 2564 2710 Christi
2591 2648 2790 2702 unitate
2811 2650 3162 2723 disrumpant.
3189 2657 3314 2715 Ideo
3336 2661 3532 2717 dictum
3553 2677 3627 2721 est
3646 2641 3762 2724 :Sss;

2238 2734 2428 2806 cipiunt
2457 2748 2649 2792 montes
2675 2757 2848 2808 pacem
2875 2745 3082 2813 populo.
3140 2748 3324 2805 Dicant
3362 2755 3572 2822 quidem
3603 2756 3762 2812 :ltnittt-

2238 2834 2371 2879 tores
2400 2827 2495 2880 mei
2519 2838 2694 2895 estote,
2719 2833 2847 2886 sicut
2876 2842 2922 2888 et
2945 2849 3038 2906 ego
3059 2835 3245 2892 Christi
3267 2840 3288 2914 (
3304 2843 3318 2893 Ι
3343 2840 3460 2898 Cor.
3491 2861 3569 2913 ιι,
3600 2847 3660 2918 l).
3685 2848 3758 2903 Sed

2237 2931 2421 2972 rursus
2451 2917 2628 2974 dicunt
2653 2939 2666 2974 :
2691 2920 2830 2978 Licet
2854 2924 2900 2978 si
2924 2942 3017 2982 nos
3035 2969 3050 2994 ,
3088 2939 3176 2984 aut
3206 2933 3423 3002 angelus
3445 2935 3508 2988 de
3532 2917 3642 2992 ca'lo
3663 2939 3760 2994 vobis

2237 3013 2607 3064 annuntiaverit
2634 3024 2965 3086 praeterquam
2990 3021 3126 3090 quod
3150 3027 3439 3093 accepistis,
3469 3033 3702 3084 anathema
3715 3033 3760 3086 sit

2239 3101 2361 3172 (Gal
2406 3120 2452 3169 ι,
2483 3103 2559 3176 8).
2591 3106 2778 3162 Dicant
2803 3109 2960 3164 etiam
2991 3130 3006 3166 :
3033 3111 3296 3181 Numquid
3331 3115 3529 3174 Paulus
3564 3140 3643 3190 pro
3663 3123 3759 3176 vobis

2237 3195 2506 3261 cruci/imus
2531 3207 2622 3263 est,
2643 3211 2728 3252 aut
2750 3200 2800 3255 in
2823 3203 3026 3257 nomine
3047 3201 3200 3260 Pauli
3221 3207 3466 3275 baptismi
3486 3211 3594 3266 estis
3614 3211 3655 3284 (Ι
3673 3212 3756 3266 Cor.

2237 3301 2284 3350 I,
2317 3287 2438 3354 l3)?
2466 3286 2538 3340 Ita
2567 3292 2842 3361 suscipiant
2869 3311 3042 3362 pacem
3074 3300 3262 3366 p0pulo
3298 3301 3393 3356 Dei
3412 3343 3428 3363 .
3462 3302 3510 3356 id
3538 3313 3640 3370 est,
3663 3320 3758 3372 ptu-

2239 3379 2452 3446 poribus
2489 3381 2610 3446 Dei;
2645 3399 2746 3438 non
2778 3385 2904 3448 illis,
2933 3387 3024 3440 sed
3053 3403 3172 3444 cum
3206 3391 3310 3448 illis
3342 3410 3562 3464 regnare
3587 3399 3758 3465 cupien-

2237 3477 2335 3522 tes.
2383 3469 2460 3525 Illi
2488 3487 2698 3542 th0'|tlc
2727 3490 2830 3529 non
2855 3477 3067 3545 dicant,
3097 3479 3208 3551 Ego
3231 3499 3346 3537 sum
3374 3485 3556 3550 Pauli,
3581 3505 3658 3556 ego
3677 3505 3755 3540 suis

2237 3561 2438 3630 Apollo,
2469 3579 2560 3632 ego
2584 3580 2695 3618 vero
2718 3565 2934 3635 Cepluc;
2963 3569 3056 3623 sed
3095 3587 3284 3628 omnes
3322 3574 3505 3632 dicant
3527 3596 3540 3631 :
3565 3576 3660 3649 Ego
3678 3595 3756 3632 suis

2233 3649 2424 3706 Christi
2453 3653 2638 3722 (llud,
2671 3657 2790 3727 l2).
2822 3658 2946 3714 llasc
2973 3672 3055 3716 est
3076 3663 3279 3731 justitia
3307 3683 3320 3719 :
3349 3683 3455 3722 nou
3494 3679 3756 3740 anteponere

2235 3758 2421 3800 servos
2445 3746 2688 3809 Domino,
2709 3765 2806 3803 nec
2827 3766 3067 3820 aequare;
3097 3755 3166 3808 ita
3191 3757 3374 3814 levare
3393 3763 3568 3815 oculos
3586 3761 3630 3814 iu
3650 3778 3754 3817 mou-

2237 3848 2314 3892 tes
2360 3842 2500 3893 unde
2542 3845 2716 3896 veniat
2762 3844 3016 3898 auxilium
3061 3848 3190 3914 sibi,
3237 3861 3293 3904 ut
3335 3860 3512 3909 tamen
3553 3854 3751 3908 auxilium

2235 3944 2388 3983 suum
2413 3948 2516 3984 nou
2545 3944 2761 4000 sperent
2783 3951 2811 3987 a
2840 3937 3127 4002 montibus,
3153 3942 3245 3994 sed
3270 3959 3297 3992 ιι
3331 3941 3551 3998 Domino
3566 3943 3640 4013 qui
3663 3942 3752 3997 iecit

2235 4024 2426 4077 malum
2459 4032 2511 4076 et
2541 4034 2734 4078 terram
2769 4024 2942 4094 (Psal.
2964 4042 3089 4089 cxx,
3117 4031 3167 4094 l,
3192 4030 3272 4101 2).

2307 4113 2358 4167 6.
2393 4115 2567 4168 Potest
2599 4125 2652 4169 et
2681 4117 2756 4170 sic
2783 4119 3294 4179 convenientissima
3341 4126 3556 4197 intelligi
3577 4169 3590 4190 ,
3613 4125 3748 4182 Susci-

2237 4205 2376 4272 piant
2409 4218 2596 4260 montes
2624 4224 2796 4275 pacem
2822 4212 3030 4280 populo,
3068 4225 3116 4263 ut
3155 4230 3336 4281 pacem
3375 4217 3689 4287 intelligamus
3711 4216 3744 4268 in

2235 4298 2666 4356 recnnciliatione
2684 4317 2785 4370 qua
2809 4301 2917 4358 Deo
2934 4306 3372 4363 reconciliantur:
3396 4307 3744 4378 moutesquippc

2235 4404 2350 4443 eam
2378 4391 2664 4458 suscipiunt
2699 4393 2894 4461 popttlo
2919 4394 3054 4465 ejuw.
3100 4397 3209 4454 Hoc
3238 4399 3520 4469 Apostolus
3541 4401 3600 4454 ita
3631 4409 3744 4454 testa-

2238 4488 2356 4534 tur:
2395 4479 2570 4534 Vetera
2613 4485 2956 4549 transierunt;
2979 4503 3092 4541 ecce
3131 4491 3267 4559 facta
3305 4503 3423 4546 sunt
3457 4488 3744 4546 novamnmis

2235 4581 2399 4624 autem
2430 4587 2491 4652 ea
2521 4573 2624 4626 Deo
2643 4615 2658 4638 ,
2695 4575 2784 4646 qui
2812 4578 3144 4632 reconciliavit
3173 4597 3262 4635 nos
3289 4583 3383 4636 sibi
3414 4601 3501 4652 per
3523 4581 3740 4644 Christum,

2236 4673 2280 4718 et
2310 4663 2444 4717 dedit
2475 4665 2615 4719 nobis
2647 4668 2978 4722 ministerium
3017 4673 3461 4730 reconciliationis.
3507 4674 3624 4729 Ecce
3645 4684 3741 4740 quo-

2237 4757 2395 4810 modo
2440 4760 2738 4828 snst'ipimtt
2781 4774 2988 4818 montes
3035 4780 3218 4836 pacem
3267 4769 3460 4837 populo
3492 4769 3608 4837 ejus.
3645 4763 3739 4816 Dm

2235 4851 2364 4904 enim
2410 4863 2514 4904 erat
2561 4853 2611 4905 in
2652 4851 2882 4920 Christo,
2914 4857 3155 4910 mundum
3183 4861 3508 4914 reconcilians
3531 4857 3642 4920 sibi;
3669 4867 3737 4906 ιιοιι

2235 4955 2473 5015 reputans
2499 4944 2602 4998 illis
2631 4946 2812 4999 delicta
2842 4963 3036 5013 eorum,
3066 4959 3110 5003 et
3140 4967 3332 5022 ponens
3361 4953 3410 5006 in
3439 4949 3568 5005 nobis
3589 4946 3735 5000 verbm

2234 5038 2674 5092 reconciliationis.
2711 5039 2764 5094 In
2795 5041 3004 5112 quibus,
3030 5043 3128 5098 nisi
3155 5044 3206 5099 in
3245 5047 3504 5100 montibus
3527 5045 3599 5115 qui
3617 5038 3736 5094 susci-

2235 5129 2386 5199 piunt
2415 5146 2595 5197 pacem
2629 5133 2824 5202 populo
2851 5133 3008 5206 ejus?
3034 5135 3296 5205 Quocirca
3327 5139 3476 5209 legati
3507 5137 3628 5205 pacis
3647 5131 3733 5186 sult-

2233 5231 2520 5292 scqucntcr
2549 5221 2864 5293 adiungunt,
2892 5237 2945 5281 et
2975 5227 3157 5282 dicunt
3181 5247 3194 5283 :
3226 5227 3334 5284 Pro
3362 5229 3548 5285 Christo
3567 5241 3660 5295 ergo
3681 5220 3734 5273 ιι-

2232 5313 2434 5386 gatioue
2465 5316 2742 5388 fungimur,
2779 5327 3018 5388 tanquam
3067 5319 3170 5374 Deo
3210 5322 3498 5378 exhortante
3531 5335 3606 5390 per
3641 5324 3728 5372 11οεὶ

2235 5407 2546 5459 (δὺδίτναιηιεδ
2581 5424 2672 5478 pro
2701 5406 2898 5464 Christo
2929 5411 3246 5468 reconciliari
3268 5413 3374 5468 Deo
3398 5413 3417 5486 (
3434 5412 3470 5466 ll
3491 5411 3590 5467 Cor.
3613 5422 3653 5468 ι’»
3673 5401 3728 5457 ‘7'

2234 5497 2304 5552 20
2399 5496 2545 5552 Hanc
2573 5515 2754 5569 pacem
2781 5502 3074 5571 suscipiunt
3106 5513 3311 5560 montes
3339 5504 3521 5575 populo
3545 5498 3662 5570 (δίης.
3690 5487 3725 5545 id

2233 5600 2335 5655 est,
2371 5590 2802 5660 praedicationem
2835 5592 3257 5668 legationemque
3287 5598 3421 5666 pacis
3445 5593 3546 5664 ejus
3571 5609 3582 5644 :
3605 5583 3722 5684 colles

2232 5693 2411 5738 autem
2437 5683 2727 5753 justitiam;
2773 5685 2876 5741 hoc
2914 5696 2996 5742 est
3033 5687 3413 5757 obedientiam,
3441 5684 3560 5759 quod
3683 5683 3719 5775 ξη

2236 5778 2539 5834 hominibus
2565 5790 2618 5833 et
2648 5781 2698 5834 in
2729 5781 2872 5835 omni
2913 5781 3157 5839 rationali
3183 5795 3414 5840 creatura
3438 5778 3588 5836 omnis
3604 5773 3720 5843 jusur

2232 5873 2320 5929 tite
2345 5875 2492 5945 origo
2519 5884 2676 5946 atque
2703 5875 2988 5948 perfectio;
3033 5877 3100 5934 ita
3142 5887 3195 5934 ut
3239 5879 3450 5936 duorum
3478 5871 3715 5933 ιιοωιωω,
