3966 6456
192 504 250 565 id
275 510 378 567 est.
407 502 578 561 Adam
603 501 693 574 qui
719 500 818 556 fuit
838 504 999 569 caput
1022 498 1210 554 mortis
1233 509 1432 555 nostrae
1449 540 1464 563 ,
1493 508 1547 556 et
1574 498 1773 559 Christi

191 596 281 668 qui
305 604 390 653 est
415 602 576 665 caput
596 592 786 648 salutis
813 600 1008 644 nostra:
1028 628 1044 651 ,
1091 587 1205 644 hmo
1228 591 1635 647 conunendetnr
1661 607 1774 647 ma-

190 704 294 762 gna
320 685 592 743 distinctio
617 703 630 741 :
652 686 773 757 quia
800 684 932 738 sicut
974 699 1065 752 per
1093 683 1480 737 inoltedientium
1506 683 1656 739 unius
1681 684 1774 739 Ito-

190 779 343 835 asinis
360 819 376 841 ,
409 787 693 846 peccatores
718 775 979 831 constituti
1006 784 1123 829 sunt
1150 774 1301 828 multi
1316 790 1336 835 ;
1364 774 1436 828 ita
1460 784 1508 830 et
1537 791 1627 843 per
1653 774 1773 830 obe.

190 875 435 930 dientiam
459 873 607 927 unius
631 870 871 933 hominis,
893 870 1025 940 justi
1042 869 1407 923 constituentur
1430 867 1575 922 multi
1593 867 1770 937 (llam.

191 980 250 1029 γ.
280 963 393 1032 19).
417 961 718 1032 Suscipiunt
735 974 874 1031 ergo
901 968 1093 1014 montes
1116 974 1290 1029 pacem
1317 957 1527 1028 populo,
1552 968 1598 1012 et
1621 959 1775 1013 colles

181 1055 474 1129 justitiam;
501 1061 562 1109 ut
587 1053 688 1109 hoc
711 1052 872 1108 modo
897 1052 1138 1120 utrisque
1164 1048 1613 1106 concordantibus
1630 1091 1647 1114 ,
1682 1048 1775 1105 liat

186 1145 332 1219 quod
369 1144 627 1215 scriptum
665 1151 783 1209 est,
812 1140 1026 1197 Iustitia
1061 1150 1110 1195 et
1162 1155 1266 1209 pus:
1306 1138 1547 1194 osculata:
1572 1150 1693 1194 sunt
1720 1155 1774 1195 se

187 1238 363 1311 (Psul.
390 1252 622 1303 Lxxxtv,
646 1237 707 1292 ll
733 1237 770 1307 ).
805 1234 958 1302 Quod
996 1248 1127 1288 vero
1166 1232 1254 1288 alii
1284 1231 1497 1288 codices
1536 1230 1767 1299 habent,

185 1331 488 1403 Suscipiunt
516 1338 709 1385 montes
732 1344 906 1400 pacem
937 1328 1125 1397 populo
1151 1367 1168 1392 ,
1211 1335 1259 1380 et
1294 1323 1451 1379 colles
1476 1332 1772 1396 :utrosque

185 1425 572 1496 praedicatores
616 1421 934 1491 evangelicae
985 1419 1131 1489 pacis
1187 1415 1557 1487 intelligendos
1607 1424 1767 1485 puto;

185 1520 305 1576 sive
347 1515 747 1589 praecedentes,
791 1513 904 1569 sive
946 1512 1351 1581 subsequentes.
1398 1508 1452 1564 lu
1487 1507 1569 1564 his
1592 1519 1768 1564 autem

183 1610 464 1668 codicibus
488 1606 616 1662 illud
637 1605 879 1675 sequitur
902 1623 914 1658 :
946 1602 1008 1657 In
1019 1602 1226 1674 justitia
1245 1601 1495 1673 judicubit
1522 1617 1772 1672 pauperes

184 1700 384 1774 populi.
408 1697 513 1755 Sed
535 1696 610 1752 illi
633 1695 801 1765 magis
824 1694 1038 1750 cadit-es
1056 1693 1439 1765 approbantur,
1462 1695 1551 1763 qui
1573 1693 1772 1748 habent

183 1788 330 1862 quod
355 1803 513 1859 supra
539 1788 903 1858 exposuimus,
934 1784 1225 1855 Suscipiunt
1251 1791 1443 1837 montes
1476 1800 1649 1853 pacem
1675 1800 1770 1853 po-

185 1882 333 1954 pulo,
359 1890 408 1936 et
433 1880 587 1935 colles
604 1879 882 1950 Justitiam.
912 1875 1090 1948 Aliqui
1116 1885 1294 1930 autem
1325 1874 1550 1939 habent,
1581 1873 1770 1944 populo

184 1982 313 2039 tuo;
340 1972 504 2045 aliqui
533 1987 638 2028 non
667 1970 866 2026 habent
889 1980 997 2034 tuo,
1030 1967 1124 2024 sed
1158 1966 1525 2024 tantummodo
1557 1968 1767 2040 papula.

259 2067 313 2120 7.
341 2062 494 2140 [νινε.
516 2061 598 2138 4.]
623 2061 887 2118 ludicabit
912 2077 1156 2132 pauperes
1185 2058 1363 2131 populi
1380 2099 1396 2121 .
1422 2068 1470 2115 et
1492 2060 1658 2115 salvos
1682 2058 1768 2129 {a-

183 2158 285 2214 ciet
310 2157 446 2228 filios
466 2170 768 2226 pauperum.
797 2153 1069 2222 Paupercs
1088 2161 1145 2207 et
1173 2151 1267 2207 lilii
1290 2165 1580 2222 pauperum
1609 2150 1768 2207 iidem

184 2250 289 2321 ipsi
317 2247 446 2306 mihi
474 2247 754 2314 videntur;
795 2244 935 2302 sicut
971 2243 1160 2301 eadem
1204 2244 1393 2300 civitas
1419 2253 1502 2299 est
1543 2242 1671 2302 Sion
1714 2254 1772 2302 et

185 2343 294 2400 [ilia
314 2341 464 2400 Sion.
484 2340 540 2397 Si
562 2351 741 2397 autem
762 2337 1064 2394 distinctius
1089 2335 1490 2409 intelligendum
1510 2347 1623 2400 est;
1642 2353 1771 2408 pau-

185 2451 329 2509 peres
353 2435 667 2504 accipimus,
691 2441 917 2497 montes;
945 2429 1080 2500 [ilius
1113 2437 1291 2485 autem
1317 2443 1599 2499 pauperum
1616 2468 1633 2493 ,
1658 2428 1769 2484 col-

186 2532 261 2587 les
279 2546 301 2586 :
325 2529 470 2585 velut
495 2526 790 2598 Prophetas
809 2535 968 2596 atque
989 2522 1295 2594 Apostolos,
1326 2536 1606 2595 pauperes;
1634 2520 1770 2577 ﬁlios

185 2631 364 2678 autem
389 2633 601 2687 eorum,
632 2617 685 2672 id
712 2625 817 2681 est,
844 2616 931 2686 qui
961 2615 1063 2669 sub
1088 2627 1275 2669 eorum
1302 2614 1621 2669 auctoritate
1647 2625 1771 2683 pro-

188 2711 394 2777 ﬁciunt,
419 2710 554 2780 filios
583 2722 882 2779 pauperum.
904 2702 1058 2774 Quod
1090 2715 1219 2759 vero
1246 2716 1404 2771 supra
1433 2701 1631 2758 dictum
1660 2712 1766 2767 est,

186 2802 470 2868 ludit-abit,
491 2811 546 2856 et
569 2811 775 2872 postea,
799 2798 964 2853 salvos
982 2797 1153 2870 faciet,
1177 2796 1420 2866 quaedam
1444 2796 1588 2850 velut
1605 2811 1771 2867 expo-

188 2898 315 2954 sitio
340 2904 424 2951 est
446 2892 715 2967 quomodo
734 2889 1015 2963 iudicabit.
1064 2889 1143 2943 Ad
1177 2889 1276 2942 hoc
1302 2887 1446 2944 enim
1476 2886 1765 2958 judicabit,

190 2997 251 3044 ut
294 2985 470 3043 salvos
514 2982 706 3050 faciat,
736 2979 787 3036 id
828 2988 944 3044 est,
971 2995 1000 3033 ει
1030 2975 1315 3051 perdendis
1343 2977 1771 3047 damnandisque

189 3077 494 3143 discernat,
520 3073 716 3147 quibus
743 3072 907 3128 donat
930 3070 1158 3126 salutem
1196 3080 1432 3140 paratam
1459 3071 1684 3127 revelari
1717 3072 1768 3126 in

194 3177 435 3238 tempore
462 3165 754 3221 novissimo
782 3162 835 3238 (l
866 3160 1005 3217 Pelr.
1031 3178 1068 3228 ι,
1090 3162 1171 3232 5).
1196 3162 1236 3216 A
1261 3161 1453 3217 talibus
1472 3161 1670 3233 quippe
1696 3163 1770 3220 illi

189 3260 404 3322 dicitur,
425 3257 508 3329 Ne
527 3255 826 3330 compertius
845 3272 957 3310 cum
978 3254 1148 3325 impiis
1167 3253 1388 3306 animum
1411 3270 1572 3307 meum
1596 3252 1767 3326 (Psal.

191 3366 325 3415 xxv,
348 3350 436 3422 9);
460 3358 537 3416 et,
556 3346 745 3403 Iudico
763 3363 863 3414 me,
890 3344 1046 3411 Deus,
1061 3354 1108 3399 et
1128 3342 1355 3399 discerne
1375 3360 1585 3399 causam
1606 3361 1771 3399 meum

188 3444 252 3498 de
291 3450 438 3514 gente
479 3456 581 3494 non
618 3447 794 3494 sancta
826 3435 995 3506 (Psal.
1031 3450 1175 3500 XLII,
1206 3436 1280 3502 l).
1312 3432 1769 3490 Considerandum

186 3534 348 3589 etiam
394 3529 537 3601 quod
582 3543 690 3585 non
714 3526 1114 3595 ait,Jndieabit
1160 3540 1442 3596 pauperem
1477 3526 1768 3596 populum;

186 3625 306 3691 sed,
336 3637 579 3695 pauperes
605 3619 802 3691 papuli.
831 3616 1001 3689 Supra
1032 3617 1173 3673 enim
1206 3618 1292 3672 ubi
1318 3617 1492 3681 dixit,
1521 3615 1773 3672 Judicare

188 3716 437 3789 populum
464 3723 606 3767 tuum
634 3711 689 3766 in
712 3709 937 3785 justitia,
967 3719 1017 3765 et
1042 3724 1288 3779 pauperes
1314 3716 1427 3761 tuos
1455 3707 1506 3761 in
1527 3708 1731 3779 judicio
1749 3749 1767 3775 ,

188 3808 440 3865 eumdem
469 3806 606 3863 dixit
645 3803 899 3877 populum
938 3802 1029 3859 Dei
1069 3818 1204 3874 quos
1245 3816 1506 3872 pauperes
1531 3801 1679 3870 ejus;
1717 3801 1769 3857 id

186 3911 295 3967 est,
320 3897 687 3955 tantummodo
715 3897 885 3951 bonos
906 3905 958 3950 et
988 3894 1053 3949 ad
1083 3895 1354 3950 dexteram
1384 3902 1583 3964 partem
1611 3895 1773 3966 perti-

187 4002 403 4050 nentes.
425 3990 560 4061 Quia
586 4004 714 4044 vero
736 3989 788 4044 in
813 3989 914 4042 hoc
935 3987 1130 4043 sa-cnlo
1152 3986 1308 4042 simul
1337 3987 1511 4042 dextri
1543 3986 1769 4042 sinistri-

185 4103 297 4162 que
339 4094 646 4159 pascuntur,
675 4085 763 4154 qui
806 4082 951 4137 velut
986 4081 1107 4153 agni
1138 4090 1192 4134 et
1221 4079 1356 4135 lltl‘dl
1391 4081 1441 4134 iu
1476 4079 1581 4135 liae
1609 4094 1768 4150 sepa-

186 4170 343 4237 randi
372 4186 496 4233 sunt
518 4173 734 4247 (Matth.
761 4189 885 4238 xxv,
914 4170 1058 4244 52);
1092 4180 1261 4226 totum
1289 4171 1425 4226 sicut
1450 4170 1771 4225 commixtus

185 4281 274 4330 est
296 4273 336 4340 ⁸,
365 4269 580 4326 nomine
622 4266 803 4340 populi
846 4264 1191 4334 nuncupavit.
1237 4264 1299 4318 Et
1346 4264 1466 4334 quia
1511 4262 1768 4331 judicium

187 4363 353 4441 etiam
382 4360 467 4417 hic
499 4360 552 4415 in
579 4359 721 4415 bono
747 4357 932 4429 ponit,
960 4354 1011 4411 id
1036 4364 1148 4422 Cal,
1174 4353 1241 4409 ad
1264 4355 1439 4408 salvus
1464 4351 1768 4419 faciendos;

188 4456 315 4514 ideo
334 4456 430 4524 ait,
451 4452 715 4507 Judicabit
744 4468 990 4522 pauperes
1020 4452 1194 4522 populi
1217 4466 1236 4504 :
1260 4448 1309 4504 id
1337 4461 1438 4515 est,
1468 4465 1561 4505 eos
1586 4447 1652 4502 ad
1679 4463 1767 4504 sa-

186 4548 356 4604 lutem
398 4545 701 4608 discernet,
739 4543 831 4613 qui
860 4552 985 4597 sunt
1014 4541 1064 4595 in
1098 4540 1296 4613 populo
1325 4555 1608 4612 pauperes.
1650 4536 1767 4594 lam

186 4640 283 4712 qui
311 4638 418 4695 sint
441 4648 703 4707 pauperes
730 4648 891 4699 supra
919 4631 1260 4699 exposuimus
1286 4630 1362 4704 (a)
1388 4649 1400 4684 :
1437 4633 1534 4685 bos
1558 4637 1615 4685 et
1642 4644 1770 4700 ege-

188 4746 296 4791 nos
322 4727 700 4799 intelligamus.
727 4722 793 4780 Et
814 4723 1095 4779 ltumiliubit
1116 4721 1548 4777 calumniatorem.
1581 4720 1772 4777 Nullus

188 4823 390 4882 melius
430 4832 591 4893 quam
636 4814 881 4873 diabolus
926 4813 1012 4869 hic
1055 4813 1408 4868 calumniator
1444 4810 1767 4882 agnoscitur.

188 4910 468 4972 Calumnia
503 4908 619 4980 ejus
653 4915 738 4964 est
769 4923 784 4962 :
817 4903 1082 4974 Numquid
1121 4903 1278 4973 gratis
1315 4902 1433 4956 colit
1467 4899 1569 4955 Job
1610 4899 1774 4956 Deum

193 5004 318 5079 (Job
348 5020 401 5069 ι,
435 5001 528 5074 9)?
582 5000 835 5058 Humiliat
875 5008 1051 5054 autem
1095 4997 1243 5053 illum
1290 4995 1543 5050 Dominus
1581 4994 1767 5060 lesus,

186 5097 363 5170 gratia
390 5108 485 5151 sua
513 5107 640 5149 suos
666 5092 955 5161 adjuvans,
985 5098 1043 5144 nt
1067 5087 1235 5160 gratis
1264 5086 1433 5143 Deum
1462 5086 1678 5151 colant,
1718 5085 1772 5142 id

189 5199 298 5254 est,
329 5188 663 5247 delectentur
692 5185 747 5242 in
776 5183 1001 5239 Domino
1032 5180 1204 5254 (Psal.
1229 5194 1386 5236 xxxv:
1409 5220 1423 5244 ,
1451 5179 1541 5250 ι).
1585 5178 1772 5235 Humi-

190 5281 351 5341 liavit
394 5278 555 5336 etiam
599 5274 863 5347 siczquia
900 5289 1021 5330 eum
1062 5272 1116 5327 in
1164 5288 1229 5328 eo
1271 5269 1536 5334 diabolus,
1571 5268 1623 5325 id
1668 5277 1772 5337 est,

194 5376 449 5447 princeps
490 5371 649 5442 hujus
697 5368 879 5425 mundi
923 5366 1054 5424 nihil
1101 5365 1393 5422 invenisset
1440 5362 1631 5436 (Iona.
1662 5377 1772 5430 xiv,

190 5464 314 5539 30),
333 5461 529 5521 occidit
555 5476 650 5533 per
665 5457 956 5516 calumnias
974 5456 1280 5512 .lud;eorum
1298 5470 1312 5516 ;
1332 5454 1524 5525 quibus
1546 5463 1625 5508 est
1647 5465 1777 5508 usus

194 5555 557 5615 calumniator
582 5559 834 5623 tanquam
859 5549 999 5605 vasis
1028 5548 1159 5614 suis,
1187 5561 1421 5618 operans
1444 5546 1497 5600 in
1526 5545 1648 5599 (iliis
1669 5543 1774 5599 dif-

194 5648 435 5706 ﬁdentia:
457 5644 678 5720 (Ephu.
701 5660 760 5711 ιι,
778 5642 856 5716 2).
888 5642 1206 5699 Humiliatus
1233 5651 1319 5699 est
1342 5639 1507 5710 enim,
1534 5638 1659 5711 quia
1684 5638 1776 5695 ille

263 5810 280 5840 ⁸
305 5807 380 5857 Sic
400 5813 507 5857 Mss.
534 5810 588 5856 At
604 5801 743 5863 ωδ..
763 5796 1176 5853 conmtithnest.

260 5867 336 5932 (a)
355 5877 522 5932 supra,
544 5879 594 5916 ιι.
617 5865 667 5916 3.

481 5953 704 6012 Ssacr.
757 5949 1028 6009 Aususr.
1078 5943 1183 6005 IV.

1274 382 1675 444 ENARRATIO
1710 384 1782 445 IN
1815 387 2143 450 PSALIIUM
2179 389 2368 449 LXXI.

2788 334 2925 351 διον-η.
2944 337 2959 341 -ν
2994 342 2995 345 η
3031 337 3050 343 -

2802 362 2811 371 .
2868 354 2988 370 θη.»
3044 363 3064 373 ..

3350 402 3462 463 906

1882 521 2041 578 quem
2068 506 2379 564 occiderant
2400 511 2714 579 resurrexit,
2737 520 2792 571 et
2814 529 3040 589 regnum
3069 516 3288 574 abstulit
3314 534 3463 577 mor-

3521 512 3552 539 Α

3522 542 3557 579 3.9

1881 597 1979 662 tis;
2005 600 2162 671 cujus
2189 600 2279 658 ille
2302 611 2620 671 poteSIatem
2647 605 2717 661 ita
2736 608 2955 677 gerebat
2976 650 2991 671 ,
3024 619 3079 664 ut
3117 625 3180 664 ex
3212 626 3317 666 uno
3357 610 3458 667 ho-
3507 594 3557 677 ἑὲ

1880 696 2024 751 mine
2043 712 2202 767 quem
2222 696 2528 769 deceperat,
2550 714 2739 755 omnes
2758 716 2852 770 per
2875 712 3099 759 mortem
3131 705 3367 762 traheret
3388 706 3459 763 ad

1877 787 2400 845 condemnationem.
2423 790 2527 845 Sed
2561 790 2867 847 humiliatus
2884 804 2999 854 est;
3030 798 3280 865 quoniam
3313 798 3358 852 si
3386 799 3458 852 ob

1879 880 2037 935 unius
2053 879 2308 936 delictum
2336 898 2480 937 mors
2508 884 2748 954 regnavit
2775 900 2872 954 per
2895 902 3080 949 unum,
3098 887 3265 943 multo
3286 892 3458 961 magis

1876 970 1965 1044 qni
1997 969 2376 1028 abundantiam
2403 974 2587 1045 gratiae
2614 974 2906 1044 etjnstitiaa
2929 978 3233 1048 accipiunt,
3270 980 3322 1035 in
3350 984 3459 1038 vita

1877 1062 2186 1163 regii-abuttt-
2340 1079 2502 1163 unum
2533 1064 2716 1163 lesnm
2744 1066 3015 1163 Christum
3044 1070 3221 1138 (Rom.
3256 1087 3313 1135 ν,
3347 1072 3457 1139 17),
3486 1092 3498 1163 ί

1876 1155 1965 1227 qui
1999 1154 2309 1210 humiliavit
2333 1155 2797 1222 calumniatorem,
2825 1158 2952 1214 falsa
2974 1160 3219 1225 crimina,
3244 1161 3458 1231 iniquos

1868 1244 2098 1318 iudices,
2114 1245 2277 1303 [uisos
2302 1256 2487 1314 testes,
2503 1258 2561 1302 ut
2588 1264 2708 1304 eum
2743 1251 3025 1318 perderent
3053 1253 3450 1308 immittentcm.

1945 1339 1999 1396 8.
2031 1337 2184 1412 [verm
2207 1337 2286 1414 5.]
2316 1340 2380 1395 Et
2418 1341 2723 1409 permanebit
2746 1342 2840 1396 soli
2860 1383 2875 1408 ,
2900 1342 2982 1397 vel
3011 1346 3315 1413 permanebit
3342 1363 3458 1401 cum

1874 1430 1998 1486 sole.
2025 1429 2116 1487 Sic
2142 1431 2284 1488 enim
2311 1432 2503 1488 melius
2532 1433 2990 1504 interpretandum
3028 1434 3245 1504 quidam
3285 1438 3456 1493 nostri

1873 1535 2210 1594 putaverunt,
2238 1524 2380 1596 quod
2420 1527 2473 1581 in
2500 1541 2674 1595 graeco
2713 1536 2792 1581 est
2831 1543 3199 1597 συμπαραμινιῖ.
3229 1527 3381 1593 Quod
3409 1530 3454 1584 si

1874 1614 2038 1672 latine
2078 1632 2184 1672 uno
2205 1616 2368 1674 verba
2394 1615 2498 1672 dici
2529 1626 2741 1687 posset,
2771 1617 3230 1686 compermanehit
3269 1618 3456 1674 dicen-

1873 1705 1999 1762 dum
2030 1716 2175 1764 esset
2200 1725 2215 1762 :
2246 1707 2369 1764 ideo
2396 1708 2517 1777 quia
2548 1708 2709 1763 latine
2734 1707 2952 1763 verbum
2986 1724 3091 1764 non
3120 1719 3294 1778 potest
3317 1710 3453 1778 dici;

1873 1808 1933 1855 ιιι
1957 1800 2145 1856 saltem
2174 1800 2439 1857 sententia
2460 1800 2874 1871 exprimeretur,
2897 1800 3097 1855 dictum
3123 1809 3226 1868 cst,
3251 1818 3455 1871 permu-

1872 1891 2004 1945 nebit
2043 1906 2156 1945 cum
2197 1890 2321 1946 sole.
2371 1890 2511 1947 Nihil
2539 1901 2621 1947 est
2648 1892 2791 1947 enim
2819 1890 2962 1945 aliud
3001 1891 3459 1962 compermancbit

1872 1981 1993 2046 soli,
2025 1996 2182 2051 quam
2211 1982 2520 2049 permanebit
2543 1998 2658 2035 cum
2682 1981 2806 2037 sole.
2835 1980 2971 2049 Quid
2996 1991 3172 2037 autem
3206 1997 3457 2054 magnum

1872 2082 1956 2131 est
1998 2088 2316 2144 permanere
2359 2089 2481 2130 cum
2531 2075 2648 2131 sole
2694 2074 2743 2130 ei
2796 2090 2892 2145 per
2945 2089 3104 2144 quem
3152 2076 3288 2132 facta
3331 2085 3459 2132 sunt

1872 2166 2074 2231 omnia,
2103 2177 2159 2222 et
2181 2167 2298 2222 sine
2321 2182 2428 2238 quo
2454 2165 2650 2223 factum
2677 2176 2759 2222 est
2787 2165 2920 2221 nihil
2948 2164 3127 2241 (Ioan.
3158 2183 3208 2231 ι,
3238 2167 3294 2239 3)
3314 2186 3330 2235 ;
3354 2168 3459 2226 nisi

1872 2256 1995 2328 quia
2024 2256 2138 2313 haec
2162 2259 2439 2330 prophetia
2468 2268 2685 2328 propter
2704 2273 2800 2313 eos
2825 2258 3103 2327 praetulissa
3124 2266 3228 2323 est,
3250 2258 3341 2329 qui
3367 2274 3459 2330 pu-

1875 2355 1990 2403 tant
2030 2347 2343 2420 religionem
2381 2348 2614 2405 nominis
2642 2347 2918 2404 christiani
2948 2364 3117 2419 usque
3153 2348 3220 2404 ad
3248 2357 3457 2406 certum

1874 2445 2083 2510 tempus
2111 2440 2163 2494 in
2192 2439 2295 2497 hoc
2319 2440 2516 2496 saeculo
2542 2440 2800 2495 victuram
2821 2481 2836 2504 ,
2869 2447 2925 2496 et
2965 2447 3150 2510 postea
3182 2455 3285 2495 non
3314 2440 3455 2496 iutu—

1872 2533 2022 2589 ram?
2052 2530 2367 2588 Permanebit
2391 2548 2520 2605 ergo
2541 2548 2658 2586 cum
2682 2533 2807 2599 sole,
2833 2531 3086 2603 quamdiu
3112 2532 3191 2587 sol
3213 2532 3384 2588 oritur
3402 2541 3462 2590 et

1871 2625 2105 2681 occidit:
2136 2625 2237 2679 hoc
2277 2632 2395 2686 est,
2426 2623 2678 2696 quamdiu
2726 2633 2966 2694 tempora
3009 2623 3105 2678 ista
3148 2623 3455 2692 volvuntur,

1873 2729 1979 2771 non
2008 2717 2179 2770 deerit
2209 2714 2444 2770 Ecclesia
2479 2714 2594 2780 Dei,
2623 2715 2673 2770 id
2694 2722 2798 2779 est,
2828 2712 3023 2768 Christi
3050 2727 3245 2784 corpus
3270 2714 3322 2768 in
3349 2724 3459 2770 ler—

1873 2809 1965 2864 ris.
2002 2807 2155 2877 Quod
2184 2823 2313 2864 vero
2340 2806 2579 2878 adjungit
2597 2848 2613 2872 ,
2639 2804 2705 2861 Et
2733 2813 2850 2859 ante
2876 2805 3081 2870 lunam,
3111 2804 3459 2876 generationes

1871 2901 2250 2971 generationum
2272 2915 2292 2952 :
2315 2897 2482 2969 potuit
2504 2898 2704 2959 dicere,
2730 2896 2799 2951 Et
2823 2904 2949 2951 ante
2973 2895 3165 2959 solem,
3194 2895 3246 2949 id
3275 2903 3378 2963 est,
3401 2905 3459 2950 et

1860 3005 1994 3074 'cum
2025 2990 2159 3055 sole,
2182 3000 2236 3046 et
2259 3000 2385 3044 ante
2410 2991 2614 3051 solem;
2641 2987 2782 3059 quod
2810 2987 3216 3057 intelligeretur,
3238 2984 3457 3043 Etcum

1878 3082 2203 3152 temporibus
2221 3121 2236 3140 ,
2263 3093 2317 3136 et
2341 3089 2467 3135 ante
2494 3090 2756 3149 tempora.
2785 3077 2935 3146 Quod
2966 3093 3094 3149 ergo
3121 3087 3332 3148 tempus
3358 3091 3456 3133 an-

1876 3174 2108 3240 tecedit,
2137 3183 2396 3230 aeternum
2441 3166 2527 3229 'est
2556 3189 2569 3225 :
2602 3181 2656 3228 et
2705 3172 2804 3227 hoc
2851 3186 2977 3227 vere
3022 3170 3324 3226 habendum
3372 3179 3457 3228 est

1874 3275 2152 3334 aeternum,
2173 3265 2313 3337 quod
2339 3265 2485 3320 nullo
2515 3272 2753 3332 tempore
2780 3263 3038 3327 variatur,
3068 3263 3207 3318 sicut
3232 3263 3283 3317 in
3307 3262 3455 3332 prin-

1874 3361 2013 3432 cipio
2038 3366 2155 3417 erat
2178 3358 2428 3414 Verbum.
2476 3357 2580 3412 Sed
2611 3372 2703 3426 per
2730 3357 2910 3410 lunam
2937 3355 3240 3425 signiﬁcare
3266 3354 3456 3409 maluit

1875 3454 2197 3510 incrementa
2253 3449 2598 3520 derectusque
2656 3449 2981 3504 mortalium.
3035 3447 3275 3515 Denique
3323 3459 3447 3500 cum

1872 3544 2124 3608 dixisset,
2152 3552 2268 3596 ante
2296 3541 2502 3604 latium;
2543 3542 2723 3595 volens
2758 3537 3151 3608 quodammodo
3181 3550 3454 3606 exponere

1876 3648 1974 3706 pro
1996 3628 2098 3705 quia
2127 3649 2185 3688 re
2211 3633 2391 3688 lunam
2421 3631 2676 3702 posuerit,
2704 3630 3067 3701 generationes.
3092 3628 3282 3698 inquit,
3303 3643 3453 3698 gene-

1873 3726 2165 3781 rationum:
2188 3721 2684 3792 tanquamﬂiceret,
2718 3723 2845 3774 Ante
2874 3720 3076 3783 lunam,
3121 3718 3172 3773 id
3207 3728 3291 3773 est
3325 3727 3454 3775 ante

1873 3816 2214 3891 generationes
2240 3814 2617 3886 generationum
2634 3852 2649 3875 ,
2675 3828 2795 3882 qua:
2823 3818 3100 3866 transeunt
3136 3808 3455 3865 decessione

1874 3922 1929 3966 et
1955 3908 2296 3964 successione
2333 3906 2634 3961 mortalium
2656 3945 2671 3969 ,
2704 3914 2955 3974 tanquam
2979 3902 3334 3958 decrementis
3364 3901 3451 3957 in-

1872 4001 2265 4070 crementisque
2294 3996 2587 4052 lunaribus.
2613 3997 2689 4051 Ac
2729 4011 2821 4065 per
2862 3996 2963 4050 hoc
2985 3992 3111 4064 quid
3143 3993 3334 4047 melius
3363 3992 3452 4048 in-

1876 4091 2128 4163 telligitur
2157 4104 2471 4161 permanere
2492 4097 2609 4141 ante
2636 4086 2810 4141 lunam
2828 4125 2844 4153 ,
2872 4085 2974 4140 nisi
3003 4084 3180 4140 omnia
3206 4085 3451 4140 mortalia

1874 4184 2276 4242 immortalitate
2303 4181 2641 4254 praecedere?
2663 4180 2813 4250 Quod
2840 4179 2999 4235 etiam
3021 4180 3100 4234 sic
3130 4194 3234 4233 non
3264 4180 3450 4234 incon-

1873 4275 2147 4330 venienter
2174 4273 2341 4342 accipi
2371 4279 2581 4342 potest,
2612 4269 2835 4341 utquod
2859 4269 2967 4339 jam
2993 4268 3271 4324 humiliato
3297 4269 3447 4324 calu-

1874 4367 2136 4422 mniatore
2162 4364 2314 4419 sedet
2340 4363 2408 4418 ad
2436 4362 2711 4419 dexteram
2739 4360 2946 4426 Patris,
2989 4360 3091 4417 hoc
3125 4363 3196 4416 sit
3234 4376 3451 4431 perma-

1877 4474 2007 4516 nere
2031 4474 2145 4512 cum
2170 4455 2298 4512 sole.
2339 4453 2604 4526 Splendor
2626 4454 2770 4510 enim
2796 4462 3012 4509 aeterna:
3037 4452 3223 4523 gloria:
3250 4453 3451 4508 intelli-

1873 4552 2017 4624 gitur
2056 4548 2096 4604 F
2102 4548 2223 4605 ilius
2259 4546 2520 4618 (θείη-,1,
2544 4546 2631 4617 5);
2663 4555 2908 4614 tanquam
2951 4543 3030 4598 sol
3075 4543 3146 4598 sit
3187 4542 3364 4608 Pater,
3396 4554 3454 4601 et

1877 4642 2131 4716 splendor
2153 4641 2268 4712 ejus
2296 4638 2463 4695 Filius
2488 4640 2635 4709 ejus;
2665 4636 2759 4693 sed
2797 4636 2935 4691 sicut
2961 4634 3059 4690 ista
3089 4634 3194 4691 dici
3228 4646 3455 4706 possunt

1877 4737 1944 4793 de
1984 4735 2232 4793 invisibili
2274 4732 2572 4789 substantia
2613 4730 2924 4786 Creatoris:
2955 4728 3228 4784 nousieut
3253 4737 3321 4784 de
3349 4728 3451 4784 ista

1876 4827 2071 4884 visibili
2095 4834 2357 4888 creatura,
2391 4827 2443 4879 in
2467 4838 2568 4893 qua
2595 4830 2721 4877 sunt
2747 4834 2968 4891 corpora
2996 4819 3234 4876 cmlestia
3253 4860 3269 4886 ,
3311 4834 3456 4890 quo-

1874 4934 1993 4976 rum
2019 4918 2275 4976 illustrius
2300 4914 2499 4970 eminet
2526 4912 2606 4967 sol
2628 4954 2645 4979 ,
2670 4911 2740 4967 de
2762 4925 2868 4982 quo
2896 4910 3013 4967 haec
3037 4907 3327 4967 similitudo
3352 4907 3418 4961 ad
3436 4937 3458 4948 υ

1874 5010 2041 5069 hibita
2088 5016 2201 5073 est;
2236 5007 2376 5063 sicut
2422 5004 2701 5061 adhibetur
2743 5002 2906 5059 etiam
2950 5002 3020 5059 de
3069 4999 3413 5057 tetrestribus
3438 5040 3453 5063 ,

1877 5112 2050 5176 petra,
2073 5100 2181 5166 leo,
2201 5112 2392 5169 agnus,
2411 5094 2572 5151 homo
2594 5093 2797 5150 habens
2814 5092 2952 5148 duos
2978 5093 3136 5160 ﬁlios,
3158 5103 3211 5148 et
3232 5101 3425 5148 caetera
3441 5130 3456 5142 .

1878 5195 2019 5266 Ergo
2066 5191 2344 5248 humiliato
2387 5186 2772 5244 calumniatore
2817 5194 3095 5257 permanet
3139 5200 3253 5236 cum
3306 5185 3412 5239 sole
3437 5200 3453 5248 ;

1878 5287 2002 5361 quia
2029 5285 2170 5341 victo
2191 5281 2406 5340 diabolo
2435 5295 2528 5353 per
2553 5280 3024 5340 resurrectionem,
3052 5274 3203 5331 sedet
3229 5274 3295 5329 ad
3318 5274 3452 5329 dex-
3512 5296 3515 5299 π

1879 5390 2046 5439 teram
2072 5378 2248 5434 Patris
2270 5374 2461 5450 (Marc.
2489 5389 2597 5437 xw,
2625 5373 2737 5445 i9),
2761 5372 2846 5427 ubi
2866 5371 2976 5442 jam
3004 5386 3109 5425 non
3131 5369 3375 5433 moritur,
3398 5375 3453 5422 et

1881 5485 2027 5527 mors
2049 5468 2099 5525 ei
2127 5469 2260 5524 ultra
2287 5483 2393 5522 non
2415 5466 2774 5522 dominabitur
2797 5462 2972 5534 (Rom.
2995 5478 3044 5516 vi
3066 5503 3082 5528 ,
3110 5458 3186 5533 9).
3243 5459 3311 5515 Et
3349 5459 3454 5514 hoc

1880 5571 1997 5617 ante
2025 5560 2220 5625 larium,
2253 5567 2502 5629 tanquam
2535 5555 2915 5628 primogenitns
2937 5569 2969 5608 a
2994 5553 3220 5608 mortuis
3244 5565 3449 5623 praece-

1878 5654 2014 5711 dens
2040 5651 2355 5718 Ecclesium,
2377 5650 2678 5706 mortalium
2699 5646 3009 5703 decessione
3028 5660 3092 5700 ac
3111 5645 3454 5701 successione

1882 5754 2263 5806 transeuntem.
2317 5742 2448 5814 Ipsa:
2498 5748 2623 5797 sunt
2666 5738 3007 5813 generationes
3052 5739 3452 5809 generationum.

1888 5841 1993 5907 Aut
2021 5838 2159 5897 forte
2185 5837 2307 5908 quia
2333 5834 2705 5908 generationes
2726 5842 2880 5895 sunt,
2909 5831 3100 5902 quibus
3130 5842 3455 5901 generamur

2727 5930 2760 6001 (
2774 5921 3215 6002 Vingt-neuf.)
