  <div class='ocr_page' id='page_1' title='image "/cluster/home/n/w/nwhite01/storage/ocr_20150623/36/uva.x000827105/468.png"; bbox 0 0 3966 6448; ppageno 0'>
   <div class='ocr_carea' id='block_1_1' title="bbox 203 383 304 436">
    <p class='ocr_par' dir='ltr' id='par_1_1' title="bbox 203 383 304 436">
     <span class='ocr_line' id='line_1_1' title="bbox 203 383 304 436; baseline -0.05 1"><span class='ocrx_word' id='word_1_1' title='bbox 203 383 304 436; x_wconf 64' lang='grc' dir='ltr'>εξθε)</span> 
     </span>
    </p>
   </div>
   <div class='ocr_carea' id='block_1_2' title="bbox 202 487 1790 568">
    <p class='ocr_par' dir='ltr' id='par_1_2' title="bbox 202 487 1790 568">
     <span class='ocr_line' id='line_1_2' title="bbox 202 487 1790 568; baseline -0.003 -19"><span class='ocrx_word' id='word_1_2' title='bbox 202 508 305 549; x_wconf 78' lang='lat' dir='ltr'><strong>tem</strong></span> <span class='ocrx_word' id='word_1_3' title='bbox 336 511 486 550; x_wconf 67' lang='lat' dir='ltr'><strong>satam</strong></span> <span class='ocrx_word' id='word_1_4' title='bbox 528 495 641 568; x_wconf 68' lang='lat' dir='ltr'><strong>jam</strong></span> <span class='ocrx_word' id='word_1_5' title='bbox 665 492 1041 552; x_wconf 72' lang='lat' dir='ltr'><strong>commendare</strong></span> <span class='ocrx_word' id='word_1_6' title='bbox 1064 531 1080 555; x_wconf 89' lang='lat'><strong>,</strong></span> <span class='ocrx_word' id='word_1_7' title='bbox 1105 489 1254 545; x_wconf 82' lang='lat' dir='ltr'><strong>unde.</strong></span> <span class='ocrx_word' id='word_1_8' title='bbox 1281 499 1334 545; x_wconf 88' lang='lat' dir='ltr'><strong>et</strong></span> <span class='ocrx_word' id='word_1_9' title='bbox 1362 487 1652 556; x_wconf 71' lang='lat' dir='ltr'><strong>discipulos</strong></span> <span class='ocrx_word' id='word_1_10' title='bbox 1679 501 1790 544; x_wconf 44' lang='lat' dir='ltr'><strong>coe‘</strong></span> 
     </span>
    </p>
   </div>
   <div class='ocr_carea' id='block_1_3' title="bbox 203 581 1789 657">
    <p class='ocr_par' dir='ltr' id='par_1_3' title="bbox 203 581 1789 657">
     <span class='ocr_line' id='line_1_3' title="bbox 203 581 1789 657; baseline -0.01 -11"><span class='ocrx_word' id='word_1_11' title='bbox 203 591 276 646; x_wconf 75' lang='lat' dir='ltr'><strong>tit</strong></span> <span class='ocrx_word' id='word_1_12' title='bbox 309 589 538 657; x_wconf 67' lang='lat' dir='ltr'><strong>eligere;</strong></span> <span class='ocrx_word' id='word_1_13' title='bbox 566 603 596 641; x_wconf 69' lang='grc' dir='ltr'><strong>τι</strong></span> <span class='ocrx_word' id='word_1_14' title='bbox 624 587 840 643; x_wconf 79' lang='lat' dir='ltr'><strong>tltuuiue</strong></span> <span class='ocrx_word' id='word_1_15' title='bbox 870 586 1072 640; x_wconf 86' lang='lat' dir='ltr'><strong>scilicet</strong></span> <span class='ocrx_word' id='word_1_16' title='bbox 1101 583 1356 642; x_wconf 85' lang='lat' dir='ltr'><strong>.lordane,</strong></span> <span class='ocrx_word' id='word_1_17' title='bbox 1391 581 1478 638; x_wconf 86' lang='lat' dir='ltr'><strong>ubi</strong></span> <span class='ocrx_word' id='word_1_18' title='bbox 1507 595 1668 648; x_wconf 82' lang='lat' dir='ltr'><strong>super</strong></span> <span class='ocrx_word' id='word_1_19' title='bbox 1695 581 1789 632; x_wconf 86' lang='lat' dir='ltr'><strong>ha-</strong></span> 
     </span>
    </p>
   </div>
   <div class='ocr_carea' id='block_1_4' title="bbox 200 673 1789 750">
    <p class='ocr_par' dir='ltr' id='par_1_4' title="bbox 200 673 1789 750">
     <span class='ocr_line' id='line_1_4' title="bbox 200 673 1789 750; baseline -0.003 -20"><span class='ocrx_word' id='word_1_20' title='bbox 200 683 453 750; x_wconf 70' lang='lat' dir='ltr'><strong>pzizatutn</strong></span> <span class='ocrx_word' id='word_1_21' title='bbox 481 679 766 742; x_wconf 73' lang='lat' dir='ltr'><strong>Dominam</strong></span> <span class='ocrx_word' id='word_1_22' title='bbox 783 693 904 731; x_wconf 87' lang='lat' dir='ltr'><strong>etuu</strong></span> <span class='ocrx_word' id='word_1_23' title='bbox 929 675 1275 730; x_wconf 75' lang='lat' dir='ltr'><strong>descenderet</strong></span> <span class='ocrx_word' id='word_1_24' title='bbox 1300 673 1530 742; x_wconf 85' lang='lat' dir='ltr'><strong>Spiritus</strong></span> <span class='ocrx_word' id='word_1_25' title='bbox 1552 682 1789 738; x_wconf 87' lang='lat' dir='ltr'><strong>sanctus,</strong></span> 
     </span>
    </p>
   </div>
   <div class='ocr_carea' id='block_1_5' title="bbox 197 764 1790 838">
    <p class='ocr_par' dir='ltr' id='par_1_5' title="bbox 197 764 1790 838">
     <span class='ocr_line' id='line_1_5' title="bbox 197 764 1790 838; baseline -0.004 -14"><span class='ocrx_word' id='word_1_26' title='bbox 197 773 378 838; x_wconf 76' lang='lat' dir='ltr'><strong>sonuit</strong></span> <span class='ocrx_word' id='word_1_27' title='bbox 431 786 530 838; x_wconf 67' lang='grc' dir='ltr'><strong>νοις,</strong></span> <span class='ocrx_word' id='word_1_28' title='bbox 571 771 640 826; x_wconf 85' lang='lat' dir='ltr'><strong>de</strong></span> <span class='ocrx_word' id='word_1_29' title='bbox 687 769 824 824; x_wconf 76' lang='lat' dir='ltr'><strong>CLPIO</strong></span> <span class='ocrx_word' id='word_1_30' title='bbox 856 785 870 821; x_wconf 88' lang='lat'><strong>:</strong></span> <span class='ocrx_word' id='word_1_31' title='bbox 908 767 1004 823; x_wconf 80' lang='lat' dir='ltr'><strong>llic</strong></span> <span class='ocrx_word' id='word_1_32' title='bbox 1045 777 1116 822; x_wconf 71' lang='lat' dir='ltr'><strong>est</strong></span> <span class='ocrx_word' id='word_1_33' title='bbox 1165 765 1331 820; x_wconf 76' lang='lat' dir='ltr'><strong>Filias</strong></span> <span class='ocrx_word' id='word_1_34' title='bbox 1384 781 1524 822; x_wconf 78' lang='lat' dir='ltr'><strong>mens</strong></span> <span class='ocrx_word' id='word_1_35' title='bbox 1577 764 1790 820; x_wconf 73' lang='lat' dir='ltr'><strong>dilectus</strong></span> 
     </span>
    </p>
   </div>
   <div class='ocr_carea' id='block_1_6' title="bbox 199 856 1791 939">
    <p class='ocr_par' dir='ltr' id='par_1_6' title="bbox 199 856 1791 939">
     <span class='ocr_line' id='line_1_6' title="bbox 199 856 1791 939; baseline -0.004 -21"><span class='ocrx_word' id='word_1_36' title='bbox 199 865 413 939; x_wconf 69' lang='lat' dir='ltr'><strong>(Matth.</strong></span> <span class='ocrx_word' id='word_1_37' title='bbox 440 879 497 920; x_wconf 86' lang='lat' dir='ltr'><strong>tu</strong></span> <span class='ocrx_word' id='word_1_38' title='bbox 515 905 533 928; x_wconf 83' lang='lat'><strong>,</strong></span> <span class='ocrx_word' id='word_1_39' title='bbox 555 863 687 934; x_wconf 76' lang='lat'><strong>17)..</strong></span> <span class='ocrx_word' id='word_1_40' title='bbox 717 861 850 922; x_wconf 83' lang='lat' dir='ltr'><strong>llinc</strong></span> <span class='ocrx_word' id='word_1_41' title='bbox 877 876 1002 935; x_wconf 76' lang='lat' dir='ltr'><strong>ergo</strong></span> <span class='ocrx_word' id='word_1_42' title='bbox 1029 858 1276 918; x_wconf 75' lang='lat' dir='ltr'><strong>doctrina</strong></span> <span class='ocrx_word' id='word_1_43' title='bbox 1303 858 1419 934; x_wconf 87' lang='lat' dir='ltr'><strong>ejus</strong></span> <span class='ocrx_word' id='word_1_44' title='bbox 1447 856 1712 928; x_wconf 79' lang='lat' dir='ltr'><strong>incipiens</strong></span> <span class='ocrx_word' id='word_1_45' title='bbox 1737 865 1791 911; x_wconf 87' lang='lat' dir='ltr'><strong>et</strong></span> 
     </span>
    </p>
   </div>
   <div class='ocr_carea' id='block_1_7' title="bbox 200 949 1792 1028">
    <p class='ocr_par' dir='ltr' id='par_1_7' title="bbox 200 949 1792 1028">
     <span class='ocr_line' id='line_1_7' title="bbox 200 949 1792 1028; baseline -0.001 -24"><span class='ocrx_word' id='word_1_46' title='bbox 200 956 488 1028; x_wconf 45' lang='lat' dir='ltr'><strong>mgistcrii</strong></span> <span class='ocrx_word' id='word_1_47' title='bbox 516 955 748 1022; x_wconf 50' lang='lat' dir='ltr'><strong>caelestis</strong></span> <span class='ocrx_word' id='word_1_48' title='bbox 775 954 1086 1014; x_wconf 83' lang='lat' dir='ltr'><strong>auctoritas,</strong></span> <span class='ocrx_word' id='word_1_49' title='bbox 1120 952 1375 1010; x_wconf 73' lang='lat' dir='ltr'><strong>dilatatur</strong></span> <span class='ocrx_word' id='word_1_50' title='bbox 1402 965 1576 1022; x_wconf 67' lang='lat' dir='ltr'><strong>usque</strong></span> <span class='ocrx_word' id='word_1_51' title='bbox 1597 949 1665 1004; x_wconf 79' lang='lat' dir='ltr'><strong>ad.</strong></span> <span class='ocrx_word' id='word_1_52' title='bbox 1686 958 1792 1003; x_wconf 87' lang='lat' dir='ltr'><strong>ter-</strong></span> 
     </span>
    </p>
   </div>
   <div class='ocr_carea' id='block_1_8' title="bbox 200 1040 1788 1118">
    <p class='ocr_par' dir='ltr' id='par_1_8' title="bbox 200 1040 1788 1118">
     <span class='ocr_line' id='line_1_8' title="bbox 200 1040 1788 1118; baseline -0.008 -12"><span class='ocrx_word' id='word_1_53' title='bbox 200 1051 376 1106; x_wconf 84' lang='lat' dir='ltr'><strong>utinos</strong></span> <span class='ocrx_word' id='word_1_54' title='bbox 404 1049 548 1103; x_wconf 86' lang='lat' dir='ltr'><strong>orbis</strong></span> <span class='ocrx_word' id='word_1_55' title='bbox 574 1059 749 1112; x_wconf 56' lang='lat' dir='ltr'><strong>terrai,</strong></span> <span class='ocrx_word' id='word_1_56' title='bbox 774 1063 898 1104; x_wconf 82' lang='lat' dir='ltr'><strong>cum</strong></span> <span class='ocrx_word' id='word_1_57' title='bbox 923 1045 1242 1118; x_wconf 81' lang='lat' dir='ltr'><strong>pra-dicatur</strong></span> <span class='ocrx_word' id='word_1_58' title='bbox 1272 1043 1616 1118; x_wconf 63' lang='lat' dir='ltr'><strong>Erangclium</strong></span> <span class='ocrx_word' id='word_1_59' title='bbox 1641 1040 1788 1113; x_wconf 75' lang='lat' dir='ltr'><strong>regni</strong></span> 
     </span>
    </p>
   </div>
   <div class='ocr_carea' id='block_1_9' title="bbox 199 1132 1784 1212">
    <p class='ocr_par' dir='ltr' id='par_1_9' title="bbox 199 1132 1784 1212">
     <span class='ocr_line' id='line_1_9' title="bbox 199 1132 1784 1212; baseline -0.006 -14"><span class='ocrx_word' id='word_1_60' title='bbox 199 1142 259 1198; x_wconf 80' lang='lat' dir='ltr'><strong>iu</strong></span> <span class='ocrx_word' id='word_1_61' title='bbox 288 1143 534 1196; x_wconf 80' lang='lat' dir='ltr'><strong>universa</strong></span> <span class='ocrx_word' id='word_1_62' title='bbox 561 1139 689 1197; x_wconf 80' lang='lat' dir='ltr'><strong>urbe</strong></span> <span class='ocrx_word' id='word_1_63' title='bbox 710 1181 724 1203; x_wconf 89' lang='lat'><strong>,</strong></span> <span class='ocrx_word' id='word_1_64' title='bbox 757 1139 810 1193; x_wconf 89' lang='lat' dir='ltr'><strong>in</strong></span> <span class='ocrx_word' id='word_1_65' title='bbox 840 1137 1207 1198; x_wconf 76' lang='lat' dir='ltr'><strong>testimouituu</strong></span> <span class='ocrx_word' id='word_1_66' title='bbox 1231 1134 1481 1204; x_wconf 78' lang='lat' dir='ltr'><strong>omnibus</strong></span> <span class='ocrx_word' id='word_1_67' title='bbox 1501 1132 1784 1212; x_wconf 65' lang='lat' dir='ltr'><strong>gentibus;</strong></span> 
     </span>
    </p>
   </div>
   <div class='ocr_carea' id='block_1_10' title="bbox 197 1233 777 1300">
    <p class='ocr_par' dir='ltr' id='par_1_10' title="bbox 197 1233 777 1300">
     <span class='ocr_line' id='line_1_10' title="bbox 197 1233 777 1300; baseline -0.009 -9"><span class='ocrx_word' id='word_1_68' title='bbox 197 1247 252 1291; x_wconf 87' lang='lat' dir='ltr'><strong>et</strong></span> <span class='ocrx_word' id='word_1_69' title='bbox 281 1245 405 1290; x_wconf 88' lang='lat' dir='ltr'><strong>tunc</strong></span> <span class='ocrx_word' id='word_1_70' title='bbox 431 1235 607 1300; x_wconf 72' lang='lat' dir='ltr'><strong>veniet</strong></span> <span class='ocrx_word' id='word_1_71' title='bbox 639 1233 777 1288; x_wconf 83' lang='lat' dir='ltr'><strong>linis.</strong></span> 
     </span>
    </p>
   </div>
   <div class='ocr_carea' id='block_1_11' title="bbox 273 1318 1791 1400">
    <p class='ocr_par' dir='ltr' id='par_1_11' title="bbox 273 1318 1791 1400">
     <span class='ocr_line' id='line_1_11' title="bbox 273 1318 1791 1400; baseline -0.007 -17"><span class='ocrx_word' id='word_1_72' title='bbox 273 1327 359 1384; x_wconf 72' lang='grc'><strong>12-</strong></span> <span class='ocrx_word' id='word_1_73' title='bbox 398 1324 549 1400; x_wconf 70' lang='grc' dir='ltr'><strong>[υενε.</strong></span> <span class='ocrx_word' id='word_1_74' title='bbox 578 1322 662 1398; x_wconf 82' lang='lat'><strong>9.}</strong></span> <span class='ocrx_word' id='word_1_75' title='bbox 687 1323 872 1378; x_wconf 77' lang='lat' dir='ltr'><strong>Coram</strong></span> <span class='ocrx_word' id='word_1_76' title='bbox 897 1323 986 1378; x_wconf 81' lang='lat' dir='ltr'><strong>illo</strong></span> <span class='ocrx_word' id='word_1_77' title='bbox 1011 1321 1241 1378; x_wconf 70' lang='lat' dir='ltr'><strong>deciderit</strong></span> <span class='ocrx_word' id='word_1_78' title='bbox 1265 1321 1280 1353; x_wconf 85' lang='grc'>¹</span> <span class='ocrx_word' id='word_1_79' title='bbox 1307 1318 1605 1396; x_wconf 55' lang='grc' dir='ltr'><strong>ᾧιὴίορεδ,</strong></span> <span class='ocrx_word' id='word_1_80' title='bbox 1626 1327 1672 1376; x_wconf 79' lang='lat' dir='ltr'><strong>et</strong></span> <span class='ocrx_word' id='word_1_81' title='bbox 1701 1318 1791 1375; x_wconf 78' lang='lat' dir='ltr'><strong>ini-</strong></span> 
     </span>
    </p>
   </div>
   <div class='ocr_carea' id='block_1_12' title="bbox 196 1415 1784 1490">
    <p class='ocr_par' dir='ltr' id='par_1_12' title="bbox 196 1415 1784 1490">
     <span class='ocr_line' id='line_1_12' title="bbox 196 1415 1784 1490; baseline -0.005 -14"><span class='ocrx_word' id='word_1_82' title='bbox 196 1421 321 1476; x_wconf 72' lang='lat' dir='ltr'><strong>miri</strong></span> <span class='ocrx_word' id='word_1_83' title='bbox 338 1421 446 1490; x_wconf 75' lang='lat' dir='ltr'><strong>ejus</strong></span> <span class='ocrx_word' id='word_1_84' title='bbox 467 1430 651 1476; x_wconf 79' lang='lat' dir='ltr'><strong>terram</strong></span> <span class='ocrx_word' id='word_1_85' title='bbox 675 1419 881 1490; x_wconf 73' lang='lat' dir='ltr'><strong>(ingeni.</strong></span> <span class='ocrx_word' id='word_1_86' title='bbox 916 1417 1016 1472; x_wconf 81' lang='lat' dir='ltr'><strong>l’er</strong></span> <span class='ocrx_word' id='word_1_87' title='bbox 1037 1415 1342 1488; x_wconf 64' lang='lat' dir='ltr'><strong>Aﬂthiopes,</strong></span> <span class='ocrx_word' id='word_1_88' title='bbox 1363 1431 1394 1469; x_wconf 89' lang='lat' dir='ltr'><strong>a</strong></span> <span class='ocrx_word' id='word_1_89' title='bbox 1421 1424 1576 1485; x_wconf 84' lang='lat' dir='ltr'><strong>parte</strong></span> <span class='ocrx_word' id='word_1_90' title='bbox 1593 1421 1784 1481; x_wconf 87' lang='lat' dir='ltr'><strong>totum,</strong></span> 
     </span>
    </p>
   </div>
   <div class='ocr_carea' id='block_1_13' title="bbox 198 1510 1786 1584">
    <p class='ocr_par' dir='ltr' id='par_1_13' title="bbox 198 1510 1786 1584">
     <span class='ocr_line' id='line_1_13' title="bbox 198 1510 1786 1584; baseline -0.003 -18"><span class='ocrx_word' id='word_1_91' title='bbox 198 1530 387 1570; x_wconf 81' lang='lat' dir='ltr'><strong>omnes</strong></span> <span class='ocrx_word' id='word_1_92' title='bbox 404 1524 588 1584; x_wconf 79' lang='lat' dir='ltr'><strong>gentes</strong></span> <span class='ocrx_word' id='word_1_93' title='bbox 617 1511 964 1582; x_wconf 72' lang='lat' dir='ltr'><strong>signiﬁcavit;</strong></span> <span class='ocrx_word' id='word_1_94' title='bbox 993 1524 1108 1566; x_wconf 83' lang='lat' dir='ltr'><strong>eam</strong></span> <span class='ocrx_word' id='word_1_95' title='bbox 1139 1510 1346 1583; x_wconf 85' lang='lat' dir='ltr'><strong>eligens</strong></span> <span class='ocrx_word' id='word_1_96' title='bbox 1367 1517 1601 1578; x_wconf 78' lang='lat' dir='ltr'><strong>gentem,</strong></span> <span class='ocrx_word' id='word_1_97' title='bbox 1627 1523 1786 1580; x_wconf 87' lang='lat' dir='ltr'><strong>quam</strong></span> 
     </span>
    </p>
   </div>
   <div class='ocr_carea' id='block_1_14' title="bbox 197 1599 1788 1682">
    <p class='ocr_par' dir='ltr' id='par_1_14' title="bbox 197 1599 1788 1682">
     <span class='ocr_line' id='line_1_14' title="bbox 197 1599 1788 1682; baseline -0.004 -21"><span class='ocrx_word' id='word_1_98' title='bbox 197 1607 534 1682; x_wconf 79' lang='lat' dir='ltr'><strong>potissimum</strong></span> <span class='ocrx_word' id='word_1_99' title='bbox 564 1605 894 1667; x_wconf 69' lang='lat' dir='ltr'><strong>uenditaret,</strong></span> <span class='ocrx_word' id='word_1_100' title='bbox 921 1619 1042 1674; x_wconf 75' lang='lat' dir='ltr'><strong>qua:</strong></span> <span class='ocrx_word' id='word_1_101' title='bbox 1067 1601 1119 1656; x_wconf 88' lang='lat' dir='ltr'><strong>in</strong></span> <span class='ocrx_word' id='word_1_102' title='bbox 1153 1602 1346 1656; x_wconf 71' lang='lat' dir='ltr'><strong>liuibus</strong></span> <span class='ocrx_word' id='word_1_103' title='bbox 1375 1613 1535 1666; x_wconf 72' lang='lat' dir='ltr'><strong>terna</strong></span> <span class='ocrx_word' id='word_1_104' title='bbox 1558 1609 1658 1658; x_wconf 83' lang='lat' dir='ltr'><strong>est.</strong></span> <span class='ocrx_word' id='word_1_105' title='bbox 1686 1599 1788 1658; x_wconf 87' lang='lat' dir='ltr'><strong>Co-</strong></span> 
     </span>
    </p>
   </div>
   <div class='ocr_carea' id='block_1_15' title="bbox 195 1693 1789 1768">
    <p class='ocr_par' dir='ltr' id='par_1_15' title="bbox 195 1693 1789 1768">
     <span class='ocr_line' id='line_1_15' title="bbox 195 1693 1789 1768; baseline -0.004 -13"><span class='ocrx_word' id='word_1_106' title='bbox 195 1717 310 1756; x_wconf 71' lang='lat' dir='ltr'><strong>ram</strong></span> <span class='ocrx_word' id='word_1_107' title='bbox 351 1700 446 1764; x_wconf 83' lang='lat' dir='ltr'><strong>illa</strong></span> <span class='ocrx_word' id='word_1_108' title='bbox 484 1699 740 1768; x_wconf 74' lang='lat' dir='ltr'><strong>procidant</strong></span> <span class='ocrx_word' id='word_1_109' title='bbox 763 1740 777 1760; x_wconf 84' lang='lat'><strong>,</strong></span> <span class='ocrx_word' id='word_1_110' title='bbox 805 1697 1004 1750; x_wconf 87' lang='lat' dir='ltr'><strong>dictum</strong></span> <span class='ocrx_word' id='word_1_111' title='bbox 1054 1705 1172 1766; x_wconf 86' lang='lat' dir='ltr'><strong>est,</strong></span> <span class='ocrx_word' id='word_1_112' title='bbox 1205 1695 1506 1750; x_wconf 78' lang='lat' dir='ltr'><strong>adorabunt</strong></span> <span class='ocrx_word' id='word_1_113' title='bbox 1533 1709 1682 1750; x_wconf 90' lang='lat' dir='ltr'><strong>eum.</strong></span> <span class='ocrx_word' id='word_1_114' title='bbox 1724 1693 1789 1750; x_wconf 87' lang='lat' dir='ltr'><strong>Et</strong></span> 
     </span>
    </p>
   </div>
   <div class='ocr_carea' id='block_1_16' title="bbox 196 1787 1787 1867">
    <p class='ocr_par' dir='ltr' id='par_1_16' title="bbox 196 1787 1787 1867">
     <span class='ocr_line' id='line_1_16' title="bbox 196 1787 1787 1867; baseline -0.004 -21"><span class='ocrx_word' id='word_1_115' title='bbox 196 1794 323 1867; x_wconf 81' lang='lat' dir='ltr'><strong>quia</strong></span> <span class='ocrx_word' id='word_1_116' title='bbox 369 1792 655 1848; x_wconf 78' lang='lat' dir='ltr'><strong>schismata</strong></span> <span class='ocrx_word' id='word_1_117' title='bbox 707 1791 878 1848; x_wconf 77' lang='lat' dir='ltr'><strong>lutum</strong></span> <span class='ocrx_word' id='word_1_118' title='bbox 925 1798 1084 1847; x_wconf 84' lang='lat' dir='ltr'><strong>erant</strong></span> <span class='ocrx_word' id='word_1_119' title='bbox 1136 1805 1230 1859; x_wconf 80' lang='lat' dir='ltr'><strong>per</strong></span> <span class='ocrx_word' id='word_1_120' title='bbox 1266 1787 1478 1844; x_wconf 77' lang='lat' dir='ltr'><strong>diversa</strong></span> <span class='ocrx_word' id='word_1_121' title='bbox 1525 1796 1787 1842; x_wconf 85' lang='lat' dir='ltr'><strong>terrarum</strong></span> 
     </span>
    </p>
   </div>
   <div class='ocr_carea' id='block_1_17' title="bbox 198 1880 1786 1956">
    <p class='ocr_par' dir='ltr' id='par_1_17' title="bbox 198 1880 1786 1956">
     <span class='ocr_line' id='line_1_17' title="bbox 198 1880 1786 1956; baseline -0.004 -14"><span class='ocrx_word' id='word_1_122' title='bbox 198 1886 356 1955; x_wconf 72' lang='lat' dir='ltr'><strong>luca,</strong></span> <span class='ocrx_word' id='word_1_123' title='bbox 381 1901 500 1956; x_wconf 66' lang='lat' dir='ltr'><strong>quo</strong></span> <span class='ocrx_word' id='word_1_124' title='bbox 540 1883 846 1940; x_wconf 77' lang='lat' dir='ltr'><strong>inviderent</strong></span> <span class='ocrx_word' id='word_1_125' title='bbox 888 1881 1138 1948; x_wconf 63' lang='lat' dir='ltr'><strong>Ecclesia:</strong></span> <span class='ocrx_word' id='word_1_126' title='bbox 1167 1880 1450 1938; x_wconf 42' lang='lat' dir='ltr'><strong>catholica).</strong></span> <span class='ocrx_word' id='word_1_127' title='bbox 1477 1888 1587 1933; x_wconf 83' lang='lat' dir='ltr'><strong>toto</strong></span> <span class='ocrx_word' id='word_1_128' title='bbox 1617 1890 1786 1936; x_wconf 81' lang='lat' dir='ltr'><strong>terra-</strong></span> 
     </span>
    </p>
   </div>
   <div class='ocr_carea' id='block_1_18' title="bbox 197 1971 1788 2047">
    <p class='ocr_par' dir='ltr' id='par_1_18' title="bbox 197 1971 1788 2047">
     <span class='ocr_line' id='line_1_18' title="bbox 197 1971 1788 2047; baseline -0.008 -9"><span class='ocrx_word' id='word_1_129' title='bbox 197 1996 318 2038; x_wconf 77' lang='lat' dir='ltr'><strong>rum</strong></span> <span class='ocrx_word' id='word_1_130' title='bbox 344 1979 474 2036; x_wconf 84' lang='lat' dir='ltr'><strong>orbe</strong></span> <span class='ocrx_word' id='word_1_131' title='bbox 500 1978 736 2040; x_wconf 58' lang='lat' dir='ltr'><strong>dill&#39;usat;</strong></span> <span class='ocrx_word' id='word_1_132' title='bbox 767 1975 956 2047; x_wconf 77' lang='lat' dir='ltr'><strong>eadem</strong></span> <span class='ocrx_word' id='word_1_133' title='bbox 987 1990 1148 2046; x_wconf 85' lang='lat' dir='ltr'><strong>porro</strong></span> <span class='ocrx_word' id='word_1_134' title='bbox 1175 1972 1470 2042; x_wconf 78' lang='lat' dir='ltr'><strong>schismata</strong></span> <span class='ocrx_word' id='word_1_135' title='bbox 1497 1989 1591 2043; x_wconf 82' lang='lat' dir='ltr'><strong>per</strong></span> <span class='ocrx_word' id='word_1_136' title='bbox 1618 1971 1788 2030; x_wconf 82' lang='lat' dir='ltr'><strong>banti-</strong></span> 
     </span>
    </p>
   </div>
   <div class='ocr_carea' id='block_1_19' title="bbox 196 2065 1788 2131">
    <p class='ocr_par' dir='ltr' id='par_1_19' title="bbox 196 2065 1788 2131">
     <span class='ocr_line' id='line_1_19' title="bbox 196 2065 1788 2131; baseline -0.003 -8"><span class='ocrx_word' id='word_1_137' title='bbox 196 2085 328 2127; x_wconf 85' lang='lat' dir='ltr'><strong>nuut</strong></span> <span class='ocrx_word' id='word_1_138' title='bbox 351 2070 563 2128; x_wconf 82' lang='lat' dir='ltr'><strong>nomina</strong></span> <span class='ocrx_word' id='word_1_139' title='bbox 587 2087 644 2124; x_wconf 81' lang='lat' dir='ltr'><strong>se</strong></span> <span class='ocrx_word' id='word_1_140' title='bbox 667 2069 879 2126; x_wconf 74' lang='lat' dir='ltr'><strong>fuerant</strong></span> <span class='ocrx_word' id='word_1_141' title='bbox 901 2068 1159 2131; x_wconf 63' lang='lat' dir='ltr'><strong>divisum,</strong></span> <span class='ocrx_word' id='word_1_142' title='bbox 1191 2076 1265 2130; x_wconf 76' lang='lat' dir='ltr'><strong>et,</strong></span> <span class='ocrx_word' id='word_1_143' title='bbox 1294 2067 1537 2128; x_wconf 82' lang='lat' dir='ltr'><strong>homines</strong></span> <span class='ocrx_word' id='word_1_144' title='bbox 1559 2065 1788 2128; x_wconf 85' lang='lat' dir='ltr'><strong>amando</strong></span> 
     </span>
    </p>
   </div>
   <div class='ocr_carea' id='block_1_20' title="bbox 195 2161 1788 2238">
    <p class='ocr_par' dir='ltr' id='par_1_20' title="bbox 195 2161 1788 2238">
     <span class='ocr_line' id='line_1_20' title="bbox 195 2161 1788 2238; baseline -0.003 -20"><span class='ocrx_word' id='word_1_145' title='bbox 195 2164 390 2238; x_wconf 81' lang='lat' dir='ltr'><strong>quibus</strong></span> <span class='ocrx_word' id='word_1_146' title='bbox 413 2164 720 2221; x_wconf 82' lang='lat' dir='ltr'><strong>auctoribus</strong></span> <span class='ocrx_word' id='word_1_147' title='bbox 740 2164 906 2228; x_wconf 72' lang='lat' dir='ltr'><strong>scissa</strong></span> <span class='ocrx_word' id='word_1_148' title='bbox 932 2172 1075 2222; x_wconf 82' lang='lat' dir='ltr'><strong>sunt.</strong></span> <span class='ocrx_word' id='word_1_149' title='bbox 1094 2162 1278 2232; x_wconf 66' lang='lat' dir='ltr'><strong>gloria:</strong></span> <span class='ocrx_word' id='word_1_150' title='bbox 1301 2161 1526 2224; x_wconf 79' lang='lat' dir='ltr'><strong>ChriSti,</strong></span> <span class='ocrx_word' id='word_1_151' title='bbox 1549 2176 1668 2230; x_wconf 67' lang='lat' dir='ltr'><strong>qua:</strong></span> <span class='ocrx_word' id='word_1_152' title='bbox 1695 2174 1788 2230; x_wconf 88' lang='lat' dir='ltr'><strong>per</strong></span> 
     </span>
    </p>
   </div>
   <div class='ocr_carea' id='block_1_21' title="bbox 195 2253 1783 2324">
    <p class='ocr_par' dir='ltr' id='par_1_21' title="bbox 195 2253 1783 2324">
     <span class='ocr_line' id='line_1_21' title="bbox 195 2253 1783 2324; baseline -0.004 -10"><span class='ocrx_word' id='word_1_153' title='bbox 195 2273 386 2314; x_wconf 86' lang='lat' dir='ltr'><strong>omnes</strong></span> <span class='ocrx_word' id='word_1_154' title='bbox 434 2268 608 2314; x_wconf 86' lang='lat' dir='ltr'><strong>terras</strong></span> <span class='ocrx_word' id='word_1_155' title='bbox 650 2268 768 2319; x_wconf 85' lang='lat' dir='ltr'><strong>est,</strong></span> <span class='ocrx_word' id='word_1_156' title='bbox 796 2257 1126 2310; x_wconf 86' lang='lat' dir='ltr'><strong>iuimicatura</strong></span> <span class='ocrx_word' id='word_1_157' title='bbox 1155 2273 1168 2308; x_wconf 89' lang='lat'><strong>:</strong></span> <span class='ocrx_word' id='word_1_158' title='bbox 1195 2254 1315 2308; x_wconf 87' lang='lat' dir='ltr'><strong>ideo</strong></span> <span class='ocrx_word' id='word_1_159' title='bbox 1357 2268 1484 2324; x_wconf 66' lang='lat' dir='ltr'><strong>cum</strong></span> <span class='ocrx_word' id='word_1_160' title='bbox 1525 2253 1783 2318; x_wconf 74' lang='lat' dir='ltr'><strong>dixisset,</strong></span> 
     </span>
    </p>
   </div>
   <div class='ocr_carea' id='block_1_22' title="bbox 196 2348 1789 2418">
    <p class='ocr_par' dir='ltr' id='par_1_22' title="bbox 196 2348 1789 2418">
     <span class='ocr_line' id='line_1_22' title="bbox 196 2348 1789 2418; baseline -0.004 -10"><span class='ocrx_word' id='word_1_161' title='bbox 196 2351 382 2408; x_wconf 87' lang='lat' dir='ltr'><strong>Coram</strong></span> <span class='ocrx_word' id='word_1_162' title='bbox 409 2351 498 2406; x_wconf 78' lang='lat' dir='ltr'><strong>illo</strong></span> <span class='ocrx_word' id='word_1_163' title='bbox 521 2352 748 2406; x_wconf 81' lang='lat' dir='ltr'><strong>decident</strong></span> <span class='ocrx_word' id='word_1_164' title='bbox 776 2348 1081 2418; x_wconf 64' lang='grc' dir='ltr'><strong>Δξιιιὲσρρες</strong></span> <span class='ocrx_word' id='word_1_165' title='bbox 1109 2348 1371 2417; x_wconf 68' lang='lat' dir='ltr'><strong>adiunxit,</strong></span> <span class='ocrx_word' id='word_1_166' title='bbox 1397 2357 1444 2404; x_wconf 89' lang='lat' dir='ltr'><strong>et</strong></span> <span class='ocrx_word' id='word_1_167' title='bbox 1466 2348 1658 2410; x_wconf 74' lang='lat' dir='ltr'><strong>inimici</strong></span> <span class='ocrx_word' id='word_1_168' title='bbox 1679 2349 1789 2416; x_wconf 75' lang='lat' dir='ltr'><strong>ejus</strong></span> 
     </span>
    </p>
   </div>
   <div class='ocr_carea' id='block_1_23' title="bbox 197 2440 1790 2516">
    <p class='ocr_par' dir='ltr' id='par_1_23' title="bbox 197 2440 1790 2516">
     <span class='ocr_line' id='line_1_23' title="bbox 197 2440 1790 2516; baseline -0.003 -18"><span class='ocrx_word' id='word_1_169' title='bbox 197 2453 386 2502; x_wconf 72' lang='lat' dir='ltr'><strong>tetram</strong></span> <span class='ocrx_word' id='word_1_170' title='bbox 406 2444 630 2516; x_wconf 75' lang='lat' dir='ltr'><strong>litigent;</strong></span> <span class='ocrx_word' id='word_1_171' title='bbox 653 2442 704 2497; x_wconf 91' lang='lat' dir='ltr'><strong>id</strong></span> <span class='ocrx_word' id='word_1_172' title='bbox 727 2451 826 2503; x_wconf 85' lang='lat' dir='ltr'><strong>cst.</strong></span> <span class='ocrx_word' id='word_1_173' title='bbox 859 2441 1104 2496; x_wconf 76' lang='lat' dir='ltr'><strong>homines</strong></span> <span class='ocrx_word' id='word_1_174' title='bbox 1131 2441 1410 2511; x_wconf 82' lang='lat' dir='ltr'><strong>amabunt,</strong></span> <span class='ocrx_word' id='word_1_175' title='bbox 1439 2449 1496 2494; x_wconf 87' lang='lat' dir='ltr'><strong>ttt</strong></span> <span class='ocrx_word' id='word_1_176' title='bbox 1519 2440 1790 2510; x_wconf 70' lang='lat' dir='ltr'><strong>invideant</strong></span> 
     </span>
    </p>
   </div>
   <div class='ocr_carea' id='block_1_24' title="bbox 196 2530 1784 2606">
    <p class='ocr_par' dir='ltr' id='par_1_24' title="bbox 196 2530 1784 2606">
     <span class='ocr_line' id='line_1_24' title="bbox 196 2530 1784 2606; baseline -0.001 -20"><span class='ocrx_word' id='word_1_177' title='bbox 196 2534 385 2606; x_wconf 65' lang='lat' dir='ltr'><strong>gloria:</strong></span> <span class='ocrx_word' id='word_1_178' title='bbox 408 2535 600 2589; x_wconf 64' lang='lat' dir='ltr'><strong>Christi</strong></span> <span class='ocrx_word' id='word_1_179' title='bbox 627 2578 639 2594; x_wconf 88' lang='lat'><em>.</em></span> <span class='ocrx_word' id='word_1_180' title='bbox 665 2534 750 2589; x_wconf 92' lang='lat' dir='ltr'><strong>cui</strong></span> <span class='ocrx_word' id='word_1_181' title='bbox 780 2533 980 2600; x_wconf 85' lang='lat' dir='ltr'><strong>dictum</strong></span> <span class='ocrx_word' id='word_1_182' title='bbox 1008 2544 1090 2588; x_wconf 71' lang='grc' dir='ltr'><strong>εει.</strong></span> <span class='ocrx_word' id='word_1_183' title='bbox 1109 2573 1129 2600; x_wconf 78' lang='lat'><strong>,</strong></span> <span class='ocrx_word' id='word_1_184' title='bbox 1153 2530 1394 2594; x_wconf 73' lang='lat' dir='ltr'><strong>Exultare</strong></span> <span class='ocrx_word' id='word_1_185' title='bbox 1422 2547 1578 2600; x_wconf 76' lang='lat' dir='ltr'><strong>super</strong></span> <span class='ocrx_word' id='word_1_186' title='bbox 1603 2531 1784 2596; x_wconf 74' lang='lat' dir='ltr'><strong>caelos,</strong></span> 
     </span>
    </p>
   </div>
   <div class='ocr_carea' id='block_1_25' title="bbox 202 2623 1785 2697">
    <p class='ocr_par' dir='ltr' id='par_1_25' title="bbox 202 2623 1785 2697">
     <span class='ocr_line' id='line_1_25' title="bbox 202 2623 1785 2697; baseline -0.004 -16"><span class='ocrx_word' id='word_1_187' title='bbox 202 2625 362 2694; x_wconf 74' lang='lat' dir='ltr'><strong>Deus,</strong></span> <span class='ocrx_word' id='word_1_188' title='bbox 384 2636 430 2682; x_wconf 74' lang='lat' dir='ltr'><strong>at</strong></span> <span class='ocrx_word' id='word_1_189' title='bbox 455 2643 606 2695; x_wconf 77' lang='lat' dir='ltr'><strong>super</strong></span> <span class='ocrx_word' id='word_1_190' title='bbox 627 2643 824 2682; x_wconf 78' lang='lat' dir='ltr'><strong>omnem</strong></span> <span class='ocrx_word' id='word_1_191' title='bbox 851 2636 1036 2682; x_wconf 75' lang='lat' dir='ltr'><strong>terram</strong></span> <span class='ocrx_word' id='word_1_192' title='bbox 1061 2625 1223 2697; x_wconf 68' lang='lat' dir='ltr'><strong>gloria</strong></span> <span class='ocrx_word' id='word_1_193' title='bbox 1245 2635 1336 2678; x_wconf 85' lang='lat' dir='ltr'><strong>tua</strong></span> <span class='ocrx_word' id='word_1_194' title='bbox 1359 2623 1532 2694; x_wconf 73' lang='lat' dir='ltr'><strong>(Psal.</strong></span> <span class='ocrx_word' id='word_1_195' title='bbox 1555 2641 1686 2690; x_wconf 86' lang='lat' dir='ltr'><strong>cvtt,</strong></span> <span class='ocrx_word' id='word_1_196' title='bbox 1710 2625 1785 2694; x_wconf 86' lang='lat'><strong>6).</strong></span> 
     </span>
    </p>
   </div>
   <div class='ocr_carea' id='block_1_26' title="bbox 199 2718 1788 2792">
    <p class='ocr_par' dir='ltr' id='par_1_26' title="bbox 199 2718 1788 2792">
     <span class='ocr_line' id='line_1_26' title="bbox 199 2718 1788 2792; baseline -0.002 -17"><span class='ocrx_word' id='word_1_197' title='bbox 199 2720 374 2776; x_wconf 77' lang='lat' dir='ltr'><strong>Homo</strong></span> <span class='ocrx_word' id='word_1_198' title='bbox 422 2721 619 2792; x_wconf 79' lang='lat' dir='ltr'><strong>quippe</strong></span> <span class='ocrx_word' id='word_1_199' title='bbox 659 2720 845 2776; x_wconf 86' lang='lat' dir='ltr'><strong>audire</strong></span> <span class='ocrx_word' id='word_1_200' title='bbox 891 2720 1085 2778; x_wconf 74' lang='lat' dir='ltr'><strong>meruit</strong></span> <span class='ocrx_word' id='word_1_201' title='bbox 1119 2718 1320 2778; x_wconf 77' lang='lat' dir='ltr'><strong>:Terra</strong></span> <span class='ocrx_word' id='word_1_202' title='bbox 1341 2736 1424 2785; x_wconf 75' lang='lat' dir='ltr'><strong>es,</strong></span> <span class='ocrx_word' id='word_1_203' title='bbox 1447 2728 1496 2780; x_wconf 71' lang='lat' dir='ltr'><strong>et</strong></span> <span class='ocrx_word' id='word_1_204' title='bbox 1523 2719 1574 2772; x_wconf 88' lang='lat' dir='ltr'><strong>in</strong></span> <span class='ocrx_word' id='word_1_205' title='bbox 1605 2729 1788 2784; x_wconf 67' lang='lat' dir='ltr'><strong>terra»:</strong></span> 
     </span>
    </p>
   </div>
   <div class='ocr_carea' id='block_1_27' title="bbox 196 2809 1787 2883">
    <p class='ocr_par' dir='ltr' id='par_1_27' title="bbox 196 2809 1787 2883">
     <span class='ocr_line' id='line_1_27' title="bbox 196 2809 1787 2883; baseline 0 -17"><span class='ocrx_word' id='word_1_206' title='bbox 196 2811 292 2870; x_wconf 74' lang='lat' dir='ltr'><strong>ibis</strong></span> <span class='ocrx_word' id='word_1_207' title='bbox 321 2811 474 2881; x_wconf 77' lang='lat' dir='ltr'><strong>(Gen.</strong></span> <span class='ocrx_word' id='word_1_208' title='bbox 501 2829 584 2876; x_wconf 87' lang='lat' dir='ltr'><strong>tu,</strong></span> <span class='ocrx_word' id='word_1_209' title='bbox 617 2813 722 2883; x_wconf 85' lang='lat' dir='ltr'><strong>l9).</strong></span> <span class='ocrx_word' id='word_1_210' title='bbox 754 2812 900 2870; x_wconf 87' lang='lat' dir='ltr'><strong>llauc</strong></span> <span class='ocrx_word' id='word_1_211' title='bbox 933 2821 1130 2870; x_wconf 83' lang='lat' dir='ltr'><strong>terram</strong></span> <span class='ocrx_word' id='word_1_212' title='bbox 1162 2809 1452 2881; x_wconf 80' lang='lat' dir='ltr'><strong>liugendo,</strong></span> <span class='ocrx_word' id='word_1_213' title='bbox 1477 2809 1530 2865; x_wconf 89' lang='lat' dir='ltr'><strong>id</strong></span> <span class='ocrx_word' id='word_1_214' title='bbox 1554 2818 1672 2872; x_wconf 82' lang='lat' dir='ltr'><strong>est,</strong></span> <span class='ocrx_word' id='word_1_215' title='bbox 1708 2821 1787 2872; x_wconf 78' lang='lat' dir='ltr'><strong>ta-</strong></span> 
     </span>
    </p>
   </div>
   <div class='ocr_carea' id='block_1_28' title="bbox 200 2902 1792 2975">
    <p class='ocr_par' dir='ltr' id='par_1_28' title="bbox 200 2902 1792 2975">
     <span class='ocr_line' id='line_1_28' title="bbox 200 2902 1792 2975; baseline -0.001 -16"><span class='ocrx_word' id='word_1_216' title='bbox 200 2904 332 2960; x_wconf 87' lang='lat' dir='ltr'><strong>lium</strong></span> <span class='ocrx_word' id='word_1_217' title='bbox 361 2906 674 2959; x_wconf 72' lang='lat' dir='ltr'><strong>auctoritate</strong></span> <span class='ocrx_word' id='word_1_218' title='bbox 700 2905 982 2975; x_wconf 83' lang='lat' dir='ltr'><strong>vaniloqua</strong></span> <span class='ocrx_word' id='word_1_219' title='bbox 1006 2903 1253 2958; x_wconf 81' lang='lat' dir='ltr'><strong>delectati</strong></span> <span class='ocrx_word' id='word_1_220' title='bbox 1279 2943 1293 2966; x_wconf 92' lang='lat'><strong>,</strong></span> <span class='ocrx_word' id='word_1_221' title='bbox 1321 2915 1418 2958; x_wconf 80' lang='lat' dir='ltr'><strong>eos</strong></span> <span class='ocrx_word' id='word_1_222' title='bbox 1443 2902 1671 2958; x_wconf 85' lang='lat' dir='ltr'><strong>atuando</strong></span> <span class='ocrx_word' id='word_1_223' title='bbox 1691 2944 1705 2967; x_wconf 92' lang='lat'><strong>,</strong></span> <span class='ocrx_word' id='word_1_224' title='bbox 1739 2912 1792 2958; x_wconf 81' lang='lat' dir='ltr'><strong>et</strong></span> 
     </span>
    </p>
   </div>
   <div class='ocr_carea' id='block_1_29' title="bbox 200 2987 1866 3068">
    <p class='ocr_par' dir='ltr' id='par_1_29' title="bbox 200 2987 1866 3068">
     <span class='ocr_line' id='line_1_29' title="bbox 200 2987 1866 3068; baseline -0.001 -18"><span class='ocrx_word' id='word_1_225' title='bbox 200 2996 254 3052; x_wconf 86' lang='lat' dir='ltr'><strong>in</strong></span> <span class='ocrx_word' id='word_1_226' title='bbox 276 2994 623 3060; x_wconf 65' lang='lat' dir='ltr'><strong>suavisdmos</strong></span> <span class='ocrx_word' id='word_1_227' title='bbox 647 2995 914 3057; x_wconf 79' lang='lat' dir='ltr'><strong>habendo,</strong></span> <span class='ocrx_word' id='word_1_228' title='bbox 937 2995 1308 3050; x_wconf 79' lang='lat' dir='ltr'><strong>contradicunt</strong></span> <span class='ocrx_word' id='word_1_229' title='bbox 1328 2987 1524 3052; x_wconf 85' lang='lat' dir='ltr'><strong>divinis</strong></span> <span class='ocrx_word' id='word_1_230' title='bbox 1543 2994 1788 3066; x_wconf 82' lang='lat' dir='ltr'><strong>eloquiis,</strong></span> <span class='ocrx_word' id='word_1_231' title='bbox 1859 3063 1866 3068; x_wconf 22' lang='grc' dir='ltr'><strong>Α</strong></span> 
     </span>
    </p>
   </div>
   <div class='ocr_carea' id='block_1_30' title="bbox 197 3085 1793 3156">
    <p class='ocr_par' dir='ltr' id='par_1_30' title="bbox 197 3085 1793 3156">
     <span class='ocr_line' id='line_1_30' title="bbox 197 3085 1793 3156; baseline 0.003 -20"><span class='ocrx_word' id='word_1_232' title='bbox 197 3086 390 3156; x_wconf 77' lang='lat' dir='ltr'><strong>quibus</strong></span> <span class='ocrx_word' id='word_1_233' title='bbox 416 3086 680 3142; x_wconf 87' lang='lat' dir='ltr'><strong>catholica</strong></span> <span class='ocrx_word' id='word_1_234' title='bbox 713 3085 949 3140; x_wconf 77' lang='lat' dir='ltr'><strong>Ecclesia</strong></span> <span class='ocrx_word' id='word_1_235' title='bbox 978 3085 1326 3155; x_wconf 68' lang='lat' dir='ltr'><strong>przt‘tttttttiata</strong></span> <span class='ocrx_word' id='word_1_236' title='bbox 1357 3093 1459 3149; x_wconf 81' lang='lat' dir='ltr'><strong>est,</strong></span> <span class='ocrx_word' id='word_1_237' title='bbox 1490 3101 1598 3140; x_wconf 86' lang='lat' dir='ltr'><strong>non</strong></span> <span class='ocrx_word' id='word_1_238' title='bbox 1623 3085 1677 3140; x_wconf 83' lang='lat' dir='ltr'><strong>in</strong></span> <span class='ocrx_word' id='word_1_239' title='bbox 1696 3086 1793 3142; x_wconf 78' lang='lat' dir='ltr'><strong>ali-</strong></span> 
     </span>
    </p>
   </div>
   <div class='ocr_carea' id='block_1_31' title="bbox 198 3179 1787 3252">
    <p class='ocr_par' dir='ltr' id='par_1_31' title="bbox 198 3179 1787 3252">
     <span class='ocr_line' id='line_1_31' title="bbox 198 3179 1787 3252; baseline 0 -18"><span class='ocrx_word' id='word_1_240' title='bbox 198 3196 304 3252; x_wconf 86' lang='lat' dir='ltr'><strong>qua</strong></span> <span class='ocrx_word' id='word_1_241' title='bbox 339 3189 487 3248; x_wconf 76' lang='lat' dir='ltr'><strong>parte</strong></span> <span class='ocrx_word' id='word_1_242' title='bbox 513 3191 774 3236; x_wconf 85' lang='lat' dir='ltr'><strong>terrarum</strong></span> <span class='ocrx_word' id='word_1_243' title='bbox 802 3181 992 3247; x_wconf 78' lang='lat' dir='ltr'><strong>futura,</strong></span> <span class='ocrx_word' id='word_1_244' title='bbox 1028 3179 1166 3238; x_wconf 74' lang='lat' dir='ltr'><strong>sicut</strong></span> <span class='ocrx_word' id='word_1_245' title='bbox 1191 3179 1446 3250; x_wconf 76' lang='lat' dir='ltr'><strong>qua-libet.</strong></span> <span class='ocrx_word' id='word_1_246' title='bbox 1467 3179 1787 3248; x_wconf 75' lang='lat' dir='ltr'><strong>Scltisutata;</strong></span> 
     </span>
    </p>
   </div>
   <div class='ocr_carea' id='block_1_32' title="bbox 199 3272 1788 3344">
    <p class='ocr_par' dir='ltr' id='par_1_32' title="bbox 199 3272 1788 3344">
     <span class='ocr_line' id='line_1_32' title="bbox 199 3272 1788 3344; baseline -0.003 -14"><span class='ocrx_word' id='word_1_247' title='bbox 199 3273 294 3331; x_wconf 84' lang='lat' dir='ltr'><strong>sed</strong></span> <span class='ocrx_word' id='word_1_248' title='bbox 327 3275 380 3330; x_wconf 90' lang='lat' dir='ltr'><strong>in</strong></span> <span class='ocrx_word' id='word_1_249' title='bbox 411 3275 659 3330; x_wconf 86' lang='lat' dir='ltr'><strong>universo</strong></span> <span class='ocrx_word' id='word_1_250' title='bbox 684 3273 880 3330; x_wconf 84' lang='lat' dir='ltr'><strong>Iltlllldtl</strong></span> <span class='ocrx_word' id='word_1_251' title='bbox 908 3272 1272 3332; x_wconf 77' lang='lat' dir='ltr'><strong>fructificando</strong></span> <span class='ocrx_word' id='word_1_252' title='bbox 1293 3284 1454 3344; x_wconf 79' lang='lat' dir='ltr'><strong>atque</strong></span> <span class='ocrx_word' id='word_1_253' title='bbox 1475 3273 1788 3339; x_wconf 82' lang='lat' dir='ltr'><strong>crescendo,</strong></span> 
     </span>
    </p>
   </div>
   <div class='ocr_carea' id='block_1_33' title="bbox 199 3365 1796 3436">
    <p class='ocr_par' dir='ltr' id='par_1_33' title="bbox 199 3365 1796 3436">
     <span class='ocr_line' id='line_1_33' title="bbox 199 3365 1796 3436; baseline 0.002 -16"><span class='ocrx_word' id='word_1_254' title='bbox 199 3383 371 3436; x_wconf 85' lang='lat' dir='ltr'><strong>usque</strong></span> <span class='ocrx_word' id='word_1_255' title='bbox 401 3367 466 3420; x_wconf 82' lang='lat' dir='ltr'><strong>ad</strong></span> <span class='ocrx_word' id='word_1_256' title='bbox 498 3367 641 3434; x_wconf 72' lang='lat' dir='ltr'><strong>ip~os</strong></span> <span class='ocrx_word' id='word_1_257' title='bbox 665 3365 962 3436; x_wconf 51' lang='lat' dir='ltr'><strong>Alituum-5.</strong></span> <span class='ocrx_word' id='word_1_258' title='bbox 986 3377 1260 3428; x_wconf 68' lang='lat' dir='ltr'><strong>extremos</strong></span> <span class='ocrx_word' id='word_1_259' title='bbox 1282 3366 1527 3434; x_wconf 79' lang='lat' dir='ltr'><strong>videlicet</strong></span> <span class='ocrx_word' id='word_1_260' title='bbox 1550 3375 1608 3436; x_wconf 81' lang='lat' dir='ltr'><strong>et</strong></span> <span class='ocrx_word' id='word_1_261' title='bbox 1633 3376 1796 3428; x_wconf 87' lang='lat' dir='ltr'><strong>teter-</strong></span> 
     </span>
    </p>
   </div>
   <div class='ocr_carea' id='block_1_34' title="bbox 199 3460 1054 3528">
    <p class='ocr_par' dir='ltr' id='par_1_34' title="bbox 199 3460 1054 3528">
     <span class='ocr_line' id='line_1_34' title="bbox 199 3460 1054 3528; baseline -0.004 -12"><span class='ocrx_word' id='word_1_262' title='bbox 199 3460 366 3516; x_wconf 77' lang='lat' dir='ltr'><strong>rimos</strong></span> <span class='ocrx_word' id='word_1_263' title='bbox 391 3460 685 3524; x_wconf 88' lang='lat' dir='ltr'><strong>hominum,</strong></span> <span class='ocrx_word' id='word_1_264' title='bbox 717 3468 1054 3528; x_wconf 85' lang='lat' dir='ltr'><strong>perventura.</strong></span> 
     </span>
    </p>
   </div>
   <div class='ocr_carea' id='block_1_35' title="bbox 278 3551 1792 3625">
    <p class='ocr_par' dir='ltr' id='par_1_35' title="bbox 278 3551 1792 3625">
     <span class='ocr_line' id='line_1_35' title="bbox 278 3551 1792 3625; baseline -0.003 -15"><span class='ocrx_word' id='word_1_265' title='bbox 278 3555 362 3610; x_wconf 74' lang='grc'><strong>13.</strong></span> <span class='ocrx_word' id='word_1_266' title='bbox 392 3551 556 3625; x_wconf 58' lang='lat' dir='ltr'><strong>luere.</strong></span> <span class='ocrx_word' id='word_1_267' title='bbox 591 3553 652 3613; x_wconf 83' lang='lat' dir='ltr'><strong>l0</strong></span> <span class='ocrx_word' id='word_1_268' title='bbox 671 3595 686 3615; x_wconf 91' lang='lat'><strong>,</strong></span> <span class='ocrx_word' id='word_1_269' title='bbox 721 3551 831 3624; x_wconf 81' lang='lat' dir='ltr'><strong>IL]</strong></span> <span class='ocrx_word' id='word_1_270' title='bbox 880 3551 1038 3622; x_wconf 67' lang='lat' dir='ltr'><strong>[leges</strong></span> <span class='ocrx_word' id='word_1_271' title='bbox 1067 3551 1278 3610; x_wconf 69' lang='lat' dir='ltr'><strong>Titanis</strong></span> <span class='ocrx_word' id='word_1_272' title='bbox 1305 3560 1350 3606; x_wconf 77' lang='lat' dir='ltr'><strong>et</strong></span> <span class='ocrx_word' id='word_1_273' title='bbox 1377 3552 1558 3610; x_wconf 73' lang='lat' dir='ltr'><strong>insulto</strong></span> <span class='ocrx_word' id='word_1_274' title='bbox 1583 3568 1792 3614; x_wconf 74' lang='lat' dir='ltr'><strong>nzunera</strong></span> 
     </span>
    </p>
   </div>
   <div class='ocr_carea' id='block_1_36' title="bbox 201 3642 1794 3716">
    <p class='ocr_par' dir='ltr' id='par_1_36' title="bbox 201 3642 1794 3716">
     <span class='ocr_line' id='line_1_36' title="bbox 201 3642 1794 3716; baseline -0.002 -15"><span class='ocrx_word' id='word_1_275' title='bbox 201 3642 445 3712; x_wconf 63' lang='lat' dir='ltr'><strong>olerent;</strong></span> <span class='ocrx_word' id='word_1_276' title='bbox 473 3660 613 3716; x_wconf 65' lang='lat' dir='ltr'><strong>regas</strong></span> <span class='ocrx_word' id='word_1_277' title='bbox 635 3645 859 3700; x_wconf 75' lang='lat' dir='ltr'><strong>Arabum</strong></span> <span class='ocrx_word' id='word_1_278' title='bbox 882 3654 926 3700; x_wconf 85' lang='lat' dir='ltr'><strong>et</strong></span> <span class='ocrx_word' id='word_1_279' title='bbox 957 3644 1096 3707; x_wconf 73' lang='lat' dir='ltr'><strong>Saba</strong></span> <span class='ocrx_word' id='word_1_280' title='bbox 1119 3645 1253 3698; x_wconf 88' lang='lat' dir='ltr'><strong>dona</strong></span> <span class='ocrx_word' id='word_1_281' title='bbox 1279 3645 1549 3702; x_wconf 77' lang='lat' dir='ltr'><strong>adducent.</strong></span> <span class='ocrx_word' id='word_1_282' title='bbox 1577 3644 1641 3700; x_wconf 83' lang='lat' dir='ltr'><strong>Et</strong></span> <span class='ocrx_word' id='word_1_283' title='bbox 1668 3644 1794 3704; x_wconf 86' lang='lat' dir='ltr'><strong>ado-</strong></span> 
     </span>
    </p>
   </div>
   <div class='ocr_carea' id='block_1_37' title="bbox 201 3737 1792 3808">
    <p class='ocr_par' dir='ltr' id='par_1_37' title="bbox 201 3737 1792 3808">
     <span class='ocr_line' id='line_1_37' title="bbox 201 3737 1792 3808; baseline 0 -15"><span class='ocrx_word' id='word_1_284' title='bbox 201 3737 387 3794; x_wconf 75' lang='lat' dir='ltr'><strong>rabunt</strong></span> <span class='ocrx_word' id='word_1_285' title='bbox 415 3754 529 3794; x_wconf 73' lang='lat' dir='ltr'><strong>cant</strong></span> <span class='ocrx_word' id='word_1_286' title='bbox 553 3754 722 3794; x_wconf 75' lang='lat' dir='ltr'><strong>annm</strong></span> <span class='ocrx_word' id='word_1_287' title='bbox 747 3754 886 3808; x_wconf 62' lang='lat' dir='ltr'><strong>rege:</strong></span> <span class='ocrx_word' id='word_1_288' title='bbox 907 3748 1084 3801; x_wconf 64' lang='lat' dir='ltr'><strong>terra;</strong></span> <span class='ocrx_word' id='word_1_289' title='bbox 1106 3754 1282 3792; x_wconf 75' lang='lat' dir='ltr'><strong>annm</strong></span> <span class='ocrx_word' id='word_1_290' title='bbox 1301 3748 1472 3807; x_wconf 72' lang='lat' dir='ltr'><strong>gentes</strong></span> <span class='ocrx_word' id='word_1_291' title='bbox 1491 3739 1703 3793; x_wconf 73' lang='lat' dir='ltr'><strong>servient</strong></span> <span class='ocrx_word' id='word_1_292' title='bbox 1727 3738 1792 3793; x_wconf 84' lang='lat' dir='ltr'><strong>ei.</strong></span> 
     </span>
    </p>
   </div>
   <div class='ocr_carea' id='block_1_38' title="bbox 204 3831 1790 3905">
    <p class='ocr_par' dir='ltr' id='par_1_38' title="bbox 204 3831 1790 3905">
     <span class='ocr_line' id='line_1_38' title="bbox 204 3831 1790 3905; baseline 0 -17"><span class='ocrx_word' id='word_1_293' title='bbox 204 3832 319 3892; x_wconf 73' lang='lat' dir='ltr'><strong>Hoc</strong></span> <span class='ocrx_word' id='word_1_294' title='bbox 342 3831 450 3900; x_wconf 85' lang='lat' dir='ltr'><strong>jaut</strong></span> <span class='ocrx_word' id='word_1_295' title='bbox 482 3850 586 3890; x_wconf 71' lang='lat' dir='ltr'><strong>non</strong></span> <span class='ocrx_word' id='word_1_296' title='bbox 613 3835 994 3905; x_wconf 56' lang='lat' dir='ltr'><strong>capitaliorem,</strong></span> <span class='ocrx_word' id='word_1_297' title='bbox 1025 3833 1120 3888; x_wconf 86' lang='lat' dir='ltr'><strong>sed</strong></span> <span class='ocrx_word' id='word_1_298' title='bbox 1143 3833 1617 3900; x_wconf 78' lang='lat' dir='ltr'><strong>contemplatorem</strong></span> <span class='ocrx_word' id='word_1_299' title='bbox 1645 3832 1790 3888; x_wconf 85' lang='lat' dir='ltr'><strong>desi-</strong></span> 
     </span>
    </p>
   </div>
   <div class='ocr_carea' id='block_1_39' title="bbox 201 3923 1791 3990">
    <p class='ocr_par' dir='ltr' id='par_1_39' title="bbox 201 3923 1791 3990">
     <span class='ocr_line' id='line_1_39' title="bbox 201 3923 1791 3990; baseline -0.004 -6"><span class='ocrx_word' id='word_1_300' title='bbox 201 3926 396 3989; x_wconf 80' lang='lat' dir='ltr'><strong>derat;</strong></span> <span class='ocrx_word' id='word_1_301' title='bbox 429 3926 538 3980; x_wconf 85' lang='lat' dir='ltr'><strong>imo</strong></span> <span class='ocrx_word' id='word_1_302' title='bbox 563 3942 666 3980; x_wconf 87' lang='lat' dir='ltr'><strong>non</strong></span> <span class='ocrx_word' id='word_1_303' title='bbox 697 3925 869 3980; x_wconf 87' lang='lat' dir='ltr'><strong>solum</strong></span> <span class='ocrx_word' id='word_1_304' title='bbox 898 3924 1192 3980; x_wconf 76' lang='lat' dir='ltr'><strong>Letantiunt</strong></span> <span class='ocrx_word' id='word_1_305' title='bbox 1225 3924 1480 3990; x_wconf 78' lang='lat' dir='ltr'><strong>ﬁdelium,</strong></span> <span class='ocrx_word' id='word_1_306' title='bbox 1511 3924 1605 3978; x_wconf 86' lang='lat' dir='ltr'><strong>sed</strong></span> <span class='ocrx_word' id='word_1_307' title='bbox 1632 3923 1791 3978; x_wconf 89' lang='lat' dir='ltr'><strong>etiam</strong></span> 
     </span>
    </p>
   </div>
   <div class='ocr_carea' id='block_1_40' title="bbox 204 4014 1793 4087">
    <p class='ocr_par' dir='ltr' id='par_1_40' title="bbox 204 4014 1793 4087">
     <span class='ocr_line' id='line_1_40' title="bbox 204 4014 1793 4087; baseline -0.003 -14"><span class='ocrx_word' id='word_1_308' title='bbox 204 4015 499 4077; x_wconf 80' lang='lat' dir='ltr'><strong>iulidelinnt</strong></span> <span class='ocrx_word' id='word_1_309' title='bbox 539 4017 868 4087; x_wconf 84' lang='lat' dir='ltr'><strong>gementium</strong></span> <span class='ocrx_word' id='word_1_310' title='bbox 913 4015 1142 4072; x_wconf 69' lang='lat' dir='ltr'><strong>infertur-</strong></span> <span class='ocrx_word' id='word_1_311' title='bbox 1167 4017 1509 4084; x_wconf 71' lang='lat' dir='ltr'><strong>aspectibus:</strong></span> <span class='ocrx_word' id='word_1_312' title='bbox 1537 4016 1638 4072; x_wconf 89' lang='lat' dir='ltr'><strong>nisi</strong></span> <span class='ocrx_word' id='word_1_313' title='bbox 1680 4014 1793 4076; x_wconf 74' lang='lat' dir='ltr'><strong>for-</strong></span> 
     </span>
    </p>
   </div>
   <div class='ocr_carea' id='block_1_41' title="bbox 206 4109 1790 4181">
    <p class='ocr_par' dir='ltr' id='par_1_41' title="bbox 206 4109 1790 4181">
     <span class='ocr_line' id='line_1_41' title="bbox 206 4109 1790 4181; baseline -0.004 -13"><span class='ocrx_word' id='word_1_314' title='bbox 206 4122 350 4168; x_wconf 81' lang='lat' dir='ltr'><strong>tasse</strong></span> <span class='ocrx_word' id='word_1_315' title='bbox 380 4111 723 4181; x_wconf 61' lang='lat' dir='ltr'><strong>quaerendtuu</strong></span> <span class='ocrx_word' id='word_1_316' title='bbox 751 4120 832 4166; x_wconf 85' lang='lat' dir='ltr'><strong>est</strong></span> <span class='ocrx_word' id='word_1_317' title='bbox 862 4111 988 4180; x_wconf 85' lang='lat' dir='ltr'><strong>quid</strong></span> <span class='ocrx_word' id='word_1_318' title='bbox 1019 4111 1220 4168; x_wconf 83' lang='lat' dir='ltr'><strong>dictum</strong></span> <span class='ocrx_word' id='word_1_319' title='bbox 1245 4110 1338 4174; x_wconf 84' lang='lat' dir='ltr'><strong>sit,</strong></span> <span class='ocrx_word' id='word_1_320' title='bbox 1361 4110 1495 4166; x_wconf 83' lang='lat' dir='ltr'><strong>dona</strong></span> <span class='ocrx_word' id='word_1_321' title='bbox 1521 4109 1790 4166; x_wconf 77' lang='lat' dir='ltr'><strong>adducent.</strong></span> 
     </span>
    </p>
   </div>
   <div class='ocr_carea' id='block_1_42' title="bbox 206 4201 1791 4274">
    <p class='ocr_par' dir='ltr' id='par_1_42' title="bbox 206 4201 1791 4274">
     <span class='ocr_line' id='line_1_42' title="bbox 206 4201 1791 4274; baseline -0.004 -13"><span class='ocrx_word' id='word_1_322' title='bbox 206 4206 284 4261; x_wconf 82' lang='lat' dir='ltr'><strong>Ea</strong></span> <span class='ocrx_word' id='word_1_323' title='bbox 334 4204 529 4274; x_wconf 77' lang='lat' dir='ltr'><strong>quippe</strong></span> <span class='ocrx_word' id='word_1_324' title='bbox 576 4203 768 4258; x_wconf 85' lang='lat' dir='ltr'><strong>adduci</strong></span> <span class='ocrx_word' id='word_1_325' title='bbox 815 4203 1023 4266; x_wconf 76' lang='lat' dir='ltr'><strong>Solent.</strong></span> <span class='ocrx_word' id='word_1_326' title='bbox 1061 4217 1180 4272; x_wconf 70' lang='lat' dir='ltr'><strong>qtae</strong></span> <span class='ocrx_word' id='word_1_327' title='bbox 1225 4201 1499 4258; x_wconf 75' lang='lat' dir='ltr'><strong>ambulare</strong></span> <span class='ocrx_word' id='word_1_328' title='bbox 1545 4209 1791 4272; x_wconf 70' lang='lat' dir='ltr'><strong>possitut.</strong></span> 
     </span>
    </p>
   </div>
   <div class='ocr_carea' id='block_1_43' title="bbox 206 4293 1796 4366">
    <p class='ocr_par' dir='ltr' id='par_1_43' title="bbox 206 4293 1796 4366">
     <span class='ocr_line' id='line_1_43' title="bbox 206 4293 1796 4366; baseline -0.004 -12"><span class='ocrx_word' id='word_1_329' title='bbox 206 4296 598 4363; x_wconf 74' lang='lat' dir='ltr'><strong>Numquidnam</strong></span> <span class='ocrx_word' id='word_1_330' title='bbox 622 4313 750 4366; x_wconf 82' lang='lat' dir='ltr'><strong>ergo</strong></span> <span class='ocrx_word' id='word_1_331' title='bbox 773 4295 838 4352; x_wconf 87' lang='lat' dir='ltr'><strong>de</strong></span> <span class='ocrx_word' id='word_1_332' title='bbox 862 4294 1198 4352; x_wconf 84' lang='lat' dir='ltr'><strong>immolaudis</strong></span> <span class='ocrx_word' id='word_1_333' title='bbox 1217 4294 1443 4348; x_wconf 79' lang='lat' dir='ltr'><strong>victimis</strong></span> <span class='ocrx_word' id='word_1_334' title='bbox 1463 4293 1564 4348; x_wconf 86' lang='lat' dir='ltr'><strong>dici</strong></span> <span class='ocrx_word' id='word_1_335' title='bbox 1593 4293 1796 4360; x_wconf 86' lang='lat' dir='ltr'><strong>potuit?</strong></span> 
     </span>
    </p>
   </div>
   <div class='ocr_carea' id='block_1_44' title="bbox 203 4385 1795 4456">
    <p class='ocr_par' dir='ltr' id='par_1_44' title="bbox 203 4385 1795 4456">
     <span class='ocr_line' id='line_1_44' title="bbox 203 4385 1795 4456; baseline -0.003 -13"><span class='ocrx_word' id='word_1_336' title='bbox 203 4389 363 4444; x_wconf 82' lang='lat' dir='ltr'><strong>Absit</strong></span> <span class='ocrx_word' id='word_1_337' title='bbox 394 4399 449 4442; x_wconf 90' lang='lat' dir='ltr'><strong>ut</strong></span> <span class='ocrx_word' id='word_1_338' title='bbox 479 4389 598 4443; x_wconf 80' lang='lat' dir='ltr'><strong>talis</strong></span> <span class='ocrx_word' id='word_1_339' title='bbox 625 4389 826 4442; x_wconf 86' lang='lat' dir='ltr'><strong>oriatur</strong></span> <span class='ocrx_word' id='word_1_340' title='bbox 856 4387 905 4442; x_wconf 89' lang='lat' dir='ltr'><strong>in</strong></span> <span class='ocrx_word' id='word_1_341' title='bbox 934 4387 1124 4445; x_wconf 83' lang='lat' dir='ltr'><strong>diebus</strong></span> <span class='ocrx_word' id='word_1_342' title='bbox 1151 4385 1267 4455; x_wconf 87' lang='lat' dir='ltr'><strong>ejus</strong></span> <span class='ocrx_word' id='word_1_343' title='bbox 1297 4385 1520 4456; x_wconf 71' lang='lat' dir='ltr'><strong>iustitia.</strong></span> <span class='ocrx_word' id='word_1_344' title='bbox 1558 4385 1664 4440; x_wconf 84' lang='lat' dir='ltr'><strong>Sed</strong></span> <span class='ocrx_word' id='word_1_345' title='bbox 1697 4387 1795 4446; x_wconf 85' lang='lat' dir='ltr'><strong>ista</strong></span> 
     </span>
    </p>
   </div>
   <div class='ocr_carea' id='block_1_45' title="bbox 204 4477 1796 4551">
    <p class='ocr_par' dir='ltr' id='par_1_45' title="bbox 204 4477 1796 4551">
     <span class='ocr_line' id='line_1_45' title="bbox 204 4477 1796 4551; baseline -0.005 -13"><span class='ocrx_word' id='word_1_346' title='bbox 204 4481 350 4538; x_wconf 86' lang='lat' dir='ltr'><strong>dona</strong></span> <span class='ocrx_word' id='word_1_347' title='bbox 393 4497 511 4551; x_wconf 74' lang='lat' dir='ltr'><strong>qua:</strong></span> <span class='ocrx_word' id='word_1_348' title='bbox 554 4480 861 4535; x_wconf 89' lang='lat' dir='ltr'><strong>adducenda</strong></span> <span class='ocrx_word' id='word_1_349' title='bbox 903 4481 1156 4550; x_wconf 81' lang='lat' dir='ltr'><strong>praulicta</strong></span> <span class='ocrx_word' id='word_1_350' title='bbox 1198 4487 1345 4543; x_wconf 73' lang='lat' dir='ltr'><strong>sunt,</strong></span> <span class='ocrx_word' id='word_1_351' title='bbox 1376 4477 1622 4535; x_wconf 75' lang='lat' dir='ltr'><strong>homines</strong></span> <span class='ocrx_word' id='word_1_352' title='bbox 1668 4479 1796 4532; x_wconf 88' lang='lat' dir='ltr'><strong>mihi</strong></span> 
     </span>
    </p>
   </div>
   <div class='ocr_carea' id='block_1_46' title="bbox 204 4571 1796 4642">
    <p class='ocr_par' dir='ltr' id='par_1_46' title="bbox 204 4571 1796 4642">
     <span class='ocr_line' id='line_1_46' title="bbox 204 4571 1796 4642; baseline -0.003 -14"><span class='ocrx_word' id='word_1_353' title='bbox 204 4574 460 4628; x_wconf 88' lang='lat' dir='ltr'><strong>videntur</strong></span> <span class='ocrx_word' id='word_1_354' title='bbox 503 4572 840 4640; x_wconf 81' lang='lat' dir='ltr'><strong>signiﬁcare,</strong></span> <span class='ocrx_word' id='word_1_355' title='bbox 889 4589 1025 4642; x_wconf 91' lang='lat' dir='ltr'><strong>quos</strong></span> <span class='ocrx_word' id='word_1_356' title='bbox 1077 4574 1128 4628; x_wconf 91' lang='lat' dir='ltr'><strong>iu</strong></span> <span class='ocrx_word' id='word_1_357' title='bbox 1178 4575 1486 4629; x_wconf 87' lang='lat' dir='ltr'><strong>societatem</strong></span> <span class='ocrx_word' id='word_1_358' title='bbox 1541 4571 1796 4628; x_wconf 72' lang='lat' dir='ltr'><strong>Ecclesia:</strong></span> 
     </span>
    </p>
   </div>
   <div class='ocr_carea' id='block_1_47' title="bbox 204 4663 1797 4733">
    <p class='ocr_par' dir='ltr' id='par_1_47' title="bbox 204 4663 1797 4733">
     <span class='ocr_line' id='line_1_47' title="bbox 204 4663 1797 4733; baseline -0.001 -13"><span class='ocrx_word' id='word_1_359' title='bbox 204 4664 410 4721; x_wconf 85' lang='lat' dir='ltr'><strong>Christi</strong></span> <span class='ocrx_word' id='word_1_360' title='bbox 463 4679 644 4732; x_wconf 80' lang='lat' dir='ltr'><strong>regum</strong></span> <span class='ocrx_word' id='word_1_361' title='bbox 700 4663 916 4717; x_wconf 89' lang='lat' dir='ltr'><strong>adducit</strong></span> <span class='ocrx_word' id='word_1_362' title='bbox 967 4665 1294 4725; x_wconf 77' lang='lat' dir='ltr'><strong>auctoritas;</strong></span> <span class='ocrx_word' id='word_1_363' title='bbox 1345 4664 1592 4733; x_wconf 84' lang='lat' dir='ltr'><strong>quamvis</strong></span> <span class='ocrx_word' id='word_1_364' title='bbox 1644 4677 1797 4731; x_wconf 81' lang='lat' dir='ltr'><strong>reges</strong></span> 
     </span>
    </p>
   </div>
   <div class='ocr_carea' id='block_1_48' title="bbox 207 4754 1798 4825">
    <p class='ocr_par' dir='ltr' id='par_1_48' title="bbox 207 4754 1798 4825">
     <span class='ocr_line' id='line_1_48' title="bbox 207 4754 1798 4825; baseline -0.004 -10"><span class='ocrx_word' id='word_1_365' title='bbox 207 4757 373 4815; x_wconf 89' lang='lat' dir='ltr'><strong>etiam</strong></span> <span class='ocrx_word' id='word_1_366' title='bbox 424 4764 803 4825; x_wconf 85' lang='lat' dir='ltr'><strong>persequentes</strong></span> <span class='ocrx_word' id='word_1_367' title='bbox 842 4755 980 4810; x_wconf 86' lang='lat' dir='ltr'><strong>dona</strong></span> <span class='ocrx_word' id='word_1_368' title='bbox 1027 4754 1344 4809; x_wconf 76' lang='lat' dir='ltr'><strong>adduxerim</strong></span> <span class='ocrx_word' id='word_1_369' title='bbox 1369 4795 1384 4816; x_wconf 88' lang='lat'><strong>,</strong></span> <span class='ocrx_word' id='word_1_370' title='bbox 1425 4771 1528 4808; x_wconf 85' lang='lat' dir='ltr'><strong>non</strong></span> <span class='ocrx_word' id='word_1_371' title='bbox 1569 4756 1798 4810; x_wconf 88' lang='lat' dir='ltr'><strong>scientes</strong></span> 
     </span>
    </p>
   </div>
   <div class='ocr_carea' id='block_1_49' title="bbox 205 4847 1512 4922">
    <p class='ocr_par' dir='ltr' id='par_1_49' title="bbox 205 4847 1512 4922">
     <span class='ocr_line' id='line_1_49' title="bbox 205 4847 1512 4922; baseline -0.002 -20"><span class='ocrx_word' id='word_1_372' title='bbox 205 4850 337 4922; x_wconf 86' lang='lat' dir='ltr'><strong>quid</strong></span> <span class='ocrx_word' id='word_1_373' title='bbox 371 4851 606 4906; x_wconf 78' lang='lat' dir='ltr'><strong>facerent</strong></span> <span class='ocrx_word' id='word_1_374' title='bbox 634 4858 848 4904; x_wconf 75' lang='lat' dir='ltr'><strong>sanctos</strong></span> <span class='ocrx_word' id='word_1_375' title='bbox 875 4859 1136 4919; x_wconf 79' lang='lat' dir='ltr'><strong>tuartyres</strong></span> <span class='ocrx_word' id='word_1_376' title='bbox 1167 4847 1512 4902; x_wconf 87' lang='lat' dir='ltr'><strong>immolando.</strong></span> 
     </span>
    </p>
   </div>
   <div class='ocr_carea' id='block_1_50' title="bbox 291 4939 1797 5015">
    <p class='ocr_par' dir='ltr' id='par_1_50' title="bbox 291 4939 1797 5015">
     <span class='ocr_line' id='line_1_50' title="bbox 291 4939 1797 5015; baseline -0.001 -18"><span class='ocrx_word' id='word_1_377' title='bbox 291 4944 374 4998; x_wconf 72' lang='grc'><strong>14.</strong></span> <span class='ocrx_word' id='word_1_378' title='bbox 405 4943 557 5015; x_wconf 59' lang='lat' dir='ltr'><strong>[verm</strong></span> <span class='ocrx_word' id='word_1_379' title='bbox 583 4941 692 5013; x_wconf 75' lang='lat' dir='ltr'><strong>l‘2.|</strong></span> <span class='ocrx_word' id='word_1_380' title='bbox 731 4939 862 4996; x_wconf 90' lang='lat' dir='ltr'><strong>Cum</strong></span> <span class='ocrx_word' id='word_1_381' title='bbox 890 4956 1020 4997; x_wconf 90' lang='lat' dir='ltr'><strong>vero</strong></span> <span class='ocrx_word' id='word_1_382' title='bbox 1047 4950 1338 5007; x_wconf 78' lang='lat' dir='ltr'><strong>exponeret</strong></span> <span class='ocrx_word' id='word_1_383' title='bbox 1382 4944 1572 4996; x_wconf 81' lang='lat' dir='ltr'><strong>causas</strong></span> <span class='ocrx_word' id='word_1_384' title='bbox 1612 4954 1706 4994; x_wconf 92' lang='lat' dir='ltr'><strong>cur</strong></span> <span class='ocrx_word' id='word_1_385' title='bbox 1748 4941 1797 4996; x_wconf 94' lang='lat' dir='ltr'><strong>ei</strong></span> 
     </span>
    </p>
   </div>
   <div class='ocr_carea' id='block_1_51' title="bbox 209 5033 1798 5105">
    <p class='ocr_par' dir='ltr' id='par_1_51' title="bbox 209 5033 1798 5105">
     <span class='ocr_line' id='line_1_51' title="bbox 209 5033 1798 5105; baseline -0.003 -12"><span class='ocrx_word' id='word_1_386' title='bbox 209 5044 393 5093; x_wconf 85' lang='lat' dir='ltr'><strong>tantus</strong></span> <span class='ocrx_word' id='word_1_387' title='bbox 435 5035 607 5090; x_wconf 87' lang='lat' dir='ltr'><strong>bunor</strong></span> <span class='ocrx_word' id='word_1_388' title='bbox 632 5034 932 5090; x_wconf 69' lang='lat' dir='ltr'><strong>deferretur</strong></span> <span class='ocrx_word' id='word_1_389' title='bbox 957 5050 984 5087; x_wconf 91' lang='lat' dir='ltr'><strong>a</strong></span> <span class='ocrx_word' id='word_1_390' title='bbox 1016 5033 1230 5103; x_wconf 75' lang='lat' dir='ltr'><strong>regibus</strong></span> <span class='ocrx_word' id='word_1_391' title='bbox 1252 5075 1266 5099; x_wconf 90' lang='lat'><strong>,</strong></span> <span class='ocrx_word' id='word_1_392' title='bbox 1306 5034 1461 5105; x_wconf 87' lang='lat' dir='ltr'><strong>eique</strong></span> <span class='ocrx_word' id='word_1_393' title='bbox 1504 5035 1798 5089; x_wconf 81' lang='lat' dir='ltr'><strong>scrvirctur</strong></span> 
     </span>
    </p>
   </div>
   <div class='ocr_carea' id='block_1_52' title="bbox 207 5128 1799 5199">
    <p class='ocr_par' dir='ltr' id='par_1_52' title="bbox 207 5128 1799 5199">
     <span class='ocr_line' id='line_1_52' title="bbox 207 5128 1799 5199; baseline -0.002 -15"><span class='ocrx_word' id='word_1_394' title='bbox 207 5131 279 5186; x_wconf 81' lang='lat' dir='ltr'><strong>ab</strong></span> <span class='ocrx_word' id='word_1_395' title='bbox 302 5130 546 5184; x_wconf 88' lang='lat' dir='ltr'><strong>omnibus</strong></span> <span class='ocrx_word' id='word_1_396' title='bbox 567 5129 811 5196; x_wconf 74' lang='lat' dir='ltr'><strong>gentibus</strong></span> <span class='ocrx_word' id='word_1_397' title='bbox 837 5146 850 5183; x_wconf 91' lang='lat'><strong>:</strong></span> <span class='ocrx_word' id='word_1_398' title='bbox 877 5128 1011 5196; x_wconf 82' lang='lat' dir='ltr'><strong>Quia</strong></span> <span class='ocrx_word' id='word_1_399' title='bbox 1033 5128 1285 5188; x_wconf 77' lang='lat' dir='ltr'><strong>liberavit.</strong></span> <span class='ocrx_word' id='word_1_400' title='bbox 1311 5129 1503 5198; x_wconf 88' lang='lat' dir='ltr'><strong>inquit,</strong></span> <span class='ocrx_word' id='word_1_401' title='bbox 1534 5145 1745 5199; x_wconf 69' lang='lat' dir='ltr'><strong>egenum</strong></span> <span class='ocrx_word' id='word_1_402' title='bbox 1768 5145 1799 5181; x_wconf 88' lang='lat' dir='ltr'><strong>a</strong></span> 
     </span>
    </p>
   </div>
   <div class='ocr_carea' id='block_1_53' title="bbox 209 5220 1799 5293">
    <p class='ocr_par' dir='ltr' id='par_1_53' title="bbox 209 5220 1799 5293">
     <span class='ocr_line' id='line_1_53' title="bbox 209 5220 1799 5293; baseline 0.003 -21"><span class='ocrx_word' id='word_1_403' title='bbox 209 5232 430 5293; x_wconf 74' lang='lat' dir='ltr'><strong>potente,</strong></span> <span class='ocrx_word' id='word_1_404' title='bbox 463 5231 507 5276; x_wconf 89' lang='lat' dir='ltr'><strong>et</strong></span> <span class='ocrx_word' id='word_1_405' title='bbox 540 5237 808 5291; x_wconf 76' lang='lat' dir='ltr'><strong>pauperem</strong></span> <span class='ocrx_word' id='word_1_406' title='bbox 835 5220 918 5274; x_wconf 84' lang='lat' dir='ltr'><strong>cui</strong></span> <span class='ocrx_word' id='word_1_407' title='bbox 949 5238 1048 5276; x_wconf 82' lang='lat' dir='ltr'><strong>non</strong></span> <span class='ocrx_word' id='word_1_408' title='bbox 1076 5230 1182 5274; x_wconf 83' lang='lat' dir='ltr'><strong>erat</strong></span> <span class='ocrx_word' id='word_1_409' title='bbox 1209 5220 1435 5292; x_wconf 78' lang='lat' dir='ltr'><strong>adjutor.</strong></span> <span class='ocrx_word' id='word_1_410' title='bbox 1469 5221 1572 5278; x_wconf 70' lang='lat' dir='ltr'><strong>[Sto</strong></span> <span class='ocrx_word' id='word_1_411' title='bbox 1596 5235 1799 5291; x_wconf 75' lang='lat' dir='ltr'><strong>egenus</strong></span> 
     </span>
    </p>
   </div>
   <div class='ocr_carea' id='block_1_54' title="bbox 205 5313 1799 5385">
    <p class='ocr_par' dir='ltr' id='par_1_54' title="bbox 205 5313 1799 5385">
     <span class='ocr_line' id='line_1_54' title="bbox 205 5313 1799 5385; baseline 0.001 -15"><span class='ocrx_word' id='word_1_412' title='bbox 205 5329 262 5370; x_wconf 86' lang='lat' dir='ltr'><strong>et</strong></span> <span class='ocrx_word' id='word_1_413' title='bbox 293 5331 510 5383; x_wconf 84' lang='lat' dir='ltr'><strong>pauper,</strong></span> <span class='ocrx_word' id='word_1_414' title='bbox 540 5314 762 5382; x_wconf 80' lang='lat' dir='ltr'><strong>pupulas</strong></span> <span class='ocrx_word' id='word_1_415' title='bbox 784 5324 866 5369; x_wconf 79' lang='lat' dir='ltr'><strong>est</strong></span> <span class='ocrx_word' id='word_1_416' title='bbox 889 5313 1218 5370; x_wconf 79' lang='lat' dir='ltr'><strong>credentium</strong></span> <span class='ocrx_word' id='word_1_417' title='bbox 1245 5315 1295 5368; x_wconf 88' lang='lat' dir='ltr'><strong>itt</strong></span> <span class='ocrx_word' id='word_1_418' title='bbox 1318 5329 1462 5368; x_wconf 90' lang='lat' dir='ltr'><strong>eum.</strong></span> <span class='ocrx_word' id='word_1_419' title='bbox 1496 5314 1551 5370; x_wconf 87' lang='lat' dir='ltr'><strong>In</strong></span> <span class='ocrx_word' id='word_1_420' title='bbox 1582 5315 1682 5370; x_wconf 91' lang='lat' dir='ltr'><strong>hoc</strong></span> <span class='ocrx_word' id='word_1_421' title='bbox 1706 5331 1799 5385; x_wconf 85' lang='lat' dir='ltr'><strong>po-</strong></span> 
     </span>
    </p>
   </div>
   <div class='ocr_carea' id='block_1_55' title="bbox 209 5405 1797 5476">
    <p class='ocr_par' dir='ltr' id='par_1_55' title="bbox 209 5405 1797 5476">
     <span class='ocr_line' id='line_1_55' title="bbox 209 5405 1797 5476; baseline 0.001 -17"><span class='ocrx_word' id='word_1_422' title='bbox 209 5409 335 5476; x_wconf 79' lang='lat' dir='ltr'><strong>pula</strong></span> <span class='ocrx_word' id='word_1_423' title='bbox 359 5416 485 5461; x_wconf 87' lang='lat' dir='ltr'><strong>sunt</strong></span> <span class='ocrx_word' id='word_1_424' title='bbox 505 5405 662 5460; x_wconf 88' lang='lat' dir='ltr'><strong>etiatu</strong></span> <span class='ocrx_word' id='word_1_425' title='bbox 686 5421 838 5474; x_wconf 82' lang='lat' dir='ltr'><strong>reges</strong></span> <span class='ocrx_word' id='word_1_426' title='bbox 863 5406 1147 5460; x_wconf 80' lang='lat' dir='ltr'><strong>adorantes</strong></span> <span class='ocrx_word' id='word_1_427' title='bbox 1169 5422 1312 5462; x_wconf 85' lang='lat' dir='ltr'><strong>eum.</strong></span> <span class='ocrx_word' id='word_1_428' title='bbox 1334 5405 1450 5460; x_wconf 83' lang='lat' dir='ltr'><strong>Non</strong></span> <span class='ocrx_word' id='word_1_429' title='bbox 1478 5408 1620 5462; x_wconf 89' lang='lat' dir='ltr'><strong>enim</strong></span> <span class='ocrx_word' id='word_1_430' title='bbox 1645 5406 1797 5476; x_wconf 82' lang='lat' dir='ltr'><strong>egeni</strong></span> 
     </span>
    </p>
   </div>
   <div class='ocr_carea' id='block_1_56' title="bbox 207 5496 1796 5568">
    <p class='ocr_par' dir='ltr' id='par_1_56' title="bbox 207 5496 1796 5568">
     <span class='ocr_line' id='line_1_56' title="bbox 207 5496 1796 5568; baseline -0.002 -14"><span class='ocrx_word' id='word_1_431' title='bbox 207 5515 332 5554; x_wconf 78' lang='lat' dir='ltr'><strong>esse.</strong></span> <span class='ocrx_word' id='word_1_432' title='bbox 359 5499 713 5568; x_wconf 76' lang='lat' dir='ltr'><strong>dedignanttw</strong></span> <span class='ocrx_word' id='word_1_433' title='bbox 739 5508 794 5553; x_wconf 85' lang='lat' dir='ltr'><strong>et</strong></span> <span class='ocrx_word' id='word_1_434' title='bbox 821 5512 1078 5566; x_wconf 77' lang='lat' dir='ltr'><strong>pauperes</strong></span> <span class='ocrx_word' id='word_1_435' title='bbox 1099 5539 1117 5561; x_wconf 90' lang='lat'><strong>,</strong></span> <span class='ocrx_word' id='word_1_436' title='bbox 1147 5496 1198 5552; x_wconf 91' lang='lat' dir='ltr'><strong>id</strong></span> <span class='ocrx_word' id='word_1_437' title='bbox 1240 5507 1322 5554; x_wconf 87' lang='lat' dir='ltr'><strong>est</strong></span> <span class='ocrx_word' id='word_1_438' title='bbox 1366 5497 1636 5556; x_wconf 77' lang='lat' dir='ltr'><strong>humiliter</strong></span> <span class='ocrx_word' id='word_1_439' title='bbox 1671 5513 1796 5567; x_wconf 83' lang='lat' dir='ltr'><strong>pec-</strong></span> 
     </span>
    </p>
   </div>
   <div class='ocr_carea' id='block_1_57' title="bbox 203 5589 1800 5659">
    <p class='ocr_par' dir='ltr' id='par_1_57' title="bbox 203 5589 1800 5659">
     <span class='ocr_line' id='line_1_57' title="bbox 203 5589 1800 5659; baseline -0.003 -13"><span class='ocrx_word' id='word_1_440' title='bbox 203 5603 327 5646; x_wconf 82' lang='lat' dir='ltr'><strong>eata</strong></span> <span class='ocrx_word' id='word_1_441' title='bbox 372 5595 688 5645; x_wconf 67' lang='lat' dir='ltr'><strong>continentes</strong></span> <span class='ocrx_word' id='word_1_442' title='bbox 709 5630 724 5654; x_wconf 90' lang='lat'><strong>,</strong></span> <span class='ocrx_word' id='word_1_443' title='bbox 768 5597 823 5643; x_wconf 92' lang='lat' dir='ltr'><strong>et</strong></span> <span class='ocrx_word' id='word_1_444' title='bbox 851 5599 1069 5659; x_wconf 87' lang='lat' dir='ltr'><strong>egentes</strong></span> <span class='ocrx_word' id='word_1_445' title='bbox 1097 5589 1266 5658; x_wconf 85' lang='lat' dir='ltr'><strong>gloria</strong></span> <span class='ocrx_word' id='word_1_446' title='bbox 1295 5597 1350 5644; x_wconf 89' lang='lat' dir='ltr'><strong>et</strong></span> <span class='ocrx_word' id='word_1_447' title='bbox 1374 5590 1542 5659; x_wconf 84' lang='lat' dir='ltr'><strong>gratia</strong></span> <span class='ocrx_word' id='word_1_448' title='bbox 1584 5589 1714 5653; x_wconf 81' lang='lat' dir='ltr'><strong>Dei,</strong></span> <span class='ocrx_word' id='word_1_449' title='bbox 1744 5599 1800 5643; x_wconf 87' lang='lat' dir='ltr'><strong>ut</strong></span> 
     </span>
    </p>
   </div>
   <div class='ocr_carea' id='block_1_58' title="bbox 202 5680 1796 5756">
    <p class='ocr_par' dir='ltr' id='par_1_58' title="bbox 202 5680 1796 5756">
     <span class='ocr_line' id='line_1_58' title="bbox 202 5680 1796 5756; baseline -0.001 -18"><span class='ocrx_word' id='word_1_450' title='bbox 202 5698 302 5738; x_wconf 76' lang='lat' dir='ltr'><strong>cas</strong></span> <span class='ocrx_word' id='word_1_451' title='bbox 346 5698 440 5739; x_wconf 79' lang='lat' dir='ltr'><strong>rex</strong></span> <span class='ocrx_word' id='word_1_452' title='bbox 487 5681 576 5738; x_wconf 85' lang='lat' dir='ltr'><strong>ille</strong></span> <span class='ocrx_word' id='word_1_453' title='bbox 601 5723 618 5748; x_wconf 92' lang='lat'><strong>,</strong></span> <span class='ocrx_word' id='word_1_454' title='bbox 662 5680 800 5737; x_wconf 83' lang='lat' dir='ltr'><strong>ﬁlius</strong></span> <span class='ocrx_word' id='word_1_455' title='bbox 844 5680 1026 5756; x_wconf 74' lang='lat' dir='ltr'><strong>Regis,</strong></span> <span class='ocrx_word' id='word_1_456' title='bbox 1058 5681 1250 5739; x_wconf 83' lang='lat' dir='ltr'><strong>liberet</strong></span> <span class='ocrx_word' id='word_1_457' title='bbox 1291 5695 1323 5740; x_wconf 84' lang='lat' dir='ltr'><strong>a</strong></span> <span class='ocrx_word' id='word_1_458' title='bbox 1370 5689 1612 5752; x_wconf 81' lang='lat' dir='ltr'><strong>potente.</strong></span> <span class='ocrx_word' id='word_1_459' title='bbox 1650 5680 1796 5748; x_wconf 72' lang='lat' dir='ltr'><strong>idem</strong></span> 
     </span>
    </p>
   </div>
   <div class='ocr_carea' id='block_1_59' title="bbox 201 5858 1796 5986">
    <p class='ocr_par' dir='ltr' id='par_1_59' title="bbox 201 5858 1796 5986">
     <span class='ocr_line' id='line_1_59' title="bbox 201 5858 1796 5986; baseline -0.02 -63"><span class='ocrx_word' id='word_1_460' title='bbox 201 5858 708 5986; x_wconf 48' lang='lat' dir='ltr'><strong>p’_;c&gt;iilt;ut;‘lcrtttttqttc</strong></span> <span class='ocrx_word' id='word_1_461' title='bbox 744 5870 814 5913; x_wconf 81' lang='lat' dir='ltr'><strong>Fr.</strong></span> <span class='ocrx_word' id='word_1_462' title='bbox 858 5871 910 5916; x_wconf 82' lang='lat' dir='ltr'><strong>et</strong></span> <span class='ocrx_word' id='word_1_463' title='bbox 951 5869 1055 5915; x_wconf 79' lang='lat' dir='ltr'><strong>Mss.</strong></span> <span class='ocrx_word' id='word_1_464' title='bbox 1091 5868 1146 5913; x_wconf 82' lang='lat' dir='ltr'><strong>At</strong></span> <span class='ocrx_word' id='word_1_465' title='bbox 1167 5862 1390 5926; x_wconf 81' lang='lat' dir='ltr'><strong>proxime</strong></span> <span class='ocrx_word' id='word_1_466' title='bbox 1423 5863 1649 5928; x_wconf 53' lang='lat' dir='ltr'><strong>sequenti</strong></span> <span class='ocrx_word' id='word_1_467' title='bbox 1674 5858 1796 5925; x_wconf 61' lang='grc' dir='ltr'><strong>ιοοο,</strong></span> 
     </span>
    </p>
   </div>
   <div class='ocr_carea' id='block_1_60' title="bbox 1301 365 2387 434">
    <p class='ocr_par' dir='ltr' id='par_1_60' title="bbox 1301 365 2387 434">
     <span class='ocr_line' id='line_1_60' title="bbox 1301 365 2387 434; baseline -0.008 -2"><span class='ocrx_word' id='word_1_468' title='bbox 1301 371 1698 434; x_wconf 70' lang='lat' dir='ltr'><strong>ENARRATlO</strong></span> <span class='ocrx_word' id='word_1_469' title='bbox 1737 369 1800 425; x_wconf 67' lang='lat' dir='ltr'><strong>IN</strong></span> <span class='ocrx_word' id='word_1_470' title='bbox 1843 366 2163 426; x_wconf 73' lang='lat' dir='ltr'><strong>PSALMUM</strong></span> <span class='ocrx_word' id='word_1_471' title='bbox 2203 365 2387 424; x_wconf 75' lang='lat' dir='ltr'><strong>LXXI.</strong></span> 
     </span>
    </p>
   </div>
   <div class='ocr_carea' id='block_1_61' title="bbox 3379 368 3490 444">
    <p class='ocr_par' dir='ltr' id='par_1_61' title="bbox 3379 368 3490 444">
     <span class='ocr_line' id='line_1_61' title="bbox 3379 368 3490 444; baseline 0 -4"><span class='ocrx_word' id='word_1_472' title='bbox 3379 368 3490 444; x_wconf 67' lang='grc' dir='ltr'><strong>ΜΟ</strong></span> 
     </span>
    </p>
   </div>
   <div class='ocr_carea' id='block_1_62' title="bbox 1902 482 3487 563">
    <p class='ocr_par' dir='ltr' id='par_1_62' title="bbox 1902 482 3487 563">
     <span class='ocr_line' id='line_1_62' title="bbox 1902 482 3487 563; baseline 0.011 -31"><span class='ocrx_word' id='word_1_473' title='bbox 1902 483 2099 563; x_wconf 76' lang='lat' dir='ltr'><strong>quippe</strong></span> <span class='ocrx_word' id='word_1_474' title='bbox 2125 493 2204 537; x_wconf 84' lang='lat' dir='ltr'><strong>est</strong></span> <span class='ocrx_word' id='word_1_475' title='bbox 2243 493 2432 551; x_wconf 83' lang='lat' dir='ltr'><strong>potens</strong></span> <span class='ocrx_word' id='word_1_476' title='bbox 2453 525 2467 549; x_wconf 87' lang='lat'><strong>,</strong></span> <span class='ocrx_word' id='word_1_477' title='bbox 2497 482 2588 538; x_wconf 90' lang='lat' dir='ltr'><strong>ille</strong></span> <span class='ocrx_word' id='word_1_478' title='bbox 2625 483 2712 554; x_wconf 87' lang='lat' dir='ltr'><strong>qui</strong></span> <span class='ocrx_word' id='word_1_479' title='bbox 2753 485 2996 552; x_wconf 87' lang='lat' dir='ltr'><strong>superius</strong></span> <span class='ocrx_word' id='word_1_480' title='bbox 3019 486 3375 546; x_wconf 86' lang='lat' dir='ltr'><strong>calumniator</strong></span> <span class='ocrx_word' id='word_1_481' title='bbox 3401 504 3487 550; x_wconf 89' lang='lat' dir='ltr'><strong>est</strong></span> 
     </span>
    </p>
   </div>
   <div class='ocr_carea' id='block_1_63' title="bbox 1899 574 3487 647">
    <p class='ocr_par' dir='ltr' id='par_1_63' title="bbox 1899 574 3487 647">
     <span class='ocr_line' id='line_1_63' title="bbox 1899 574 3487 647; baseline 0.018 -31"><span class='ocrx_word' id='word_1_482' title='bbox 1899 574 2074 630; x_wconf 59' lang='lat' dir='ltr'><strong>dictus</strong></span> <span class='ocrx_word' id='word_1_483' title='bbox 2098 594 2110 629; x_wconf 75' lang='grc' dir='ltr'><strong>ε</strong></span> <span class='ocrx_word' id='word_1_484' title='bbox 2137 591 2292 647; x_wconf 80' lang='lat' dir='ltr'><strong>quem</strong></span> <span class='ocrx_word' id='word_1_485' title='bbox 2327 585 2596 645; x_wconf 87' lang='lat' dir='ltr'><strong>potentem</strong></span> <span class='ocrx_word' id='word_1_486' title='bbox 2645 575 2712 630; x_wconf 86' lang='lat' dir='ltr'><strong>ad</strong></span> <span class='ocrx_word' id='word_1_487' title='bbox 2759 576 3004 633; x_wconf 84' lang='lat' dir='ltr'><strong>homines</strong></span> <span class='ocrx_word' id='word_1_488' title='bbox 3041 581 3139 634; x_wconf 88' lang='lat' dir='ltr'><strong>sibi</strong></span> <span class='ocrx_word' id='word_1_489' title='bbox 3176 583 3487 644; x_wconf 82' lang='lat' dir='ltr'><strong>subdcndos</strong></span> 
     </span>
    </p>
   </div>
   <div class='ocr_carea' id='block_1_64' title="bbox 1899 669 3488 746">
    <p class='ocr_par' dir='ltr' id='par_1_64' title="bbox 1899 669 3488 746">
     <span class='ocr_line' id='line_1_64' title="bbox 1899 669 3488 746; baseline 0.009 -23"><span class='ocrx_word' id='word_1_490' title='bbox 1899 677 1952 723; x_wconf 84' lang='lat' dir='ltr'><strong>et</strong></span> <span class='ocrx_word' id='word_1_491' title='bbox 1982 669 2032 722; x_wconf 91' lang='lat' dir='ltr'><strong>iu</strong></span> <span class='ocrx_word' id='word_1_492' title='bbox 2060 669 2366 738; x_wconf 72' lang='lat' dir='ltr'><strong>captivitate</strong></span> <span class='ocrx_word' id='word_1_493' title='bbox 2392 669 2696 724; x_wconf 88' lang='lat' dir='ltr'><strong>retinendos</strong></span> <span class='ocrx_word' id='word_1_494' title='bbox 2723 685 2828 725; x_wconf 88' lang='lat' dir='ltr'><strong>non</strong></span> <span class='ocrx_word' id='word_1_495' title='bbox 2859 671 3028 728; x_wconf 89' lang='lat' dir='ltr'><strong>virtus</strong></span> <span class='ocrx_word' id='word_1_496' title='bbox 3052 675 3166 740; x_wconf 84' lang='lat' dir='ltr'><strong>ejus</strong></span> <span class='ocrx_word' id='word_1_497' title='bbox 3192 675 3315 733; x_wconf 75' lang='lat' dir='ltr'><strong>fecit</strong></span> <span class='ocrx_word' id='word_1_498' title='bbox 3339 721 3353 746; x_wconf 89' lang='lat'><strong>,</strong></span> <span class='ocrx_word' id='word_1_499' title='bbox 3391 682 3488 737; x_wconf 85' lang='lat' dir='ltr'><strong>sed</strong></span> 
     </span>
    </p>
   </div>
   <div class='ocr_carea' id='block_1_65' title="bbox 1900 760 3488 836">
    <p class='ocr_par' dir='ltr' id='par_1_65' title="bbox 1900 760 3488 836">
     <span class='ocr_line' id='line_1_65' title="bbox 1900 760 3488 836; baseline 0.011 -22"><span class='ocrx_word' id='word_1_500' title='bbox 1900 760 2133 822; x_wconf 84' lang='lat' dir='ltr'><strong>humana</strong></span> <span class='ocrx_word' id='word_1_501' title='bbox 2164 772 2399 832; x_wconf 88' lang='lat' dir='ltr'><strong>peccata.</strong></span> <span class='ocrx_word' id='word_1_502' title='bbox 2449 763 2592 817; x_wconf 89' lang='lat' dir='ltr'><strong>Idem</strong></span> <span class='ocrx_word' id='word_1_503' title='bbox 2623 764 2734 834; x_wconf 85' lang='lat' dir='ltr'><strong>ipse</strong></span> <span class='ocrx_word' id='word_1_504' title='bbox 2761 774 2815 819; x_wconf 82' lang='lat' dir='ltr'><strong>et</strong></span> <span class='ocrx_word' id='word_1_505' title='bbox 2841 762 2994 821; x_wconf 81' lang='lat' dir='ltr'><strong>furtis</strong></span> <span class='ocrx_word' id='word_1_506' title='bbox 3020 777 3100 821; x_wconf 91' lang='lat' dir='ltr'><strong>est</strong></span> <span class='ocrx_word' id='word_1_507' title='bbox 3127 767 3331 836; x_wconf 87' lang='lat' dir='ltr'><strong>dictus;</strong></span> <span class='ocrx_word' id='word_1_508' title='bbox 3366 773 3488 832; x_wconf 75' lang='lat' dir='ltr'><strong>ideo</strong></span> 
     </span>
    </p>
   </div>
   <div class='ocr_carea' id='block_1_66' title="bbox 1897 839 3480 930">
    <p class='ocr_par' dir='ltr' id='par_1_66' title="bbox 1897 839 3480 930">
     <span class='ocr_line' id='line_1_66' title="bbox 1897 839 3480 930; baseline 0.009 -22"><span class='ocrx_word' id='word_1_509' title='bbox 1897 862 1951 912; x_wconf 89' lang='lat' dir='ltr'><strong>et</strong></span> <span class='ocrx_word' id='word_1_510' title='bbox 1979 854 2062 908; x_wconf 92' lang='lat' dir='ltr'><strong>hic</strong></span> <span class='ocrx_word' id='word_1_511' title='bbox 2091 864 2297 924; x_wconf 82' lang='lat' dir='ltr'><strong>puteus.</strong></span> <span class='ocrx_word' id='word_1_512' title='bbox 2337 854 2440 910; x_wconf 85' lang='lat' dir='ltr'><strong>Sed</strong></span> <span class='ocrx_word' id='word_1_513' title='bbox 2469 854 2558 927; x_wconf 91' lang='lat' dir='ltr'><strong>qui</strong></span> <span class='ocrx_word' id='word_1_514' title='bbox 2589 855 2887 910; x_wconf 88' lang='lat' dir='ltr'><strong>humiliavit</strong></span> <span class='ocrx_word' id='word_1_515' title='bbox 2910 858 3352 918; x_wconf 86' lang='lat' dir='ltr'><strong>calumniatorem</strong></span> <span class='ocrx_word' id='word_1_516' title='bbox 3375 907 3389 930; x_wconf 90' lang='lat'><strong>,</strong></span> <span class='ocrx_word' id='word_1_517' title='bbox 3417 839 3480 922; x_wconf 8' lang='lat' dir='ltr'><strong>{et</strong></span> 
     </span>
    </p>
   </div>
   <div class='ocr_carea' id='block_1_67' title="bbox 1898 945 3477 1024">
    <p class='ocr_par' dir='ltr' id='par_1_67' title="bbox 1898 945 3477 1024">
     <span class='ocr_line' id='line_1_67' title="bbox 1898 945 3477 1024; baseline 0.008 -24"><span class='ocrx_word' id='word_1_518' title='bbox 1898 946 2115 1000; x_wconf 80' lang='lat' dir='ltr'><strong>intravit</strong></span> <span class='ocrx_word' id='word_1_519' title='bbox 2143 947 2192 998; x_wconf 93' lang='lat' dir='ltr'><strong>iu</strong></span> <span class='ocrx_word' id='word_1_520' title='bbox 2221 945 2438 1001; x_wconf 90' lang='lat' dir='ltr'><strong>domum</strong></span> <span class='ocrx_word' id='word_1_521' title='bbox 2473 945 2645 1013; x_wconf 79' lang='lat' dir='ltr'><strong>fortis,</strong></span> <span class='ocrx_word' id='word_1_522' title='bbox 2679 956 2737 1002; x_wconf 91' lang='lat' dir='ltr'><strong>ut</strong></span> <span class='ocrx_word' id='word_1_523' title='bbox 2765 963 2828 1002; x_wconf 89' lang='lat' dir='ltr'><strong>eo</strong></span> <span class='ocrx_word' id='word_1_524' title='bbox 2858 948 3076 1019; x_wconf 74' lang='lat' dir='ltr'><strong>alligato</strong></span> <span class='ocrx_word' id='word_1_525' title='bbox 3104 967 3228 1008; x_wconf 84' lang='lat' dir='ltr'><strong>vasa</strong></span> <span class='ocrx_word' id='word_1_526' title='bbox 3254 955 3371 1024; x_wconf 87' lang='lat' dir='ltr'><strong>ejus</strong></span> <span class='ocrx_word' id='word_1_527' title='bbox 3400 957 3477 1012; x_wconf 52' lang='lat' dir='ltr'><strong>did</strong></span> 
     </span>
    </p>
   </div>
   <div class='ocr_carea' id='block_1_68' title="bbox 1894 1037 3487 1117">
    <p class='ocr_par' dir='ltr' id='par_1_68' title="bbox 1894 1037 3487 1117">
     <span class='ocr_line' id='line_1_68' title="bbox 1894 1037 3487 1117; baseline 0.007 -25"><span class='ocrx_word' id='word_1_528' title='bbox 1894 1038 2095 1107; x_wconf 87' lang='lat' dir='ltr'><strong>riperet</strong></span> <span class='ocrx_word' id='word_1_529' title='bbox 2121 1037 2327 1108; x_wconf 84' lang='lat' dir='ltr'><strong>(Matth.</strong></span> <span class='ocrx_word' id='word_1_530' title='bbox 2356 1055 2450 1104; x_wconf 78' lang='lat' dir='ltr'><strong>xu,</strong></span> <span class='ocrx_word' id='word_1_531' title='bbox 2473 1038 2592 1110; x_wconf 71' lang='lat'><strong>29),</strong></span> <span class='ocrx_word' id='word_1_532' title='bbox 2620 1039 2706 1096; x_wconf 89' lang='lat' dir='ltr'><strong>hic</strong></span> <span class='ocrx_word' id='word_1_533' title='bbox 2728 1040 2956 1096; x_wconf 76' lang='lat' dir='ltr'><strong>liberavit</strong></span> <span class='ocrx_word' id='word_1_534' title='bbox 2983 1059 3190 1114; x_wconf 78' lang='lat' dir='ltr'><strong>egenum</strong></span> <span class='ocrx_word' id='word_1_535' title='bbox 3211 1063 3244 1100; x_wconf 81' lang='grc' dir='ltr'><em>α</em></span> <span class='ocrx_word' id='word_1_536' title='bbox 3272 1057 3487 1117; x_wconf 78' lang='lat' dir='ltr'><strong>potente,</strong></span> 
     </span>
    </p>
   </div>
   <div class='ocr_carea' id='block_1_69' title="bbox 1894 1131 3490 1203">
    <p class='ocr_par' dir='ltr' id='par_1_69' title="bbox 1894 1131 3490 1203">
     <span class='ocr_line' id='line_1_69' title="bbox 1894 1131 3490 1203; baseline 0.008 -19"><span class='ocrx_word' id='word_1_537' title='bbox 1894 1140 1941 1184; x_wconf 86' lang='lat' dir='ltr'><strong>et</strong></span> <span class='ocrx_word' id='word_1_538' title='bbox 1969 1147 2242 1202; x_wconf 81' lang='lat' dir='ltr'><strong>pauperem</strong></span> <span class='ocrx_word' id='word_1_539' title='bbox 2266 1131 2350 1186; x_wconf 84' lang='lat' dir='ltr'><strong>cui</strong></span> <span class='ocrx_word' id='word_1_540' title='bbox 2388 1147 2493 1189; x_wconf 82' lang='lat' dir='ltr'><strong>non</strong></span> <span class='ocrx_word' id='word_1_541' title='bbox 2523 1142 2630 1185; x_wconf 84' lang='lat' dir='ltr'><strong>erat</strong></span> <span class='ocrx_word' id='word_1_542' title='bbox 2655 1134 2881 1203; x_wconf 84' lang='lat' dir='ltr'><strong>adjutor.</strong></span> <span class='ocrx_word' id='word_1_543' title='bbox 2919 1133 3033 1189; x_wconf 82' lang='lat' dir='ltr'><strong>Non</strong></span> <span class='ocrx_word' id='word_1_544' title='bbox 3066 1137 3206 1191; x_wconf 87' lang='lat' dir='ltr'><strong>enim</strong></span> <span class='ocrx_word' id='word_1_545' title='bbox 3239 1138 3341 1195; x_wconf 88' lang='lat' dir='ltr'><strong>hoc</strong></span> <span class='ocrx_word' id='word_1_546' title='bbox 3366 1139 3490 1196; x_wconf 70' lang='lat' dir='ltr'><strong>efﬁ-</strong></span> 
     </span>
    </p>
   </div>
   <div class='ocr_carea' id='block_1_70' title="bbox 1893 1221 3490 1299">
    <p class='ocr_par' dir='ltr' id='par_1_70' title="bbox 1893 1221 3490 1299">
     <span class='ocr_line' id='line_1_70' title="bbox 1893 1221 3490 1299; baseline 0.009 -25"><span class='ocrx_word' id='word_1_547' title='bbox 1893 1236 2018 1277; x_wconf 88' lang='lat' dir='ltr'><strong>cere</strong></span> <span class='ocrx_word' id='word_1_548' title='bbox 2049 1224 2220 1291; x_wconf 84' lang='lat' dir='ltr'><strong>putuit</strong></span> <span class='ocrx_word' id='word_1_549' title='bbox 2246 1221 2326 1277; x_wconf 88' lang='lat' dir='ltr'><strong>vel</strong></span> <span class='ocrx_word' id='word_1_550' title='bbox 2357 1223 2670 1293; x_wconf 88' lang='lat' dir='ltr'><strong>cujusquam</strong></span> <span class='ocrx_word' id='word_1_551' title='bbox 2694 1224 2880 1288; x_wconf 90' lang='lat' dir='ltr'><strong>virtus,</strong></span> <span class='ocrx_word' id='word_1_552' title='bbox 2911 1226 2995 1280; x_wconf 87' lang='lat' dir='ltr'><strong>vel</strong></span> <span class='ocrx_word' id='word_1_553' title='bbox 3021 1229 3302 1299; x_wconf 86' lang='lat' dir='ltr'><strong>quisquam</strong></span> <span class='ocrx_word' id='word_1_554' title='bbox 3327 1231 3490 1298; x_wconf 84' lang='lat' dir='ltr'><strong>homo</strong></span> 
     </span>
    </p>
   </div>
   <div class='ocr_carea' id='block_1_71' title="bbox 1889 1314 3487 1392">
    <p class='ocr_par' dir='ltr' id='par_1_71' title="bbox 1889 1314 3487 1392">
     <span class='ocr_line' id='line_1_71' title="bbox 1889 1314 3487 1392; baseline 0.011 -26"><span class='ocrx_word' id='word_1_555' title='bbox 1889 1314 2066 1385; x_wconf 86' lang='lat' dir='ltr'><strong>justus</strong></span> <span class='ocrx_word' id='word_1_556' title='bbox 2089 1356 2102 1379; x_wconf 92' lang='lat'><strong>,</strong></span> <span class='ocrx_word' id='word_1_557' title='bbox 2135 1314 2218 1370; x_wconf 88' lang='lat' dir='ltr'><strong>vel</strong></span> <span class='ocrx_word' id='word_1_558' title='bbox 2268 1316 2461 1385; x_wconf 88' lang='lat' dir='ltr'><strong>aliquis</strong></span> <span class='ocrx_word' id='word_1_559' title='bbox 2491 1317 2745 1387; x_wconf 85' lang='lat' dir='ltr'><strong>Angelus.</strong></span> <span class='ocrx_word' id='word_1_560' title='bbox 2774 1316 2906 1374; x_wconf 90' lang='lat' dir='ltr'><strong>Cum</strong></span> <span class='ocrx_word' id='word_1_561' title='bbox 2956 1335 3085 1392; x_wconf 81' lang='lat' dir='ltr'><strong>ergo</strong></span> <span class='ocrx_word' id='word_1_562' title='bbox 3130 1323 3306 1382; x_wconf 89' lang='lat' dir='ltr'><strong>nullus</strong></span> <span class='ocrx_word' id='word_1_563' title='bbox 3341 1336 3487 1384; x_wconf 82' lang='lat' dir='ltr'><strong>esset</strong></span> 
     </span>
    </p>
   </div>
   <div class='ocr_carea' id='block_1_72' title="bbox 1893 1406 3086 1476">
    <p class='ocr_par' dir='ltr' id='par_1_72' title="bbox 1893 1406 3086 1476">
     <span class='ocr_line' id='line_1_72' title="bbox 1893 1406 3086 1476; baseline 0.004 -16"><span class='ocrx_word' id='word_1_564' title='bbox 1893 1406 2126 1476; x_wconf 87' lang='lat' dir='ltr'><strong>adjutor,</strong></span> <span class='ocrx_word' id='word_1_565' title='bbox 2162 1407 2275 1476; x_wconf 89' lang='lat' dir='ltr'><strong>ipse</strong></span> <span class='ocrx_word' id='word_1_566' title='bbox 2301 1407 2590 1462; x_wconf 85' lang='lat' dir='ltr'><strong>adveniens</strong></span> <span class='ocrx_word' id='word_1_567' title='bbox 2623 1409 2798 1463; x_wconf 85' lang='lat' dir='ltr'><strong>salvos</strong></span> <span class='ocrx_word' id='word_1_568' title='bbox 2827 1410 2952 1470; x_wconf 81' lang='lat' dir='ltr'><strong>fecit</strong></span> <span class='ocrx_word' id='word_1_569' title='bbox 2976 1427 3086 1466; x_wconf 90' lang='lat' dir='ltr'><strong>eos.</strong></span> 
     </span>
    </p>
   </div>
   <div class='ocr_carea' id='block_1_73' title="bbox 1968 1498 3486 1582">
    <p class='ocr_par' dir='ltr' id='par_1_73' title="bbox 1968 1498 3486 1582">
     <span class='ocr_line' id='line_1_73' title="bbox 1968 1498 3486 1582; baseline 0.005 -27"><span class='ocrx_word' id='word_1_570' title='bbox 1968 1501 2054 1556; x_wconf 79' lang='grc'><strong>15.</strong></span> <span class='ocrx_word' id='word_1_571' title='bbox 2082 1498 2231 1574; x_wconf 51' lang='lat' dir='ltr'><strong>[vera</strong></span> <span class='ocrx_word' id='word_1_572' title='bbox 2263 1499 2377 1575; x_wconf 74' lang='lat'><strong>15.]</strong></span> <span class='ocrx_word' id='word_1_573' title='bbox 2407 1502 2735 1557; x_wconf 86' lang='lat' dir='ltr'><strong>Occurrebat</strong></span> <span class='ocrx_word' id='word_1_574' title='bbox 2770 1514 2948 1559; x_wconf 88' lang='lat' dir='ltr'><strong>autem</strong></span> <span class='ocrx_word' id='word_1_575' title='bbox 2972 1548 2986 1570; x_wconf 94' lang='lat'><strong>,</strong></span> <span class='ocrx_word' id='word_1_576' title='bbox 3018 1506 3071 1560; x_wconf 91' lang='lat' dir='ltr'><strong>Si</strong></span> <span class='ocrx_word' id='word_1_577' title='bbox 3108 1518 3327 1579; x_wconf 85' lang='lat' dir='ltr'><strong>propter</strong></span> <span class='ocrx_word' id='word_1_578' title='bbox 3357 1519 3486 1582; x_wconf 83' lang='lat' dir='ltr'><strong>pec-</strong></span> 
     </span>
    </p>
   </div>
   <div class='ocr_carea' id='block_1_74' title="bbox 1893 1590 3489 1668">
    <p class='ocr_par' dir='ltr' id='par_1_74' title="bbox 1893 1590 3489 1668">
     <span class='ocr_line' id='line_1_74' title="bbox 1893 1590 3489 1668; baseline 0.009 -23"><span class='ocrx_word' id='word_1_579' title='bbox 1893 1599 2008 1646; x_wconf 86' lang='lat' dir='ltr'><strong>cata</strong></span> <span class='ocrx_word' id='word_1_580' title='bbox 2042 1590 2202 1644; x_wconf 89' lang='lat' dir='ltr'><strong>homo</strong></span> <span class='ocrx_word' id='word_1_581' title='bbox 2233 1592 2516 1647; x_wconf 87' lang='lat' dir='ltr'><strong>tenebatur</strong></span> <span class='ocrx_word' id='word_1_582' title='bbox 2541 1608 2569 1646; x_wconf 87' lang='lat' dir='ltr'><strong>a</strong></span> <span class='ocrx_word' id='word_1_583' title='bbox 2596 1593 2832 1662; x_wconf 88' lang='lat' dir='ltr'><strong>diabolo,</strong></span> <span class='ocrx_word' id='word_1_584' title='bbox 2860 1597 3242 1668; x_wconf 86' lang='lat' dir='ltr'><strong>numquidnam</strong></span> <span class='ocrx_word' id='word_1_585' title='bbox 3271 1600 3489 1659; x_wconf 88' lang='lat' dir='ltr'><strong>Christo</strong></span> 
     </span>
    </p>
   </div>
   <div class='ocr_carea' id='block_1_75' title="bbox 1893 1682 3490 1758">
    <p class='ocr_par' dir='ltr' id='par_1_75' title="bbox 1893 1682 3490 1758">
     <span class='ocr_line' id='line_1_75' title="bbox 1893 1682 3490 1758; baseline 0.009 -22"><span class='ocrx_word' id='word_1_586' title='bbox 1893 1682 1986 1756; x_wconf 85' lang='lat' dir='ltr'><strong>qui</strong></span> <span class='ocrx_word' id='word_1_587' title='bbox 2015 1683 2155 1738; x_wconf 89' lang='lat' dir='ltr'><strong>eruit</strong></span> <span class='ocrx_word' id='word_1_588' title='bbox 2181 1698 2411 1754; x_wconf 86' lang='lat' dir='ltr'><strong>egenum</strong></span> <span class='ocrx_word' id='word_1_589' title='bbox 2437 1699 2466 1737; x_wconf 87' lang='lat' dir='ltr'><strong>a</strong></span> <span class='ocrx_word' id='word_1_590' title='bbox 2496 1693 2732 1754; x_wconf 87' lang='lat' dir='ltr'><strong>potente,</strong></span> <span class='ocrx_word' id='word_1_591' title='bbox 2763 1696 2978 1755; x_wconf 86' lang='lat' dir='ltr'><strong>peccata</strong></span> <span class='ocrx_word' id='word_1_592' title='bbox 3009 1689 3490 1758; x_wconf 82' lang='lat' dir='ltr'><strong>placueruntTAb-</strong></span> 
     </span>
    </p>
   </div>
   <div class='ocr_carea' id='block_1_76' title="bbox 1893 1772 3489 1854">
    <p class='ocr_par' dir='ltr' id='par_1_76' title="bbox 1893 1772 3489 1854">
     <span class='ocr_line' id='line_1_76' title="bbox 1893 1772 3489 1854; baseline 0.009 -28"><span class='ocrx_word' id='word_1_593' title='bbox 1893 1773 1960 1826; x_wconf 88' lang='lat' dir='ltr'><strong>sit</strong></span> <span class='ocrx_word' id='word_1_594' title='bbox 1988 1791 2000 1827; x_wconf 89' lang='lat'>:</span> <span class='ocrx_word' id='word_1_595' title='bbox 2031 1773 2146 1838; x_wconf 90' lang='lat' dir='ltr'><strong>sed,</strong></span> <span class='ocrx_word' id='word_1_596' title='bbox 2181 1772 2361 1827; x_wconf 81' lang='lat' dir='ltr'><strong>Parcet</strong></span> <span class='ocrx_word' id='word_1_597' title='bbox 2390 1774 2504 1842; x_wconf 86' lang='lat' dir='ltr'><strong>ipse</strong></span> <span class='ocrx_word' id='word_1_598' title='bbox 2528 1774 2670 1845; x_wconf 87' lang='lat' dir='ltr'><strong>inapi</strong></span> <span class='ocrx_word' id='word_1_599' title='bbox 2698 1784 2745 1829; x_wconf 83' lang='lat' dir='ltr'><strong>et</strong></span> <span class='ocrx_word' id='word_1_600' title='bbox 2777 1778 3028 1848; x_wconf 78' lang='lat' dir='ltr'><strong>pauperi;</strong></span> <span class='ocrx_word' id='word_1_601' title='bbox 3055 1779 3105 1834; x_wconf 91' lang='lat' dir='ltr'><strong>id</strong></span> <span class='ocrx_word' id='word_1_602' title='bbox 3135 1788 3238 1845; x_wconf 88' lang='lat' dir='ltr'><strong>est,</strong></span> <span class='ocrx_word' id='word_1_603' title='bbox 3270 1793 3489 1854; x_wconf 80' lang='lat' dir='ltr'><strong>peccata</strong></span> 
     </span>
    </p>
   </div>
   <div class='ocr_carea' id='block_1_77' title="bbox 1892 1865 3486 1942">
    <p class='ocr_par' dir='ltr' id='par_1_77' title="bbox 1892 1865 3486 1942">
     <span class='ocr_line' id='line_1_77' title="bbox 1892 1865 3486 1942; baseline 0.01 -25"><span class='ocrx_word' id='word_1_604' title='bbox 1892 1865 2125 1921; x_wconf 87' lang='lat' dir='ltr'><strong>dimittet</strong></span> <span class='ocrx_word' id='word_1_605' title='bbox 2152 1867 2356 1934; x_wconf 87' lang='lat' dir='ltr'><strong>humili,</strong></span> <span class='ocrx_word' id='word_1_606' title='bbox 2381 1875 2436 1922; x_wconf 90' lang='lat' dir='ltr'><strong>et</strong></span> <span class='ocrx_word' id='word_1_607' title='bbox 2463 1883 2566 1922; x_wconf 89' lang='lat' dir='ltr'><strong>non</strong></span> <span class='ocrx_word' id='word_1_608' title='bbox 2596 1867 2663 1922; x_wconf 88' lang='lat' dir='ltr'><strong>de</strong></span> <span class='ocrx_word' id='word_1_609' title='bbox 2691 1868 2802 1923; x_wconf 85' lang='lat' dir='ltr'><strong>suis</strong></span> <span class='ocrx_word' id='word_1_610' title='bbox 2828 1872 3035 1927; x_wconf 87' lang='lat' dir='ltr'><strong>meritis</strong></span> <span class='ocrx_word' id='word_1_611' title='bbox 3056 1873 3366 1942; x_wconf 80' lang='lat' dir='ltr'><strong>conﬁdenti,</strong></span> <span class='ocrx_word' id='word_1_612' title='bbox 3393 1887 3486 1933; x_wconf 87' lang='lat' dir='ltr'><strong>aut:</strong></span> 
     </span>
    </p>
   </div>
   <div class='ocr_carea' id='block_1_78' title="bbox 1893 1957 3487 2040">
    <p class='ocr_par' dir='ltr' id='par_1_78' title="bbox 1893 1957 3487 2040">
     <span class='ocr_line' id='line_1_78' title="bbox 1893 1957 3487 2040; baseline 0.009 -29"><span class='ocrx_word' id='word_1_613' title='bbox 1893 1957 1960 2011; x_wconf 86' lang='lat' dir='ltr'><strong>de</strong></span> <span class='ocrx_word' id='word_1_614' title='bbox 1985 1973 2078 2012; x_wconf 90' lang='lat' dir='ltr'><strong>sua</strong></span> <span class='ocrx_word' id='word_1_615' title='bbox 2113 1959 2306 2014; x_wconf 89' lang='lat' dir='ltr'><strong>virtute</strong></span> <span class='ocrx_word' id='word_1_616' title='bbox 2333 1960 2557 2014; x_wconf 87' lang='lat' dir='ltr'><strong>salutem</strong></span> <span class='ocrx_word' id='word_1_617' title='bbox 2585 1962 2822 2034; x_wconf 85' lang='lat' dir='ltr'><strong>speranti</strong></span> <span class='ocrx_word' id='word_1_618' title='bbox 2847 2005 2862 2026; x_wconf 87' lang='grc'><em>,</em></span> <span class='ocrx_word' id='word_1_619' title='bbox 2907 1964 3006 2018; x_wconf 90' lang='lat' dir='ltr'><strong>sed</strong></span> <span class='ocrx_word' id='word_1_620' title='bbox 3033 1964 3290 2036; x_wconf 84' lang='lat' dir='ltr'><strong>indigenti</strong></span> <span class='ocrx_word' id='word_1_621' title='bbox 3316 1972 3487 2040; x_wconf 87' lang='lat' dir='ltr'><strong>gratia</strong></span> 
     </span>
    </p>
   </div>
   <div class='ocr_carea' id='block_1_79' title="bbox 1894 2047 3486 2131">
    <p class='ocr_par' dir='ltr' id='par_1_79' title="bbox 1894 2047 3486 2131">
     <span class='ocr_line' id='line_1_79' title="bbox 1894 2047 3486 2131; baseline 0.008 -27"><span class='ocrx_word' id='word_1_622' title='bbox 1894 2047 2188 2104; x_wconf 79' lang='lat' dir='ltr'><strong>Salvatoris</strong></span> <span class='ocrx_word' id='word_1_623' title='bbox 2215 2052 2315 2104; x_wconf 89' lang='lat' dir='ltr'><strong>sui.</strong></span> <span class='ocrx_word' id='word_1_624' title='bbox 2344 2051 2474 2104; x_wconf 83' lang='lat' dir='ltr'><strong>Cum</strong></span> <span class='ocrx_word' id='word_1_625' title='bbox 2497 2061 2672 2107; x_wconf 87' lang='lat' dir='ltr'><strong>autem</strong></span> <span class='ocrx_word' id='word_1_626' title='bbox 2695 2052 2934 2117; x_wconf 91' lang='lat' dir='ltr'><strong>addidit,</strong></span> <span class='ocrx_word' id='word_1_627' title='bbox 2968 2054 3032 2108; x_wconf 78' lang='lat' dir='ltr'><strong>Et</strong></span> <span class='ocrx_word' id='word_1_628' title='bbox 3060 2059 3257 2113; x_wconf 82' lang='lat' dir='ltr'><strong>anitnas</strong></span> <span class='ocrx_word' id='word_1_629' title='bbox 3287 2077 3486 2131; x_wconf 49' lang='lat' dir='ltr'><strong>paupe.</strong></span> 
     </span>
    </p>
   </div>
   <div class='ocr_carea' id='block_1_80' title="bbox 1892 2141 3488 2220">
    <p class='ocr_par' dir='ltr' id='par_1_80' title="bbox 1892 2141 3488 2220">
     <span class='ocr_line' id='line_1_80' title="bbox 1892 2141 3488 2220; baseline 0.01 -27"><span class='ocrx_word' id='word_1_630' title='bbox 1892 2157 2005 2206; x_wconf 81' lang='lat' dir='ltr'><strong>rum</strong></span> <span class='ocrx_word' id='word_1_631' title='bbox 2031 2141 2196 2195; x_wconf 81' lang='lat' dir='ltr'><strong>salvas</strong></span> <span class='ocrx_word' id='word_1_632' title='bbox 2227 2142 2411 2213; x_wconf 77' lang='lat' dir='ltr'><strong>faciet,</strong></span> <span class='ocrx_word' id='word_1_633' title='bbox 2447 2153 2733 2214; x_wconf 87' lang='lat' dir='ltr'><strong>utrumque</strong></span> <span class='ocrx_word' id='word_1_634' title='bbox 2757 2145 3082 2213; x_wconf 86' lang='lat' dir='ltr'><strong>adjutorium</strong></span> <span class='ocrx_word' id='word_1_635' title='bbox 3109 2151 3294 2220; x_wconf 75' lang='lat' dir='ltr'><strong>gratia:</strong></span> <span class='ocrx_word' id='word_1_636' title='bbox 3337 2167 3488 2208; x_wconf 87' lang='lat' dir='ltr'><strong>com-</strong></span> 
     </span>
    </p>
   </div>
   <div class='ocr_carea' id='block_1_81' title="bbox 1894 2235 3486 2314">
    <p class='ocr_par' dir='ltr' id='par_1_81' title="bbox 1894 2235 3486 2314">
     <span class='ocr_line' id='line_1_81' title="bbox 1894 2235 3486 2314; baseline 0.01 -27"><span class='ocrx_word' id='word_1_637' title='bbox 1894 2235 2193 2300; x_wconf 82' lang='lat' dir='ltr'><strong>mendavit;</strong></span> <span class='ocrx_word' id='word_1_638' title='bbox 2230 2244 2284 2289; x_wconf 87' lang='lat' dir='ltr'><strong>et</strong></span> <span class='ocrx_word' id='word_1_639' title='bbox 2320 2236 2460 2310; x_wconf 92' lang='lat' dir='ltr'><strong>quod</strong></span> <span class='ocrx_word' id='word_1_640' title='bbox 2495 2247 2572 2292; x_wconf 85' lang='lat' dir='ltr'><strong>est</strong></span> <span class='ocrx_word' id='word_1_641' title='bbox 2605 2238 2658 2291; x_wconf 92' lang='lat' dir='ltr'><strong>in</strong></span> <span class='ocrx_word' id='word_1_642' title='bbox 2686 2238 3058 2296; x_wconf 86' lang='lat' dir='ltr'><strong>remissionem</strong></span> <span class='ocrx_word' id='word_1_643' title='bbox 3108 2256 3446 2312; x_wconf 89' lang='lat' dir='ltr'><strong>peccatorum</strong></span> <span class='ocrx_word' id='word_1_644' title='bbox 3469 2289 3486 2314; x_wconf 89' lang='lat'><strong>,</strong></span> 
     </span>
    </p>
   </div>
   <div class='ocr_carea' id='block_1_82' title="bbox 1892 2327 3488 2408">
    <p class='ocr_par' dir='ltr' id='par_1_82' title="bbox 1892 2327 3488 2408">
     <span class='ocr_line' id='line_1_82' title="bbox 1892 2327 3488 2408; baseline 0.006 -24"><span class='ocrx_word' id='word_1_645' title='bbox 1892 2343 2015 2392; x_wconf 87' lang='lat' dir='ltr'><strong>cum</strong></span> <span class='ocrx_word' id='word_1_646' title='bbox 2043 2329 2134 2390; x_wconf 81' lang='lat' dir='ltr'><strong>ait,</strong></span> <span class='ocrx_word' id='word_1_647' title='bbox 2166 2327 2350 2382; x_wconf 86' lang='lat' dir='ltr'><strong>Parcet</strong></span> <span class='ocrx_word' id='word_1_648' title='bbox 2381 2330 2596 2399; x_wconf 84' lang='lat' dir='ltr'><strong>pauperi</strong></span> <span class='ocrx_word' id='word_1_649' title='bbox 2620 2341 2665 2384; x_wconf 87' lang='lat' dir='ltr'><strong>et</strong></span> <span class='ocrx_word' id='word_1_650' title='bbox 2689 2332 2861 2403; x_wconf 85' lang='lat' dir='ltr'><strong>inapi;</strong></span> <span class='ocrx_word' id='word_1_651' title='bbox 2891 2343 2944 2388; x_wconf 86' lang='lat' dir='ltr'><strong>et.</strong></span> <span class='ocrx_word' id='word_1_652' title='bbox 2968 2333 3108 2406; x_wconf 87' lang='lat' dir='ltr'><strong>quod</strong></span> <span class='ocrx_word' id='word_1_653' title='bbox 3140 2337 3294 2391; x_wconf 87' lang='lat' dir='ltr'><strong>estin</strong></span> <span class='ocrx_word' id='word_1_654' title='bbox 3325 2339 3488 2408; x_wconf 73' lang='lat' dir='ltr'><strong>parti—</strong></span> 
     </span>
    </p>
   </div>
   <div class='ocr_carea' id='block_1_83' title="bbox 1893 2423 3486 2500">
    <p class='ocr_par' dir='ltr' id='par_1_83' title="bbox 1893 2423 3486 2500">
     <span class='ocr_line' id='line_1_83' title="bbox 1893 2423 3486 2500; baseline 0.006 -22"><span class='ocrx_word' id='word_1_655' title='bbox 1893 2423 2158 2492; x_wconf 83' lang='lat' dir='ltr'><strong>cipatioue</strong></span> <span class='ocrx_word' id='word_1_656' title='bbox 2181 2423 2426 2492; x_wconf 64' lang='lat' dir='ltr'><strong>jusdtim,</strong></span> <span class='ocrx_word' id='word_1_657' title='bbox 2451 2440 2572 2479; x_wconf 90' lang='lat' dir='ltr'><strong>cunt</strong></span> <span class='ocrx_word' id='word_1_658' title='bbox 2599 2425 2824 2494; x_wconf 86' lang='lat' dir='ltr'><strong>addidit,</strong></span> <span class='ocrx_word' id='word_1_659' title='bbox 2858 2424 2922 2481; x_wconf 83' lang='lat' dir='ltr'><strong>Et</strong></span> <span class='ocrx_word' id='word_1_660' title='bbox 2967 2430 3162 2486; x_wconf 80' lang='lat' dir='ltr'><strong>animus</strong></span> <span class='ocrx_word' id='word_1_661' title='bbox 3207 2449 3486 2500; x_wconf 81' lang='lat' dir='ltr'><strong>pauperum</strong></span> 
     </span>
    </p>
   </div>
   <div class='ocr_carea' id='block_1_84' title="bbox 1894 2514 3486 2592">
    <p class='ocr_par' dir='ltr' id='par_1_84' title="bbox 1894 2514 3486 2592">
     <span class='ocr_line' id='line_1_84' title="bbox 1894 2514 3486 2592; baseline 0.01 -25"><span class='ocrx_word' id='word_1_662' title='bbox 1894 2516 2059 2580; x_wconf 70' lang='lat' dir='ltr'><strong>salvas</strong></span> <span class='ocrx_word' id='word_1_663' title='bbox 2091 2516 2258 2588; x_wconf 67' lang='lat' dir='ltr'><strong>pit-iet.</strong></span> <span class='ocrx_word' id='word_1_664' title='bbox 2291 2514 2459 2572; x_wconf 88' lang='lat' dir='ltr'><strong>Nemo</strong></span> <span class='ocrx_word' id='word_1_665' title='bbox 2487 2517 2630 2572; x_wconf 91' lang='lat' dir='ltr'><strong>cnim</strong></span> <span class='ocrx_word' id='word_1_666' title='bbox 2660 2518 2762 2578; x_wconf 85' lang='lat' dir='ltr'><strong>sibi</strong></span> <span class='ocrx_word' id='word_1_667' title='bbox 2790 2531 2871 2574; x_wconf 90' lang='lat' dir='ltr'><strong>est</strong></span> <span class='ocrx_word' id='word_1_668' title='bbox 2899 2517 3123 2591; x_wconf 86' lang='lat' dir='ltr'><strong>idoneus</strong></span> <span class='ocrx_word' id='word_1_669' title='bbox 3143 2522 3208 2577; x_wconf 86' lang='lat' dir='ltr'><strong>ad</strong></span> <span class='ocrx_word' id='word_1_670' title='bbox 3235 2525 3486 2592; x_wconf 83' lang='lat' dir='ltr'><strong>salutem,</strong></span> 
     </span>
    </p>
   </div>
   <div class='ocr_carea' id='block_1_85' title="bbox 1893 2609 3489 2692">
    <p class='ocr_par' dir='ltr' id='par_1_85' title="bbox 1893 2609 3489 2692">
     <span class='ocr_line' id='line_1_85' title="bbox 1893 2609 3489 2692; baseline 0.008 -30"><span class='ocrx_word' id='word_1_671' title='bbox 1893 2624 2011 2678; x_wconf 71' lang='lat' dir='ltr'><strong>qua:</strong></span> <span class='ocrx_word' id='word_1_672' title='bbox 2035 2609 2179 2664; x_wconf 83' lang='lat' dir='ltr'><strong>salus</strong></span> <span class='ocrx_word' id='word_1_673' title='bbox 2202 2610 2217 2640; x_wconf 84' lang='grc'>¹</span> <span class='ocrx_word' id='word_1_674' title='bbox 2243 2618 2322 2670; x_wconf 88' lang='lat' dir='ltr'><strong>est</strong></span> <span class='ocrx_word' id='word_1_675' title='bbox 2356 2609 2591 2680; x_wconf 79' lang='lat' dir='ltr'><strong>perfecta</strong></span> <span class='ocrx_word' id='word_1_676' title='bbox 2613 2610 2841 2680; x_wconf 89' lang='lat' dir='ltr'><strong>justitia,</strong></span> <span class='ocrx_word' id='word_1_677' title='bbox 2868 2614 2972 2668; x_wconf 85' lang='lat' dir='ltr'><strong>nisi</strong></span> <span class='ocrx_word' id='word_1_678' title='bbox 3004 2615 3094 2670; x_wconf 90' lang='lat' dir='ltr'><strong>Dei</strong></span> <span class='ocrx_word' id='word_1_679' title='bbox 3127 2615 3346 2687; x_wconf 81' lang='lat' dir='ltr'><strong>adjuvet</strong></span> <span class='ocrx_word' id='word_1_680' title='bbox 3367 2635 3489 2692; x_wconf 85' lang='lat' dir='ltr'><strong>gra-</strong></span> 
     </span>
    </p>
   </div>
   <div class='ocr_carea' id='block_1_86' title="bbox 1897 2704 3500 2787">
    <p class='ocr_par' dir='ltr' id='par_1_86' title="bbox 1897 2704 3500 2787">
     <span class='ocr_line' id='line_1_86' title="bbox 1897 2704 3500 2787; baseline 0.009 -32"><span class='ocrx_word' id='word_1_681' title='bbox 1897 2704 2001 2780; x_wconf 68' lang='lat' dir='ltr'><strong>tia&#39;,</strong></span> <span class='ocrx_word' id='word_1_682' title='bbox 2027 2704 2148 2773; x_wconf 87' lang='lat' dir='ltr'><strong>quia</strong></span> <span class='ocrx_word' id='word_1_683' title='bbox 2201 2704 2477 2771; x_wconf 87' lang='lat' dir='ltr'><strong>plenitudo</strong></span> <span class='ocrx_word' id='word_1_684' title='bbox 2509 2705 2666 2776; x_wconf 80' lang='lat' dir='ltr'><strong>Legis</strong></span> <span class='ocrx_word' id='word_1_685' title='bbox 2699 2721 2802 2772; x_wconf 87' lang='lat' dir='ltr'><strong>non</strong></span> <span class='ocrx_word' id='word_1_686' title='bbox 2831 2718 2912 2762; x_wconf 89' lang='lat' dir='ltr'><strong>est</strong></span> <span class='ocrx_word' id='word_1_687' title='bbox 2939 2710 3038 2763; x_wconf 88' lang='lat' dir='ltr'><strong>nisi</strong></span> <span class='ocrx_word' id='word_1_688' title='bbox 3070 2710 3308 2767; x_wconf 86' lang='lat' dir='ltr'><strong>cltaritas</strong></span> <span class='ocrx_word' id='word_1_689' title='bbox 3328 2754 3343 2777; x_wconf 93' lang='lat'><strong>,</strong></span> <span class='ocrx_word' id='word_1_690' title='bbox 3369 2713 3500 2787; x_wconf 59' lang='lat' dir='ltr'><strong>quae</strong></span> 
     </span>
    </p>
   </div>
   <div class='ocr_carea' id='block_1_87' title="bbox 1897 2797 3492 2865">
    <p class='ocr_par' dir='ltr' id='par_1_87' title="bbox 1897 2797 3492 2865">
     <span class='ocr_line' id='line_1_87' title="bbox 1897 2797 3492 2865; baseline 0.007 -13"><span class='ocrx_word' id='word_1_691' title='bbox 1897 2813 2001 2852; x_wconf 84' lang='lat' dir='ltr'><strong>non</strong></span> <span class='ocrx_word' id='word_1_692' title='bbox 2029 2812 2057 2847; x_wconf 95' lang='lat' dir='ltr'><strong>a</strong></span> <span class='ocrx_word' id='word_1_693' title='bbox 2093 2797 2247 2850; x_wconf 81' lang='lat' dir='ltr'><strong>nobis</strong></span> <span class='ocrx_word' id='word_1_694' title='bbox 2277 2797 2460 2852; x_wconf 82' lang='lat' dir='ltr'><strong>existit</strong></span> <span class='ocrx_word' id='word_1_695' title='bbox 2487 2799 2536 2852; x_wconf 92' lang='lat' dir='ltr'><strong>in</strong></span> <span class='ocrx_word' id='word_1_696' title='bbox 2567 2799 2741 2865; x_wconf 90' lang='lat' dir='ltr'><strong>nobis,</strong></span> <span class='ocrx_word' id='word_1_697' title='bbox 2774 2802 2866 2855; x_wconf 91' lang='lat' dir='ltr'><strong>scd</strong></span> <span class='ocrx_word' id='word_1_698' title='bbox 2898 2801 3214 2859; x_wconf 85' lang='lat' dir='ltr'><strong>dill&#39;unditur</strong></span> <span class='ocrx_word' id='word_1_699' title='bbox 3237 2806 3287 2860; x_wconf 91' lang='lat' dir='ltr'><strong>in</strong></span> <span class='ocrx_word' id='word_1_700' title='bbox 3313 2807 3492 2863; x_wconf 81' lang='lat' dir='ltr'><strong>cordi-</strong></span> 
     </span>
    </p>
   </div>
   <div class='ocr_carea' id='block_1_88' title="bbox 1896 2883 3488 2968">
    <p class='ocr_par' dir='ltr' id='par_1_88' title="bbox 1896 2883 3488 2968">
     <span class='ocr_line' id='line_1_88' title="bbox 1896 2883 3488 2968; baseline 0.009 -26"><span class='ocrx_word' id='word_1_701' title='bbox 1896 2883 1992 2946; x_wconf 86' lang='lat' dir='ltr'><strong>bus</strong></span> <span class='ocrx_word' id='word_1_702' title='bbox 2031 2888 2227 2946; x_wconf 84' lang='lat' dir='ltr'><strong>nostris</strong></span> <span class='ocrx_word' id='word_1_703' title='bbox 2260 2905 2352 2957; x_wconf 87' lang='lat' dir='ltr'><strong>per</strong></span> <span class='ocrx_word' id='word_1_704' title='bbox 2375 2889 2631 2968; x_wconf 82' lang='lat' dir='ltr'><strong>Spiritum</strong></span> <span class='ocrx_word' id='word_1_705' title='bbox 2659 2901 2902 2952; x_wconf 84' lang='lat' dir='ltr'><strong>sanctum</strong></span> <span class='ocrx_word' id='word_1_706' title='bbox 2926 2895 3016 2968; x_wconf 84' lang='lat' dir='ltr'><strong>qui</strong></span> <span class='ocrx_word' id='word_1_707' title='bbox 3039 2895 3198 2952; x_wconf 84' lang='lat' dir='ltr'><strong>datus</strong></span> <span class='ocrx_word' id='word_1_708' title='bbox 3222 2907 3305 2953; x_wconf 91' lang='lat' dir='ltr'><strong>est</strong></span> <span class='ocrx_word' id='word_1_709' title='bbox 3333 2898 3488 2958; x_wconf 85' lang='lat' dir='ltr'><strong>nobis</strong></span> 
     </span>
    </p>
   </div>
   <div class='ocr_carea' id='block_1_89' title="bbox 1897 2978 2252 3050">
    <p class='ocr_par' dir='ltr' id='par_1_89' title="bbox 1897 2978 2252 3050">
     <span class='ocr_line' id='line_1_89' title="bbox 1897 2978 2252 3050; baseline -0.014 -14"><span class='ocrx_word' id='word_1_710' title='bbox 1897 2978 2070 3050; x_wconf 83' lang='lat' dir='ltr'><strong>(Rom.</strong></span> <span class='ocrx_word' id='word_1_711' title='bbox 2100 2994 2151 3031; x_wconf 86' lang='lat' dir='ltr'><strong>v.</strong></span> <span class='ocrx_word' id='word_1_712' title='bbox 2177 2979 2252 3048; x_wconf 78' lang='grc'>5).</span> 
     </span>
    </p>
   </div>
   <div class='ocr_carea' id='block_1_90' title="bbox 1970 3070 3493 3147">
    <p class='ocr_par' dir='ltr' id='par_1_90' title="bbox 1970 3070 3493 3147">
     <span class='ocr_line' id='line_1_90' title="bbox 1970 3070 3493 3147; baseline 0.008 -20"><span class='ocrx_word' id='word_1_713' title='bbox 1970 3072 2061 3127; x_wconf 78' lang='grc'><strong>16.</strong></span> <span class='ocrx_word' id='word_1_714' title='bbox 2097 3070 2247 3147; x_wconf 65' lang='lat' dir='ltr'><strong>[rem</strong></span> <span class='ocrx_word' id='word_1_715' title='bbox 2269 3073 2335 3128; x_wconf 78' lang='lat' dir='ltr'><strong>M</strong></span> <span class='ocrx_word' id='word_1_716' title='bbox 2363 3071 2381 3146; x_wconf 78' lang='lat' dir='ltr'><strong>j</strong></span> <span class='ocrx_word' id='word_1_717' title='bbox 2417 3072 2494 3127; x_wconf 78' lang='lat' dir='ltr'><strong>Ea:</strong></span> <span class='ocrx_word' id='word_1_718' title='bbox 2517 3076 2685 3130; x_wconf 64' lang='lat' dir='ltr'><strong>usuris</strong></span> <span class='ocrx_word' id='word_1_719' title='bbox 2713 3083 2757 3128; x_wconf 86' lang='lat' dir='ltr'><strong>et</strong></span> <span class='ocrx_word' id='word_1_720' title='bbox 2783 3075 3047 3144; x_wconf 80' lang='lat' dir='ltr'><strong>iniquitate</strong></span> <span class='ocrx_word' id='word_1_721' title='bbox 3068 3079 3493 3139; x_wconf 74' lang='lat' dir='ltr'><strong>redintetanimos</strong></span> 
     </span>
    </p>
   </div>
   <div class='ocr_carea' id='block_1_91' title="bbox 1896 3165 3488 3244">
    <p class='ocr_par' dir='ltr' id='par_1_91' title="bbox 1896 3165 3488 3244">
     <span class='ocr_line' id='line_1_91' title="bbox 1896 3165 3488 3244; baseline 0.01 -28"><span class='ocrx_word' id='word_1_722' title='bbox 1896 3180 2086 3239; x_wconf 66' lang='lat' dir='ltr'><strong>eorum.</strong></span> <span class='ocrx_word' id='word_1_723' title='bbox 2124 3165 2252 3232; x_wconf 68' lang='lat' dir='ltr'><strong>Quae</strong></span> <span class='ocrx_word' id='word_1_724' title='bbox 2278 3176 2398 3228; x_wconf 85' lang='lat' dir='ltr'><strong>sunt</strong></span> <span class='ocrx_word' id='word_1_725' title='bbox 2425 3167 2539 3220; x_wconf 63' lang='lat' dir='ltr'><strong>istae</strong></span> <span class='ocrx_word' id='word_1_726' title='bbox 2563 3182 2756 3232; x_wconf 58' lang='lat' dir='ltr'><strong>usurge,</strong></span> <span class='ocrx_word' id='word_1_727' title='bbox 2793 3169 2892 3223; x_wconf 84' lang='lat' dir='ltr'><strong>nisi</strong></span> <span class='ocrx_word' id='word_1_728' title='bbox 2918 3180 3152 3238; x_wconf 87' lang='lat' dir='ltr'><strong>peccata,</strong></span> <span class='ocrx_word' id='word_1_729' title='bbox 3178 3189 3298 3244; x_wconf 74' lang='lat' dir='ltr'><strong>qua:</strong></span> <span class='ocrx_word' id='word_1_730' title='bbox 3327 3177 3488 3232; x_wconf 84' lang='lat' dir='ltr'><strong>etiam</strong></span> 
     </span>
    </p>
   </div>
   <div class='ocr_carea' id='block_1_92' title="bbox 1897 3257 3486 3332">
    <p class='ocr_par' dir='ltr' id='par_1_92' title="bbox 1897 3257 3486 3332">
     <span class='ocr_line' id='line_1_92' title="bbox 1897 3257 3486 3332; baseline 0.009 -21"><span class='ocrx_word' id='word_1_731' title='bbox 1897 3257 2077 3321; x_wconf 85' lang='lat' dir='ltr'><strong>debita</strong></span> <span class='ocrx_word' id='word_1_732' title='bbox 2127 3259 2469 3313; x_wconf 89' lang='lat' dir='ltr'><strong>nominantur</strong></span> <span class='ocrx_word' id='word_1_733' title='bbox 2512 3257 2723 3327; x_wconf 78' lang='grc' dir='ltr'><strong>(ΜαιιΙι.</strong></span> <span class='ocrx_word' id='word_1_734' title='bbox 2766 3277 2852 3325; x_wconf 91' lang='lat' dir='ltr'><strong>vt,</strong></span> <span class='ocrx_word' id='word_1_735' title='bbox 2900 3262 3038 3332; x_wconf 72' lang='lat'><strong>1‘2)?</strong></span> <span class='ocrx_word' id='word_1_736' title='bbox 3079 3263 3278 3323; x_wconf 82' lang='lat' dir='ltr'><strong>Usuras</strong></span> <span class='ocrx_word' id='word_1_737' title='bbox 3309 3280 3486 3326; x_wconf 85' lang='lat' dir='ltr'><strong>autem</strong></span> 
     </span>
    </p>
   </div>
   <div class='ocr_carea' id='block_1_93' title="bbox 1896 3352 3492 3432">
    <p class='ocr_par' dir='ltr' id='par_1_93' title="bbox 1896 3352 3492 3432">
     <span class='ocr_line' id='line_1_93' title="bbox 1896 3352 3492 3432; baseline 0.013 -33"><span class='ocrx_word' id='word_1_738' title='bbox 1896 3352 2190 3421; x_wconf 84' lang='lat' dir='ltr'><strong>appellatas</strong></span> <span class='ocrx_word' id='word_1_739' title='bbox 2221 3361 2347 3420; x_wconf 89' lang='lat' dir='ltr'><strong>puto</strong></span> <span class='ocrx_word' id='word_1_740' title='bbox 2372 3394 2386 3414; x_wconf 91' lang='lat'><strong>,</strong></span> <span class='ocrx_word' id='word_1_741' title='bbox 2428 3354 2549 3422; x_wconf 89' lang='lat' dir='ltr'><strong>quia</strong></span> <span class='ocrx_word' id='word_1_742' title='bbox 2581 3354 2698 3430; x_wconf 81' lang='lat' dir='ltr'><strong>plus</strong></span> <span class='ocrx_word' id='word_1_743' title='bbox 2739 3355 2864 3408; x_wconf 88' lang='lat' dir='ltr'><strong>mali</strong></span> <span class='ocrx_word' id='word_1_744' title='bbox 2896 3355 3164 3412; x_wconf 88' lang='lat' dir='ltr'><strong>invenitur</strong></span> <span class='ocrx_word' id='word_1_745' title='bbox 3191 3361 3243 3413; x_wconf 91' lang='lat' dir='ltr'><strong>in</strong></span> <span class='ocrx_word' id='word_1_746' title='bbox 3286 3363 3492 3432; x_wconf 85' lang='lat' dir='ltr'><strong>suppli-</strong></span> 
     </span>
    </p>
   </div>
   <div class='ocr_carea' id='block_1_94' title="bbox 1896 3441 3491 3520">
    <p class='ocr_par' dir='ltr' id='par_1_94' title="bbox 1896 3441 3491 3520">
     <span class='ocr_line' id='line_1_94' title="bbox 1896 3441 3491 3520; baseline 0.008 -20"><span class='ocrx_word' id='word_1_747' title='bbox 1896 3445 1993 3500; x_wconf 87' lang='lat' dir='ltr'><strong>ciis</strong></span> <span class='ocrx_word' id='word_1_748' title='bbox 2015 3486 2027 3504; x_wconf 88' lang='lat'><em>.</em></span> <span class='ocrx_word' id='word_1_749' title='bbox 2060 3441 2216 3516; x_wconf 82' lang='lat' dir='ltr'><strong>quam</strong></span> <span class='ocrx_word' id='word_1_750' title='bbox 2246 3446 2587 3502; x_wconf 78' lang='lat' dir='ltr'><strong>commissum</strong></span> <span class='ocrx_word' id='word_1_751' title='bbox 2619 3455 2702 3504; x_wconf 88' lang='lat' dir='ltr'><strong>est</strong></span> <span class='ocrx_word' id='word_1_752' title='bbox 2744 3447 2796 3504; x_wconf 89' lang='lat' dir='ltr'><strong>in</strong></span> <span class='ocrx_word' id='word_1_753' title='bbox 2827 3451 3076 3516; x_wconf 79' lang='lat' dir='ltr'><strong>peccatis.</strong></span> <span class='ocrx_word' id='word_1_754' title='bbox 3122 3450 3253 3507; x_wconf 83' lang='lat' dir='ltr'><strong>Nam</strong></span> <span class='ocrx_word' id='word_1_755' title='bbox 3284 3495 3298 3520; x_wconf 93' lang='lat'><strong>,</strong></span> <span class='ocrx_word' id='word_1_756' title='bbox 3340 3456 3491 3512; x_wconf 85' lang='lat' dir='ltr'><strong>verbi</strong></span> 
     </span>
    </p>
   </div>
   <div class='ocr_carea' id='block_1_95' title="bbox 1897 3538 3492 3620">
    <p class='ocr_par' dir='ltr' id='par_1_95' title="bbox 1897 3538 3492 3620">
     <span class='ocr_line' id='line_1_95' title="bbox 1897 3538 3492 3620; baseline 0.007 -28"><span class='ocrx_word' id='word_1_757' title='bbox 1897 3539 2094 3613; x_wconf 80' lang='lat' dir='ltr'><strong>gratia,</strong></span> <span class='ocrx_word' id='word_1_758' title='bbox 2142 3554 2262 3594; x_wconf 87' lang='lat' dir='ltr'><strong>cum</strong></span> <span class='ocrx_word' id='word_1_759' title='bbox 2310 3538 2572 3608; x_wconf 76' lang='lat' dir='ltr'><strong>homicida</strong></span> <span class='ocrx_word' id='word_1_760' title='bbox 2601 3555 2795 3609; x_wconf 79' lang='lat' dir='ltr'><strong>corpus</strong></span> <span class='ocrx_word' id='word_1_761' title='bbox 2832 3550 3032 3597; x_wconf 89' lang='lat' dir='ltr'><strong>tantum</strong></span> <span class='ocrx_word' id='word_1_762' title='bbox 3065 3543 3296 3599; x_wconf 87' lang='lat' dir='ltr'><strong>hominis</strong></span> <span class='ocrx_word' id='word_1_763' title='bbox 3345 3549 3492 3620; x_wconf 81' lang='lat' dir='ltr'><strong>peri-</strong></span> 
     </span>
    </p>
   </div>
   <div class='ocr_carea' id='block_1_96' title="bbox 1898 3631 3493 3706">
    <p class='ocr_par' dir='ltr' id='par_1_96' title="bbox 1898 3631 3493 3706">
     <span class='ocr_line' id='line_1_96' title="bbox 1898 3631 3493 3706; baseline 0.007 -23"><span class='ocrx_word' id='word_1_764' title='bbox 1898 3639 2030 3695; x_wconf 82' lang='lat' dir='ltr'><strong>mat,</strong></span> <span class='ocrx_word' id='word_1_765' title='bbox 2076 3631 2269 3684; x_wconf 72' lang='lat' dir='ltr'><strong>animm</strong></span> <span class='ocrx_word' id='word_1_766' title='bbox 2319 3641 2499 3685; x_wconf 87' lang='lat' dir='ltr'><strong>autent</strong></span> <span class='ocrx_word' id='word_1_767' title='bbox 2548 3645 2741 3685; x_wconf 83' lang='lat' dir='ltr'><strong>nocere</strong></span> <span class='ocrx_word' id='word_1_768' title='bbox 2794 3632 2920 3686; x_wconf 88' lang='lat' dir='ltr'><strong>nihil</strong></span> <span class='ocrx_word' id='word_1_769' title='bbox 2969 3637 3166 3702; x_wconf 68' lang='lat' dir='ltr'><strong>pos~it;</strong></span> <span class='ocrx_word' id='word_1_770' title='bbox 3221 3638 3388 3706; x_wconf 88' lang='lat' dir='ltr'><strong>ipsius</strong></span> <span class='ocrx_word' id='word_1_771' title='bbox 3435 3650 3493 3706; x_wconf 82' lang='lat' dir='ltr'><strong>et</strong></span> 
     </span>
    </p>
   </div>
   <div class='ocr_carea' id='block_1_97' title="bbox 1897 3723 3493 3805">
    <p class='ocr_par' dir='ltr' id='par_1_97' title="bbox 1897 3723 3493 3805">
     <span class='ocr_line' id='line_1_97' title="bbox 1897 3723 3493 3805; baseline 0.006 -28"><span class='ocrx_word' id='word_1_772' title='bbox 1897 3723 2072 3777; x_wconf 88' lang='lat' dir='ltr'><strong>anima</strong></span> <span class='ocrx_word' id='word_1_773' title='bbox 2101 3732 2155 3778; x_wconf 89' lang='lat' dir='ltr'><strong>et</strong></span> <span class='ocrx_word' id='word_1_774' title='bbox 2180 3737 2375 3791; x_wconf 89' lang='lat' dir='ltr'><strong>corpus</strong></span> <span class='ocrx_word' id='word_1_775' title='bbox 2403 3723 2638 3792; x_wconf 81' lang='lat' dir='ltr'><strong>perditur</strong></span> <span class='ocrx_word' id='word_1_776' title='bbox 2668 3725 2718 3777; x_wconf 89' lang='lat' dir='ltr'><strong>in</strong></span> <span class='ocrx_word' id='word_1_777' title='bbox 2756 3726 3016 3794; x_wconf 75' lang='lat' dir='ltr'><strong>gebenna.</strong></span> <span class='ocrx_word' id='word_1_778' title='bbox 3053 3727 3276 3797; x_wconf 87' lang='lat' dir='ltr'><strong>Propter</strong></span> <span class='ocrx_word' id='word_1_779' title='bbox 3308 3729 3493 3805; x_wconf 77' lang='lat' dir='ltr'><strong>hujus-</strong></span> 
     </span>
    </p>
   </div>
   <div class='ocr_carea' id='block_1_98' title="bbox 1899 3815 3487 3892">
    <p class='ocr_par' dir='ltr' id='par_1_98' title="bbox 1899 3815 3487 3892">
     <span class='ocr_line' id='line_1_98' title="bbox 1899 3815 3487 3892; baseline 0.008 -26"><span class='ocrx_word' id='word_1_780' title='bbox 1899 3815 2042 3872; x_wconf 85' lang='lat' dir='ltr'><strong>modi</strong></span> <span class='ocrx_word' id='word_1_781' title='bbox 2086 3824 2484 3884; x_wconf 81' lang='lat' dir='ltr'><strong>eantemptores</strong></span> <span class='ocrx_word' id='word_1_782' title='bbox 2527 3819 2801 3884; x_wconf 69' lang='grc' dir='ltr'><strong>μεἐυδριιιὶε</strong></span> <span class='ocrx_word' id='word_1_783' title='bbox 2833 3819 3114 3888; x_wconf 65' lang='lat' dir='ltr'><strong>praecepti,</strong></span> <span class='ocrx_word' id='word_1_784' title='bbox 3154 3832 3205 3874; x_wconf 88' lang='lat' dir='ltr'><strong>et</strong></span> <span class='ocrx_word' id='word_1_785' title='bbox 3235 3820 3487 3892; x_wconf 61' lang='lat' dir='ltr'><strong>irrisores</strong></span> 
     </span>
    </p>
   </div>
   <div class='ocr_carea' id='block_1_99' title="bbox 1900 3907 3491 3980">
    <p class='ocr_par' dir='ltr' id='par_1_99' title="bbox 1900 3907 3491 3980">
     <span class='ocr_line' id='line_1_99' title="bbox 1900 3907 3491 3980; baseline 0.007 -19"><span class='ocrx_word' id='word_1_786' title='bbox 1900 3907 2061 3961; x_wconf 76' lang='lat' dir='ltr'><strong>futuri</strong></span> <span class='ocrx_word' id='word_1_787' title='bbox 2092 3907 2333 3974; x_wconf 82' lang='lat' dir='ltr'><strong>supplicii</strong></span> <span class='ocrx_word' id='word_1_788' title='bbox 2373 3907 2568 3961; x_wconf 89' lang='lat' dir='ltr'><strong>dictqu</strong></span> <span class='ocrx_word' id='word_1_789' title='bbox 2613 3918 2694 3963; x_wconf 86' lang='lat' dir='ltr'><strong>est</strong></span> <span class='ocrx_word' id='word_1_790' title='bbox 2726 3927 2739 3962; x_wconf 90' lang='lat'>:</span> <span class='ocrx_word' id='word_1_791' title='bbox 2771 3908 2879 3980; x_wconf 81' lang='lat' dir='ltr'><strong>Ego</strong></span> <span class='ocrx_word' id='word_1_792' title='bbox 2909 3912 3141 3978; x_wconf 75' lang='lat' dir='ltr'><strong>veniens,</strong></span> <span class='ocrx_word' id='word_1_793' title='bbox 3179 3930 3293 3966; x_wconf 86' lang='lat' dir='ltr'><strong>cum</strong></span> <span class='ocrx_word' id='word_1_794' title='bbox 3322 3917 3491 3972; x_wconf 72' lang='lat' dir='ltr'><strong>usuris</strong></span> 
     </span>
    </p>
   </div>
   <div class='ocr_carea' id='block_1_100' title="bbox 1898 3995 3492 4069">
    <p class='ocr_par' dir='ltr' id='par_1_100' title="bbox 1898 3995 3492 4069">
     <span class='ocr_line' id='line_1_100' title="bbox 1898 3995 3492 4069; baseline 0.006 -16"><span class='ocrx_word' id='word_1_795' title='bbox 1898 4000 2146 4069; x_wconf 63' lang='lat' dir='ltr'><strong>exigerem</strong></span> <span class='ocrx_word' id='word_1_796' title='bbox 2189 3995 2298 4068; x_wconf 88' lang='lat' dir='ltr'><strong>(Id.</strong></span> <span class='ocrx_word' id='word_1_797' title='bbox 2341 4014 2444 4053; x_wconf 75' lang='lat' dir='ltr'><strong>xxv</strong></span> <span class='ocrx_word' id='word_1_798' title='bbox 2470 4039 2484 4062; x_wconf 93' lang='lat'><strong>,</strong></span> <span class='ocrx_word' id='word_1_799' title='bbox 2529 3999 2645 4069; x_wconf 70' lang='lat'><strong>27).</strong></span> <span class='ocrx_word' id='word_1_800' title='bbox 2694 3999 2775 4053; x_wconf 77' lang='lat' dir='ltr'><strong>Ab</strong></span> <span class='ocrx_word' id='word_1_801' title='bbox 2815 3999 2898 4053; x_wconf 91' lang='lat' dir='ltr'><strong>bis</strong></span> <span class='ocrx_word' id='word_1_802' title='bbox 2937 4003 3112 4056; x_wconf 86' lang='lat' dir='ltr'><strong>usuris</strong></span> <span class='ocrx_word' id='word_1_803' title='bbox 3156 4004 3492 4063; x_wconf 85' lang='lat' dir='ltr'><strong>redimuntur</strong></span> 
     </span>
    </p>
   </div>
   <div class='ocr_carea' id='block_1_101' title="bbox 1900 4089 3492 4162">
    <p class='ocr_par' dir='ltr' id='par_1_101' title="bbox 1900 4089 3492 4162">
     <span class='ocr_line' id='line_1_101' title="bbox 1900 4089 3492 4162; baseline 0.008 -20"><span class='ocrx_word' id='word_1_804' title='bbox 1900 4089 2093 4148; x_wconf 68' lang='lat' dir='ltr'><strong>animae</strong></span> <span class='ocrx_word' id='word_1_805' title='bbox 2120 4105 2410 4162; x_wconf 72' lang='lat' dir='ltr'><strong>pauperum</strong></span> <span class='ocrx_word' id='word_1_806' title='bbox 2433 4130 2448 4152; x_wconf 64' lang='grc' dir='ltr'><strong>ι</strong></span> <span class='ocrx_word' id='word_1_807' title='bbox 2493 4091 2749 4160; x_wconf 83' lang='lat' dir='ltr'><strong>sanguine</strong></span> <span class='ocrx_word' id='word_1_808' title='bbox 2779 4091 2869 4146; x_wconf 92' lang='lat' dir='ltr'><strong>illo</strong></span> <span class='ocrx_word' id='word_1_809' title='bbox 2900 4093 2985 4162; x_wconf 90' lang='lat' dir='ltr'><strong>qui</strong></span> <span class='ocrx_word' id='word_1_810' title='bbox 3026 4093 3172 4150; x_wconf 80' lang='lat' dir='ltr'><strong>fusus</strong></span> <span class='ocrx_word' id='word_1_811' title='bbox 3207 4106 3288 4151; x_wconf 87' lang='lat' dir='ltr'><strong>est</strong></span> <span class='ocrx_word' id='word_1_812' title='bbox 3319 4097 3368 4152; x_wconf 88' lang='lat' dir='ltr'><strong>itt</strong></span> <span class='ocrx_word' id='word_1_813' title='bbox 3400 4113 3492 4154; x_wconf 87' lang='lat' dir='ltr'><strong>re-</strong></span> 
     </span>
    </p>
   </div>
   <div class='ocr_carea' id='block_1_102' title="bbox 1901 4182 3490 4257">
    <p class='ocr_par' dir='ltr' id='par_1_102' title="bbox 1901 4182 3490 4257">
     <span class='ocr_line' id='line_1_102' title="bbox 1901 4182 3490 4257; baseline 0.006 -18"><span class='ocrx_word' id='word_1_814' title='bbox 1901 4182 2210 4239; x_wconf 80' lang='lat' dir='ltr'><strong>missionem</strong></span> <span class='ocrx_word' id='word_1_815' title='bbox 2247 4194 2604 4252; x_wconf 70' lang='lat' dir='ltr'><strong>peccatorum.</strong></span> <span class='ocrx_word' id='word_1_816' title='bbox 2638 4184 2882 4240; x_wconf 87' lang='lat' dir='ltr'><strong>lledimct</strong></span> <span class='ocrx_word' id='word_1_817' title='bbox 2907 4201 3034 4256; x_wconf 78' lang='lat' dir='ltr'><strong>ergo</strong></span> <span class='ocrx_word' id='word_1_818' title='bbox 3061 4187 3130 4242; x_wconf 89' lang='lat' dir='ltr'><strong>ab</strong></span> <span class='ocrx_word' id='word_1_819' title='bbox 3160 4190 3366 4257; x_wconf 85' lang='lat' dir='ltr'><strong>usuris,</strong></span> <span class='ocrx_word' id='word_1_820' title='bbox 3398 4208 3490 4248; x_wconf 85' lang='lat' dir='ltr'><strong>re-</strong></span> 
     </span>
    </p>
   </div>
   <div class='ocr_carea' id='block_1_103' title="bbox 1904 4277 3487 4355">
    <p class='ocr_par' dir='ltr' id='par_1_103' title="bbox 1904 4277 3487 4355">
     <span class='ocr_line' id='line_1_103' title="bbox 1904 4277 3487 4355; baseline 0.006 -21"><span class='ocrx_word' id='word_1_821' title='bbox 1904 4277 2163 4334; x_wconf 88' lang='lat' dir='ltr'><strong>mittendo</strong></span> <span class='ocrx_word' id='word_1_822' title='bbox 2192 4287 2426 4347; x_wconf 85' lang='lat' dir='ltr'><strong>peccata,</strong></span> <span class='ocrx_word' id='word_1_823' title='bbox 2454 4294 2572 4347; x_wconf 67' lang='lat' dir='ltr'><strong>qur</strong></span> <span class='ocrx_word' id='word_1_824' title='bbox 2604 4277 2871 4334; x_wconf 87' lang='lat' dir='ltr'><strong>debebant</strong></span> <span class='ocrx_word' id='word_1_825' title='bbox 2899 4283 3154 4351; x_wconf 89' lang='lat' dir='ltr'><strong>ampliora</strong></span> <span class='ocrx_word' id='word_1_826' title='bbox 3184 4287 3440 4355; x_wconf 87' lang='lat' dir='ltr'><strong>supplicia</strong></span> <span class='ocrx_word' id='word_1_827' title='bbox 3473 4305 3487 4342; x_wconf 89' lang='lat'>:</span> 
     </span>
    </p>
   </div>
   <div class='ocr_carea' id='block_1_104' title="bbox 1901 4370 3488 4447">
    <p class='ocr_par' dir='ltr' id='par_1_104' title="bbox 1901 4370 3488 4447">
     <span class='ocr_line' id='line_1_104' title="bbox 1901 4370 3488 4447; baseline 0.003 -24"><span class='ocrx_word' id='word_1_828' title='bbox 1901 4370 2128 4426; x_wconf 78' lang='lat' dir='ltr'><strong>redimet</strong></span> <span class='ocrx_word' id='word_1_829' title='bbox 2157 4380 2332 4425; x_wconf 86' lang='lat' dir='ltr'><strong>autem</strong></span> <span class='ocrx_word' id='word_1_830' title='bbox 2366 4370 2433 4424; x_wconf 86' lang='lat' dir='ltr'><strong>al)</strong></span> <span class='ocrx_word' id='word_1_831' title='bbox 2458 4371 2762 4440; x_wconf 84' lang='lat' dir='ltr'><strong>iniquitate.</strong></span> <span class='ocrx_word' id='word_1_832' title='bbox 2801 4373 3101 4441; x_wconf 79' lang='lat' dir='ltr'><strong>adjuvandu</strong></span> <span class='ocrx_word' id='word_1_833' title='bbox 3143 4390 3237 4444; x_wconf 86' lang='lat' dir='ltr'><strong>per</strong></span> <span class='ocrx_word' id='word_1_834' title='bbox 3263 4379 3488 4447; x_wconf 79' lang='lat' dir='ltr'><strong>gratiam</strong></span> 
     </span>
    </p>
   </div>
   <div class='ocr_carea' id='block_1_105' title="bbox 1901 4463 3522 4544">
    <p class='ocr_par' dir='ltr' id='par_1_105' title="bbox 1901 4463 3522 4544">
     <span class='ocr_line' id='line_1_105' title="bbox 1901 4463 3522 4544; baseline 0.002 -25"><span class='ocrx_word' id='word_1_835' title='bbox 1901 4468 2060 4519; x_wconf 86' lang='lat' dir='ltr'><strong>etiam</strong></span> <span class='ocrx_word' id='word_1_836' title='bbox 2087 4463 2152 4518; x_wconf 89' lang='lat' dir='ltr'><strong>ad</strong></span> <span class='ocrx_word' id='word_1_837' title='bbox 2186 4463 2477 4519; x_wconf 82' lang='lat' dir='ltr'><strong>faciendam</strong></span> <span class='ocrx_word' id='word_1_838' title='bbox 2509 4463 2788 4531; x_wconf 79' lang='lat' dir='ltr'><strong>justitiam.</strong></span> <span class='ocrx_word' id='word_1_839' title='bbox 2821 4465 3018 4519; x_wconf 86' lang='lat' dir='ltr'><strong>Eadem</strong></span> <span class='ocrx_word' id='word_1_840' title='bbox 3051 4468 3228 4536; x_wconf 88' lang='lat' dir='ltr'><strong>itaque</strong></span> <span class='ocrx_word' id='word_1_841' title='bbox 3255 4468 3362 4523; x_wconf 90' lang='lat' dir='ltr'><strong>duo</strong></span> <span class='ocrx_word' id='word_1_842' title='bbox 3403 4486 3522 4544; x_wconf 52' lang='lat' dir='ltr'><strong>re-;.</strong></span> 
     </span>
    </p>
   </div>
   <div class='ocr_carea' id='block_1_106' title="bbox 1903 4545 3520 4634">
    <p class='ocr_par' dir='ltr' id='par_1_106' title="bbox 1903 4545 3520 4634">
     <span class='ocr_line' id='line_1_106' title="bbox 1903 4545 3520 4634; baseline 0.005 -24"><span class='ocrx_word' id='word_1_843' title='bbox 1903 4558 2063 4626; x_wconf 86' lang='lat' dir='ltr'><strong>petita</strong></span> <span class='ocrx_word' id='word_1_844' title='bbox 2095 4564 2220 4611; x_wconf 86' lang='lat' dir='ltr'><strong>sunt</strong></span> <span class='ocrx_word' id='word_1_845' title='bbox 2246 4571 2362 4627; x_wconf 70' lang='lat' dir='ltr'><strong>qua:</strong></span> <span class='ocrx_word' id='word_1_846' title='bbox 2402 4569 2561 4624; x_wconf 88' lang='lat' dir='ltr'><strong>supra</strong></span> <span class='ocrx_word' id='word_1_847' title='bbox 2600 4555 2739 4610; x_wconf 88' lang='lat' dir='ltr'><strong>dicta</strong></span> <span class='ocrx_word' id='word_1_848' title='bbox 2768 4565 2940 4612; x_wconf 88' lang='lat' dir='ltr'><strong>erant.</strong></span> <span class='ocrx_word' id='word_1_849' title='bbox 2969 4557 3121 4625; x_wconf 79' lang='lat' dir='ltr'><strong>Quod</strong></span> <span class='ocrx_word' id='word_1_850' title='bbox 3152 4560 3292 4613; x_wconf 86' lang='lat' dir='ltr'><strong>enim</strong></span> <span class='ocrx_word' id='word_1_851' title='bbox 3332 4545 3520 4634; x_wconf 40' lang='lat' dir='ltr'><strong>supra?</strong></span> 
     </span>
    </p>
   </div>
   <div class='ocr_carea' id='block_1_107' title="bbox 1901 4643 3531 4728">
    <p class='ocr_par' dir='ltr' id='par_1_107' title="bbox 1901 4643 3531 4728">
     <span class='ocr_line' id='line_1_107' title="bbox 1901 4643 3531 4728; baseline 0.003 -22"><span class='ocrx_word' id='word_1_852' title='bbox 1901 4663 2004 4720; x_wconf 85' lang='lat' dir='ltr'><strong>est,</strong></span> <span class='ocrx_word' id='word_1_853' title='bbox 2039 4651 2218 4706; x_wconf 84' lang='lat' dir='ltr'><strong>Parcet</strong></span> <span class='ocrx_word' id='word_1_854' title='bbox 2248 4651 2386 4721; x_wconf 84' lang='lat' dir='ltr'><strong>inopi</strong></span> <span class='ocrx_word' id='word_1_855' title='bbox 2411 4660 2454 4706; x_wconf 87' lang='lat' dir='ltr'><strong>et</strong></span> <span class='ocrx_word' id='word_1_856' title='bbox 2483 4651 2718 4720; x_wconf 79' lang='lat' dir='ltr'><strong>pauperi,</strong></span> <span class='ocrx_word' id='word_1_857' title='bbox 2743 4649 2845 4706; x_wconf 88' lang='lat' dir='ltr'><strong>hoc</strong></span> <span class='ocrx_word' id='word_1_858' title='bbox 2873 4652 3185 4724; x_wconf 66' lang='lat' dir='ltr'><strong>intelligitur</strong></span> <span class='ocrx_word' id='word_1_859' title='bbox 3208 4697 3222 4720; x_wconf 95' lang='lat'><strong>,</strong></span> <span class='ocrx_word' id='word_1_860' title='bbox 3258 4653 3342 4710; x_wconf 71' lang='lat' dir='ltr'><strong>Eat</strong></span> <span class='ocrx_word' id='word_1_861' title='bbox 3369 4643 3531 4728; x_wconf 61' lang='lat' dir='ltr'><strong>astu:</strong></span> 
     </span>
    </p>
   </div>
   <div class='ocr_carea' id='block_1_108' title="bbox 1902 4742 3530 4821">
    <p class='ocr_par' dir='ltr' id='par_1_108' title="bbox 1902 4742 3530 4821">
     <span class='ocr_line' id='line_1_108' title="bbox 1902 4742 3530 4821; baseline 0.003 -21"><span class='ocrx_word' id='word_1_862' title='bbox 1902 4747 1973 4800; x_wconf 73' lang='lat' dir='ltr'><strong>ris</strong></span> <span class='ocrx_word' id='word_1_863' title='bbox 1999 4761 2017 4800; x_wconf 90' lang='lat'><strong><em>:</em></strong></span> <span class='ocrx_word' id='word_1_864' title='bbox 2045 4744 2186 4816; x_wconf 87' lang='lat' dir='ltr'><strong>quod</strong></span> <span class='ocrx_word' id='word_1_865' title='bbox 2213 4759 2340 4798; x_wconf 75' lang='lat' dir='ltr'><strong>vero</strong></span> <span class='ocrx_word' id='word_1_866' title='bbox 2367 4744 2440 4798; x_wconf 87' lang='lat' dir='ltr'><strong>ibi</strong></span> <span class='ocrx_word' id='word_1_867' title='bbox 2475 4743 2642 4807; x_wconf 88' lang='lat' dir='ltr'><strong>dicit,</strong></span> <span class='ocrx_word' id='word_1_868' title='bbox 2677 4742 2741 4796; x_wconf 83' lang='lat' dir='ltr'><strong>Et</strong></span> <span class='ocrx_word' id='word_1_869' title='bbox 2769 4746 2966 4798; x_wconf 86' lang='lat' dir='ltr'><strong>animos</strong></span> <span class='ocrx_word' id='word_1_870' title='bbox 3001 4763 3284 4816; x_wconf 82' lang='lat' dir='ltr'><strong>pauperum</strong></span> <span class='ocrx_word' id='word_1_871' title='bbox 3325 4750 3495 4804; x_wconf 82' lang='lat' dir='ltr'><strong>salvas</strong></span> 
     </span>
    </p>
   </div>
   <div class='ocr_carea' id='block_1_109' title="bbox 1903 4831 3536 4910">
    <p class='ocr_par' dir='ltr' id='par_1_109' title="bbox 1903 4831 3536 4910">
     <span class='ocr_line' id='line_1_109' title="bbox 1903 4831 3536 4910; baseline 0.003 -17"><span class='ocrx_word' id='word_1_872' title='bbox 1903 4839 2093 4909; x_wconf 71' lang='lat' dir='ltr'><strong>faciet;</strong></span> <span class='ocrx_word' id='word_1_873' title='bbox 2132 4838 2231 4890; x_wconf 85' lang='lat' dir='ltr'><strong>hoc</strong></span> <span class='ocrx_word' id='word_1_874' title='bbox 2260 4837 2458 4892; x_wconf 88' lang='lat' dir='ltr'><strong>dictqu</strong></span> <span class='ocrx_word' id='word_1_875' title='bbox 2490 4837 2721 4898; x_wconf 84' lang='lat' dir='ltr'><strong>videtur,</strong></span> <span class='ocrx_word' id='word_1_876' title='bbox 2755 4836 2835 4894; x_wconf 74' lang='lat' dir='ltr'><strong>Ex</strong></span> <span class='ocrx_word' id='word_1_877' title='bbox 2865 4839 3124 4910; x_wconf 67' lang='lat' dir='ltr'><strong>iniquitate</strong></span> <span class='ocrx_word' id='word_1_878' title='bbox 3153 4858 3172 4895; x_wconf 93' lang='lat'><strong><em>:</em></strong></span> <span class='ocrx_word' id='word_1_879' title='bbox 3200 4851 3258 4898; x_wconf 87' lang='lat' dir='ltr'><strong>ut</strong></span> <span class='ocrx_word' id='word_1_880' title='bbox 3285 4845 3495 4898; x_wconf 83' lang='lat' dir='ltr'><strong>redimet</strong></span> 
     </span>
    </p>
   </div>
   <div class='ocr_carea' id='block_1_110' title="bbox 1901 4927 3494 4999">
    <p class='ocr_par' dir='ltr' id='par_1_110' title="bbox 1901 4927 3494 4999">
     <span class='ocr_line' id='line_1_110' title="bbox 1901 4927 3494 4999; baseline 0.003 -14"><span class='ocrx_word' id='word_1_881' title='bbox 1901 4931 1972 4985; x_wconf 82' lang='lat' dir='ltr'><strong>ad</strong></span> <span class='ocrx_word' id='word_1_882' title='bbox 2000 4940 2281 4996; x_wconf 88' lang='lat' dir='ltr'><strong>utrmuque</strong></span> <span class='ocrx_word' id='word_1_883' title='bbox 2307 4927 2672 4984; x_wconf 85' lang='lat' dir='ltr'><strong>subaudiatur.</strong></span> <span class='ocrx_word' id='word_1_884' title='bbox 2703 4928 2834 4984; x_wconf 78' lang='lat' dir='ltr'><strong>Nam</strong></span> <span class='ocrx_word' id='word_1_885' title='bbox 2868 4931 3138 4999; x_wconf 77' lang='lat' dir='ltr'><strong>parcendo</strong></span> <span class='ocrx_word' id='word_1_886' title='bbox 3173 4932 3400 4987; x_wconf 85' lang='lat' dir='ltr'><strong>redimet</strong></span> <span class='ocrx_word' id='word_1_887' title='bbox 3427 4934 3494 4989; x_wconf 90' lang='lat' dir='ltr'><strong>ab</strong></span> 
     </span>
    </p>
   </div>
   <div class='ocr_carea' id='block_1_111' title="bbox 1903 5019 3494 5096">
    <p class='ocr_par' dir='ltr' id='par_1_111' title="bbox 1903 5019 3494 5096">
     <span class='ocr_line' id='line_1_111' title="bbox 1903 5019 3494 5096; baseline -0.001 -16"><span class='ocrx_word' id='word_1_888' title='bbox 1903 5022 2120 5085; x_wconf 75' lang='lat' dir='ltr'><strong>usuris;</strong></span> <span class='ocrx_word' id='word_1_889' title='bbox 2176 5021 2358 5074; x_wconf 84' lang='lat' dir='ltr'><strong>salvos</strong></span> <span class='ocrx_word' id='word_1_890' title='bbox 2396 5029 2574 5075; x_wconf 88' lang='lat' dir='ltr'><strong>autem</strong></span> <span class='ocrx_word' id='word_1_891' title='bbox 2621 5019 2861 5076; x_wconf 74' lang='lat' dir='ltr'><strong>l‘acicudu</strong></span> <span class='ocrx_word' id='word_1_892' title='bbox 2913 5023 3139 5080; x_wconf 85' lang='lat' dir='ltr'><strong>redimet</strong></span> <span class='ocrx_word' id='word_1_893' title='bbox 3181 5024 3250 5076; x_wconf 88' lang='lat' dir='ltr'><strong>ab</strong></span> <span class='ocrx_word' id='word_1_894' title='bbox 3299 5024 3494 5096; x_wconf 84' lang='lat' dir='ltr'><strong>iniqui-</strong></span> 
     </span>
    </p>
   </div>
   <div class='ocr_carea' id='block_1_112' title="bbox 1905 5114 3492 5185">
    <p class='ocr_par' dir='ltr' id='par_1_112' title="bbox 1905 5114 3492 5185">
     <span class='ocr_line' id='line_1_112' title="bbox 1905 5114 3492 5185; baseline -0.001 -14"><span class='ocrx_word' id='word_1_895' title='bbox 1905 5124 2033 5172; x_wconf 85' lang='lat' dir='ltr'><strong>tate.</strong></span> <span class='ocrx_word' id='word_1_896' title='bbox 2071 5114 2166 5179; x_wconf 81' lang='lat' dir='ltr'><strong>lla,</strong></span> <span class='ocrx_word' id='word_1_897' title='bbox 2196 5129 2317 5166; x_wconf 82' lang='lat' dir='ltr'><strong>cum</strong></span> <span class='ocrx_word' id='word_1_898' title='bbox 2355 5121 2521 5182; x_wconf 84' lang='lat' dir='ltr'><strong>parcet</strong></span> <span class='ocrx_word' id='word_1_899' title='bbox 2553 5114 2764 5184; x_wconf 82' lang='lat' dir='ltr'><strong>pauperi</strong></span> <span class='ocrx_word' id='word_1_900' title='bbox 2793 5123 2836 5168; x_wconf 86' lang='lat' dir='ltr'><strong>et</strong></span> <span class='ocrx_word' id='word_1_901' title='bbox 2865 5114 3031 5185; x_wconf 85' lang='lat' dir='ltr'><strong>inopi,</strong></span> <span class='ocrx_word' id='word_1_902' title='bbox 3059 5123 3105 5170; x_wconf 85' lang='lat' dir='ltr'><strong>et</strong></span> <span class='ocrx_word' id='word_1_903' title='bbox 3134 5114 3330 5168; x_wconf 77' lang='lat' dir='ltr'><strong>animos</strong></span> <span class='ocrx_word' id='word_1_904' title='bbox 3360 5133 3492 5185; x_wconf 80' lang='lat' dir='ltr'><strong>pau-</strong></span> 
     </span>
    </p>
   </div>
   <div class='ocr_carea' id='block_1_113' title="bbox 1905 5204 3495 5279">
    <p class='ocr_par' dir='ltr' id='par_1_113' title="bbox 1905 5204 3495 5279">
     <span class='ocr_line' id='line_1_113' title="bbox 1905 5204 3495 5279; baseline -0.001 -19"><span class='ocrx_word' id='word_1_905' title='bbox 1905 5223 2083 5279; x_wconf 76' lang='lat' dir='ltr'><strong>perum</strong></span> <span class='ocrx_word' id='word_1_906' title='bbox 2122 5207 2288 5260; x_wconf 77' lang='lat' dir='ltr'><strong>salvas</strong></span> <span class='ocrx_word' id='word_1_907' title='bbox 2327 5206 2475 5273; x_wconf 76' lang='lat' dir='ltr'><strong>faciet</strong></span> <span class='ocrx_word' id='word_1_908' title='bbox 2497 5221 2513 5270; x_wconf 81' lang='lat'><strong>,&#39;</strong></span> <span class='ocrx_word' id='word_1_909' title='bbox 2554 5205 2630 5259; x_wconf 90' lang='lat' dir='ltr'><strong>sic</strong></span> <span class='ocrx_word' id='word_1_910' title='bbox 2672 5221 2734 5260; x_wconf 73' lang='lat' dir='ltr'><strong>ex</strong></span> <span class='ocrx_word' id='word_1_911' title='bbox 2760 5206 2924 5260; x_wconf 83' lang='lat' dir='ltr'><strong>usuris</strong></span> <span class='ocrx_word' id='word_1_912' title='bbox 2967 5212 3013 5258; x_wconf 81' lang='lat' dir='ltr'><strong>et</strong></span> <span class='ocrx_word' id='word_1_913' title='bbox 3050 5204 3316 5273; x_wconf 83' lang='lat' dir='ltr'><strong>iniquitate</strong></span> <span class='ocrx_word' id='word_1_914' title='bbox 3352 5205 3495 5261; x_wconf 76' lang='lat' dir='ltr'><strong>redi-</strong></span> 
     </span>
    </p>
   </div>
   <div class='ocr_carea' id='block_1_114' title="bbox 1905 5295 3496 5366">
    <p class='ocr_par' dir='ltr' id='par_1_114' title="bbox 1905 5295 3496 5366">
     <span class='ocr_line' id='line_1_114' title="bbox 1905 5295 3496 5366; baseline -0.003 -13"><span class='ocrx_word' id='word_1_915' title='bbox 1905 5307 2000 5353; x_wconf 85' lang='lat' dir='ltr'><strong>met</strong></span> <span class='ocrx_word' id='word_1_916' title='bbox 2029 5298 2224 5358; x_wconf 81' lang='lat' dir='ltr'><strong>animas</strong></span> <span class='ocrx_word' id='word_1_917' title='bbox 2261 5313 2450 5349; x_wconf 76' lang='lat' dir='ltr'><strong>eorum.</strong></span> <span class='ocrx_word' id='word_1_918' title='bbox 2494 5295 2558 5348; x_wconf 77' lang='lat' dir='ltr'><strong>Et</strong></span> <span class='ocrx_word' id='word_1_919' title='bbox 2605 5296 2897 5350; x_wconf 71' lang='lat' dir='ltr'><strong>honorabili:</strong></span> <span class='ocrx_word' id='word_1_920' title='bbox 2941 5309 3121 5347; x_wconf 76' lang='lat' dir='ltr'><strong>natum</strong></span> <span class='ocrx_word' id='word_1_921' title='bbox 3169 5295 3277 5366; x_wconf 77' lang='lat' dir='ltr'><strong>ejus</strong></span> <span class='ocrx_word' id='word_1_922' title='bbox 3325 5312 3496 5349; x_wconf 87' lang='lat' dir='ltr'><strong>coram</strong></span> 
     </span>
    </p>
   </div>
   <div class='ocr_carea' id='block_1_115' title="bbox 1903 5385 3496 5462">
    <p class='ocr_par' dir='ltr' id='par_1_115' title="bbox 1903 5385 3496 5462">
     <span class='ocr_line' id='line_1_115' title="bbox 1903 5385 3496 5462; baseline -0.004 -15"><span class='ocrx_word' id='word_1_923' title='bbox 1903 5393 2046 5462; x_wconf 72' lang='lat' dir='ltr'><strong>ipsis.</strong></span> <span class='ocrx_word' id='word_1_924' title='bbox 2069 5389 2353 5444; x_wconf 82' lang='lat' dir='ltr'><strong>Dantcuizu</strong></span> <span class='ocrx_word' id='word_1_925' title='bbox 2385 5389 2640 5443; x_wconf 85' lang='lat' dir='ltr'><strong>honorem</strong></span> <span class='ocrx_word' id='word_1_926' title='bbox 2670 5386 2867 5442; x_wconf 89' lang='lat' dir='ltr'><strong>nomini</strong></span> <span class='ocrx_word' id='word_1_927' title='bbox 2899 5385 3012 5452; x_wconf 85' lang='lat' dir='ltr'><strong>ejus</strong></span> <span class='ocrx_word' id='word_1_928' title='bbox 3031 5401 3126 5455; x_wconf 91' lang='lat' dir='ltr'><strong>pro</strong></span> <span class='ocrx_word' id='word_1_929' title='bbox 3145 5385 3304 5441; x_wconf 85' lang='lat' dir='ltr'><strong>tantis</strong></span> <span class='ocrx_word' id='word_1_930' title='bbox 3331 5386 3496 5440; x_wconf 77' lang='lat' dir='ltr'><strong>benc-</strong></span> 
     </span>
    </p>
   </div>
   <div class='ocr_carea' id='block_1_116' title="bbox 1906 5478 3495 5553">
    <p class='ocr_par' dir='ltr' id='par_1_116' title="bbox 1906 5478 3495 5553">
     <span class='ocr_line' id='line_1_116' title="bbox 1906 5478 3495 5553; baseline -0.004 -14"><span class='ocrx_word' id='word_1_931' title='bbox 1906 5485 2038 5539; x_wconf 80' lang='lat' dir='ltr'><strong>ﬁciis</strong></span> <span class='ocrx_word' id='word_1_932' title='bbox 2058 5526 2071 5547; x_wconf 92' lang='lat'><strong>,</strong></span> <span class='ocrx_word' id='word_1_933' title='bbox 2101 5484 2188 5553; x_wconf 91' lang='lat' dir='ltr'><strong>qui</strong></span> <span class='ocrx_word' id='word_1_934' title='bbox 2224 5482 2544 5552; x_wconf 74' lang='lat' dir='ltr'><strong>respondent</strong></span> <span class='ocrx_word' id='word_1_935' title='bbox 2579 5481 2792 5548; x_wconf 77' lang='lat' dir='ltr'><strong>dignum</strong></span> <span class='ocrx_word' id='word_1_936' title='bbox 2824 5488 2877 5533; x_wconf 90' lang='lat' dir='ltr'><strong>et</strong></span> <span class='ocrx_word' id='word_1_937' title='bbox 2909 5479 3111 5546; x_wconf 88' lang='lat' dir='ltr'><strong>justum</strong></span> <span class='ocrx_word' id='word_1_938' title='bbox 3143 5493 3266 5533; x_wconf 78' lang='lat' dir='ltr'><strong>esse</strong></span> <span class='ocrx_word' id='word_1_939' title='bbox 3296 5478 3495 5548; x_wconf 85' lang='lat' dir='ltr'><strong>gratias</strong></span> 
     </span>
    </p>
   </div>
   <div class='ocr_carea' id='block_1_117' title="bbox 1903 5570 3494 5650">
    <p class='ocr_par' dir='ltr' id='par_1_117' title="bbox 1903 5570 3494 5650">
     <span class='ocr_line' id='line_1_117' title="bbox 1903 5570 3494 5650; baseline -0.007 -18"><span class='ocrx_word' id='word_1_940' title='bbox 1903 5592 2060 5650; x_wconf 76' lang='lat' dir='ltr'><strong>agere</strong></span> <span class='ocrx_word' id='word_1_941' title='bbox 2090 5576 2312 5630; x_wconf 75' lang='grc' dir='ltr'><strong>υυιηὶιιο</strong></span> <span class='ocrx_word' id='word_1_942' title='bbox 2359 5575 2465 5628; x_wconf 86' lang='lat' dir='ltr'><strong>Deo</strong></span> <span class='ocrx_word' id='word_1_943' title='bbox 2491 5589 2607 5628; x_wconf 90' lang='lat' dir='ltr'><strong>suo.</strong></span> <span class='ocrx_word' id='word_1_944' title='bbox 2643 5571 2736 5626; x_wconf 81' lang='lat' dir='ltr'><strong>Vel</strong></span> <span class='ocrx_word' id='word_1_945' title='bbox 2761 5570 2903 5641; x_wconf 78' lang='lat' dir='ltr'><strong>quod</strong></span> <span class='ocrx_word' id='word_1_946' title='bbox 2933 5571 3130 5624; x_wconf 85' lang='lat' dir='ltr'><strong>habent</strong></span> <span class='ocrx_word' id='word_1_947' title='bbox 3153 5571 3368 5627; x_wconf 84' lang='lat' dir='ltr'><strong>codices</strong></span> <span class='ocrx_word' id='word_1_948' title='bbox 3394 5570 3494 5622; x_wconf 88' lang='lat' dir='ltr'><strong>ali-</strong></span> 
     </span>
    </p>
   </div>
   <div class='ocr_carea' id='block_1_118' title="bbox 1901 5662 3495 5744">
    <p class='ocr_par' dir='ltr' id='par_1_118' title="bbox 1901 5662 3495 5744">
     <span class='ocr_line' id='line_1_118' title="bbox 1901 5662 3495 5744; baseline -0.004 -18"><span class='ocrx_word' id='word_1_949' title='bbox 1901 5671 2029 5744; x_wconf 87' lang='lat' dir='ltr'><strong>qui,</strong></span> <span class='ocrx_word' id='word_1_950' title='bbox 2080 5669 2146 5726; x_wconf 62' lang='grc' dir='ltr'><strong>ΕΙ</strong></span> <span class='ocrx_word' id='word_1_951' title='bbox 2187 5667 2480 5726; x_wconf 75' lang='lat' dir='ltr'><strong>uenerabile</strong></span> <span class='ocrx_word' id='word_1_952' title='bbox 2526 5683 2703 5720; x_wconf 82' lang='lat' dir='ltr'><strong>nomen</strong></span> <span class='ocrx_word' id='word_1_953' title='bbox 2743 5681 2918 5719; x_wconf 84' lang='lat' dir='ltr'><strong>eorum</strong></span> <span class='ocrx_word' id='word_1_954' title='bbox 2953 5680 3123 5718; x_wconf 85' lang='lat' dir='ltr'><strong>caram</strong></span> <span class='ocrx_word' id='word_1_955' title='bbox 3163 5664 3273 5735; x_wconf 72' lang='lat' dir='ltr'><strong>ipso</strong></span> <span class='ocrx_word' id='word_1_956' title='bbox 3312 5679 3330 5718; x_wconf 91' lang='lat'><strong><em>:</em></strong></span> <span class='ocrx_word' id='word_1_957' title='bbox 3373 5662 3495 5736; x_wconf 86' lang='lat' dir='ltr'><strong>quia</strong></span> 
     </span>
    </p>
   </div>
   <div class='ocr_carea' id='block_1_119' title="bbox 1904 5757 3495 5828">
    <p class='ocr_par' dir='ltr' id='par_1_119' title="bbox 1904 5757 3495 5828">
     <span class='ocr_line' id='line_1_119' title="bbox 1904 5757 3495 5828; baseline -0.006 -9"><span class='ocrx_word' id='word_1_958' title='bbox 1904 5765 2001 5819; x_wconf 87' lang='lat' dir='ltr'><strong>etsi</strong></span> <span class='ocrx_word' id='word_1_959' title='bbox 2032 5761 2277 5819; x_wconf 86' lang='lat' dir='ltr'><strong>videntur</strong></span> <span class='ocrx_word' id='word_1_960' title='bbox 2315 5761 2439 5815; x_wconf 88' lang='lat' dir='ltr'><strong>huic</strong></span> <span class='ocrx_word' id='word_1_961' title='bbox 2469 5759 2666 5815; x_wconf 81' lang='lat' dir='ltr'><strong>saeculo</strong></span> <span class='ocrx_word' id='word_1_962' title='bbox 2705 5758 3144 5828; x_wconf 86' lang='lat' dir='ltr'><strong>contemptibiles.</strong></span> <span class='ocrx_word' id='word_1_963' title='bbox 3167 5757 3452 5824; x_wconf 78' lang='lat' dir='ltr'><strong>Christiani</strong></span> <span class='ocrx_word' id='word_1_964' title='bbox 3478 5798 3495 5818; x_wconf 88' lang='lat'><strong><em>.</em></strong></span> 
     </span>
    </p>
   </div>
   <div class='ocr_carea' id='block_1_120' title="bbox 1967 5849 3492 5917">
    <p class='ocr_par' dir='ltr' id='par_1_120' title="bbox 1967 5849 3492 5917">
     <span class='ocr_line' id='line_1_120' title="bbox 1967 5849 3492 5917; baseline -0.005 -10"><span class='ocrx_word' id='word_1_965' title='bbox 1967 5858 1984 5891; x_wconf 77' lang='grc' dir='ltr'>ί</span> <span class='ocrx_word' id='word_1_966' title='bbox 2015 5855 2128 5910; x_wconf 77' lang='lat' dir='ltr'><strong>tidd.</strong></span> <span class='ocrx_word' id='word_1_967' title='bbox 2148 5890 2164 5917; x_wconf 93' lang='lat'><strong>,</strong></span> <span class='ocrx_word' id='word_1_968' title='bbox 2203 5854 2331 5908; x_wconf 74' lang='lat' dir='ltr'><strong>salus</strong></span> <span class='ocrx_word' id='word_1_969' title='bbox 2379 5867 2470 5904; x_wconf 82' lang='lat' dir='ltr'><strong>non</strong></span> <span class='ocrx_word' id='word_1_970' title='bbox 2518 5858 2586 5904; x_wconf 82' lang='lat' dir='ltr'><strong>est</strong></span> <span class='ocrx_word' id='word_1_971' title='bbox 2631 5851 2841 5914; x_wconf 77' lang='lat' dir='ltr'><strong>perfecta</strong></span> <span class='ocrx_word' id='word_1_972' title='bbox 2881 5849 3092 5914; x_wconf 76' lang='lat' dir='ltr'><strong>jnstitia.</strong></span> <span class='ocrx_word' id='word_1_973' title='bbox 3147 5849 3320 5912; x_wconf 66' lang='lat' dir='ltr'><strong>Abeat,</strong></span> <span class='ocrx_word' id='word_1_974' title='bbox 3365 5860 3492 5911; x_wconf 80' lang='lat' dir='ltr'><strong>non,</strong></span> 
     </span>
    </p>
   </div>
   <div class='ocr_carea' id='block_1_121' title="bbox 1904 5927 2062 5974">
    <p class='ocr_par' dir='ltr' id='par_1_121' title="bbox 1904 5927 2062 5974">
     <span class='ocr_line' id='line_1_121' title="bbox 1904 5927 2062 5974; baseline 0.019 -5"><span class='ocrx_word' id='word_1_975' title='bbox 1904 5937 1929 5974; x_wconf 84' lang='lat' dir='ltr'><strong>a</strong></span> <span class='ocrx_word' id='word_1_976' title='bbox 1955 5927 2062 5972; x_wconf 64' lang='lat' dir='ltr'><strong>Mss.</strong></span> 
     </span>
    </p>
   </div>
  </div>
