3966 6436
155 540 397 597 sempors
426 519 718 593 signiﬁcata
743 520 865 569 sunt
895 529 909 567 :
938 520 1067 578 ergo
1093 506 1148 562 in
1176 510 1434 557 teternum
1460 491 1734 564 permanet

162 594 359 679 nomen
389 617 540 685 ejus;
582 621 840 667 aeternum
865 604 1006 659 enim
1037 594 1302 654 antecedit
1331 601 1571 659 tempora
1593 625 1609 650 ,
1639 596 1735 636 nec

157 712 422 773 clauditur
453 720 710 775 tempore.
760 699 822 755 Et
854 695 1206 751 benedicentur
1231 690 1280 741 in
1306 686 1416 755 ipso
1447 695 1618 735 omnes
1643 675 1737 728 tri-

160 771 255 862 lnts
279 813 446 857 terra.
488 798 541 852 lu
565 771 690 865 ipso
727 791 921 861 quippe
949 785 1199 854 impletur
1235 776 1374 849 quod
1419 771 1737 843 promissum

159 906 247 954 est
274 890 522 951 Abrahtc.
556 907 576 941 α
610 885 722 941 Non
756 902 775 936 ι
805 882 947 935 enim
984 897 1003 930 ι
1032 876 1180 940 dicit,
1208 873 1261 927 lu
1289 866 1601 928 seminibus,
1626 871 1740 914 tan-

160 1003 321 1062 quam
352 986 405 1039 in
435 979 647 1043 multis;
677 976 772 1031 sed
801 985 1049 1041 tauquam
1077 968 1128 1022 iu
1160 980 1288 1030 uno,
1325 963 1389 1015 l-lt
1412 956 1601 1014 semini
1629 964 1739 1013 tuo,

163 1046 309 1153 quod
335 1084 416 1132 est
437 1074 679 1129 Christus
708 1088 727 1122 ι
759 1065 898 1137 (Gal.
924 1079 1000 1129 ttt,
1036 1061 1141 1130 I6).
1168 1055 1394 1113 Ahraha:
1415 1063 1591 1105 atttem
1614 1046 1743 1101 dici-

165 1184 257 1228 tur
304 1187 319 1224 :
375 1186 395 1221 ι
442 1166 496 1220 In
542 1164 885 1219 sentine'tuo
924 1153 1307 1211 benedicuntur
1349 1158 1535 1200 omnes
1579 1142 1745 1195 tribus

165 1276 325 1322 teme
348 1279 368 1314 ι
397 1258 547 1329 (Cen.
567 1272 696 1321 λιιι,
713 1255 821 1323 18).
845 1272 863 1303 ι
884 1249 1064 1317 Neque
1091 1246 1180 1300 lilii
1197 1244 1392 1303 carnis,
1406 1239 1499 1296 sed
1514 1238 1601 1292 lilii
1627 1251 1749 1304 pro-

166 1352 775 1420 missionisdepumiitur
798 1347 848 1398 iu
866 1345 1069 1396 semine
1089 1359 1108 1391 ι
1129 1337 1302 1405 (Rom.
1319 1351 1391 1399 ιχ,
1408 1334 1485 1404 8).
1507 1349 1527 1382 ι
1550 1329 1745 1384 Omnes

167 1458 358 1519 gentes
401 1440 814 1515 magnilicabunt
860 1451 1001 1491 eum.
1044 1453 1063 1485 ι
1113 1432 1387 1498 Tanquam
1432 1421 1747 1494 exponendo

166 1516 457 1611 repetitum
479 1545 557 1592 est
579 1533 720 1605 quod
746 1546 903 1599 sttpra
925 1529 1120 1583 dietntn
1148 1531 1248 1579 est.
1271 1521 1401 1586 Quia
1424 1518 1564 1572 cuitu
1589 1516 1748 1567 bene-

168 1604 419 1688 dicentur
439 1628 492 1682 in
512 1604 1033 1690 eo,tnagniiicalntnt
1055 1632 1175 1671 eum
1207 1633 1220 1669 :
1250 1628 1353 1667 non
1382 1608 1480 1680 ipsi
1512 1604 1750 1661 faciendo

171 1733 235 1781 ut
261 1737 485 1793 magnus
510 1720 599 1782 sit,
624 1717 715 1789 qui
745 1730 839 1785 per
865 1712 1098 1781 seipsum
1124 1719 1346 1772 tnagnus
1371 1713 1486 1764 es1;
1516 1698 1605 1753 sed
1636 1698 1747 1751 lau-

173 1792 370 1873 dando
392 1823 447 1869 et
474 1824 722 1882 magnum
764 1804 996 1860 fatendo.
1044 1802 1133 1856 Sic
1177 1799 1316 1852 enim
1359 1792 1753 1861 magnitieanuis

176 1907 383 1971 Deum;
420 1904 498 1959 sic
534 1904 692 1956 etiam
726 1900 954 1954 dicimus
982 1911 997 1949 :
1025 1892 1383 1959 Sanctiﬁcetnr
1406 1901 1583 1940 nomen
1615 1893 1752 1935 tuum

179 1997 395 2070 (Matth.
419 2011 490 2060 rt,
515 1992 602 2063 9):
638 1992 777 2062 quod
810 2004 1021 2058 semper
1050 1988 1231 2054 utique
1259 1994 1500 2033 SJIICEIIIII
1528 1985 1628 2029 est.

251 2090 341 2146 20.
374 2086 526 2162 [υεη.
568 2083 681 2157 18.]
712 2082 1012 2138 Benedictus
1042 2077 1289 2132 Dominus
1312 2114 1327 2136 ,
1368 2070 1509 2126 Dens
1551 2067 1716 2122 Israel
1736 2107 1755 2132 ,

177 2186 265 2256 qui
297 2182 417 2251 facit
455 2176 706 2233 mirabilia
742 2173 900 2230 solas.
927 2168 1291 2227 Consideratis
1328 2163 1574 2218 omnibus
1598 2174 1758 2229 supra

180 2253 341 2327 dictis
389 2278 660 2325 eructatur
707 2266 971 2337 hymnus,
1018 2274 1066 2317 et
1120 2257 1452 2312 benedicitnr
1506 2253 1761 2306 Dominus

184 2366 325 2421 Deus
366 2361 548 2417 Israel.
593 2359 846 2426 Impletnr
870 2354 1013 2411 cuitu
1049 2349 1191 2423 quod
1230 2348 1295 2402 ad
1342 2347 1481 2401 illam
1521 2345 1759 2401 sterilem

179 2456 384 2512 dictum
405 2461 506 2514 est.
545 2450 607 2505 Et
634 2450 721 2521 qui
740 2449 867 2501 eruit
889 2457 955 2505 te,
977 2445 1084 2514 ipse
1112 2440 1380 2497 Dominus,
1409 2435 1549 2490 Deus
1579 2432 1759 2496 Israel,

186 2551 430 2603 universa:
456 2558 605 2599 terra:
629 2541 881 2597 vocabitur
905 2535 1052 2607 (hui
1089 2550 1191 2591 Liv.
1220 2530 1294 2594 5).
1333 2530 1446 2599 Ipse
1476 2528 1596 2599 facit
1619 2526 1765 2578 miro-

186 2640 309 2696 bilia
351 2639 490 2693 solus
513 2650 533 2690 :
558 2632 808 2705 quoniam
833 2630 1153 2699 quicumque
1182 2622 1417 2686 faciunt,
1455 2619 1567 2689 ipse
1607 2616 1658 2671 iu
1684 2614 1763 2670 eis

188 2741 458 2804 operatur,
490 2728 576 2799 qui
607 2726 725 2794 facit
757 2721 1006 2775 mirabilia
1037 2719 1197 2772 solus.

259 2824 351 2878 21.
381 2797 531 2894 [rers.
562 2817 628 2873 19
653 2815 674 2890 ]
705 2814 767 2869 Et
794 2811 1102 2867 benedictum
1128 2822 1307 2861 nouten
1337 2801 1513 2872 gloria:
1538 2800 1645 2870 ejus
1670 2799 1685 2828 ¹
1714 2797 1765 2850 in

191 2889 432 2971 (sternunt
456 2953 472 2977 ,
499 2920 542 2964 et
568 2911 618 2962 in
646 2900 1098 2962 sacrilutnswcnli.
1140 2898 1275 2965 Quid
1319 2894 1458 2949 aliud
1498 2890 1643 2945 latini
1684 2889 1768 2941 iu-

194 3018 457 3077 terpretes
494 3004 756 3063 dicerent,
798 2997 886 3068 qui
918 3009 1022 3049 non
1055 3000 1266 3063 possent
1297 2989 1493 3047 dicere,
1526 2988 1577 3038 in
1608 2993 1767 3036 atter-

195 3119 345 3168 num,
373 3107 431 3155 et
455 3100 506 3153 in
532 3105 790 3151 aeternum
813 3092 994 3145 :rtcrui
1011 3092 1036 3141 Υ
1059 3086 1217 3155 Quasi
1242 3085 1383 3139 enim
1408 3082 1547 3135 alittd
1570 3080 1767 3133 dictum

195 3196 300 3254 sit,
322 3194 374 3246 in
394 3201 656 3247 ostentum.
701 3193 755 3240 ct
778 3182 922 3238 aliud
950 3182 1000 3234 in
1035 3178 1277 3234 siccatum
1300 3217 1315 3242 ,
1354 3176 1422 3229 ita
1451 3184 1597 3226 sonat
1634 3189 1646 3222 :
1675 3168 1770 3224 sed

195 3301 399 3361 gneus
430 3284 608 3341 habet.
636 3290 700 3343 εἱς
725 3287 802 3335 τὸν
820 3288 989 3339 αἰῶνα,
1020 3280 1102 3329 καὶ
1130 3284 1193 3335 si;
1210 3281 1287 3329 τὸν
1313 3282 1463 3324 animo:
1488 3271 1572 3324 ταῦ
1583 3278 1770 3328 αἰῶνος,

197 3380 338 3452 qmnl
364 3381 499 3433 forte
535 3372 866 3428 commodius
890 3370 1155 3426 diceretur
1175 3411 1189 3429 ,
1221 3367 1274 3421 in
1302 3364 1553 3418 sa-cnlum
1582 3402 1596 3424 ,
1639 3369 1691 3414 et
1722 3360 1774 3413 in

200 3469 454 3528 arculum
482 3465 702 3527 sa'culi;
745 3472 801 3517 nt
829 3463 879 3516 in
903 3461 1143 3516 strcnlnm
1169 3456 1571 3526 intelligeretur.
1610 3467 1776 3520 quan-

200 3572 313 3620 tum
361 3563 461 3616 hoc
489 3559 745 3614 sa-culutn
785 3555 971 3617 durat;
1003 3552 1053 3606 in
1088 3554 1326 3605 sa'cntum
1361 3555 1533 3600 nttlt'm
1573 3542 1774 3607 steculi,

199 3653 342 3727 quod
370 3660 487 3722 post
517 3650 673 3717 hujus
717 3646 876 3701 linem
921 3643 1151 3698 futurum
1195 3638 1536 3707 promittitur.
1589 3633 1653 3686 Et
1695 3648 1777 3685 re-

202 3721 417 3818 plebitur
464 3740 628 3813 gloria
668 3739 777 3809 ejus
813 3735 976 3789 oamis
1012 3745 1143 3786 terra
1175 3746 1193 3784 :
1222 3730 1334 3792 ﬁat,
1380 3727 1490 3795 ﬁat.
1526 3721 1736 3779 JttssiSli
1762 3762 1777 3784 ,

205 3812 473 3900 Domine,
502 3833 571 3886 ita
602 3834 686 3895 lit;
730 3830 798 3882 ita
832 3830 908 3891 lit,
930 3824 1103 3878 donec
1136 3820 1260 3875 illud
1283 3818 1420 3888 quod
1438 3816 1597 3884 etrpit
1626 3830 1656 3865 a
1676 3812 1778 3882 [τηε

202 3930 359 3989 mine.
384 3926 652 3996 perveniat
673 3920 893 3978 omnino
919 3933 1073 3987 usque
1101 3913 1167 3966 ad
1193 3914 1428 3966 terminos
1459 3909 1590 3963 orbis
1617 3918 1778 3959 terrte.

204 4040 1773 4078 __________________.__.————

628 4127 709 4189 IN
754 4125 892 4187 PSA
903 4120 1132 4184 LMUM
1164 4116 1402 4179 LXXII

798 4241 1210 4303 IiNAIiIH'l‘lO.

845 4374 1016 4415 salino
1050 4356 1147 4428 (η).

283 4483 336 4537 1.
396 4477 548 4553 [ινα-ε.
596 4474 673 4548 1.]
715 4474 936 4538 Audite,
984 4472 1160 4525 audite
1201 4466 1541 4522 dilectissima
1584 4461 1788 4515 viscera

206 4569 451 4641 corporis
491 4566 722 4629 Christi,
763 4579 986 4634 quorum
1015 4577 1139 4630 spes
1171 4560 1420 4613 Dominus
1450 4555 1587 4609 Deus
1616 4562 1792 4607 vester

207 4675 295 4722 est
317 4706 333 4728 ,
364 4672 412 4716 et
444 4676 548 4716 non
579 4658 841 4728 respicitis
870 4657 921 4710 in
956 4654 1212 4706 vanitates
1238 4666 1284 4703 et
1318 4650 1547 4703 insanias
1577 4646 1793 4700 menda-

208 4771 304 4814 ces
333 4754 500 4823 (Psal.
543 4764 740 4813 suis,
772 4748 826 4819 ὅ)
850 4762 866 4810 ;
896 4755 949 4800 et
976 4746 1062 4812 qui
1089 4742 1261 4795 adhuc
1289 4739 1550 4807 respicitis
1572 4780 1587 4803 ,
1615 4736 1793 4791 audite

210 4866 281 4904 ne
323 4843 615 4914 respiciatis
676 4841 915 4897 Psalmus
954 4840 1052 4893 iste
1092 4834 1485 4902 inscriptionem
1520 4831 1710 4891 liabet,
1741 4828 1790 4883 id

210 4950 295 4996 est
335 4941 541 4995 titulum
560 4977 577 5001 ,
625 4934 917 5005 Defecernnt
943 4930 1115 5001 hymni
1147 4927 1307 4979 Durid
1327 4967 1342 4991 ,
1372 4923 1464 4993 ﬁlii
1492 4921 1633 4976 Jesse
1665 4922 1739 4992 (pb)
1774 4936 1794 4976 :

219 5031 453 5087 Psalmns
477 5029 573 5099 ipsi
598 5026 789 5096 Asaph.
822 5024 922 5078 Tot
953 5023 1205 5074 halnunns
1236 5017 1415 5089 psalmi
1439 5032 1466 5069 s
1492 5015 1541 5068 itt
1568 5027 1792 5083 quorum

214 5126 380 5181 titulis
408 5124 528 5191 seri,
553 5131 661 5174 tum
689 5128 773 5176 est
798 5132 986 5171 notueu
1019 5112 1177 5169 David
1203 5153 1218 5176 ,
1254 5124 1507 5179 nusquam
1536 5117 1615 5160 est
1642 5105 1792 5158 addi-

214 5224 327 5272 tum
354 5216 449 5285 ﬁlii
474 5213 619 5268 Iesse
640 5252 656 5278 ,
688 5211 788 5266 nisi
815 5210 866 5264 itt
897 5209 997 5263 hoc
1022 5206 1156 5259 solo.
1186 5200 1336 5270 Quod
1365 5196 1686 5255 credendum
1713 5205 1795 5249 est

281 5352 299 5385 ⁸
327 5350 494 5401 Plures
512 5362 543 5401 e
567 5345 913 5397 vetustioribus
931 5350 1062 5398 Mss,
1087 5335 1482 5401 nwiestatiseins.

565 5394 624 5460 ad
650 5394 1060 5476 philicutltasitus
1082 5402 1207 5476 little.
1229 5414 1307 5449 att.
1334 5394 1443 5476 M1,
1470 5399 1518 5447 in
1542 5394 1796 5476 Γςννῑεξίιίο

214 5483 261 5527 s.
283 5459 362 5539 is.
379 5459 607 5533 rimi—ii,“
634 5459 775 5539 epist.
803 5468 981 5539 HO,a_d_
996 5461 1301 5539 Honoratum,
1326 5474 1368 5510 c.
1396 5461 1444 5518 ὅ,
1472 5474 1518 5507 ιι.
1539 5459 1793 5539 15.—lMss.

214 5520 637 5587 Timaeiiéiisis'éi
667 5520 866 5580 ilaram.
894 5520 1073 5578 addunt
1109 5528 1155 5575 in
1181 5520 1319 5574 111ι.1ι›
1356 5533 1632 5572 sermonem
1662 5520 1797 5567 hunc

216 5600 433 5650 habitum
457 5612 570 5648 esse
595 5597 640 5645 ia
661 5593 850 5644 Basilica
875 5591 1118 5639 ttestituta.
1183 5593 1240 5634 tu.

282 5661 354 5723 (lt)
378 5667 427 5710 tu
451 5640 958 5723 editio'ticf—liililiorutn
993 5650 1208 5723 )ulgata‘
1235 5648 1293 5697 a:|
1324 5644 1591 5723 su‘pqrioris
1629 5640 1794 5723 Psalld

219 5702 368 5785 (inerit
396 5702 1398 5785 ἶιίεῖίῖίιῖξῖίδῖἐ’γέινξίυιιΙιιεξῚπῙεΓεΓμηῐ
1427 5704 1591 5785 hymni
1623 5702 1791 5760 I‘avid,

480 5766 978 5849 riquemambrpsius
997 5766 1107 5823 cum
1129 5766 1392 5835 Augustino
1412 5766 1636 5818 similiter
1656 5777 1797 5815 acce-

221 5837 293 5912 im
321 5858 411 5912 pro
431 5837 573 5897 titulo
595 5843 737 5904 huius
757 5837 923 5889 Psalmi
942 5849 1037 5886 ικιι

1237 372 1635 440 ENARRATIO
1673 365 1737 423 IN
1777 362 2095 423 PSALllmM
2132 366 2341 424 LXXII.

3317 348 3426 411 at
3454 426 3457 433 ι

1842 492 1944 532 non
1969 477 2160 534 frustra
2191 479 2384 534 factum
2404 519 2421 544 ,
2445 489 2614 548 neque
2642 473 2869 530 inaniter
2896 488 2910 525 :
2939 469 3132 541 ubique
3149 468 3291 524 enim
3321 482 3423 523 no-

1838 570 1923 627 bis
1946 573 2112 625 innnit
2137 573 2304 634 Deus,
2328 582 2377 627 et
2399 570 2465 626 ad
2492 569 2815 624 intellectum
2843 574 3001 621 vocat
3025 563 3165 635 pium
3193 560 3425 617 studium

1842 661 2134 717 cbaritatis.
2183 662 2318 731 Quid
2364 670 2488 728 cst,
2530 659 2829 728 Defecerunt
2866 656 3040 727 hymni
3087 650 3282 714 David,
3329 652 3427 721 ﬁlii

1842 752 2029 810 Iesse?
2072 753 2262 826 llymni
2304 752 2489 809 laudes
2528 760 2651 806 sunt
2686 750 2774 804 Dei
2805 764 2924 803 cmn
2954 746 3162 800 cantico
3196 762 3207 797 :
3243 742 3427 815 hymni

1845 859 2033 905 eantns
2074 858 2197 901 sunt
2238 847 2570 900 continentes
2616 843 2820 897 laudem
2867 839 2979 894 Dei.
3022 838 3077 893 Si
3104 837 3169 893 sit
3197 837 3347 901 laus,
3374 844 3430 891 et

1847 957 1955 996 non
1982 942 2049 995 sit
2082 939 2205 1002 Dei,
2236 955 2343 994 non
2368 949 2445 993 est
2473 937 2699 1008 hymnus
2733 953 2745 989 :
2777 933 2821 987 si
2849 932 2915 986 sit
2937 931 3152 996 lausret
3174 928 3266 982 Dei
3292 928 3427 994 laus,

1847 1044 1901 1088 et
1927 1049 2030 1087 non
2056 1040 2299 1086 cantetur
2321 1071 2337 1095 ,
2362 1047 2463 1083 non
2487 1038 2568 1084 est
2597 1026 2843 1098 hymnus.
2875 1020 3095 1092 Oportet
3118 1035 3245 1089 ergo
3274 1028 3352 1085 ut,
3384 1017 3431 1075 si

1849 1126 1917 1180 sit
1951 1128 2175 1196 hymnus
2195 1165 2210 1187 ,
2240 1122 2432 1177 habeat
2459 1120 2575 1174 hmc
2604 1123 2700 1172 tria
2733 1135 2745 1170 :
2778 1124 2830 1170 et
2861 1113 3065 1167 laudem
3091 1155 3107 1178 ,
3139 1121 3192 1164 et
3222 1110 3348 1176 Dei,
3379 1117 3435 1166 et

1849 1216 2111 1271 canticum
2177 1214 2311 1283 Quid
2341 1220 2423 1267 est
2451 1226 2605 1281 ergo,
2641 1208 2938 1277 Defecerttnt
2966 1204 3184 1275 hymni?
3213 1201 3435 1257 Defece-

1852 1316 1976 1363 runt
2006 1306 2184 1359 laudes
2209 1320 2327 1375 qum
2350 1310 2629 1358 cantantnr
2656 1301 2705 1352 in
2737 1300 2920 1353 Deum.
2954 1295 3224 1349 ilolestam
3248 1309 3359 1348 rem
3381 1300 3437 1348 et

1851 1402 1999 1469 quasi
2043 1399 2333 1454 [intonsam
2382 1396 2593 1450 videtur
2640 1389 2901 1446 mmtiare.
2942 1388 3042 1455 Qui
3083 1387 3223 1439 enim
3260 1392 3439 1440 cantat

1854 1492 2098 1555 laudem,
2143 1505 2246 1544 non
2290 1489 2462 1543 solum
2507 1485 2719 1551 laudat,
2757 1482 2848 1536 sed
2880 1481 3036 1535 etiam
3067 1476 3438 1533 lt’lariterlau-

1853 1585 1945 1639 dat
1990 1603 2001 1636 :
2047 1583 2136 1654 qui
2178 1592 2351 1636 cantat
2399 1580 2636 1643 laudem,
2682 1592 2787 1631 non
2820 1576 2990 1629 solum
3021 1580 3233 1636 cantat,
3264 1568 3360 1624 sed
3386 1575 3442 1625 et

1854 1685 1997 1729 amat
2021 1691 2141 1730 eum
2166 1691 2319 1744 quem
2347 1681 2542 1727 cantat.
2574 1671 2625 1723 lu
2650 1669 2803 1722 laude
2823 1664 3125 1720 conﬁtentis
3146 1668 3229 1717 est
3252 1657 3443 1732 praedi-

1856 1766 1995 1821 catio
2040 1785 2052 1819 :
2102 1767 2152 1819 in
2193 1766 2399 1819 cantico
2441 1762 2666 1814 amantis
2707 1758 2935 1814 all’cctio.
2983 1755 3280 1825 Defecerunt
3313 1765 3442 1822 ergo

1858 1861 2034 1931 hymni
2077 1858 2271 1921 David,
2315 1857 2387 1911 ait
2434 1875 2447 1910 :
2489 1863 2543 1910 et
2581 1854 2813 1914 addidit,
2842 1851 2932 1920 ﬁlii
2957 1849 3119 1902 Jesse.
3152 1846 3278 1901 Erat
3300 1845 3443 1899 enim

1861 1952 2023 2007 David
2077 1966 2171 2005 rex
2203 1949 2396 2013 Israel,
2425 1946 2563 2001 lilius
2589 1945 2737 2000 Jesse
2762 1943 2804 2015 (l
2838 1943 2961 2012 Reg.
2990 1956 3075 1994 xvt
3100 1981 3115 2006 ,
3146 1939 3233 2007 18)
3258 1978 3273 2000 .
3305 1946 3442 1991 tem-

1861 2060 1989 2114 pore
2028 2041 2255 2112 quodam
2294 2039 2493 2094 Veteris
2529 2033 2894 2100 'l‘cstamcnti;
2934 2047 3039 2102 quo
3077 2040 3314 2098 tempore
3337 2025 3445 2082 No-

1858 2154 1983 2193 vum
2010 2136 2404 2191 Testamentum
2435 2131 2754 2187 occultatum
2787 2129 2854 2182 ibi
2886 2135 3033 2192 erat,
3066 2133 3311 2194 tanquam
3336 2119 3446 2176 l'ru-

1862 2240 1977 2285 ctus
2007 2229 2057 2283 in
2082 2226 2275 2283 radice.
2304 2225 2358 2281 Si
2380 2224 2521 2279 enim
2550 2234 2756 2292 quieras
2777 2217 3003 2274 fructum
3025 2215 3076 2271 in
3108 2215 3309 2279 radice,
3337 2227 3446 2268 non

1864 2321 2138 2383 invenies;
2184 2334 2281 2372 nec
2308 2325 2480 2371 tamen
2511 2313 2748 2369 invenies
2779 2312 2830 2366 in
2861 2311 3023 2364 ramis
3052 2309 3277 2362 fructum
3297 2346 3311 2367 ,
3344 2302 3450 2361 nisi

1864 2414 1951 2484 qui
1982 2412 2049 2467 de
2090 2411 2264 2465 radice
2303 2407 2642 2479 processerit.
2675 2404 2768 2459 Illo
2793 2417 2918 2473 ergo
2949 2409 3219 2469 tempore,
3251 2396 3449 2469 populo

1868 2507 2040 2576 primo
2069 2502 2298 2556 venienti
2324 2516 2387 2554 ex
2417 2499 2620 2555 semine
2651 2494 2873 2550 Abrahae
2902 2492 3217 2555 carnaliter;
3251 2504 3369 2544 nam
3395 2495 3453 2544 et

1869 2595 2094 2667 populus
2124 2592 2385 2649 ~ectmdus
2414 2589 2685 2661 pertinens
2708 2586 2771 2642 ad
2803 2585 3007 2641 Novum
3029 2582 3449 2646 Testamentum,

1867 2690 1932 2744 ad
1957 2703 2141 2741 semen
2174 2685 2397 2739 Aliraluc
2422 2683 2684 2752 pertinet,
2712 2680 2802 2735 sed
2829 2679 2936 2747 jam
2962 2675 3302 2747 spiritualiter
3330 2690 3344 2726 :
3378 2672 3453 2728 illi

1869 2797 1996 2847 ergo
2028 2780 2218 2849 pupqu
2250 2776 2418 2845 primo
2446 2774 2619 2828 adhuc
2648 2769 2866 2827 carnali.
2892 2768 2977 2823 ubi
3005 2767 3153 2836 pauci
3182 2763 3455 2834 prophetas

1872 2871 2234 2933 intelli,ebaut
2270 2876 2323 2920 et
2357 2865 2481 2937 quid
2511 2863 2905 2919 desideraretur
2929 2873 2960 2913 a
2992 2858 3129 2922 Deo,
3162 2864 3215 2910 et
3240 2852 3455 2925 quando

1873 2965 2087 3046 haberet
2134 2960 2344 3034 publice
2394 2954 2707 3027 prmdicari,
2749 2951 3237 3022 praenuntiaverunt
3279 2947 3455 3001 futura

1875 3039 1989 3115 huic
2021 3069 2253 3126 tempora
2279 3094 2297 3119 ,
2326 3061 2380 3106 et
2407 3050 2689 3105 adventum
2721 3046 2925 3101 Domini
2953 3043 3117 3098 nostri
3141 3041 3265 3096 .Icsu
3295 3039 3455 3096 Chri-

1875 3153 1962 3206 sti.
1988 3151 2049 3205 Et
2071 3143 2511 3217 quemadmodum
2536 3140 2779 3196 Christus
2800 3140 2910 3210 ipse
2929 3134 3217 3192 secundum
3238 3145 3455 3188 carnem

1879 3246 2174 3302 nasciturus
2195 3285 2210 3307 ,
2242 3242 2292 3295 in
2319 3238 2494 3295 radice
2520 3245 2634 3291 erat
2661 3232 2898 3290 occultus
2920 3233 2969 3285 itt
2994 3229 3197 3284 semine
3221 3225 3457 3281 Patriar-

1876 3340 2094 3395 charum
2121 3378 2136 3401 ,
2165 3344 2215 3389 et
2243 3331 2468 3403 quodam
2492 3338 2728 3397 tempore
2752 3323 3067 3379 revelandus
3087 3328 3332 3388 tanquam
3356 3314 3460 3370 fru-

1878 3441 1964 3486 ctu
2008 3438 2327 3498 appareme.
2375 3422 2511 3477 sicut
2547 3419 2803 3488 scriptum
2843 3423 2957 3473 est.
3002 3410 3200 3465 Floruit
3233 3408 3373 3477 virga
3396 3404 3462 3460 de

1878 3523 2051 3577 radice
2070 3519 2214 3573 Jesse
2244 3515 2392 3585 (lsai.
2425 3529 2476 3567 in
2493 3555 2506 3577 ,
2535 3511 2588 3580 1)
2613 3528 2625 3563 :
2656 3511 2732 3563 sic
2754 3508 2912 3563 etiam
2936 3506 3106 3575 ipsum
3130 3500 3331 3556 Novum
3351 3498 3460 3554 Te-

1882 3621 2232 3675 stamentum,
2263 3605 2400 3676 quod
2432 3604 2483 3659 in
2511 3600 2721 3657 Christo
2736 3607 2818 3653 est
2840 3595 3099 3667 prioribus
3126 3592 3228 3646 illis
3256 3599 3463 3660 tempoc

1884 3705 2028 3759 ribus
2070 3702 2333 3756 occultmn
2378 3704 2530 3759 crat,
2578 3693 2708 3747 solis
2754 3687 3030 3756 Prophetis
3069 3684 3378 3753 cognitum,
3408 3688 3464 3736 et

1884 3793 2217 3868 paucissimis
2248 3790 2374 3858 piis,
2407 3803 2511 3840 non
2541 3799 2603 3839 ex
2635 3778 3057 3836 manilestatione
3081 3774 3419 3845 praisentium
3442 3811 3459 3835 ,

1885 3887 1977 3943 sed
2022 3901 2085 3941 ex
2132 3882 2452 3939 reri-latione
2494 3877 2808 3931 futurorum.
2855 3871 2983 3926 Nam
3026 3866 3148 3939 quid
3186 3866 3283 3920 sibi
3312 3863 3462 3931 vult,

1888 3983 2079 4039 fratres
2102 4021 2117 4044 ,
2146 3987 2202 4030 ut
2224 3992 2383 4030 unum
2405 3971 2652 4045 quiddam
2676 3979 3108 4021 commemorem.
3133 3958 3274 4030 quod
3300 3957 3469 4012 Abra-

1890 4076 2010 4129 ham
2053 4074 2265 4123 tnitti-ns
2291 4081 2501 4120 servum
2531 4077 2680 4117 suum
2710 4058 2916 4112 lidclctn
2947 4053 3013 4109 ad
3038 4047 3467 4125 desponsandam

1888 4179 2111 4220 uxorem
2159 4161 2313 4216 unico
2360 4157 2468 4211 lilio
2497 4167 2627 4212 suo.
2662 4150 2781 4205 facit
2808 4163 2927 4201 eum
2954 4144 3132 4215 jurare
3157 4140 3295 4204 sibi,
3330 4146 3384 4192 et
3412 4137 3469 4192 in

1885 4258 2188 4329 juratnentn
2223 4250 2350 4305 dicit
2375 4248 2423 4303 ci
2454 4265 2466 4299 :
2502 4244 2640 4298 Pone
2666 4256 2872 4295 manum
2899 4238 2989 4293 sub
3015 4237 3201 4295 femore
3230 4245 3373 4293 meo,
3419 4236 3470 4284 et

1882 4319 2004 4421 ξυνα
2048 4343 2197 4413 (Gen.
2239 4355 2390 4406 xxtv,
2427 4337 2529 4407 ἢν
2568 4333 2701 4403 Quid
2744 4337 2856 4385 erat
2899 4328 2949 4383 in
2982 4328 3179 4380 leuiore
3203 4319 3468 4387 Abrahae,

1894 4438 1980 4495 ubi
2025 4437 2112 4490 ille
2158 4448 2368 4487 manum
2415 4429 2586 4497 posuit
2627 4421 2848 4495 iurans?
2887 4419 3019 4488 Quid
3067 4417 3136 4470 ibi
3180 4422 3324 4479 crat,
3368 4411 3472 4467 nisi

1894 4728 2020 4767 caro
2057 4723 2088 4767 ι
2108 4706 2403 4779 gniﬁcatnr.
2443 4701 2516 4757 De
2541 4713 2702 4755 carne
2731 4693 2955 4750 Abrahae
2973 4733 2989 4758 ,
3022 4706 3115 4760 per
3136 4688 3283 4744 Isaac
3309 4695 3364 4741 et
3386 4686 3478 4743 Ja—

1896 4804 1997 4859 c.ib
2018 4844 2033 4868 ,
2078 4809 2133 4854 et
2174 4813 2240 4853 ne
2283 4795 2443 4850 multa
2472 4799 2983 4849 eonunemoremus,
3011 4798 3103 4853 per
3128 4780 3345 4835 Mariam
3374 4779 3477 4834 Do-

1898 4898 2070 4951 minus
2101 4909 2133 4946 n
2158 4901 2281 4945 ister
2300 4888 2454 4944 Jcsus
2480 4884 2735 4939 Christus.

1967 4987 2019 5040 Ξ.
2049 4986 2180 5050 Quia
2209 4997 2333 5036 vero
2359 4977 2507 5033 radix
2537 4982 2651 5028 erat
2674 4974 2724 5026 in
2752 4967 3103 5032 Patriarchis,
3133 4965 3271 5020 unde
3294 4971 3476 5019 osten-

1897 5076 2125 5134 demus?
2156 5074 2370 5128 l‘aulum
2402 5063 2807 5134 interrogemus.
2840 5060 3038 5117 Gentes
3063 5059 3169 5126 jam
3198 5055 3476 5110 credentes

1901 5170 1950 5224 in
1981 5167 2246 5223 Christum
2272 5203 2288 5227 ,
2318 5170 2373 5216 et
2400 5157 2547 5228 quasi
2575 5154 2848 5224 superbire
2876 5151 3150 5221 cupientes
3172 5157 3356 5201 contra
3383 5145 3479 5200 Ju-

1897 5260 2044 5315 da-os
2073 5257 2157 5326 qui
2185 5252 2567 5308 crncilixcrunt
2594 5245 2860 5302 Christum
2885 5257 2901 5307 ;
2928 5255 3047 5294 cum
3073 5246 3127 5293 et
3149 5238 3216 5292 de
3244 5236 3356 5307 ipso
3387 5251 3482 5306 po-

1899 5352 2023 5423 pulo
2047 5346 2248 5402 venerit
2272 5342 2406 5397 alius
2436 5340 2609 5411 paries
2628 5380 2642 5402 ,
2671 5346 2956 5392 occurrens
2980 5330 3032 5383 in
3060 5329 3284 5398 angulo,
3318 5326 3373 5391 id
3399 5336 3483 5381 cst

1902 5447 1952 5500 in
1985 5445 2098 5514 ipso
2133 5438 2376 5499 (thrism,
2406 5434 2473 5488 de
2497 5432 2708 5486 diverso
2734 5425 2958 5481 venienti
2988 5422 3170 5493 parieti
3203 5420 3442 5490 praeputii
3469 5460 3483 5483 ,

1902 5538 1952 5590 id
1974 5510 2055 5589 est
2080 5532 2327 5587 Gentium
2359 5546 2371 5581 :
2394 5542 2513 5580 cum
2541 5538 2669 5593 ergo
2697 5520 2962 5588 erigerent
2991 5531 3049 5569 se
3074 5523 3290 5584 gentes,
3314 5512 3391 5565 sic
3421 5510 3485 5562 il-

1903 5627 1980 5681 las
2018 5624 2257 5695 reprimit
2302 5639 2314 5673 :
2354 5621 2413 5673 Si
2447 5618 2576 5671 enim
2610 5625 2662 5666 tu
2684 5655 2697 5677 ,
2734 5610 2935 5680 iuqttit,
2963 5623 3026 5661 ea:
3051 5606 3269 5659 naturali
3298 5603 3484 5657 incisus

1902 5724 2116 5776 oleastro
2140 5759 2154 5776 .
2195 5719 2410 5770 insertus
2447 5726 2499 5764 es
2538 5710 2587 5761 in
2618 5705 2748 5765 illis,
2780 5702 2882 5756 noli
2907 5699 3117 5771 gloriari
3143 5698 3377 5751 adversus
3400 5710 3484 5749 ra-

1904 5829 2033 5868 mos.
2065 5809 2203 5865 Nam
2231 5807 2273 5862 si
2300 5802 2532 5876 gloriaris
2563 5814 2582 5854 :
2608 5813 2707 5854 non
2735 5807 2789 5852 tu
2814 5794 3035 5850 radicem
3061 5800 3267 5864 portas,
3288 5792 3376 5844 sed
3397 5802 3484 5848 ra-
