3966 6524
514 407 620 468 918

510 526 604 580 dia:
646 534 714 582 ω.
759 525 903 596 Ergo
945 525 1013 583 de
1049 525 1226 582 radice
1260 525 1690 583 Patriarcbarum
1737 525 1865 589 dicit
1910 523 2106 582 tractos

508 618 770 691 quosdam
800 634 980 676 ramos
1003 629 1220 690 prepter
1239 619 1636 682 inﬁdelitatem,
1661 627 1716 674 et
1747 618 2002 674 inscrtum
2037 617 2106 674 ibi

508 710 836 776 oleastrum,
876 721 933 767 ut
977 722 1120 767 esset
1154 713 1418 784 particeps
1462 703 1797 782 piugucdiuis
1835 712 1989 766 oliva!
2013 753 2026 776 ,
2056 710 2106 766 id

506 814 624 871 est,
656 803 948 860 Ecclesium
976 821 1039 860 ex
1072 805 1332 860 Gentibus
1360 808 1681 861 venientem.
1719 807 1780 859 lit
1809 807 1928 876 quis
1962 805 2105 859 inse-

464 937 473 958 -_
506 897 578 952 rit
619 896 909 952 oleastrum
947 897 1001 951 in
1029 896 1211 951 oliva?
1239 897 1386 950 Oliva
1415 896 1551 951 sti-let
1582 898 1631 950 in
1660 897 1891 951 oleastro
1915 912 1929 958 ;
1958 897 2104 949 olea-

469 1012 485 1067 ‘I
505 1000 676 1045 atrum
707 990 760 1043 in
787 991 922 1044 oliva
948 1006 1221 1060 nunquam
1252 991 1502 1046 vidimus.
1534 990 1665 1046 Nam
1697 991 1936 1062 quisquis
1967 990 2107 1045 lere-

503 1083 611 1150 rit,
663 1098 769 1138 non
813 1083 1045 1137 inveniet
1072 1083 1261 1137 baccas
1288 1084 1386 1136 nisi
1414 1084 1650 1137 oleastri.
1681 1082 1830 1152 Quod
1859 1083 1998 1136 enim
2028 1083 2108 1138 iu-

505 1172 730 1237 scr-itur,
775 1172 877 1228 hoc
917 1173 1147 1238 crescit,
1190 1181 1244 1227 et
1290 1173 1405 1243 ejus
1447 1173 1523 1228 rei
1562 1171 1761 1230 fruetus
1787 1174 2103 1230 invenitur:

484 1249 774 1319 invenitur
801 1281 906 1320 non
936 1265 1130 1319 radicis
1157 1267 1356 1320 fructus
1375 1306 1388 1328 ,
1418 1264 1510 1320 sed
1538 1265 1758 1320 surculi.
1781 1261 1900 1320 Hoc
1926 1276 2105 1322 osten-

504 1354 638 1410 dens
683 1356 976 1424 Apostolus
1017 1356 1400 1424 omnipotentia
1449 1369 1542 1408 sua
1594 1355 1758 1410 Deum
1789 1355 2014 1419 fecisse,
2048 1367 2105 1412 ut

503 1447 739 1503 oleaSIer
766 1448 816 1502 in
846 1447 1079 1503 radicem
1112 1448 1269 1502 oliva:
1301 1447 1628 1502 iusereretur
1650 1489 1667 1516 ,
1699 1457 1752 1502 et
1780 1463 1882 1503 non
1916 1449 2104 1508 baccas

504 1540 782 1595 silvestres
805 1580 821 1605 ,
867 1539 959 1595 sed
997 1539 1190 1593 olivam
1217 1538 1406 1604 daret;
1438 1539 1502 1592 ad
1535 1539 1974 1610 omnipotentiam
2010 1541 2104 1596 Dei

505 1647 767 1689 revocans
801 1633 900 1688 hoc
936 1633 1224 1704 Apostolus
1253 1634 1326 1687 ait
1358 1651 1369 1685 ε
1405 1632 1466 1688 Si
1495 1641 1547 1687 tu
1575 1650 1640 1688 ex
1668 1635 1889 1687 naturali
1918 1634 2105 1688 incisus

505 1740 560 1780 es
600 1724 846 1791 oleastro,
893 1735 936 1780 et
973 1737 1148 1780 contra
1184 1735 1419 1780 naturam
1457 1727 1673 1782 insertas
1711 1743 1762 1782 es
1802 1727 1853 1780 in
1875 1726 2059 1780 bonam
2081 1727 2103 1763 ί

506 1818 725 1885 olivam,
757 1820 861 1872 noli
885 1822 1130 1890 gloriari,
1164 1821 1333 1891 inquit
1352 1863 1364 1886 ,
1397 1821 1637 1876 adversus
1668 1838 1853 1876 ramos.
1885 1822 1993 1876 Sed
2021 1824 2102 1876 di-

505 1911 576 1965 cis
593 1951 610 1977 ,
639 1911 713 1964 ait
743 1926 762 1965 .'
788 1909 965 1965 Frncti
992 1923 1110 1965 sunt
1140 1913 1269 1964 rami
1291 1954 1306 1979 ,
1340 1922 1391 1965 ut
1419 1929 1509 1984 ego
1537 1913 1753 1966 inserar.
1781 1911 1952 1977 Bene;
1979 1929 2104 1982 pro-

505 2017 618 2076 pter
637 2005 1045 2061 incredulitatem
1074 2008 1222 2077 fracti
1247 2018 1363 2060 sunt
1387 2023 1406 2062 :
1426 2018 1481 2060 tu
1507 2018 1674 2061 autem
1699 2008 1800 2076 ﬁde
1820 2021 1901 2062 sta
1920 2010 1940 2039 ¹
1962 2027 1979 2072 ;
2001 2011 2106 2065 uoti

505 2100 666 2153 altum
689 2115 898 2168 sapere,
926 2099 1015 2153 sed
1036 2100 1172 2152 time.
1200 2100 1333 2168 Quid
1362 2101 1501 2154 enim
1533 2110 1614 2155 est
1636 2143 1654 2167 ,
1679 2099 1805 2156 Noli
1831 2103 1990 2155 altum
2016 2119 2104 2156 sa-

505 2211 624 2265 pere
644 2195 670 2248 ?
703 2192 822 2248 Noli
865 2193 1143 2264 superbire
1165 2233 1182 2260 ,
1224 2195 1342 2263 quia
1374 2193 1608 2250 insertus
1629 2209 1728 2258 es;
1761 2194 1853 2249 sed
1883 2195 2009 2250 time
2037 2210 2104 2252 ne

506 2287 771 2360 frangaris
798 2304 892 2357 per
917 2289 1284 2344 inﬁdelitatem
1308 2329 1322 2353 ,
1349 2289 1486 2343 sicut
1514 2287 1586 2342 illi
1614 2286 1767 2342 fracti
1791 2298 1937 2342 sunt.
1973 2286 2104 2342 Pro-

511 2395 622 2457 pter
662 2385 1012 2454 inﬁdelitatem
1038 2425 1053 2449 ,
1095 2383 1298 2452 inquit,
1339 2381 1488 2451 fracti
1525 2390 1641 2434 sunt
1670 2394 1690 2434 :
1717 2389 1769 2434 tu
1797 2389 1962 2434 autem
2004 2381 2106 2448 ﬁde

509 2489 590 2536 sta
612 2495 632 2545 ς
656 2478 762 2532 noli
787 2480 946 2531 altam
971 2493 1149 2545 ωριτε
1168 2517 1182 2539 ,
1205 2475 1294 2530 sed
1313 2475 1449 2527 time.
1475 2471 1615 2528 Nam
1633 2473 1676 2528 si
1702 2472 1839 2528 Deus
1857 2474 2105 2529 naturali-

510 2574 602 2628 bus
639 2571 799 2626 ramis
827 2587 927 2625 non
961 2570 1217 2640 pepercit,
1249 2584 1407 2636 neque
1429 2568 1520 2621 tibi
1545 2575 1738 2636 parcet.
1771 2567 1838 2622 Et
1864 2568 2105 2637 sequitur

506 2664 679 2719 bonus
723 2663 904 2729 locus,
953 2671 1009 2717 et
1052 2662 1420 2724 necessarius,
1462 2673 1523 2714 ct
1565 2666 1706 2713 totus
1746 2658 2044 2713 audiendus
2085 2675 2100 2714 :

519 2753 672 2809 Vides
709 2771 862 2826 ergo,
905 2753 1117 2824 inquit,
1155 2752 1426 2806 bonitatem
1456 2759 1509 2806 et
1545 2750 1856 2805 severitatem
1882 2749 1978 2804 Dei
2008 2751 2102 2806 :in

510 2865 595 2904 eos
621 2848 822 2919 quidem
847 2848 934 2918 qui
960 2847 1112 2917 βοωτιί
1132 2854 1253 2901 sunt
1274 2883 1289 2913 ,
1313 2845 1624 2899 serenitatem
1647 2861 1666 2910 ;
1690 2845 1744 2898 in
1761 2854 1814 2897 te
1831 2854 1997 2898 autem
2016 2845 2103 2914 qui

505 2945 723 2998 insertus
759 2959 811 2998 es
845 2942 1116 2997 bonitatem
1139 2979 1153 3004 ,
1179 2940 1226 2994 si
1256 2937 1588 3009 permanseris
1613 2938 1663 2991 in
1691 2937 1949 3002 bonitate;
1975 2938 2104 2994 alto-

506 3035 647 3105 quin,
675 3033 728 3089 id
750 3043 852 3097 est,
881 3033 926 3088 si
954 3048 1057 3087 non
1081 3029 1436 3101 peruianseris
1461 3029 1513 3082 in
1538 3027 1796 3093 bonitate,
1825 3037 1871 3082 et
1895 3036 1950 3082 tu
1963 3019 2107 3084 ex!»

507 3127 642 3182 deris
682 3143 702 3182 :
735 3135 784 3181 et
821 3126 900 3180 illi
933 3126 977 3181 si
1007 3141 1111 3180 non
1138 3122 1506 3194 permanserint
1527 3121 1581 3176 in
1602 3121 1908 3191 inﬁdelitate
1929 3161 1944 3185 ,
1965 3121 2104 3175 iuse-

506 3229 680 3274 reutatr
700 3219 878 3289 (nam.
904 3235 955 3273 at
973 3258 989 3283 ,
1024 3215 1219 3286 ιιθι).

577 3315 633 3368 3.
654 3312 917 3382 Tempore
940 3312 1101 3381 igitur
1125 3308 1331 3364 Veteris
1356 3305 1678 3364 Testamenti
1697 3346 1713 3368 ,
1745 3306 1953 3366 fratres.
1979 3320 2103 3373 pro-

509 3407 790 3462 missiones
829 3419 860 3458 a
907 3405 1017 3458 Deo
1063 3412 1248 3458 nostro
1291 3399 1492 3470 populo
1525 3399 1602 3454 illi
1649 3397 1847 3453 carnali
1880 3408 2103 3456 terrena:

509 3506 663 3553 erant
700 3505 758 3552 et
796 3495 1134 3564 temporales.
1183 3493 1508 3548 Promissum
1548 3499 1637 3544 est
1672 3505 1895 3560 mgnum
1937 3498 2103 3546 terre-

511 3607 636 3646 num
663 3606 678 3658 ;
719 3589 981 3662 promissa
1012 3594 1093 3642 est
1119 3597 1257 3642 tem
1287 3585 1376 3639 illa
1398 3624 1414 3649 ,
1442 3583 1498 3638 in
1525 3598 1686 3654 quam
1712 3581 1872 3638 etiam
1901 3582 2101 3639 inducti

509 3693 629 3737 sunt
672 3682 742 3735 ab
771 3679 1004 3750 Egypto
1031 3676 1237 3733 liberati
1271 3695 1282 3729 :
1314 3688 1412 3745 per
1436 3674 1616 3730 Jesum
1644 3672 1788 3728 Nare
1813 3672 2103 3729 introducti

510 3784 632 3829 sunt
679 3773 732 3828 in
775 3781 974 3826 terram
1021 3768 1385 3839 promissionis
1411 3808 1426 3834 ,
1469 3766 1557 3822 ubi
1605 3765 1762 3820 etiam
1805 3765 2100 3823 Jerusalem

509 3878 719 3921 terrena
745 3863 1001 3920 aediﬁcata
1026 3870 1110 3917 est
1128 3903 1143 3924 ,
1173 3861 1260 3916 ubi
1287 3858 1527 3929 regnavit
1554 3856 1739 3913 David.
1768 3860 2104 3928 Acceperunt

511 3969 708 4015 terram
723 3997 739 4023 ,
761 3953 971 4011 liberati
996 3969 1060 4009 ex
1083 3952 1315 4023 Egypto
1337 3991 1353 4018 ,
1387 3959 1720 4005 transeuntes
1743 3965 1836 4019 per
1863 3948 2101 4008 Rubrum

511 4053 659 4108 mare
686 4067 702 4116 ;
745 4048 907 4127 tiniq‘s
931 4045 1255 4101 anfractibus
1284 4052 1337 4098 et
1363 4041 1638 4097 erroribus
1664 4039 1685 4072 ³
1717 4041 2058 4096 solitudinum
2080 4082 2099 4109 ,

509 4146 828 4214 acceperunt
856 4149 1054 4195 terram
1080 4173 1098 4203 ,
1125 4143 1443 4205 acceperunt
1471 4147 1690 4203 regnum
1715 4151 1730 4188 :
1762 4132 1955 4188 deinde
1985 4143 2104 4202 post

509 4249 731 4308 regnum
774 4243 1047 4303 acceptum
1073 4266 1090 4299 ,
1133 4231 1255 4301 qtiia
1293 4239 1503 4284 terrena
1542 4235 1886 4296 acceperant,
1919 4242 2101 4298 cmpe-

509 4338 634 4386 runt
671 4329 863 4384 merito
899 4335 1238 4397 peccatorum
1281 4335 1499 4377 suorum
1543 4319 1836 4390 Oppugnari
1865 4362 1882 4386 ,
1929 4335 2100 4393 expu-

510 4423 658 4494 gnari
679 4463 692 4484 ,
723 4419 978 4490 captivari
1003 4436 1017 4484 ;
1046 4416 1115 4472 ad
1135 4425 1426 4472 extremum
1451 4427 1638 4468 eversa
1661 4421 1742 4466 est
1761 4421 1816 4466 et
1842 4411 1952 4480 ipsa
1977 4413 2104 4467 civi-

510 4523 611 4569 tas.
649 4513 808 4568 Tales
843 4520 998 4565 erant
1037 4517 1091 4562 et
1123 4509 1226 4563 illa:
1254 4506 1636 4577 promissiones
1662 4519 1767 4558 non
1797 4519 2104 4573 persevera-

508 4615 646 4659 tur-te
671 4644 684 4670 ,
733 4616 828 4674 per
868 4613 1000 4671 quas
1045 4605 1220 4653 tamen
1260 4598 1618 4666 ﬁgurareutur
1660 4595 1850 4650 fultum
1878 4597 2103 4665 promis-

511 4697 694 4751 siones
715 4700 1136 4764 perseveratum
1161 4707 1174 4753 ;
1202 4699 1260 4742 ut
1292 4689 1380 4743 ille
1405 4688 1580 4742 omnis
1610 4687 1867 4741 decursus
1896 4698 2102 4754 tempo-

510 4787 702 4844 ralium
747 4784 1156 4856 promissionum
1197 4785 1362 4852 ﬁgura
1408 4792 1590 4846 esset,
1636 4789 1689 4836 et
1713 4779 1954 4850 quaedam
1983 4795 2104 4850 pro-

509 4881 688 4955 phetia
723 4881 1037 4934 futurorum.
1070 4877 1248 4946 Itaque
1273 4891 1392 4930 cum
1419 4872 1544 4928 illud
1568 4887 1786 4944 regnum
1809 4872 2060 4928 deﬁceret
2080 4912 2100 4940 ,

509 4974 600 5030 ubi
625 4971 866 5042 regnavit
893 4967 1076 5032 David,
1105 4967 1244 5022 titius
1266 4967 1439 5031 Jcsse,
1473 4966 1522 5019 id
1546 4974 1646 5029 est,
1680 4963 1840 5018 homo
1865 4965 2097 5034 quidam,

484 5039 609 5122 r'ctsi
639 5039 896 5134 propheta
917 5103 934 5127 ,
964 5061 1063 5115 etsi
1093 5067 1306 5114 sanctus
1324 5098 1341 5124 ,
1373 5059 1492 5128 quin
1521 5057 1733 5113 videbat
1757 5066 1807 5110 ct
1839 5057 2101 5126 pr:nvide--

508 5157 602 5214 bat
643 5155 914 5210 Christum
962 5161 1240 5206 venturum
1267 5193 1280 5216 ,
1331 5150 1398 5206 de
1426 5151 1577 5218 cuius
1604 5148 1805 5203 semine
1835 5147 1992 5202 etiam
2020 5163 2103 5203 se-

509 5248 742 5305 cundum
770 5259 982 5300 carnem
1009 5243 1307 5298 nasciturus
1331 5253 1442 5297 erat
1469 5259 1483 5307 ;
1511 5251 1690 5296 tamen
1719 5241 1899 5304 homo,
1927 5249 2103 5296 totum

509 5339 750 5398 nondum
791 5335 1065 5402 Christus,
1100 5345 1274 5389 tamen
1305 5334 1539 5388 nondum
1571 5349 1660 5390 rex
1694 5345 1904 5398 noster,
1939 5331 2104 5387 Filius

510 5437 639 5500 Dei,
679 5433 770 5488 sed
813 5447 906 5487 rex
946 5431 1142 5495 David,
1177 5429 1314 5484 titius
1340 5429 1489 5482 .lesse
1519 5446 1530 5480 ι
1561 5428 1682 5497 quia
1708 5441 1836 5496 ergo
1863 5425 2101 5480 delectu-

509 5542 627 5583 rum
668 5534 784 5582 erat
829 5524 954 5579 illud
1001 5537 1249 5593 regnum,
1300 5520 1554 5592 perquod
1581 5534 1798 5586 regnum
1825 5527 2101 5588 acceptum

509 5622 824 5680 laudabatur
871 5629 996 5674 tunc
1039 5618 1178 5672 Deus
1205 5631 1235 5669 ιι
1265 5614 1562 5670 carnalibus
1587 5629 1600 5676 ;
1634 5613 1734 5668 boc
1758 5613 1928 5666 solum
1957 5611 2100 5667 enim

575 5799 594 5830 ⁸
619 5802 740 5854 Vox,
763 5794 950 5852 bonum,
977 5794 1118 5842 abest
1139 5805 1169 5842 a
1191 5797 1295 5840 iss.

575 5858 599 5889 ⁸
621 5863 749 5904 Unus
761 5863 863 5914 315.,
882 5854 980 5918 [ide
997 5861 1110 5918 atus.

581 5918 604 5951 ⁸
624 5918 696 5967 sic
717 5924 821 5966 tres
845 5912 947 5966 it'ss.
970 5914 1056 5966 Alii
1083 5927 1194 5965 cum
1214 5913 1347 5973 Edd.,
1368 5928 1423 5964 ac
1443 5912 1721 5964 terroribus.

1713 401 1768 468 'S.
1814 405 2184 468 AUGUSTlNl
2225 401 2524 470 EPISCO'Pl
3683 415 3770 483 στι

2216 545 2311 598 pro
2337 545 2530 602 magno
2555 529 2822 589 habebant
2842 577 2856 603 ,
2886 525 3008 608 quia
3027 524 3239 594 liberati
3260 537 3415 596 mni

2214 621 2280 674 ab
2319 619 2400 675 bis
2443 637 2470 676 a
2510 624 2700 693 quibus
2734 623 3204 698 opprimebanuu,
3233 635 3291 688 δι
3315 639 3600 689 enimut
3619 632 3776 693 hostes

2213 726 2592 782 persequentes
2638 733 2731 785 per
2772 733 2917 773 mare
2952 712 3188 776 Rubrum
3213 767 3227 788 ,
3268 734 3320 779 et
3356 723 3501 780 ducti
3531 739 3780 798 ciarum

2213 803 2550 861 solitudinem
2576 848 2589 872 ,
2633 817 2685 861 et
2725 810 3033 866 invenerant
3067 815 3285 882 patriam
3313 828 3361 870 et
3389 835 3607 886 regnum
3634 838 3648 883 ;
3677 819 3723 875 bi
3751 835 3774 880 c

2213 898 2384 952 stilum
2417 899 2696 955 laudabam
2727 902 2891 958 Dc‘um
2919 949 2931 968 ,
2963 905 3196 961 ttondnut
3226 909 3582 980 iutelligetntes
3603 916 3713 982 quid
3740 918 3775 972 ἰι

2214 989 2316 1041 illis
2349 989 2528 1060 ﬁguris
2557 996 2894 1063 pl'J'Sigttzu't‘l
2921 1003 2972 1051 et
3001 1001 3326 1066 promitteret
3352 1002 3491 1057 Deus
3518 1022 3528 1055 :
3553 1003 3780 1059 deiicien-

2213 1081 2355 1135 tibus
2397 1099 2523 1152 ergo
2569 1085 2728 1138 rebus
2772 1099 2864 1155 pro
2893 1089 3083 1156 quibus
3111 1089 3353 1145 laudabat
3385 1091 3551 1146 Deum
3575 1097 3778 1166 populus

2211 1175 2472 1241 carnalis,
2517 1177 2598 1229 cui
2646 1180 2882 1245 regnavit
2921 1173 3009 1234 ille
3059 1183 3252 1242 David,
3299 1186 3591 1257 defecerunt
3633 1190 3780 1260 hymni

2211 1260 2416 1329 David;
2453 1282 2554 1322 non
2583 1267 2698 1322 Filii
2729 1267 2860 1335 Dei,
2892 1269 2983 1326 sed
3020 1273 3110 1326 ﬁlii
3138 1274 3298 1329 Jcsse.
3331 1271 3687 1334 Perit-nimum
3713 1283 3779 1339 lo-

2211 1371 2330 1411 cum
2373 1359 2511 1413 tituli
2553 1361 2739 1430 pSali'ni
2785 1367 3091 1433 phrsetttis,
3135 1370 3270 1422 sicut
3315 1369 3573 1426 Dominus
3597 1377 3776 1443 Vulnil,

2212 1455 2541 1519 prtetervecti
2565 1467 2747 1509 sttut'tts
2775 1474 2786 1485 ο
2813 1459 3094 1526 accepistis
3119 1471 3281 1528 quare
3302 1457 3500 1518 dictum
3519 1459 3591 1520 sli
3610 1508 3624 1528 ,
3653 1463 3780 1538 Defe-

2212 1551 2382 1596 cermtt
2409 1542 2582 1614 hymni
2609 1541 2774 1598 David
2798 1590 2811 1609 ,
2842 1548 2937 1613 ﬁlii
2964 1542 3123 1603 Iusse.

2281 1635 2334 1690 ι.
2360 1629 2520 1705 Cujus
2543 1653 2638 1692 vox
2663 1647 2743 1694 est
2760 1631 3031 1696 Psaln‘uts‘
3047 1643 3074 1698 ?
3098 1639 3284 1717 Amph.
3311 1643 3448 1716 Quid
3470 1653 3571 1717 est,
3595 1645 3781 1721 Ampi?

2211 1729 2358 1784 Sicut
2401 1731 2700 1788 invenimus
2739 1735 2789 1789 itt
2835 1736 3362 1806 interpretationibus
3402 1758 3466 1797 cx
3499 1744 3673 1816 lingua
3697 1741 3777 1800 be-

2210 1821 2352 1876 bra'a
2380 1824 2431 1878 in
2460 1841 2707 1894 grmcam,
2739 1837 2792 1882 et
2817 1845 2877 1882 ex
2910 1843 3079 1900 gnem
3112 1833 3265 1887 nobis
3291 1835 3342 1888 iu
3375 1835 3589 1891 latinam
3622 1850 3778 1894 trans-

2213 1914 2372 1980 latis,
2422 1917 2595 1986 Asaplt
2641 1918 2918 1991 Synagnga
2963 1923 3362 1993 interpretatur.
3399 1925 3513 1982 Vox
3561 1942 3781 2002 estergo

2212 2007 2526 2079 Synagogm.
2574 2010 2675 2066 Sed
2723 2023 2775 2066 ιιι
2820 2029 2939 2068 ‹·ιιιη
2989 2017 3221 2072 audieris
3269 2017 3598 2090 Syuagngam
3626 2067 3642 2090 ,
3689 2027 3781 2082 noli

2211 2101 2463 2155 continuo
2501 2100 2756 2158 detestari
2790 2111 2939 2176 quasi
2971 2106 3382 2164 interfectricem
3414 2112 3639 2168 Domini.
3669 2115 3782 2172 Exat

2209 2191 2423 2262 quidem
2459 2193 2549 2248 illa
2573 2189 2852 2267 Syuaguga
2881 2197 3210 2255 interfecti-ix
3236 2203 3446 2258 Domini
3470 2222 3484 2269 ;
3517 2221 3671 2262 nemo
3695 2207 3781 2264 du-

2212 2285 2342 2340 bitat
2372 2305 2383 2338 :
2413 2287 2504 2342 sed
2538 2300 2807 2344 memento
2833 2289 2899 2344 de
2927 2291 3200 2362 Synagvga
3229 2295 3396 2350 fuisse
3421 2298 3634 2363 a'rie'es,
3663 2306 3780 2370 quo-

2211 2395 2325 2432 rum
2369 2378 2458 2433 lilii
2490 2396 2693 2435 smnus.
2725 2379 2878 2440 Unde
2909 2382 3102 2440 dicitur
3129 2388 3178 2440 in
3208 2389 3412 2456 psalmo
3441 2409 3454 2444 :
3482 2378 3670 2458 Aﬂ'e'rte
3691 2391 3783 2448 Do-

2210 2471 2345 2525 mino
2387 2472 2519 2541 ﬁlios
2553 2474 2764 2528 arietum
2799 2469 2965 2545 (Psal.
2993 2493 3175 2538 xxvut,
3205 2477 3274 2549 l).
3299 2480 3398 2548 Qui
3427 2482 3544 2538 inde
3569 2471 3780 2540 arietes?
3805 2531 3812 2540 .

2209 2560 2399 2617 Petrus
2420 2605 2435 2631 ,
2465 2559 2698 2619 Joannes
2723 2607 2737 2632 ,
2765 2566 2995 2622 Jacobns
3019 2609 3032 2630 ,
3064 2569 3323 2637 Andreas,
3355 2569 3776 2644 Barlbuloma-us,

2209 2664 2263 2710 et
2288 2659 2464 2712 cteteri
2495 2658 2754 2728 Apostoli.
2790 2657 2923 2715 lliuc
2950 2671 3001 2715 et
3032 2661 3143 2731 ipse
3162 2665 3339 2734 primo
3365 2664 3556 2720 Saulus
3579 2711 3593 2733 ,
3615 2681 3778 2737 postea

2209 2749 2443 2810 Paulus:
2492 2751 2542 2806 id
2586 2760 2709 2817 est,
2761 2751 2932 2823 primo
2977 2755 3243 2825 superbus
3271 2799 3287 2822 ,
3337 2769 3520 2829 postea
3562 2760 3778 2820 humilis.

2208 2843 2334 2898 Saul
2364 2844 2504 2898 enim
2525 2886 2540 2909 ,
2569 2847 2708 2900 ttnde
2737 2846 2935 2902 dictum
2959 2858 3041 2904 est
3070 2867 3264 2905 nmnen
3288 2850 3469 2920 Sauli,
3500 2856 3658 2909 nostis
3674 2856 3775 2924 quia

2208 2950 2301 2992 rex
2341 2938 2602 3007 superbus
2629 2949 2682 2994 et
2713 2939 2932 2996 infrenis
2959 2939 3074 2996 fuit.
3103 2939 3217 2997 Non
3249 2943 3398 3014 quasi
3422 2945 3667 3014 jactantia
3693 2945 3777 3002 ali-

2207 3045 2310 3100 qua
2357 3044 2552 3086 nomen
2593 3029 2692 3088 sibi
2726 3033 2947 3088 mutavit
2979 3035 3300 3105 Apostolus;
3332 3036 3425 3092 sed
3454 3053 3519 3092 ex
3547 3027 3697 3094 Saluio
3719 3037 3777 3093 ta-

2208 3132 2326 3178 ctus
2365 3132 2446 3176 est
2493 3115 2689 3178 Paulus
2715 3168 2728 3190 ,
2761 3142 2823 3180 cx
2856 3127 3088 3197 superbo
3117 3127 3379 3184 modicus.
3411 3117 3629 3184 Paulum
3652 3132 3774 3186 enim

2205 3215 2470 3274 Modicum
2516 3229 2617 3273 est.
2647 3215 2741 3274 Vis
2777 3235 2933 3274 nosse
2962 3217 3084 3291 quid
3113 3221 3184 3276 Sit
3212 3204 3445 3277 Saulusl'.l
3470 3222 3639 3294 Ipsum
3671 3221 3774 3278 audi

2204 3308 2313 3381 jam
2364 3310 2581 3367 Paulum
2634 3309 3000 3368 recordantem
3044 3299 3166 3384 quid
3209 3299 3371 3370 inerit
3417 3332 3511 3385 per
3546 3316 3772 3372 ‘malitiatlt

2209 3423 2357 3462 suam
2388 3448 2402 3470 ,
2443 3416 2496 3461 et
2534 3403 2657 3476 quid
2699 3407 2808 3473 jam
2853 3406 2923 3460 sit
2969 3422 3061 3476 per
3097 3406 3319 3480 grati-un
3354 3407 3483 3474 Dei;
3523 3401 3638 3463 audi
3671 3423 3773 3478 quo-

2209 3500 2368 3554 modo
2395 3497 2554 3553 fuerit
2582 3497 2773 3553 Saulus
2799 3540 2810 3557 ,
2843 3509 2895 3550 et
2922 3497 3188 3568 quomodo
3218 3499 3287 3552 sit
3313 3493 3508 3554 Paulus
3538 3520 3550 3555 :
3582 3497 3671 3568 Qui
3693 3494 3768 3573 fui,

2209 3593 2415 3661 ittquit,
2461 3593 2601 3663 prius
2643 3591 2991 3658 blasphemus,
3036 3602 3081 3647 et
3117 3595 3431 3662 perseeutor,
3458 3595 3504 3652 et
3532 3595 3771 3664 injuriosits

2213 3684 2254 3757 (Ι
2284 3683 2420 3740 Tim.
2447 3699 2462 3737 t
2489 3725 2502 3749 ,
2534 3683 2642 3750 15).
2669 3677 2872 3736 Audisti
2895 3681 3147 3745 Saulutn;
3175 3681 3374 3739 audiet
3399 3672 3614 3742 Paulum
3644 3704 3656 3739 :
3684 3679 3770 3757 Ego

2208 3779 2339 3832 enim
2369 3794 2478 3831 sum
2500 3818 2514 3842 ,
2544 3776 2744 3846 inquit,
2779 3776 3013 3830 miniatus
3042 3769 3415 3844 Apoatolurum.
3445 3772 3581 3844 Quid
3606 3789 3680 3833 est
3699 3775 3769 3832 ιιιί·

2209 3871 2420 3936 nimus,
2474 3869 2571 3922 nisi
2615 3883 2715 3937 ego
2753 3883 2867 3921 sum
2901 3863 3136 3923 Paulus?
3170 3867 3228 3923 Et
3262 3869 3542 3940 sequitur:
3578 3859 3670 3938 Qui
3690 3887 3770 3923 non

2207 3979 2318 4016 sum
2362 3962 2545 4032 dignus
2583 3961 2752 4014 vocari
2777 3959 3053 4028 apostolus.
3085 3945 3298 4028 Quare?
3325 3961 3456 4029 Quia
3490 3955 3560 4016 iui
3589 3955 3765 4018 Saulus.

2207 4055 2344 4123 Quid
2384 4065 2504 4122 est,
2550 4053 2623 4109 fui
2661 4047 2892 4108 Saulus?
2935 4047 3053 4122 Ipse
3095 4050 3236 4108 dicat
3282 4072 3296 4108 :
3341 4053 3478 4118 Quid
3517 4053 3768 4125 persecutis

2208 4169 2318 4206 sum
2342 4195 2354 4216 ,
2386 4150 2591 4221 inquit,
2625 4147 2898 4201 Ecclesium
2929 4144 3026 4200 Dei
3048 4163 3066 4209 ;
3095 4141 3183 4201 sed
3207 4137 3372 4216 gratia
3399 4145 3497 4200 Dei
3509 4188 3525 4213 ,
3553 4148 3657 4211 ait,
3680 4162 3767 4199 sum

2206 4245 2261 4299 id
2289 4245 2423 4314 quod
2451 4260 2563 4297 sum
2593 4241 2635 4314 (l
2667 4239 2784 4296 Cor.
2813 4256 2880 4294 xv
2901 4281 2916 4305 ,
2948 4239 2982 4294 9
3009 4273 3022 4301 .
3058 4238 3170 4310 ω).
3201 4239 3428 4292 Abstulit
3458 4239 3558 4292 sibi
3585 4253 3764 4293 omnem

2207 4337 2557 4409 granditatem
2615 4350 2803 4400 suam;
2859 4332 3110 4388 minimus
3162 4331 3270 4399 jam
3331 4331 3382 4385 iu
3439 4346 3531 4398 se,
3585 4329 3765 4402 grandis

2207 4432 2260 4486 in
2316 4430 2546 4484 Christo.
2593 4427 2660 4483 Et
2700 4427 2798 4480 istc
2843 4425 3039 4484 Paulus
3080 4423 3205 4495 quid
3251 4423 3426 4477 dicit?
3471 4422 3764 4491 Nonrepulit

2206 4523 2346 4580 Deus
2396 4521 2584 4594 plebem
2631 4535 2808 4580 suam,
2846 4511 2913 4572 de
2961 4507 3115 4588 plebe
3163 4513 3228 4570 ex
3275 4513 3475 4572 Jntltui's
3519 4516 3763 4572 veniente.

2206 4618 2396 4691 plebem
2445 4631 2626 4678 suam,
2671 4613 2876 4684 inquit,
2923 4627 3078 4681 quant
3121 4607 3366 4678 prtt'sririt
3408 4625 3427 4662 :
3466 4609 3580 4662 nam
3618 4615 3658 4661 et
3697 4621 3766 4674 rgo

2207 4708 2446 4764 Israelita
2488 4721 2600 4762 sum
2638 4721 2700 4759 ea:
2734 4703 2921 4759 semine
2958 4691 3238 4761 Abraham,
3281 4697 3343 4752 de
3381 4700 3510 4753 tribu
3534 4693 3764 4769 Bcnjamin

2205 4802 2387 4874 (Rom.
2419 4816 2474 4856 ιι
2499 4841 2514 4865 ,
2540 4799 2578 4854 2
2599 4846 2616 4868 ,
2645 4798 2718 4865 Ι).
2753 4797 2889 4867 Ergo
2915 4805 2967 4850 et
2994 4795 3185 4848 Paulus
3213 4785 3366 4849 nobis
3391 4793 3460 4847 de
3487 4792 3761 4865 Synaguga;

2205 4908 2262 4953 ct
2291 4898 2480 4954 Petrus
2503 4904 2558 4948 et
2585 4893 2672 4948 alii
2697 4890 2931 4961 Apostoli
2954 4879 3019 4944 de
3041 4887 3341 4960 Syuagoga.
3372 4886 3547 4958 Itaque
3570 4899 3678 4940 eum
3698 4898 3763 4935 au-

2207 4989 2410 5045 dieris’
2450 5000 2634 5041 vocem
2675 4984 3004 5056 Synagogzu,
3047 4977 3154 5034 nuli
3195 4977 3472 5033 attendere
3512 4977 3760 5035 meritum.

2209 5083 2301 5138 sed
2335 5079 2548 5135 intende
2573 5086 2802 5146 partum.
2839 5075 3100 5145 Loquitur
3127 5087 3254 5141 ergo
3275 5067 3327 5125 in
3355 5065 3456 5126 ltot-
3485 5069 3674 5140 psalmo
3694 5069 3764 5137 Sy-

2209 5189 2410 5246 nagoga
2433 5213 2451 5238 ,
2498 5169 2864 5225 deﬁcientibus
2912 5165 3123 5238 hymnis
3163 5159 3330 5218 David
3357 5204 3375 5228 ,
3408 5161 3496 5218 lilii
3525 5161 3662 5216 Jesse
3686 5204 3695 5217 .
3723 5156 3760 5211 id

2210 5279 2290 5323 cst
2316 5265 2679 5321 deﬁcientibus
2702 5257 2858 5315 rebus
2889 5253 3289 5327 temporalibus,
3325 5251 3422 5326 per
3436 5271 3567 5327 quas
3585 5249 3760 5306 solebat

2210 5379 2239 5418 a
2267 5360 2462 5418 carnali
2497 5355 2690 5428 populo
2720 5352 2923 5409 laudari
2956 5352 3113 5407 Deus.
3145 5347 3325 5419 Quare
3353 5360 3527 5404 autem
3556 5348 3650 5401 libr.
3682 5344 3755 5394 tle-

2213 5455 2483 5516 l'ccrrttnt,
2526 5452 2623 5505 nisi
2669 5457 2726 5503 ut
2768 5448 2884 5500 alia:
2905 5437 3317 5514 qttmrerentur?
3349 5435 3416 5498 Ut
3436 5446 3756 5511 qumreremttr

2211 5545 2371 5616 qum?
2397 5542 2527 5610 Qua:
2555 5537 2622 5596 ibi
2651 5555 2755 5594 non
2784 5536 2977 5594 erant?
3002 5527 3116 5590 Non
3143 5550 3157 5601 ;
3189 5534 3282 5588 sed
3313 5545 3432 5602 qua:
3459 5533 3524 5585 ibi
3555 5526 3752 5616 tegitu-

2213 5613 2300 5694 tur
2340 5638 2520 5708 ﬁguris
2549 5654 2561 5688 :
2593 5649 2697 5689 non
2727 5648 2845 5700 qua:
2871 5627 2982 5699 jam
3011 5618 3080 5681 ibi
3113 5641 3220 5681 non
3248 5629 3396 5679 erant
3423 5639 3438 5686 ;
3470 5621 3557 5678 sed
3583 5613 3642 5674 ibi
3669 5625 3747 5670 tan-

2211 5743 2367 5808 quam
2398 5732 2450 5786 in
2477 5727 2653 5784 radice
2681 5722 3077 5780 occultabantur
3107 5716 3420 5794 quibusdam
3451 5713 3746 5778 sectetiuny-

2275 5849 2293 5880 ι
2319 5845 2496 5908 negius
2517 5847 2619 5898 διδ..
2646 5836 2838 5908 Psalmi-
3049 5894 3080 5908 ..
3132 5907 3138 5908 ,
3172 5900 3202 5908 γ.
3262 5893 3276 5908 ρ

2277 5879 2416 5958 iiii"
2425 5879 2942 5962 'ii’ss'Ti'i'aiiil'Tm
2960 5894 3105 5949 audis
3126 5893 3300 5949 veteris
3327 5906 3489 5948 mean
3515 5879 3738 5958 Wo
