3966 6448
540 389 645 451 9l9

537 511 646 569 Sed
676 507 1122 583 quemadmodum
1146 504 1248 572 sol,
1278 503 1463 560 oculos
1480 514 1668 574 puros,
1694 513 1876 560 sanos,
1904 504 2125 568 vegetos

538 611 707 663 fortes
737 604 972 661 babenti.
1005 600 1320 670 tranquLIIus
1343 607 1579 668 apparet,
1614 597 1668 651 in
1717 593 1902 651 oculos
1945 602 2124 647 autem

541 704 713 772 lippos
742 701 890 769 quasi
923 697 1026 752 tela
1078 711 1266 767 aspera
1309 694 1573 762 jacnlatur
1603 708 1617 755 ;
1649 691 1943 745 intuentem
1977 686 2123 740 illttm

540 801 766 864 vegetat,
793 791 930 845 hunc
946 789 1234 849 excruciat,
1256 800 1358 840 non
1384 793 1638 846 mutatus,
1660 781 1753 837 sed
1778 789 2038 834 nttttatutn
2069 776 2086 808 ⁸
2109 792 2122 828 :

541 889 618 942 sic
643 901 762 940 cum
789 884 1020 954 coeperis
1049 896 1170 938 esse
1197 893 1498 950 perversus,
1530 887 1583 931 et
1609 877 1700 931 tibi
1751 875 1890 930 Deus
1918 885 2127 942 perver-

538 996 629 1036 sus
657 979 922 1034 videbitur
946 993 960 1037 ;
981 987 1036 1030 ltl
1060 984 1291 1029 mutatus
1335 989 1412 1035 es,
1465 987 1569 1025 non
1600 971 1707 1025 ille.
1742 969 1854 1023 Erit
1875 980 2004 1037 ergo
2033 965 2126 1020 tibi

537 1087 716 1142 prnna,
751 1070 887 1140 quod
912 1069 1064 1122 bonis
1106 1064 1372 1136 gaudium.
1402 1064 1626 1118 Ilocisu:
1668 1059 1932 1125 recolens,
1963 1058 2128 1123 Quam

537 1164 714 1225 bonus,
751 1160 939 1230 inquit.
968 1159 1100 1212 Deus
1128 1156 1293 1210 Israel
1318 1155 1462 1208 rectis
1476 1152 1671 1208 corde!

519 1308 530 1330 η
609 1254 662 1310 8.
688 1252 856 1326 [υρνε.
882 1253 938 1306 2.
963 1250 981 1324 ]
1010 1249 1145 1319 Quid
1163 1255 1340 1302 autem
1370 1247 1460 1300 tibi
1488 1248 1511 1297 ‘t
1543 1244 1968 1310 Meiantempeue
1989 1257 2131 1296 com-

539 1347 662 1400 moti
681 1355 796 1399 sunt
823 1344 992 1413 pedes.
1038 1340 1262 1409 Quando
1314 1338 1564 1392 commoti
1620 1345 1744 1388 sunt
1792 1333 1977 1404 pedes,
2028 1331 2127 1386 nisi

525 1418 754 1509 ’quando
785 1450 889 1488 non
909 1443 1022 1488 erat
1055 1440 1255 1486 rectum
1279 1430 1415 1483 cor?
1449 1427 1598 1484 Unde
1643 1443 1747 1480 non
1779 1434 1894 1479 erat
1924 1434 2126 1478 rectum

539 1529 676 1584 cor?
705 1527 839 1582 Audi
864 1544 876 1579 :
910 1524 1074 1578 Paulo
1104 1525 1268 1577 minus
1288 1521 1437 1589 effusi
1456 1532 1568 1574 sunt
1589 1535 1788 1589 gressus
1816 1519 1924 1571 mei.
1974 1515 2126 1584 Quod

539 1620 691 1680 dixit,
740 1632 904 1688 pene;
933 1615 1035 1670 huc
1073 1614 1226 1674 dixit.
1271 1612 1422 1682 paulo
1474 1611 1759 1664 mintts:ct
1807 1608 1946 1678 quod
1972 1607 2127 1674 dixit,

540 1727 667 1783 pene
695 1709 817 1763 moti
839 1717 957 1762 sunt
978 1706 1168 1775 pedes;
1197 1704 1299 1759 hoc
1335 1701 1488 1761 dixit,
1541 1699 1690 1767 effusi
1743 1709 1858 1754 sunt
1903 1714 2126 1771 gressus.

537 1807 681 1862 Pene
710 1802 837 1856 moti
884 1809 1007 1855 sunt
1036 1798 1218 1868 pedes,
1248 1811 1384 1866 pene
1403 1793 1554 1849 eﬂ'usi
1587 1801 1710 1846 sunt
1738 1804 1972 1862 gressus.
2000 1788 2130 1844 Moti

538 1897 690 1970 pedes
722 1913 740 1950 :
768 1894 860 1950 sed
889 1891 1050 1957 unde,
1082 1892 1202 1944 moti
1225 1889 1396 1958 pedes,
1448 1898 1495 1940 et
1537 1883 1684 1952 e/fusi
1733 1900 1932 1956 gressus
1959 1881 2132 1936 Utoti

537 1991 709 2062 pedes,
733 1987 798 2042 ad
828 1985 1114 2043 errandum
1145 2000 1160 2048 ;
1210 1981 1357 2049 effusi
1393 1996 1613 2052 gressus.
1644 1977 1709 2032 ad
1757 1979 1995 2048 lapsum;
2022 1990 2130 2031 non

536 2082 775 2144 omnino,
795 2077 890 2136 sed
921 2093 1065 2148 pene.
1094 2075 1231 2144 Quid
1264 2075 1405 2130 enim
1435 2082 1519 2128 est
1542 2073 1567 2126 ?
1590 2071 1706 2126 Jam
1732 2073 1870 2126 ibam
1893 2069 1945 2124 in
1975 2083 2129 2124 erro-

536 2191 675 2240 rem,
709 2186 813 2228 nou
846 2171 1009 2225 ieram
1044 2167 1192 2237 :jain
1240 2165 1516 2228 cadebant,
1545 2179 1650 2218 non
1701 2161 2024 2219 ceciderant.

607 2267 662 2324 9.
687 2263 707 2338 [
735 2281 862 2319 vers.
886 2263 938 2318 5.
968 2261 989 2335 ]
1021 2261 1126 2317 Sed
1153 2273 1318 2330 quare
1335 2259 1428 2313 et'
1461 2257 1559 2311 hoc
1589 2256 1614 2310 ?
1661 2256 1796 2324 Quia
1843 2255 2021 2320 aetati,
2049 2255 2132 2309 in-

535 2361 671 2431 quit,
705 2358 756 2410 in
776 2353 1138 2424 peccatoribus,
1159 2368 1332 2419 pacem
1355 2359 1668 2421 peccatorum
1696 2349 1912 2402 intuens.
1949 2350 2133 2402 Atten-

537 2451 589 2506 di
637 2458 983 2521 peccatores;
1015 2446 1120 2500 vidi
1167 2445 1288 2500 illos
1341 2442 1538 2498 habere
1585 2456 1788 2512 pacem.
1816 2440 1984 2508 Quam
2035 2455 2129 2509 pa-

537 2542 695 2599 cem?
723 2539 1112 2610 Temporalcm,
1138 2535 1355 2602 ﬂuxam,
1379 2535 1629 2590 caducam
1652 2545 1810 2605 atque
1828 2542 2126 2597 terrenam;

539 2634 635 2691 sed
669 2644 844 2688 tamen
865 2633 1020 2686 talem
1050 2631 1260 2702 qualem
1281 2638 1336 2684 et
1375 2644 1476 2697 ego
1503 2643 1532 2682 a
1587 2628 1694 2682 Deo
1736 2626 2127 2682 desiderabam.

542 2725 656 2780 Vidi
686 2725 806 2780 illos
837 2723 1033 2779 habere
1079 2722 1169 2791 qui
1213 2737 1315 2776 non
1359 2719 1664 2776 serviebant
1702 2718 1831 2777 Deo.
1863 2717 2005 2789 tptud
2031 2733 2131 2788 ego

537 2817 908 2875 desiderabam
932 2825 988 2871 ut
1012 2815 1266 2873 servirem
1282 2814 1419 2880 Deo;
1447 2824 1500 2869 et
1523 2813 1649 2868 moti
1671 2819 1794 2867 sunt
1813 2811 1976 2882 pedes
1999 2810 2126 2874 mei,

535 2924 590 2970 et
620 2929 756 2986 pene
777 2912 929 2968 eﬂ'usi
959 2921 1076 2967 sunt
1101 2923 1317 2982 gressus
1338 2909 1464 2964 mei.

611 3007 694 3061 10.
717 3005 866 3078 [υρνδ.
903 3005 967 3067 ll,
995 3001 1072 3076 5.]
1097 3003 1272 3072 Quare
1299 3012 1475 3056 autem
1517 3000 1618 3056 hoc
1663 2998 1860 3056 habent
1887 3011 2132 3070 peccato-

534 3113 643 3163 res,
665 3097 793 3152 dicit
821 3096 1050 3152 breviter
1079 3114 1091 3149 :
1141 3094 1272 3161 Quia
1299 3110 1398 3148 non
1419 3103 1490 3148 cst
1506 3093 1777 3147 declinatio
1805 3093 1979 3147 mortis
1998 3092 2020 3125 ⁸
2046 3107 2133 3147 eo-

533 3206 687 3253 rum;
716 3197 759 3242 ct
790 3188 1160 3258 firmamentum
1206 3187 1256 3240 in
1295 3183 1502 3257 ﬂagello
1543 3201 1734 3239 eorum.
1767 3181 1830 3238 In
1878 3184 2130 3240 laboribus

536 3281 795 3335 hominum
814 3295 910 3332 non
930 3288 1068 3341 sunt,
1092 3288 1135 3330 et
1160 3292 1270 3331 cum
1287 3275 1571 3330 hominibus
1587 3291 1686 3328 non
1712 3275 2128 3346 ﬂugellabuntur.

534 3370 652 3427 Jam
688 3370 941 3431 intellexi,
972 3368 1162 3438 inquib,
1185 3383 1350 3438 quare
1381 3367 1452 3421 illi
1477 3367 1671 3421 habent
1700 3382 1905 3436 pacem,
1946 3376 2001 3421 et
2029 3367 2128 3421 ﬂo-

537 3463 726 3519 rentin
757 3471 931 3527 terra;
963 3463 1083 3533 quia
1111 3462 1264 3516 morti
1301 3475 1484 3516 eorum
1536 3476 1640 3514 non
1683 3469 1768 3516 est
1819 3460 2123 3526 declinatio,

536 3551 590 3607 id
617 3561 719 3613 est,
750 3551 870 3622 quia
901 3560 1044 3607 certa
1085 3566 1227 3604 mors
1251 3559 1306 3606 et
1336 3560 1532 3605 aeterna
1553 3565 1646 3605 eos
1673 3559 1956 3624 manet,qu
1973 3571 2003 3605 c
2029 3568 2128 3609 nec

535 3644 768 3700 declinat
805 3643 874 3696 ab
899 3643 998 3708 eis,
1020 3658 1114 3696 nec
1137 3643 1233 3714 ipsi
1261 3643 1327 3697 ab
1353 3657 1414 3698 ea
1429 3641 1695 3698 declinare
1719 3653 1962 3713 possunt.
1995 3644 2128 3711 Quia

534 3755 637 3793 non
668 3748 739 3791 est
755 3737 1021 3791 declinatio
1048 3737 1220 3789 mortis
1247 3752 1416 3791 eorum
1440 3753 1458 3801 ;
1480 3746 1525 3790 et
1551 3737 1926 3805 ﬁrmamentum
1945 3737 1997 3792 in
2029 3739 2130 3808 ﬂa-

535 3833 667 3903 gello
692 3848 882 3885 eorttm.
912 3830 974 3885 Et
1003 3839 1082 3884 est
1114 3832 1500 3884 tirmamentmn
1553 3830 1603 3883 in
1654 3829 1861 3900 ﬂagello
1900 3845 2084 3887 eorum
2110 3851 2125 3890 :

538 3935 738 3978 nonest
761 3923 902 3976 enim
929 3922 1218 3992 temporale
1248 3920 1510 3991 ﬂagellum
1533 3935 1738 3983 eorum.
1774 3920 1869 3978 sed
1914 3921 2124 3978 ﬂrmum

536 4016 592 4072 in
614 4014 1014 4080 sempiternum.
1070 4013 1289 4077 l‘ropter
1337 4011 1451 4066 hJ‘C
1507 4028 1635 4082 ergo
1676 4011 1812 4068 mala
1855 4028 1974 4083 qua:
2023 4014 2145 4070 illis

535 4117 732 4160 ωερε-ηδ
759 4107 927 4158 futura
948 4113 1088 4163 Sunt,
1124 4104 1464 4174 modoquid?
1493 4101 1558 4157 In
1585 4104 1837 4158 laboribus
1864 4106 2126 4160 hominum

535 4215 637 4252 non
665 4209 794 4255 sinit.
823 4213 865 4249 t’t
906 4215 1016 4250 cum
1045 4195 1325 4251 hominibus
1364 4213 1463 4250 non
1497 4197 1909 4266 ﬁagellabuutur.
1958 4198 2125 4254 Nunt-

535 4289 660 4358 quid
690 4300 740 4340 et
771 4289 881 4356 ipse
923 4288 1165 4341 diabolus
1193 4303 1311 4340 eum
1333 4286 1636 4342 hominibus
1666 4305 1769 4344 non
1804 4289 2122 4362 ﬂagellatur,

535 4383 617 4435 eui
649 4392 821 4434 tatnen
847 4394 924 4432 :i-t.
950 4398 1099 4432 inium
1134 4380 1446 4450 supplicium
1471 4381 1841 4450 prtuparatur?

610 4474 694 4527 11.
727 4472 745 4544 [
777 4490 899 4526 rers.
931 4475 981 4526 ti.
1013 4471 1031 4544 ]
1063 4471 1346 4541 Propterea
1368 4470 1494 4536 qttid
1551 4472 1674 4526 biuc
1715 4473 1820 4538 isti,
1865 4471 1992 4528 dum
2015 4491 2121 4532 non

535 4564 881 4632 ﬂagt'iitlllttt',
907 4567 1030 4618 dum
1064 4578 1165 4617 nun
1193 4563 1431 4618 laborant
1459 4579 1578 4618 cum
1598 4563 1900 4622 hominibus
1923 4565 1947 4620 ?
1973 4566 2120 4632 Ideo,

536 4657 698 4724 inquit
745 4657 951 4708 obtinuit
979 4671 1060 4709 eos
1098 4655 1347 4726 superbia.
1397 4654 1625 4712 Attende
1677 4656 1796 4711 illos
1841 4661 2120 4727 superbos.

537 4749 1000 4817 indist-iplinatos;
1046 4749 1260 4803 attende
1311 4757 1519 4804 taurum
1574 4752 1822 4806 devotum
1868 4753 2118 4822 vietitme,

534 4844 850 4915 permissum
870 4858 1047 4896 errare.
1073 4842 1256 4899 libere.
1282 4853 1336 4897 et
1355 4853 1564 4900 vastare
1590 4859 1710 4915 qua:
1737 4855 1932 4916 potest,
1957 4863 2122 4919 usque

530 4936 593 4987 ad
625 4937 761 4988 diem
785 4935 1085 4988 occisionis.
1113 4934 1227 4988 lam
1272 4935 1466 4988 bozmm
1517 4946 1617 5002 est,
1666 4936 1877 5004 fratres,
1908 4939 1958 4993 in
1989 4939 2120 5009 ipsis

532 5028 810 5096 l'rtqilieta-
859 5028 1031 5084 verbis
1075 5027 1355 5083 audiamus
1410 5029 1547 5084 lnmc
1587 5031 1737 5101 quasi
1789 5041 1995 5087 taurmn
2051 5033 2121 5088 de

530 5138 634 5191 quo
663 5122 768 5176 dixi
813 5121 901 5175 Sic
918 5121 1060 5176 enim
1081 5121 1224 5174 illum
1257 5133 1309 5175 et
1339 5122 1460 5176 alibi
1489 5125 1759 5194 Scriptura
1789 5139 2118 5181 commemo-

526 5223 644 5267 rat:
675 5213 803 5267 dicit
831 5227 924 5266 eos
952 5222 1201 5282 tanquam
1253 5212 1317 5265 ad
1350 5213 1622 5268 victimam
1667 5225 1928 5284 put-parat
1954 5232 2012 5278 's,
2060 5225 2120 5272 et

527 5307 672 5379 parci
704 5306 780 5360 eis
801 5306 864 5359 ad
898 5307 1090 5360 malam
1126 5305 1421 5360 libertatem
1450 5307 1467 5376 (
1501 5304 1654 5360 Prov.
1683 5322 1777 5371 vtt,
1801 5307 1872 5362 22
1897 5307 1938 5380 ).
1968 5306 2114 5374 Ideo,

527 5399 680 5458 dixit,
712 5397 921 5452 obtinuit
948 5413 1029 5450 eos
1063 5397 1316 5462 superbia.
1343 5395 1477 5464 Quid
1504 5407 1604 5459 cst,
1642 5397 1858 5451 obtinuit
1905 5415 1989 5453 eos
2030 5417 2119 5454 stt-

526 5491 746 5564 perbia.’
783 5489 1154 5543 (.‘ircumamieti
1183 5497 1300 5542 sunt
1345 5488 1608 5558 iniquitate
1649 5499 1698 5543 et
1724 5491 1980 5561 intpietate
1997 5508 2110 5547 sua.

526 5585 640 5642 Non
672 5583 826 5648 dixit,
851 5583 976 5638 tecti
1008 5601 1021 5650 ;
1054 5582 1168 5648 sed,
1197 5583 1582 5646 circumamicti,
1617 5582 1851 5654 undique
1875 5585 2116 5656 cooperti

587 5765 602 5794 ¹
631 5770 760 5818 Mss,
782 5773 876 5810 non
899 5765 1130 5814 mutatur,
1149 5758 1236 5808 sed
1254 5763 1418 5808 mrt't.

590 5825 610 5854 ²
634 5825 707 5872 Sic
731 5830 801 5870 Er.
826 5831 878 5872 et
896 5829 1000 5870 ttss.
1030 5829 1082 5870 Αι
1106 5827 1237 5880 I.ov.,
1261 5821 1345 5872 sed
1362 5831 1512 5880 quare
1531 5820 1597 5871 ad
1615 5820 1721 5870 hoc.

589 5886 611 5916 ³
628 5884 815 5946 Aliquot
832 5890 939 5934 Mss.
963 5891 1241 5934 constanter
1266 5883 1546 5945 praeierunt,
1568 5883 1724 5934 morti.

1742 382 1802 440 s.
1842 375 2213 440 AUGUSTth
2243 372 2552 434 EPISCOPI
3657 391 3727 451 η,

2236 493 2508 562 impietate
2548 506 2664 548 sua.
2707 492 2898 550 Merito
2937 495 3122 552 miseri
3145 509 3247 554 nec
3272 497 3468 565 vident,
3503 505 3734 564 necvidea-

2234 596 2337 649 tur,
2364 587 2488 656 quia
2522 588 2904 644 cireumamicti
2934 600 3080 655 sunt,
3111 605 3207 646 nec
3261 591 3502 649 videntur
3547 597 3736 658 interiora

2231 694 2437 734 eorum.
2471 679 2601 734 Nam
2630 681 2873 748 quiSquis
2899 676 3160 737 malorum
3192 684 3480 749 hominum.
3519 693 3642 759 quasi
3657 693 3741 749 teli.

2232 773 2373 825 cium
2398 773 2692 826 secundum
2725 783 2955 842 tempus,
2985 774 3236 830 interiora
3262 778 3615 849 conspiceret;
3639 788 3742 856 quis.

2232 870 2348 900 -..:-
2375 885 2559 900 ...ιιι-ι.
2583 871 2780 900 “LL.-.-
2819 883 2994 900 .-.ηηιη
3023 875 3370 900 Λιμηρέηηιε-..
3445 876 3645 900 --..:..._.-:-
3667 881 3727 900 --ε

2231 870 2351 942 quis
2374 885 2560 925 eorum
2583 871 2785 926 videret
2819 883 2999 928 truces
3021 875 3376 930 conscientias
3396 914 3414 939 ,
3442 876 3649 946 quiSquis
3665 881 3745 934 ani-
3872 870 3873 944 ἶ

2233 978 2351 1018 snas
2374 979 2560 1018 eorum
2590 975 2769 1032 posset
2814 966 3076 1035 inspicere
3115 966 3439 1022 diverberari
3490 945 3628 1022 tantis
3664 987 3746 1038 μσς

2235 1055 2622 1109 turbationibus
2674 1055 3021 1124 cupiditatum
3073 1068 3128 1112 et
3156 1058 3433 1120 timorum,
3469 1057 3645 1114 videret
3666 1061 3748 1117 illos

2233 1147 2477 1207 miseros.
2501 1158 2552 1200 et
2570 1146 2784 1218 quando
2805 1147 2986 1204 felices
3000 1160 3275 1204 vocantur.
3297 1147 3405 1204 Sed
3421 1149 3535 1220 quia
3553 1150 3744 1207 circums-

2234 1240 2371 1293 micti
2399 1251 2516 1294 sunt
2559 1241 2820 1304 iniquitate
2865 1252 2914 1296 et
2968 1243 3223 1313 impietate
3279 1259 3396 1308 sua,
3451 1258 3549 1298 non
3584 1245 3748 1310 vident;

2233 1330 2328 1386 sed
2363 1347 2459 1386 nec
2484 1331 2747 1386 videntur.
2783 1332 3012 1389 Novi-rat
3058 1335 3181 1390 illos
3205 1334 3438 1406 Spiritus
3489 1336 3571 1407 qui
3603 1336 3654 1392 de
3675 1337 3748 1395 illis

2235 1421 2332 1477 ista
2361 1422 2489 1481 dicit
2517 1440 2532 1488 ;
2558 1434 2607 1478 et
2638 1440 2704 1479 eo
2745 1426 2901 1480 oculo
2928 1426 3059 1481 tales
3086 1426 3348 1482 debemus
3396 1426 3652 1498 inspicere,
3674 1444 3748 1500 quo

2233 1514 2433 1570 scimus
2461 1517 2663 1580 videre,
2694 1519 2736 1572 si
2760 1519 2913 1575 nobis
2959 1519 3231 1577 auferatur
3275 1521 3346 1576 ab
3369 1522 3533 1577 oculis
3566 1531 3751 1594 tegumen

2236 1606 2538 1674 impietatis.
2576 1607 2864 1664 Videamus
2911 1610 3080 1675 istos;
3107 1621 3162 1666 et
3201 1625 3326 1666 cum
3357 1610 3534 1668 felices
3566 1615 3752 1676 suntdu-

2235 1701 2699 1769 giamus;ctcum
2753 1700 2936 1758 felices
2978 1714 3123 1771 sunt,
3168 1719 3275 1760 non
3331 1704 3750 1763 imitetuurzneca

2237 1793 2462 1849 Domino
2485 1795 2592 1849 Dco
2614 1804 2800 1850 nostro
2827 1795 2948 1850 talia
2979 1796 3133 1852 nobis
3161 1812 3258 1866 pro
3278 1813 3476 1868 magno
3493 1803 3750 1869 optemus’,

2239 1816 2462 1849 υ111111110
2485 1816 2592 1849 De"
2614 1816 2800 1850 11ἷ151ιῐ¹0
2827 1816 2948 1850 lana
2979 1816 3133 1852 ""DIB
3161 1816 3258 1866 pro
3278 1816 3476 1868 magno
3493 1816 3701 1869 optemus
3723 1816 3750 1863 ³,

2233 1887 2406 1959 qualia
2440 1889 2682 1959 accipere
2708 1899 3022 1945 meruerunt
3046 1891 3138 1962 qui
3155 1890 3227 1946 illi
3259 1907 3368 1946 non
3387 1893 3624 1946 serviunt.
3643 1891 3753 1948 Aliud
3877 1816 3879 1950 i

2232 1979 2486 2051 quiddam
2533 1990 2754 2046 servat;
2783 1980 2924 2038 aliud
2966 1981 3386 2038 desiderantium
3434 1995 3516 2040 εει
3540 1983 3675 2054 :quid
3712 1985 3758 2037 sit

2233 2081 2436 2137 autem,
2470 2073 2671 2129 audite.

2307 2161 2395 2218 t2.
2437 2161 2588 2238 (vers.
2631 2163 2710 2238 7.]
2760 2163 2939 2220 Primo
2990 2165 3075 2220 isti
3120 2165 3512 2222 describantur.
3559 2165 3757 2220 Prodict‘

2307 2166 2395 2218 12.
2437 2166 2588 2238 [verm
2631 2166 2710 2238 7.]
2760 2166 2939 2220 Primo
2990 2166 3075 2220 isti
3120 2166 3512 2222 describantur.
3559 2166 3757 2220 Prodict‘

2232 2257 2380 2326 quasi
2407 2273 2472 2312 ea:
2492 2258 2645 2327 adipe
2668 2256 2907 2325 iniquitas
2935 2274 3128 2314 eorm.
3156 2258 3291 2316 Vide
3320 2261 3367 2315 si
3397 2275 3499 2317 non
3524 2268 3678 2316 taurus
3697 2262 3757 2316 ille

2234 2352 2448 2418 agnitus
2482 2358 2586 2403 est.
2632 2348 2862 2412 Audite,
2909 2350 3099 2406 fratres
3141 2365 3285 2406 :non
3330 2351 3758 2422 quomodocumque

2235 2441 2620 2498 transeundum
2667 2452 2752 2498 est
2790 2441 2931 2514 quod
2962 2442 3132 2510 dixit,
3164 2442 3380 2500 Prodiet
3415 2447 3554 2516 quasi
3577 2463 3634 2500 ea:
3653 2447 3757 2514 adipe

2232 2533 2474 2604 iniquitas
2514 2549 2708 2588 eorum.
2754 2533 2894 2591 Sunt
2929 2536 3072 2590 enim
3121 2536 3277 2603 mali,
3313 2537 3409 2593 sed
3446 2539 3603 2593 macie
3639 2539 3755 2600 ntali;

2235 2624 2358 2680 ideo
2408 2626 2567 2689 mali.
2599 2626 2721 2696 quia
2771 2625 2969 2687 macri.
3013 2629 3064 2683 id
3103 2639 3186 2685 est
3233 2629 3757 2702 exiles,esigui,tahe

2236 2718 2466 2789 quadam
2495 2719 2517 2754 ⁸
2547 2721 2883 2779 necessitatis
2923 2723 3096 2780 aﬂ‘eeti
3127 2743 3140 2780 :
3171 2733 3226 2780 et
3265 2725 3370 2796 ipsi
3421 2727 3540 2781 mali
3560 2768 3574 2788 ,
3619 2738 3662 2782 et
3694 2727 3756 2782 da-

2235 2811 2486 2877 mnandi;
2529 2813 2746 2870 ferenda
2775 2825 2858 2872 est
2885 2818 3028 2873 enim
3067 2819 3233 2890 magis
3269 2820 3450 2875 omnis
3493 2822 3754 2885 necessitas.

2233 2864 3302 2982 5..."...1ga;;.'.'.i.';i.;;.';2.2.233;
3310 2864 3756 2967 ’ἱζξιεξζῖιῖξιὲὲζὶ
3883 2864 3885 2978 i

2233 2999 2301 3056 de
2330 3003 2651 3058 necessitate
2676 3016 2940 3072 peccare;
2969 3003 3113 3058 aliud
3146 3005 3198 3058 in
3239 3003 3577 3060 abundantia.
3608 3005 3756 3072 Pauper
3884 3015 3885 3038 ξ

2233 3095 2510 3150 mendicus
2536 3095 2734 3150 furtum
2767 3095 2888 3150 tat-it
2913 3111 2930 3163 ;
2957 3110 3022 3152 es
3064 3097 3234 3152 macie
3255 3099 3519 3166 processit
3543 3097 3754 3165 iniquitas:

2234 3184 2382 3242 dives
2402 3187 2683 3243 abundans
2706 3187 2866 3244 rebus
2892 3189 3073 3255 tantis,
3096 3203 3260 3258 quare
3279 3188 3466 3259 diripit
3484 3205 3565 3245 res
3590 3186 3757 3243 alienas?

2235 3214 2382 3242 1111128
2402 3214 2683 3243 ιιυυιιιιειιιθ
2707 3214 2866 3244 renus
2893 3214 3073 3255 Ianus,
3096 3214 3260 3258 quare
3279 3214 3466 3259 Ull'lpll
3485 3214 3565 3245 Γιίι
3590 3214 3753 3243 allati“:

2235 3277 2382 3334 Illius
2433 3279 2681 3350 iniquitas
2703 3295 2769 3336 es
2824 3281 3027 3337 macie:
3061 3281 3221 3350 hujus
3262 3297 3334 3336 ex
3362 3283 3514 3351 adipe
3537 3280 3754 3352 Prores~it.
3885 3214 3887 3334 ι

2233 3365 2360 3423 Ideo
2389 3385 2569 3426 macro
2597 3386 2718 3424 cum
2749 3370 2885 3427 dicis
2921 3389 2936 3426 :
2963 3371 3140 3439 Quare
3170 3371 3270 3429 hoc
3306 3373 3516 3428 fecisti?
3541 3372 3756 3427 llumiliter

2230 3458 2462 3514 amictus
2503 3469 2558 3515 et
2607 3461 2846 3529 abjectus
2895 3463 3182 3527 respondet
3228 3481 3241 3516 :
3289 3463 3583 3520 Necessitas
3633 3461 3753 3530 cingit

2232 3567 2339 3606 nte.
2371 3552 2547 3622 Quare
2575 3567 2680 3608 non
2703 3553 2923 3609 timuisti
2949 3553 3141 3610 Demn?
3172 3555 3396 3624 Egestas
3434 3555 3675 3623 compulit.
3694 3554 3751 3607 Dic

2231 3642 2385 3697 diviti
2421 3661 2434 3697 :
2467 3643 2642 3712 Quare
2689 3644 2805 3700 btec
2834 3643 2992 3712 facis,
3029 3655 3082 3702 et
3124 3663 3228 3701 non
3260 3649 3421 3703 times
3449 3646 3751 3702 Deumtsits-

2231 3748 2354 3789 men
2387 3743 2566 3789 tantus
2607 3749 2666 3791 es
2685 3735 2774 3808 qni
2805 3737 2976 3806 possis
3003 3737 3203 3792 dicere.
3246 3737 3381 3794 Vide
3404 3738 3448 3794 si
3470 3737 3544 3792 vel
3567 3737 3749 3806 dignatur

2228 3826 2447 3890 audire;
2480 3827 2601 3882 vide
2645 3828 2689 3882 si
2723 3845 2826 3883 non
2854 3829 3016 3883 etiam
3053 3830 3104 3884 iu
3132 3837 3186 3884 te
3216 3831 3333 3900 ipso
3359 3831 3437 3900 (a)
3463 3830 3646 3900 prodiet
3681 3826 3748 3880 ini-

2229 3920 2406 3990 quitas
2434 3935 2500 3975 ex
2521 3919 2676 3990 adipe
2697 3918 2814 3989 ejus
2856 3918 2973 3976 .lam
3005 3919 3146 3976 enim
3175 3921 3582 3993 pra-ceptoribus
3605 3928 3648 3975 et
3667 3931 3748 3972 cor

2230 4011 2533 4082 reptoribus
2557 4013 2670 4067 suis
2696 4012 2998 4067 inimicitias
3045 4012 3321 4077 indicunt;
3353 4022 3408 4068 et
3453 4013 3573 4068 ﬂunt
3606 4008 3747 4065 inimici

2230 4119 2413 4158 verum
2437 4103 2774 4169 dicentibus,
2801 4104 2908 4171 jam
2940 4104 3077 4160 sueti
3120 4104 3451 4175 compalpari
3488 4103 3638 4159 verbis
3654 4099 3746 4154 adu-

2231 4194 2475 4261 lantium,
2502 4210 2633 4251 aure
2657 4195 2799 4249 molli
2827 4237 2841 4258 ,
2873 4195 3036 4251 corde
3078 4212 3184 4250 non
3227 4210 3379 4251 Salio.
3411 4196 3532 4266 Quis
3557 4191 3745 4250 dicatdi-

2228 4291 2321 4345 viti
2356 4309 2370 4345 :
2404 4289 2539 4347 Male
2581 4289 2749 4345 iecisti
2799 4305 2988 4360 rapere
3036 4304 3122 4343 res
3168 4289 3413 4345 alienas?
3443 4292 3539 4344 Aut
3569 4287 3678 4342 lbrte
3714 4283 3744 4337 si

2228 4397 2392 4436 ausus
2420 4381 2578 4436 fuerit
2607 4379 2798 4448 aliquis
2826 4379 3007 4435 dicere
3026 4421 3042 4442 .
3071 4390 3125 4434 et
3151 4379 3275 4435 talis
3299 4389 3386 4436 est
3403 4381 3483 4435 cui
3511 4394 3602 4433 non
3623 4373 3742 4446 possit

2227 4473 2322 4530 ille
2364 4473 2652 4538 resistere,
2694 4471 2820 4543 quid
2869 4471 3194 4541 respondet?
3224 4472 3418 4527 Totum
3466 4473 3513 4526 in
3555 4477 3738 4525 contem-

2229 4577 2377 4638 ptum
2402 4566 2491 4622 Dei
2519 4565 2769 4635 loquitur.
2803 4563 3002 4631 Quare?
3022 4563 3153 4631 Quia
3185 4565 3446 4633 superbus
3469 4572 3561 4617 est.
3583 4553 3739 4627 Quare?

2225 4661 2358 4730 Quia
2387 4661 2595 4731 pinguis
2618 4667 2721 4714 est.
2749 4658 2951 4726 Quare?
2993 4659 3124 4726 Quia
3165 4656 3392 4714 devotus
3433 4656 3498 4710 ad
3535 4653 3737 4708 victimant

2224 4762 2328 4808 est.
2363 4749 2572 4806 Prodiet
2595 4751 2740 4818 quasi
2769 4767 2832 4804 ea;
2867 4749 3270 4820 mtipeiniquitas
3297 4765 3484 4804 eorum.

2300 4845 2384 4901 l5.
2434 4843 2764 4899 Transierunt
2806 4843 2857 4896 in
2887 4843 3270 4913 dispositionem
3307 4841 3488 4895 cordis.
3533 4836 3596 4893 lbi
3639 4835 3737 4889 inim

2225 4939 2567 4994 transierunt.
2597 4934 2733 5004 Quid
2779 4943 2860 4989 est
2899 4934 3246 4988 transierunt?
3287 4928 3733 4998 Prtetergressismtl

2223 5029 2382 5083 viam.
2411 5028 2548 5097 Quid
2592 5035 2674 5083 est
2721 5025 3067 5080 transierunt?
3095 5025 3452 5081 Escesserunt
3495 5031 3636 5076 metas
3668 5015 3734 5068 ltu-

2224 5123 2367 5177 mani
2392 5120 2602 5192 generis
2626 5135 2642 5185 ;
2676 5119 2918 5174 homines
2945 5133 3003 5172 se
3041 5133 3195 5187 pares
3223 5119 3430 5172 caeteris
3459 5133 3551 5170 nun
3578 5116 3727 5182 putant.

2221 5211 2590 5273 Transierunt,
2626 5210 2859 5277 inquam.
2885 5217 3054 5263 metas
3077 5209 3293 5264 humani
3319 5209 3537 5279 generis.
3563 5198 3729 5270 Quando

2221 5303 2356 5361 dicis
2383 5305 2473 5360 tali
2523 5303 2724 5358 Itotnini
2751 5321 2764 5355 :
2794 5301 2983 5357 Fmter
3024 5311 3144 5356 tuus
3183 5313 3265 5356 est
3292 5305 3389 5356 istc
3417 5312 3618 5371 pauper;
3644 5305 3725 5345 υυερ

2219 5398 2342 5454 dem
2372 5407 2617 5470 parentes
2646 5394 2905 5450 habuistis
2930 5436 2945 5462 ,
2982 5393 3146 5448 Adam
3171 5404 3222 5450 et
3253 5393 3415 5448 Evam
3447 5411 3459 5446 :
3486 5390 3578 5444 noli
3603 5395 3724 5440 atteri.

2286 5555 2301 5586 ι
2323 5554 2393 5602 sic
2408 5558 2515 5602 Mss.
2533 5550 2644 5600 Fdd.
2665 5562 2800 5608 vero,
2829 5554 3059 5608 petamus.

2283 5617 2304 5646 ς
2325 5599 2684 5678 tildrprodiit.
2725 5599 3026 5722 At'Llerique
3071 5617 3125 5661 et
3147 5610 3358 5674 potiores
3389 5613 3506 5665 uss,
3537 5599 3683 5660 νναΜ
3709 5605 3722 5666 ί

2283 5683 2353 5722 ΗΒ
2380 5684 2526 5722 arma.
2554 5681 2679 5722 LXX.
2708 5686 2798 5722 exc
2831 5680 3014 5722 eusztat.

2217 5678 2353 5739 juxta
2380 5684 2526 5739 Gram.
2554 5681 2679 5723 LXX.
2708 5678 3014 5739 exebeus'tai.

2285 5743 2306 5771 ³
2331 5742 2400 5787 :ic
2437 5737 2618 5800 aliquot
2653 5737 2814 5799 prolatu
2853 5745 2978 5786 nota:
3003 5742 3107 5784 Mss.
3147 5742 3201 5783 At.
3235 5733 3360 5794 Fdd.,
3383 5729 3611 5792 exiguitate
3635 5733 3717 5784 (ἔκη’

2222 5802 2354 5853 dam.

2285 5885 2360 5947 (a)
2375 5889 2533 5944 Forte,
2568 5882 2618 5933 in
2640 5889 2686 5934 te
2701 5882 2877 5947 ipsum.
