3966 6498
264 429 371 493 ΩΙ

262 553 397 609 dere
423 559 687 605 tumorem
713 555 859 601 tuum
875 583 893 609 ,
921 541 1030 598 noli
1050 538 1325 597 attendere
1354 536 1573 609 typhum
1604 536 1657 588 in
1683 546 1840 604 quem

262 646 438 702 elatus
458 657 518 699 es
542 658 557 707 ;
586 639 686 697 etsi
714 646 767 694 te
788 637 1099 691 circumstat
1124 630 1343 687 familia.
1374 629 1475 684 etsi
1503 640 1847 682 numerosum

262 751 452 794 aurum
474 744 529 790 ct
554 741 852 805 argentum,
875 728 977 784 etsi
1005 726 1198 782 domus
1225 731 1544 779 marmorata
1570 720 1808 775 continet
1828 758 1844 784 ,

262 830 365 887 etsi
396 836 535 885 tecta
566 826 805 896 laqueata
834 829 1154 890 contegunt.
1181 815 1339 873 simul
1383 826 1435 871 te
1479 823 1533 869 et
1558 826 1844 884 pauperem

263 919 496 991 contegit
546 927 746 974 tectum
794 912 978 970 mundi
1021 911 1253 971 ctelum;
1298 908 1392 964 sed
1437 906 1685 962 diversus
1727 919 1788 960 es
1814 918 1845 959 a

264 1024 499 1084 paupere
525 1007 686 1064 rebus
714 1021 820 1060 non
849 1004 953 1059 tuis
971 1045 986 1065 ,
1013 1002 1348 1058 extrinsecus
1388 998 1645 1069 appositis
1675 1017 1689 1053 :
1720 1007 1771 1052 te
1792 998 1844 1053 in

260 1105 368 1163 illis
388 1102 529 1162 vide.
564 1115 668 1154 non
695 1098 816 1154 illas
840 1096 893 1151 in
915 1104 989 1151 te.
1023 1093 1252 1150 Attende
1279 1093 1504 1161 teipsum
1523 1133 1540 1157 ,
1561 1091 1652 1162 qui
1681 1091 1756 1147 sis
1777 1090 1843 1146 ad

260 1212 548 1271 pauperem
573 1212 589 1261 ;
617 1196 870 1264 teipsum.
901 1207 1003 1248 non
1029 1190 1167 1262 quod
1201 1188 1384 1244 habes.
1413 1187 1550 1257 Quid
1579 1188 1721 1241 enim
1750 1187 1845 1241 tle-

258 1290 424 1361 spicis
443 1287 686 1343 fmtrem?
712 1284 769 1340 ln
793 1283 1083 1341 visceribus
1107 1291 1335 1336 matrum
1368 1273 1661 1333 vostrarum
1684 1277 1843 1331 ambo

260 1381 385 1435 nudi
414 1379 607 1435 fuistis.
636 1376 794 1434 Certe
814 1378 974 1433 etiam
1008 1390 1129 1430 cum
1158 1374 1226 1428 de
1247 1372 1344 1427 ista
1374 1371 1480 1425 vita
1507 1369 1761 1431 exieritis,
1787 1375 1844 1424 et

254 1473 377 1529 ista:
423 1485 642 1538 carnes,
687 1469 932 1525 exhalata
959 1468 1209 1532 ‘anima,
1253 1462 1449 1519 fuerint
1496 1461 1838 1533 putrefacta},

255 1564 642 1635 dignoscantur
677 1578 796 1620 ossa
825 1562 1003 1617 divitis
1028 1570 1082 1616 et
1122 1557 1399 1630 pauperis!
1430 1556 1504 1611 De
1534 1554 1840 1611 conditione

254 1658 451 1728 loqnor
485 1656 707 1727 mquali,
740 1654 808 1711 de
842 1655 953 1724 ipsa
982 1662 1127 1708 sorte
1150 1650 1366 1723 generis
1405 1648 1620 1704 humani
1652 1648 1703 1702 in
1732 1661 1838 1716 qua

252 1762 445 1802 omnes
493 1754 786 1802 nascuntur
811 1763 825 1802 :
853 1754 908 1799 et
927 1743 1077 1800 dives
1101 1757 1222 1797 eum
1254 1740 1341 1796 hic
1382 1740 1482 1803 sit,
1510 1749 1565 1796 et
1597 1755 1832 1810 pauper.

257 1852 370 1893 non
404 1851 617 1907 semper
656 1836 741 1891 hic
766 1838 903 1899 erit;
943 1844 997 1890 et
1019 1834 1159 1889 sicut
1181 1833 1334 1888 dives
1362 1846 1466 1887 non
1498 1830 1831 1894 venitdives,

251 1931 334 1986 sic
383 1945 483 1986 nec
506 1929 656 1986 dives
683 1927 921 1984 abscedit
950 1946 965 1984 :
997 1926 1137 1982 idem
1168 1927 1283 1996 ipse
1320 1933 1404 1981 est
1429 1925 1706 1994 utriusque
1750 1924 1835 1977 in-

250 2021 470 2087 troitus,
499 2028 554 2075 et
583 2034 678 2090 par
704 2018 898 2075 exitus.
923 2017 1074 2073 Addo
1099 2016 1240 2086 quod
1274 2015 1409 2071 forte
1456 2015 1727 2069 mutabilis
1752 2015 1834 2069 vi-

250 2127 366 2169 ces.
413 2112 530 2170 Jam
584 2112 778 2182 ubique
824 2111 1168 2182 Evangelium
1232 2107 1835 2180 pradicaturzauende

248 2203 537 2277 quemdam
569 2218 855 2276 pauperem
886 2204 1183 2258 ulcerosum
1209 2202 1297 2272 qui
1345 2200 1553 2270 jacebat
1595 2209 1719 2255 ante
1751 2199 1834 2271 ja-

249 2313 415 2354 nuam
445 2297 642 2363 divitis,
684 2305 739 2352 et
778 2295 1025 2366 cupiebat
1051 2294 1278 2350 saturari
1328 2293 1397 2350 de
1423 2293 1575 2348 micis
1602 2310 1720 2363 qua:
1745 2307 1835 2349 ca-

247 2390 451 2448 debant
487 2389 557 2447 de
597 2405 782 2444 mensa
835 2389 1040 2450 divitis;
1070 2388 1286 2444 attende
1330 2397 1385 2443 et
1424 2387 1569 2442 illum
1603 2401 1781 2455 parem
1809 2387 1831 2419 ⁸

248 2493 404 2539 tuum
434 2484 523 2555 qui
554 2484 868 2538 induebatur
892 2498 1122 2554 purpura
1152 2492 1203 2537 et
1226 2483 1420 2555 bysso,
1448 2489 1502 2536 et
1520 2481 1834 2550 epulabatur

245 2576 487 2648 quotidie
504 2575 795 2646 splendide.
812 2576 1043 2647 Contigit
1063 2590 1253 2645 nempe
1274 2574 1406 2628 mori
1428 2574 1638 2643 inopem
1661 2574 1828 2641 illum,

247 2680 303 2724 et
335 2668 529 2725 auferri
560 2668 628 2722 ab
672 2666 888 2737 Angelis
915 2668 966 2721 in
1015 2667 1189 2721 sinum
1235 2667 1459 2720 Abrahtc
1488 2683 1504 2721 :
1538 2666 1625 2721 ille
1651 2676 1831 2721 autem

248 2774 498 2817 mortuus
523 2770 605 2816 est
629 2802 642 2819 .
671 2770 723 2814 et
758 2761 998 2829 sepultus
1022 2768 1134 2822 est;
1161 2774 1281 2812 nam
1316 2758 1457 2812 illius
1482 2757 1617 2813 forte
1645 2758 1828 2828 sepul-

249 2862 426 2907 turam
454 2867 614 2906 nemo
636 2861 838 2907 curavit
873 2870 887 2907 :
916 2861 971 2906 et
997 2865 1119 2905 cum
1148 2848 1286 2918 apud
1319 2847 1519 2904 inferos
1544 2849 1635 2903 ille
1680 2848 1832 2904 dives

247 2944 304 2998 in
334 2946 611 2999 tormentis
635 2955 793 3006 esset,
820 2957 996 2998 nonne
1021 2941 1247 2998 elevavit
1273 2953 1457 2995 oculos
1480 2953 1608 2993 suos
1625 2978 1641 3003 ,
1670 2950 1723 2993 et
1748 2939 1831 2994 vi-

246 3034 331 3092 dit
355 3036 407 3089 in
437 3035 644 3089 inlinito
678 3034 872 3107 gaudio
908 3049 1027 3087 eum
1053 3047 1213 3102 quem
1251 3031 1574 3097 comempsit
1595 3039 1718 3085 ante
1743 3030 1829 3098 ja-

249 3141 412 3181 nuam
442 3140 592 3180 suam
618 3166 632 3189 ,
658 3136 713 3180 et
739 3125 808 3179 de
854 3124 1018 3195 digito
1045 3122 1161 3192 ejus
1200 3137 1354 3192 aquae
1395 3121 1593 3176 stillam
1620 3119 1830 3177 deside-

248 3219 420 3278 ravit.
448 3219 536 3287 qui
558 3218 624 3271 de
646 3231 824 3270 mensa
853 3217 969 3283 ejus
998 3214 1249 3269 cadentes
1284 3211 1448 3268 micas
1487 3206 1828 3266 desiderave-

248 3308 377 3364 rat?
406 3307 621 3362 Fratres
640 3348 655 3365 .
685 3305 836 3360 labor
862 3304 948 3359 ille
979 3304 1226 3374 pauperis
1264 3310 1492 3373 quantus
1518 3300 1656 3354 fuit?
1686 3300 1827 3355 Deli-

249 3401 350 3454 cias
392 3399 496 3453 illa:
546 3398 724 3453 divitis
766 3412 924 3466 quam
963 3393 1134 3465 longu-
1175 3392 1424 3449 fuerunt?
1461 3392 1612 3459 Quod
1649 3401 1828 3447 autem

250 3499 632 3554 mutaverunt,
679 3500 992 3558 perpetuum
1033 3497 1136 3543 est.
1187 3486 1331 3541 lllins
1377 3499 1506 3554 ergo
1553 3485 1672 3553 quia
1718 3500 1826 3539 non

250 3592 369 3638 erat
389 3582 673 3636 declinatio
700 3580 751 3634 in
786 3590 983 3640 morte.
1014 3584 1070 3633 et
1090 3578 1480 3633 firmamentum
1504 3587 1619 3631 erat
1649 3575 1699 3629 in
1728 3574 1827 3629 tla-

250 3673 393 3745 gello
442 3672 599 3741 ejus;
630 3673 681 3727 in
713 3672 979 3727 laboribus
1015 3670 1286 3724 hominum
1314 3684 1418 3723 non
1467 3668 1584 3734 fuit,
1610 3679 1664 3723 et
1687 3669 1828 3724 inter

253 3765 498 3818 homines
541 3762 830 3833 llagellattts
870 3776 973 3815 non
1025 3770 1147 3816 est:
1181 3760 1270 3815 ille
1317 3770 1492 3815 autem
1534 3759 1827 3830 flagellatus

252 3857 362 3921 hic,
390 3857 648 3924 requievit
680 3856 784 3919 ibi;
817 3856 938 3926 quia
978 3853 1207 3924 flagellat
1227 3867 1442 3907 onmem
1475 3853 1638 3905 filium
1667 3867 1823 3922 quem

212 3954 215 3961 '
248 3949 440 4019 recipit
480 3947 663 4019 (Hebr.
692 3963 794 4010 sn,
826 3946 905 4015 6).
938 3945 1041 4002 Sed
1086 3946 1171 4001 cui
1218 3943 1351 3999 dicis
1398 3944 1537 3999 ista?
1577 3943 1826 4012 Epulanti

250 4040 551 4112 splendtde,
580 4049 634 4096 et
659 4038 900 4096 indttenti
938 4053 998 4095 se
1023 4036 1263 4108 quotidie
1308 4050 1536 4106 purpura
1563 4044 1617 4089 et
1643 4035 1818 4105 bysso.

247 4129 345 4186 Cui
367 4131 542 4186 dicis?
562 4129 664 4200 Qui
691 4129 900 4185 transiit
925 4129 978 4183 in
1015 4127 1388 4196 dispositionem
1427 4126 1612 4181 cordis.
1639 4125 1825 4180 Merito

247 4235 373 4278 sero
392 4222 629 4278 dicturus
672 4233 793 4288 est,
826 4219 972 4275 Mitte
1010 4218 1259 4275 Lazarum
1280 4236 1299 4284 ;
1322 4219 1458 4273 dicat
1481 4219 1559 4273 vel
1585 4218 1825 4289 fratribus

247 4313 372 4368 meis
401 4311 550 4382 (Luc.
599 4329 719 4378 xvr,
761 4310 969 4382 19-5l);
1013 4310 1226 4382 quando
1267 4312 1315 4365 ei
1363 4325 1468 4364 non
1512 4309 1825 4365 conceditur

247 4404 454 4463 fructus
482 4405 829 4476 penitentize.
852 4404 969 4460 Non
993 4404 1134 4461 enim
1159 4403 1486 4474 paenitentia,
1518 4417 1622 4457 non
1644 4402 1820 4467 datur;

245 4496 345 4552 sed
390 4497 711 4565 sempiterna
762 4497 863 4552 erit
903 4497 1210 4566 paenitentia
1252 4505 1307 4552 et
1334 4495 1478 4551 nulla
1511 4495 1656 4551 salus
1703 4502 1824 4566 post

247 4587 637 4660 paenitentiam.
691 4586 835 4659 Ergo
876 4588 964 4642 isti
1012 4589 1315 4643 transierunt
1349 4590 1406 4643 in
1448 4588 1824 4660 dispositionem

245 4678 433 4734 cordis.

320 4770 406 4826 14.
440 4767 593 4841 [vers.
615 4767 695 4842 8.]
733 4766 1086 4841 Cogitaverunt
1111 4777 1158 4825 et
1197 4769 1350 4824 locuti
1387 4779 1506 4823 sunt
1533 4770 1825 4842 malignita-

246 4872 366 4917 tem.
395 4859 500 4916 Sed
530 4859 821 4932 loquuntur
842 4859 1221 4929 malignitatem
1252 4859 1494 4915 homines
1522 4868 1579 4915 et
1607 4876 1729 4916 cum
1759 4862 1825 4914 ti-

247 4966 397 5007 more
418 4993 434 5014 ,
460 4951 544 5006 isti
574 4960 752 5006 autem
796 4949 1103 5021 quomodo?
1125 4949 1447 5021 lniquitatem
1480 4953 1532 5005 in
1557 4951 1714 5005 altum
1741 4951 1822 5005 lo-

245 5042 348 5096 cuti
400 5050 533 5097 sunt.
581 5042 694 5098 Non
742 5042 912 5097 solum
959 5041 1119 5097 locuti
1166 5052 1293 5098 sunt
1330 5042 1698 5112 iniquitatem:
1727 5044 1821 5097 sed

247 5136 406 5191 etiam
429 5136 595 5202 clare,
626 5136 965 5192 audientibus
991 5135 1241 5190 omnibus
1261 5176 1275 5199 ,
1307 5135 1535 5205 superbe
1564 5154 1576 5190 :
1611 5135 1721 5206 Ego
1746 5135 1824 5190 fa-

245 5227 350 5292 cio,
383 5241 484 5297 ego
515 5225 739 5281 ostendo
764 5244 779 5290 ;
810 5226 1010 5282 senties
1036 5241 1156 5282 cum
1197 5241 1303 5296 quo
1329 5225 1526 5292 habes,
1557 5227 1740 5282 vivere
1769 5236 1822 5283 te

248 5334 354 5372 non
378 5320 550 5372 sinam
580 5317 622 5369 ³.
660 5316 752 5371 Vel
776 5318 1037 5389 cogitares
1065 5333 1151 5383 ea,
1169 5333 1274 5372 non
1300 5318 1459 5373 etiam
1483 5316 1816 5374 ell‘nnderes:

247 5411 326 5463 vel
350 5411 482 5463 intra
514 5409 744 5464 claustra
775 5409 1110 5478 cogitationis
1154 5410 1288 5464 mala
1316 5410 1571 5479 cupiditas
1599 5426 1820 5466 coerce-

244 5512 411 5567 retur,
437 5503 518 5556 vel
552 5502 843 5557 rel'renaret
892 5516 1010 5558 eam
1052 5503 1187 5557 intra
1232 5502 1603 5572 cogitationem
1646 5519 1819 5560 suam.

243 5595 457 5664 Quare“!
484 5611 549 5651 an
600 5595 736 5652 forte
777 5611 957 5651 macer
982 5595 1107 5651 est?
1136 5594 1342 5651 Prodiet
1383 5596 1528 5666 quasi
1574 5612 1637 5651 ex
1671 5596 1821 5667 adipe

307 5776 322 5805 ⁸
359 5774 432 5827 sic
453 5772 620 5836 plures
637 5777 744 5822 Mss.
772 5771 858 5820 Alii
879 5783 989 5821 cum
1010 5770 1142 5830 Edd.,
1165 5779 1325 5823 exuta.

305 5837 324 5866 ³
359 5836 543 5893 Aliquot
564 5841 694 5898 Mss,
713 5841 913 5898 patrem.

305 5898 325 5929 ³
360 5898 441 5948 ttic
464 5898 511 5946 in
537 5897 646 5945 laid.
673 5893 992 5961 praemittitur,
1014 5893 1218 5959 superbe
1246 5907 1264 5947 :
1286 5895 1412 5960 quod
1430 5907 1459 5947 a
1481 5901 1584 5947 Mss.
1610 5895 1768 5947 abest.

1332 418 1727 479 ENARRATIO
1764 418 1829 475 ΙΝ
1870 419 2188 483 PSALMUM
2229 428 2441 488 LXXII.

3424 442 3530 500 92!

1948 536 2187 607 iniquitas
2250 558 2440 597 eorum.
2497 545 2816 617 lniquitatem
2866 554 2920 604 in
2978 551 3138 606 altum
3188 554 3343 608 locuti
3383 566 3521 611 sunt.

2026 631 2109 686 15.
2134 631 2282 703 Iners.
2311 632 2390 708 9.]
2409 633 2693 692 Posuerunt
2727 641 2780 693 in
2799 639 2976 696 etclam
3017 658 3073 698 os
3091 658 3259 712 suum,
3279 654 3325 700 et
3350 645 3525 718 lingua

1952 738 2122 778 eorum
2143 728 2337 780 transiit
2357 745 2509 800 super
2532 741 2730 786 terram.
2751 733 2886 803 Quid
2906 745 2985 790 est
3013 735 3135 802 hoc,
3158 738 3357 793 transiit
3373 756 3524 808 super

1953 823 2137 868 terram
2150 818 2176 871 .9
2198 816 2347 884 Quod
2363 820 2562 876 dictum
2582 831 2683 887 est,
2710 822 2994 880 Posuernnt
3009 825 3060 881 in
3075 827 3256 883 emtum
3272 847 3329 885 os
3347 846 3517 888 suum.

1952 904 2065 961 Hoc
2091 916 2172 961 est
2198 910 2357 973 enim,
2380 914 2577 967 transiit
2600 930 2753 982 super
2780 926 2983 983 terram,
3014 928 3285 977 transeunt
3312 930 3523 980 terrena

1951 997 2150 1052 omnia.
2168 997 2304 1065 Quid
2325 1011 2425 1067 est,
2447 1008 2669 1060 transire
2691 1014 2896 1063 terrena
2916 1010 3121 1065 omnia?
3135 1011 3246 1067 Non
3260 1017 3526 1083 secogitat

1938 1089 2218 1148 hominem
2232 1093 2409 1148 subito
2420 1098 2550 1150 mori
2569 1112 2742 1167 posse,
2757 1114 2877 1154 cum
2892 1101 3139 1171 loquitur:
3155 1106 3300 1171 quasi
3313 1121 3525 1178 semper

1951 1183 2189 1238 victurus
2212 1187 2442 1242 minatur
2464 1206 2477 1242 :
2499 1191 2821 1246 transcendit
2835 1194 3083 1262 cogitatio
3101 1194 3240 1250 illius
3256 1208 3522 1255 terrenam

1948 1274 2300 1347 fragilitatem;
2318 1280 2484 1334 nescit
2497 1281 2635 1350 quali
2649 1298 2774 1339 vase
2788 1295 3069 1354 coopertus
3084 1298 3186 1351 est.
3202 1291 3369 1346 nescit
3380 1291 3522 1363 quod

1947 1370 2205 1437 scriptum
2230 1378 2313 1425 est
2336 1371 2441 1425 alio
2470 1370 2586 1427 loco
2606 1372 2673 1429 de
2718 1373 2908 1431 talibus
2934 1392 2950 1433 :
2977 1374 3124 1431 Exiet
3143 1379 3353 1445 spiritus
3374 1383 3484 1451 ejus
3502 1423 3518 1449 ,

1946 1470 1992 1515 et
2013 1473 2284 1518 revertetur
2302 1464 2355 1518 in
2393 1473 2577 1519 terram
2602 1482 2748 1521 suam
2761 1484 2781 1532 ;
2805 1469 2857 1522 in
2886 1469 2977 1522 illa
2996 1469 3080 1524 die
3103 1471 3339 1539 peribunt
3349 1488 3521 1529 omnes

1943 1552 2271 1623 cogitationes
2287 1556 2396 1620 eius
2422 1554 2592 1625 (Psal.
2625 1572 2782 1621 cxtv,
2816 1558 2890 1624 4).
2930 1558 3034 1615 Sed
3086 1560 3172 1616 isti
3213 1561 3353 1617 diem
3396 1564 3520 1620 ultio

1943 1657 2087 1697 mum
2114 1659 2264 1723 suum
2304 1659 2411 1701 non
2454 1648 2780 1717 cogitantes,
2810 1649 3096 1721 loquuntur
3129 1654 3429 1723 superbiam
3463 1657 3517 1722 ¹;

1941 1745 1997 1790 et
2022 1736 2072 1790 in
2101 1738 2293 1793 cmlnm
2318 1749 2520 1808 ponunt
2541 1755 2602 1795 os
2631 1757 2783 1796 suum
2803 1783 2816 1806 ,
2841 1753 2897 1798 et
2927 1745 3271 1801 Irascendunt
3297 1756 3512 1805 terram.

1939 1824 1992 1882 Si
2043 1828 2284 1885 ultimum
2311 1845 2462 1885 suum
2488 1830 2629 1886 diem
2675 1847 2780 1887 non
2825 1834 3083 1903 cogitaret
3106 1876 3122 1900 .
3154 1837 3204 1891 id
3225 1847 3307 1892 est
3328 1838 3514 1907 judicit

1940 1918 2020 1973 sui
2062 1920 2304 1974 ultimum
2351 1921 2490 1976 diem
2518 1964 2532 1987 ,
2567 1923 2701 1978 latro
2739 1924 2933 1980 missus
2961 1926 3012 1980 in
3041 1941 3341 1993 carcerem,
3385 1929 3513 1985 nihil

1938 2009 2031 2064 illo
2073 2024 2216 2067 esset
2265 2013 2579 2080 immanius;
2609 2024 2661 2071 et
2702 2027 2876 2072 tamen
2905 2026 3085 2087 posset
3115 2018 3368 2090 effugere.
3397 2021 3516 2088 Quo

1936 2102 2076 2174 fugis
2102 2122 2170 2161 ne
2211 2108 2490 2164 moriaris?
2511 2109 2698 2165 Certus
2731 2111 2832 2167 erit
2870 2111 2958 2167 ille
2984 2111 3120 2169 dies.
3148 2114 3283 2182 Quid
3315 2126 3396 2171 est
3422 2117 3512 2172 diu

1937 2197 2076 2266 quod
2104 2198 2336 2254 victurus
2355 2201 2447 2255 es?
2465 2201 2731 2268 Quantum
2760 2212 2842 2259 est
2868 2205 2958 2259 diu
2987 2205 3127 2275 quod
3150 2206 3307 2263 habet
3329 2208 3510 2277 linem,

1936 2288 2037 2343 etsi
2065 2289 2153 2343 diu
2175 2291 2358 2346 esset?
2389 2291 2501 2348 Huc
2538 2293 2746 2349 accedit
2783 2296 2903 2365 quia
2930 2310 3034 2351 non
3070 2305 3189 2352 est:
3218 2308 3272 2354 et
3298 2314 3401 2353 non
3430 2309 3514 2356 cst

1935 2376 2026 2433 diu
2048 2419 2064 2445 ,
2093 2388 2140 2433 et
2186 2380 2446 2436 incertum
2470 2393 2554 2438 est
2578 2383 2750 2454 ipsum
2787 2384 2928 2455 quod
2962 2386 3159 2441 dicitur
3192 2388 3303 2442 diu.
3335 2388 3513 2458 Quare

1936 2467 2039 2523 hoc
2064 2485 2169 2525 non
2199 2473 2437 2542 cogitat?
2464 2473 2597 2540 Quia
2630 2476 2806 2544 posuit
2831 2476 2885 2530 in
2918 2477 3118 2533 caelum
3146 2492 3208 2533 os
3231 2494 3386 2535 suum
3409 2520 3427 2547 ,
3456 2490 3512 2538 et

1935 2560 2110 2631 lingua
2135 2562 2250 2633 ejus
2273 2565 2481 2619 transiit
2500 2580 2662 2636 super
2684 2576 2899 2623 terram.

2007 2658 2094 2713 16.
2138 2655 2284 2731 [rem
2324 2656 2437 2731 10.]
2456 2656 2584 2714 Ideo
2622 2669 2894 2715 revertetur
2939 2662 3039 2716 huc
3078 2663 3297 2735 populus
3347 2681 3506 2721 meus.

1933 2748 2049 2805 Jam
2077 2752 2189 2819 ipso
2217 2752 2387 2821 Asapli
2410 2754 2690 2807 revertitur
2716 2754 2836 2810 huc.
2873 2755 3011 2810 Vidit
3039 2756 3180 2811 enim
3212 2758 3311 2813 ista
3337 2759 3511 2814 aliun-

1934 2839 2061 2896 dare
2082 2841 2293 2910 iniquis,
2312 2842 2739 2913 viditsupi-rbis:
2768 2844 2904 2900 redit
2927 2845 2993 2898 ad
3023 2846 3211 2908 Deum,
3242 2857 3297 2902 et
3328 2848 3512 2917 incipit

1934 2947 2172 3002 quzrrcre
2199 2943 2254 2988 et
2280 2933 2568 3002 disputare.
2595 2935 2699 2991 Sed
2725 2936 2974 3005 quando?
2998 2937 3123 2992 Cum
3143 2940 3248 2995 dies
3272 2941 3407 3010 pleni
3425 2942 3512 2995 in-

1934 3025 2192 3079 venientur
2217 3025 2271 3079 in
2298 3026 2387 3079 eis.
2419 3025 2554 3093 Quid
2586 3037 2669 3082 est
2688 3066 2706 3095 ,
2736 3026 2842 3086 dies
2881 3027 3059 3097 pleni?
3086 3027 3209 3084 Cum
3236 3039 3399 3085 autem
3425 3046 3508 3086 ve-

1932 3116 2006 3168 nit
2027 3115 2283 3184 plenitudo
2324 3119 2560 3187 temporis
2581 3158 2596 3183 ,
2624 3118 2758 3172 misit
2795 3117 2932 3174 Dens
2954 3118 3145 3174 Filium
3188 3138 3332 3175 suum
3363 3121 3504 3193 (Gal.

1932 3221 2003 3272 tv,
2032 3205 2112 3276 4).
2147 3207 2260 3278 Ipsa
2287 3217 2369 3263 est
2406 3208 2677 3279 plenitudo
2707 3211 2958 3280 temporis
2976 3252 2992 3279 ,
3019 3212 3232 3280 quando
3259 3216 3397 3268 venit
3421 3214 3509 3270 ille

1934 3299 2243 3369 tetnpmalia
2283 3299 2477 3356 docere
2522 3303 2789 3358 contemni
2815 3345 2830 3366 .
2874 3319 2976 3358 non
3021 3304 3216 3361 habere
3257 3321 3506 3377 magnum

1930 3391 2182 3463 quidquid
2229 3394 2351 3448 mali
2381 3391 2622 3450 homines
2663 3395 2913 3467 cupiunt;
2956 3398 3058 3470 pati
3086 3398 3338 3471 quidquid
3382 3399 3507 3456 mali

1932 3483 2176 3540 homines
2198 3495 2458 3543 metuunt.
2503 3486 2697 3544 Factus
2724 3500 2803 3544 est
2830 3490 2908 3544 via
2929 3531 2944 3556 ,
2975 3493 3242 3546 revocavit
3266 3492 3331 3547 ad
3360 3494 3506 3564 cogi-

1931 3577 2184 3632 tationem
2213 3577 2448 3633 intimam
2473 3619 2490 3643 ,
2524 3580 2793 3634 admonuit
2827 3581 2949 3650 quid
2976 3598 3004 3635 a
3032 3581 3141 3635 Deo
3164 3583 3505 3653 qua-rendam

1930 3675 2091 3722 esset.
2123 3667 2182 3721 Et
2222 3668 2343 3722 vide
2368 3669 2436 3723 de
2475 3685 2576 3737 qua
2602 3671 2920 3739 cogitatione
2962 3673 3296 3727 reverberata
3328 3675 3378 3727 in
3404 3688 3464 3728 se
3485 3716 3501 3742 ,

1931 3769 1984 3814 et
2012 3758 2403 3828 quodammodo
2430 3772 2707 3815 revocante
2736 3761 2924 3816 llueltts
2951 3764 3177 3832 impetus
3202 3763 3304 3829 sui,
3330 3775 3504 3819 trans-

1930 3850 2037 3905 itur
2070 3850 2138 3905 ad
2183 3864 2305 3905 vera
2347 3852 2609 3921 eligenda.
2643 3850 2768 3907 Ideo
2816 3864 3084 3910 revertetur
3119 3856 3337 3926 populus
3365 3874 3503 3912 meus

1930 3945 2069 4012 huc;
2096 3955 2144 4001 et
2174 3945 2279 4000 dies
2299 3948 2433 4015 pleni
2461 3947 2768 4003 invenientur
2789 3950 2841 4003 in
2862 3951 2951 4005 eis.

2002 4038 2089 4093 17.
2141 4036 2289 4111 [vers.
2319 4037 2429 4113 11.]
2476 4039 2540 4094 Et
2570 4040 2803 4096 dixerunt
2837 4060 2849 4096 :
2877 4041 3138 4109 Quomodo
3162 4044 3305 4099 scivit
3330 4044 3499 4112 Deus,

1929 4138 1976 4183 et
2017 4129 2062 4182 si
2089 4138 2160 4183 est
2178 4130 2384 4183 scientia
2411 4131 2465 4184 in
2492 4130 2785 4186 Altissimo?
2813 4132 2944 4187 Vide
2987 4149 3081 4205 per
3106 4150 3262 4205 quam
3303 4137 3502 4203 cogita-

1930 4217 2126 4273 tionem
2158 4229 2448 4275 transeunt.
2481 4221 2618 4277 Ecce
2636 4223 2798 4292 iniqui
2845 4222 3024 4279 felices
3049 4234 3192 4289 sunt.
3218 4241 3323 4281 non
3351 4236 3504 4282 curat

1932 4309 2070 4364 Deus
2120 4326 2205 4364 res
2250 4309 2525 4368 humanas.
2564 4312 2695 4368 Vere
2741 4314 2841 4369 scit
2878 4314 3001 4384 quid
3035 4317 3286 4386 agannts?
3313 4315 3503 4375 Videte

1929 4416 2046 4470 qua:
2072 4401 2337 4455 dicuntur.
2369 4402 2636 4472 Rogamus
2658 4444 2675 4469 ,
2704 4402 2926 4471 fratres;
2948 4405 3055 4474 jam
3085 4406 3365 4461 Christiani
3394 4423 3499 4464 non

1926 4489 2106 4545 dicant
2135 4509 2147 4543 :
2181 4491 2442 4558 Quomodo
2480 4492 2620 4546 sciuit
2650 4491 2813 4561 Deus,
2852 4503 2897 4547 et
2936 4495 2981 4549 si
3005 4506 3077 4550 est
3102 4496 3310 4551 scientia
3332 4497 3385 4552 in
3411 4499 3502 4553 ΑΙ-

1927 4582 2136 4636 tissimo.

2001 4676 2087 4732 18.
2145 4675 2292 4749 [vers
2324 4674 2437 4750 12.]
2489 4676 2643 4734 Unde
2667 4679 2809 4734 enim
2861 4678 2952 4733 tibi
2983 4679 3192 4737 videtur
3228 4696 3334 4737 non
3365 4683 3504 4740 scire

1929 4767 2117 4828 Deum.
2149 4779 2201 4822 et
2227 4783 2329 4822 non
2372 4783 2491 4823 esse
2521 4769 2792 4824 scientiam
2830 4770 2882 4824 in
2912 4770 3228 4828 Altissimo?
3257 4772 3503 4842 Βθεμοη-

1927 4860 2019 4915 det
2047 4878 2060 4914 :
2094 4860 2220 4915 Ecce
2243 4862 2341 4930 ipsi
2379 4872 2695 4930 peccatores,
2725 4871 2770 4915 et
2794 4861 3101 4916 abundantes
3123 4864 3174 4917 in
3201 4864 3385 4918 stucqu
3410 4864 3501 4918 ob-

1930 4953 2181 5005 tinuerunt
2201 4952 2418 5006 divitias.
2450 4952 2519 5007 Et
2560 4963 2861 5022 peccatores
2894 4962 3045 5017 sunt.
3076 4963 3131 5009 et
3173 4955 3501 5010 abundantes

1927 5043 2137 5099 divitias
2174 5044 2227 5098 in
2274 5043 2471 5098 sarculo
2511 5043 2867 5100 obtinuerunt.
2912 5046 3195 5103 Confessus
3241 5056 3326 5101 est
3377 5048 3499 5115 quia

1928 5135 2048 5191 ideo
2076 5135 2290 5191 nolebat
2324 5151 2445 5191 esse
2486 5146 2751 5206 peccator,
2776 5145 2834 5192 ut
2857 5137 3075 5194 haberet
3110 5137 3340 5192 divitias.
3371 5138 3500 5193 Car-

1929 5227 2063 5282 nalis
2112 5227 2286 5281 anima
2313 5226 2604 5282 visibilibus
2642 5229 2803 5284 rebus
2825 5240 2879 5284 et
2925 5228 3149 5283 terrenis
3190 5229 3501 5285 vendiderat

1923 5319 2179 5388 justitiam
2224 5334 2394 5373 suam.
2441 5318 2622 5386 Qualis
2639 5318 2839 5389 justitia
2864 5361 2880 5387 ,
2908 5336 3027 5390 qute
3061 5329 3279 5390 propter
3311 5336 3498 5376 aurum

1928 5410 2185 5476 habetur;
2215 5412 2363 5480 quasi
2389 5413 2670 5481 pretiosius
2712 5412 2782 5466 sit
2809 5426 2994 5465 aurum
3023 5426 3180 5481 quam
3209 5412 3320 5480 ipsa
3340 5412 3496 5482 juSti-

1931 5505 2021 5568 tia,
2049 5513 2137 5558 aut
2165 5519 2284 5558 cum
2321 5504 2596 5574 quisquam
2626 5511 2780 5572 negat
2831 5517 2918 5556 res
2942 5503 3161 5564 alienas,
3189 5503 3358 5571 majus
3399 5504 3497 5559 da-

1927 5612 2106 5650 mnum
2127 5596 2357 5664 patiatur
2379 5596 2463 5649 cui
2492 5606 2668 5665 negat,
2687 5609 2842 5663 quam
2862 5593 2949 5649 ille
2971 5595 3059 5665 qui
3091 5596 3162 5650 illi
3193 5599 3381 5665 negat!
3407 5594 3500 5652 llle

1929 5688 2094 5757 perdit
2139 5698 2337 5739 vestem
2365 5730 2377 5747 .
2411 5688 2509 5740 istc
2559 5686 2732 5739 fidem.
2788 5683 2914 5739 Ecce
2957 5687 3058 5756 ipsi
3106 5698 3420 5756 peccatores,
3451 5698 3498 5744 et

1923 5779 2233 5833 abundantes
2259 5779 2312 5831 in
2351 5779 2535 5832 stacqu
2575 5776 2889 5832 obtinuerunt
2930 5778 3149 5834 divitias.
3203 5778 3329 5836 Inde
3371 5796 3499 5853 ergo

1987 5896 2004 5928 ‘
2037 5891 2405 5963 κει-,ΨΜ
