3966 6452
536 366 645 426 927

531 498 661 547 tem.
684 486 798 543 Hoc
825 485 969 543 enim
997 480 1226 540 dicimus
1258 490 1583 553 quemquam
1610 473 1810 531 habere
1842 470 1897 527 in
1922 480 2081 525 manu
2099 504 2117 532 ,

531 582 674 656 quod
704 581 866 637 habet
893 580 946 635 in
976 585 1274 649 potestate;
1300 570 1570 645 quomodo
1590 567 1724 626 dixit
1745 564 1987 622 diabolus
2014 564 2125 656 Deo

464 680 497 732 Ξ
536 655 604 731 de
630 674 732 731 Job
766 693 779 728 :
810 672 959 727 Mitte
979 686 1185 725 manum
1211 678 1385 732 tuam,
1416 675 1463 720 et
1492 664 1614 719 tolle
1658 677 1773 732 qua!
1801 659 1949 714 habet
2001 655 2124 730 (Job

453 754 469 809 ῐί
535 785 593 836 ι,
624 767 735 837 ll).
764 764 901 835 Quid
928 772 1049 829 est,
1077 762 1217 817 mitte
1236 775 1441 813 manuus
1465 756 1644 811 luam?
1680 754 1753 809 Da
1783 759 2122 823 potestatem.

536 860 748 914 Manum
774 857 900 920 Dei,
930 863 1246 925 potestatem
1278 852 1369 907 Dei
1399 851 1563 915 dixit;
1595 848 1729 904 sicut
1768 845 2023 914 scriptum
2044 850 2128 898 est

534 949 642 1004 alio
666 950 783 1003 loco
814 966 828 1002 :
860 946 1003 1002 Mors
1028 957 1076 1001 et
1100 947 1202 1001 uita
1224 946 1279 1000 in
1299 942 1531 999 manibus
1556 941 1745 1012 lingua
1767 936 1949 1007 (Prov.
1974 950 2126 1000 xvnt,

534 1040 652 1109 ει).
684 1038 951 1109 Numquid
982 1038 1159 1107 lingua
1191 1037 1353 1092 habet
1379 1033 1611 1091 manus?
1640 1030 1747 1088 Sed
1777 1027 1905 1100 quid
1938 1036 2041 1094 est,
2071 1028 2129 1082 in

534 1132 769 1186 manibus
793 1131 1027 1203 tinguat?
1054 1131 1108 1185 In
1156 1137 1423 1201 potestate
1464 1127 1677 1197 linguai.
1730 1122 1869 1193 Quid
1897 1130 2014 1187 est,
2072 1120 2126 1176 in

539 1231 807 1293 potestate
838 1221 1068 1291 lingua}?
1101 1220 1180 1276 Ea:
1199 1236 1285 1275 ore
1326 1229 1412 1274 tuo
1428 1216 1828 1293 justi/imberis,
1858 1224 1906 1270 et
1939 1229 2002 1269 ex
2041 1227 2129 1267 ore

540 1325 626 1370 tuo
648 1315 1060 1370 condemnaberis
1084 1312 1297 1384 (Matth.
1325 1327 1399 1367 ιιι
1419 1351 1436 1376 ,
1463 1311 1578 1379 57).
1608 1308 1839 1364 Tenuisti
1871 1323 1990 1377 ergo
2014 1320 2128 1359 nta-

541 1425 664 1464 num
714 1408 936 1464 dextera
984 1422 1143 1471 metu,
1176 1414 1492 1476 potestatem
1521 1402 1758 1458 dexterae
1805 1415 1959 1455 meae.
1997 1397 2129 1463 Qua:

543 1512 661 1559 erat
688 1500 908 1557 dextera
937 1499 1097 1556 mea?
1132 1499 1266 1568 Quia
1321 1513 1412 1570 ego
1439 1512 1637 1566 semper
1683 1503 1865 1549 tecum.
1895 1491 1951 1547 In
1993 1490 2128 1545 sitti-

545 1602 713 1649 stram
745 1594 763 1627 ⁸
795 1593 1087 1658 habebam,
1118 1593 1240 1661 quia
1272 1606 1424 1661 pecus
1449 1590 1613 1660 factus
1631 1602 1779 1652 sum;
1798 1588 1847 1642 id
1874 1595 1976 1653 est,
2005 1585 2129 1656 quia

544 1694 754 1743 terrena
784 1687 836 1741 in
864 1700 950 1742 me
993 1685 1090 1740 t‘uit
1134 1682 1565 1754 concupiscentia
1591 1699 1606 1736 :
1640 1682 1735 1736 sed
1764 1680 1985 1736 dextera
2011 1692 2129 1733 mea

544 1789 692 1846 erat,
723 1781 844 1851 quia
870 1794 1086 1849 semper
1115 1787 1290 1835 tecum
1318 1791 1487 1833 eram.
1534 1775 1703 1845 Hujus
1734 1774 1970 1829 dexterae
1996 1786 2131 1827 mete

544 1889 758 1931 manum
805 1872 1056 1939 tenuisti,
1100 1870 1152 1927 id
1188 1878 1310 1938 est,
1362 1878 1681 1940 potestatem
1726 1868 1929 1923 resisti.
1959 1866 2131 1935 Quam

544 1976 859 2041 potestatem
882 1967 907 2021 ν
937 1965 1090 2021 Dedit
1109 1965 1181 2022 eis
1206 1973 1504 2038 potestatem
1525 1961 1661 2032 ﬁlios
1681 1960 1778 2016 Dei
1806 1962 1918 2031 ﬁeri
1944 1956 2125 2027 (Joan.

544 2076 600 2127 ι,
650 2058 743 2129 l2)
768 2077 781 2115 :
806 2060 971 2129 coepit
1012 2073 1133 2115 esse
1156 2057 1265 2127 jam
1311 2056 1450 2113 inter
1491 2056 1628 2110 lilios
1657 2052 1784 2120 Dei,
1814 2051 1881 2106 ad
1925 2050 2129 2106 Novum

544 2151 945 2208 Testamentum
974 2150 1266 2220 pertinens.
1300 2149 1433 2205 Vide
1486 2146 1755 2219 quomodo
1796 2154 2001 2201 retenta
2047 2152 2135 2200 est

548 2258 737 2298 manus
765 2242 1000 2299 destenn
1025 2242 1162 2310 ejus.
1198 2239 1265 2295 In
1297 2238 1556 2294 uoluntate
1601 2249 1689 2293 tua
1728 2234 1986 2292 deduxisti
2028 2250 2128 2290 me.

544 2335 681 2403 Quid
708 2345 824 2402 est,
854 2337 907 2390 in
930 2333 1187 2389 voluntate
1205 2336 1333 2389 tua?
1361 2334 1476 2390 Non
1497 2333 1549 2388 in
1579 2334 1785 2388 meritis
1808 2332 1961 2386 meis.
1993 2329 2132 2396 Quid

544 2436 627 2482 est
647 2469 662 2487 .
686 2427 739 2481 in
761 2427 1018 2481 voluntate
1042 2426 1170 2481 tua?
1199 2426 1334 2482 Audi
1361 2425 1697 2496 Apostolum,
1731 2425 1820 2495 qui
1850 2424 1945 2480 luit
1971 2438 2133 2493 pecns

546 2520 719 2589 primo
744 2528 952 2573 terrena
971 2518 1285 2574 desiderans
1302 2560 1318 2578 .
1345 2528 1401 2572 et
1423 2516 1714 2573 secundum
1741 2516 1902 2572 Vetus
1937 2516 2129 2573 'l'eSIa-

548 2618 786 2665 utenttnn
817 2610 1033 2673 vivens;
1064 2609 1192 2680 quid
1218 2609 1329 2664 ait?
1364 2609 1466 2678 Qui
1485 2611 1647 2680 primo
1666 2611 1744 2679 [ui
1779 2610 2130 2680 blasphemus,

545 2710 592 2755 et
619 2711 905 2772 perseeutor
921 2743 938 2766 ,
965 2711 1013 2757 et
1032 2702 1310 2772 iniuriosus
1327 2717 1347 2766 ;
1364 2703 1453 2756 sed
1474 2703 1867 2758 misericordiam
1888 2718 2133 2758 consau-

546 2801 629 2847 tus
647 2810 760 2847 sunt
783 2792 823 2866 (I
854 2791 982 2849 Tim.
1003 2809 1042 2857 ι,
1072 2794 1182 2864 l5).
1214 2793 1351 2864 Quid
1370 2803 1472 2861 est,
1494 2796 1547 2851 in
1568 2794 1822 2852 uoluntate
1843 2808 1930 2850 tua
1956 2796 1982 2850 .9
2003 2795 2133 2851 Gra-

548 2886 619 2942 tia
646 2885 739 2941 Dei
768 2904 879 2942 sum
907 2888 964 2942 id
986 2889 1123 2959 quod
1139 2906 1250 2944 sum
1282 2890 1321 2962 (Ι
1349 2887 1466 2945 Cor.
1496 2906 1566 2945 xv
1586 2931 1602 2955 ,
1631 2890 1745 2962 10).
1778 2889 1847 2944 Et
1874 2906 1988 2945 cum
2016 2892 2132 2963 glo-

546 2980 665 3033 ria’
694 2981 1010 3045 assumpsisti
1040 2998 1137 3037 me.
1167 2982 1284 3037 lam
1333 2998 1440 3053 quo
1476 2993 1784 3051 assumptus
1832 2993 1948 3050 est,
1994 2994 2049 3039 et
2078 2985 2130 3040 in

545 3086 647 3143 qua
671 3072 839 3142 gloria
863 3114 880 3141 ,
919 3073 1040 3144 quis
1061 3073 1324 3144 explicat?
1365 3073 1487 3145 quis
1525 3073 1697 3130 dicit?
1743 3074 2133 3144 Exspectemus

544 3165 648 3225 hoc
667 3205 686 3233 ,
714 3166 834 3236 quia
862 3166 914 3221 in
945 3169 1338 3223 resurrectione
1365 3168 1502 3236 erit;
1556 3168 1611 3224 in
1651 3168 1959 3226 novissimis
1981 3170 2086 3226 erit
2111 3186 2129 3226 :

547 3257 676 3316 Cum
698 3260 864 3331 gloria
878 3262 1195 3333 assumpsiin
1220 3278 1314 3318 me.

619 3353 708 3408 3i.
732 3350 881 3424 [νεη.
912 3352 1029 3425 25.]
1062 3355 1126 3408 Et
1149 3355 1312 3423 cmpit
1332 3354 1569 3425 cogitare
1616 3352 1922 3411 felicitatem
1961 3356 2131 3427 ipsam

548 3444 823 3501 caelestem
843 3487 860 3511 ,
888 3455 943 3501 et
961 3460 1183 3517 arguere
1213 3461 1271 3501 se
1293 3488 1309 3513 ,
1336 3448 1458 3518 quia
1483 3462 1647 3517 pecus
1672 3447 1768 3504 luit
1789 3491 1805 3515 ,
1837 3458 1892 3505 et
1920 3459 2130 3507 terrena

547 3536 889 3593 desideravit.
917 3536 1055 3604 Quid
1076 3539 1207 3592 enim
1254 3538 1381 3593 mihi
1404 3548 1475 3593 est
1499 3539 1554 3594 in
1586 3544 1742 3605 cato,
1777 3550 1826 3596 et
1858 3558 1891 3596 a
1928 3552 1977 3597 te
2012 3543 2134 3614 quid

545 3629 685 3689 uolui
724 3645 877 3700 super
899 3628 1121 3683 tet-rant?
1158 3628 1236 3685 Ex
1279 3645 1410 3687 voce
1455 3642 1634 3688 vestra
1683 3632 2010 3690 intellexisse
2036 3648 2134 3690 vos

552 3720 726 3776 video.
755 3719 1099 3791 Comparavit
1128 3721 1384 3777 voluntati
1427 3737 1539 3779 sua:
1585 3732 1814 3781 terretue
1852 3726 2129 3796 praemium

546 3811 769 3868 cmleste
791 3811 933 3883 quod
958 3822 1273 3884 accepturus
1293 3822 1414 3879 est;
1441 3815 1572 3870 vidit
1599 3817 1727 3888 quid
1752 3817 1824 3873 ibi
1870 3818 1970 3874 sibi
2010 3834 2130 3876 ser-

548 3912 767 3959 varetur
784 3945 800 3968 ,
824 3911 879 3959 et
897 3905 1139 3975 cogitans
1158 3947 1173 3969 ,
1204 3915 1259 3961 et
1274 3916 1506 3963 testuaus
1529 3908 1580 3963 in
1607 3909 1930 3979 cogitatione
1952 3910 2137 3982 cujus-

550 3993 673 4050 dam
696 3994 772 4051 rei
803 3994 1085 4051 ineffabilia
1108 4039 1123 4062 ,
1150 4011 1309 4068 quam
1339 4013 1440 4054 nec
1458 4000 1644 4056 oculus
1672 4000 1833 4070 vidit,
1866 4018 1964 4059 nec
1989 4005 2137 4061 auris

549 4088 784 4152 audivit,
837 4104 936 4145 nec
985 4090 1038 4144 in
1066 4104 1160 4146 cor
1204 4089 1437 4147 hominis
1486 4093 1725 4149 ascendit
1764 4092 1871 4166 (Id.
1905 4111 1976 4164 tt,
2028 4097 2133 4169 9),

552 4196 659 4237 non
684 4181 850 4247 dixit,
885 4180 1016 4237 Illud
1041 4222 1055 4246 ,
1101 4189 1194 4236 attt
1230 4181 1371 4255 illud
1411 4182 1539 4238 mihi
1571 4195 1653 4240 est
1682 4185 1733 4240 in
1758 4187 1934 4250 caelo;
1987 4188 2082 4244 sed
2117 4231 2136 4257 ,

557 4274 694 4342 Quid
714 4274 837 4328 mihi
858 4283 932 4330 est
977 4275 1031 4328 in
1071 4272 1237 4328 creto?
1261 4274 1397 4341 Quid
1428 4283 1512 4331 est
1532 4276 1658 4332 illud
1686 4277 1829 4346 quod
1859 4277 2034 4335 habeo
2082 4280 2135 4336 in

552 4366 730 4424 coelo?
752 4366 878 4437 quid
923 4367 1048 4422 est?
1076 4377 1330 4437 quantum
1377 4367 1494 4422 est?
1539 4368 1694 4438 quale
1717 4370 1842 4425 est?
1880 4368 1983 4438 Et,
2014 4385 2136 4427 cum

552 4475 661 4514 non
691 4457 877 4513 transit
900 4459 1040 4527 quod
1061 4458 1232 4513 habeo
1254 4459 1305 4512 in
1335 4459 1471 4516 cosio
1495 4500 1511 4526 ,
1542 4476 1574 4512 a
1603 4471 1651 4513 te
1669 4460 1791 4529 quid
1820 4462 1959 4517 uolui
1984 4479 2139 4535 super

554 4547 779 4604 terram!
823 4547 1019 4604 Servas
1048 4548 1177 4603 mihi
1218 4557 1273 4603 tu
1300 4567 1313 4603 :
1344 4549 1421 4604 sic
1457 4550 1630 4606 dicam
1659 4560 1718 4607 ut
1757 4567 2003 4622 possum,
2042 4556 2139 4612 sed

553 4640 678 4698 date
698 4641 906 4696 veniam
937 4657 953 4707 ;
989 4640 1216 4710 accipite
1267 4651 1515 4696 conatum
1561 4658 1768 4709 meum,
1800 4643 2138 4703 devotionem

554 4731 791 4796 nitendi;
814 4747 935 4786 nam
965 4731 1265 4800 exulicaudi
1293 4732 1434 4788 nulla
1465 4733 1686 4790 l'acultas
1705 4744 1787 4790 est
1815 4735 1873 4792 ἐ
1915 4750 2099 4792 servas
2119 4780 2137 4806 ,

553 4825 761 4897 inquit,
790 4823 917 4879 mihi
941 4832 996 4878 tu
1043 4824 1094 4880 in
1138 4826 1277 4880 cado
1303 4824 1513 4882 divitias
1558 4827 1921 4895 immortales,
1966 4838 2018 4885 te
2056 4830 2139 4900 ip-

554 4935 673 4977 sum
698 4937 713 4983 ;
741 4927 796 4973 et
821 4931 919 4988 ego
948 4917 1087 4972 volui
1117 4934 1145 4970 a
1170 4926 1223 4973 te
1251 4917 1304 4973 in
1337 4926 1478 4974 terra
1502 4920 1643 4990 quod
1674 4920 1868 4977 habent
1889 4932 1943 4977 et
1969 4923 2137 4993 impii,

551 5009 696 5083 quod
720 5010 918 5066 habent
942 5019 996 5065 et
1018 5008 1173 5072 mali,
1204 5009 1345 5079 quod
1375 5008 1572 5066 habent
1596 5022 1650 5067 et
1693 5013 2014 5080 facinerosi;
2048 5030 2142 5085 pe-

552 5105 796 5167 cuniam,
826 5116 1015 5159 aurum
1036 5143 1052 5167 ,
1074 5111 1386 5172 argentum,
1417 5118 1688 5174 gemmas,
1718 5103 1976 5171 familias;
1999 5106 2141 5177 quod

555 5198 752 5253 habent
779 5205 832 5252 et
858 5195 1101 5252 scelerati
1126 5196 1299 5261 multi,
1329 5196 1469 5266 qttod
1499 5197 1691 5252 habent
1720 5199 1901 5254 multae
1929 5198 2141 5257 femina!

555 5303 772 5362 turpes,
799 5289 948 5343 multi
974 5288 1071 5343 viri
1105 5298 1288 5357 turpes
1317 5306 1329 5342 :
1361 5288 1473 5344 haec
1501 5304 1595 5359 pro
1630 5306 1824 5360 magno
1843 5290 2142 5348 desideravi

554 5404 582 5442 a
617 5390 725 5444 Deo
751 5404 870 5445 meo
895 5403 1056 5458 super
1083 5397 1312 5453 terram,
1343 5403 1463 5442 cum
1484 5398 1665 5443 servet
1690 5405 1749 5443 se
1774 5388 1901 5444 mihi
1935 5390 1984 5444 in
2006 5390 2146 5447 cosio

560 5483 700 5540 Deus
742 5497 912 5539 meus.
940 5481 1076 5550 Quid
1103 5483 1233 5537 enim
1263 5482 1386 5535 mihi
1423 5490 1494 5535 est
1534 5483 1588 5535 in
1639 5482 1804 5537 caelo?
1848 5481 2144 5539 Ostendere

560 5574 719 5632 habet
743 5575 913 5646 ipsum
944 5572 1091 5644 quid.
1117 5572 1186 5627 Et
1208 5584 1307 5627 ate
1324 5572 1446 5639 quid
1467 5572 1604 5628 volui
1638 5590 1795 5644 super
1820 5574 2041 5629 terram?

622 5735 638 5768 ι
673 5737 747 5787 sic
763 5733 981 5785 melioris
1003 5738 1132 5783 noue
1153 5737 1258 5783 Mss.
1282 5741 1335 5784 At
1356 5733 1491 5792 Edd.,
1513 5733 1566 5784 in
1590 5732 1810 5786 sinistra.

622 5797 644 5861 ξ
675 5805 855 5846 Omnes
878 5805 981 5861 alas.
1003 5795 1094 5861 hoc
1117 5794 1238 5861 loco,
1266 5794 1318 5846 in
1335 5796 1506 5861 gloria.

624 5856 646 5888 ⁸
676 5863 803 5918 Mss,
824 5857 1007 5909 nullam
1020 5856 1313 5919 fucum.

1771 350 1833 411 s.
1863 341 2238 409 AUGUSTINI
2275 341 2579 401 EPISCOPI
3675 352 3757 412 ,η

2303 461 2392 517 3!.
2416 459 2567 533 [rem
2593 458 2711 535 26.]
2743 460 3046 531 Defeciteor
3070 476 3241 517 nteant
3274 471 3321 518 et
3344 479 3465 519 mo
3500 481 3631 533 mea,
3659 468 3757 527 Bas

2230 554 2397 609 cordis
2422 554 2521 610 mei
2573 553 2682 610 lloc
2705 568 2837 625 ergo
2858 552 2989 610 mihi
3015 564 3097 611 est
3118 555 3170 610 in
3191 556 3326 610 cmlo
3347 567 3632 623 servatum.
3653 557 3757 619 Dan

2231 647 2399 703 cordis
2426 648 2521 702 mei
2536 689 2551 711 ,
2572 658 2619 703 et
2647 664 2765 718 pars
2790 664 2900 701 mea
2929 646 3064 701 Deus
3085 663 3242 702 mens.
3271 646 3409 717 Quid
3434 658 3516 704 est
3535 691 3550 710 .
3576 649 3759 709 intra!

2234 739 2569 796 lnveuiamtts
2591 739 2808 795 divitias
2835 748 3046 795 nostras
3074 754 3090 801 ;
3121 739 3281 810 eligat
3307 740 3412 794 sibi
3441 749 3605 809 partes
3631 758 3760 813 genus

2234 831 2541 887 humanum.
2564 831 2851 887 Videamus
2881 830 3127 886 homines
3143 831 3493 901 cupiditatum
3514 834 3765 893 diversitate

2236 925 2421 981 laniari
2451 944 2465 981 :
2492 926 2689 996 eligant
2716 927 2804 981 alii
2828 925 3070 981 militiam
3090 967 3107 989 ,
3137 925 3224 980 alii
3254 926 3672 994 advocationem,
3696 931 3763 986 alii

2235 1019 2476 1075 diversas
2502 1020 2783 1089 variasque
2802 1020 3079 1075 d0vtrinas
3095 1060 3111 1081 .
3136 1020 3226 1074 alii
3257 1020 3682 1091 negotiationem,
3698 1025 3764 1078 alii

2233 1112 2641 1183 agriculturam;
2668 1111 2799 1167 istas
2828 1120 3003 1182 partes
3024 1112 3122 1167 sibi
3150 1110 3339 1167 faciant
3363 1114 3436 1166 de
3459 1111 3607 1168 rebus
3624 1111 3765 1169 bunu-

2233 1204 2319 1260 nis
2346 1223 2359 1259 :
2387 1205 2579 1262 clamet
2611 1206 2833 1277 populus
2858 1206 2952 1262 Dei
2977 1246 2996 1272 ,
3022 1203 3154 1260 Pars
3183 1222 3296 1275 mea
3325 1204 3471 1261 Deus
3511 1223 3655 1262 meas.
3679 1207 3766 1264 Non

2233 1294 2301 1352 ad
2329 1304 2536 1366 tempus
2562 1311 2686 1367 pars
2713 1312 2867 1362 mea;
2914 1296 3010 1351 sed
3057 1313 3177 1368 pars
3205 1312 3315 1352 mea
3352 1295 3496 1353 Deus
3530 1297 3579 1352 in
3602 1301 3763 1354 male.

2236 1389 2435 1443 Aurum
2461 1391 2559 1444 etsi
2595 1403 2810 1460 semper
2847 1390 3053 1455 habeo,
3083 1388 3215 1460 quid
3241 1388 3463 1444 habeo?
3517 1391 3663 1445 Deum
3692 1393 3765 1446 etsi

2234 1495 2342 1534 non
2369 1494 2583 1550 semper
2608 1480 2858 1536 haberem
2889 1482 2939 1545 ί,
2987 1496 3148 1553 quam
3194 1495 3450 1551 magnum
3483 1479 3660 1536 bonum
3702 1482 3767 1538 ha-

2235 1570 2450 1627 berem!
2478 1571 2590 1627 lluc
2613 1570 2819 1627 accedit
2842 1573 2965 1642 quia
3009 1571 3138 1627 mihi
3182 1571 3422 1641 seipsum
3452 1575 3767 1640 pnuuittit,et

2236 1660 2289 1716 id
2320 1675 2406 1717 me
2431 1661 2481 1717 in
2504 1672 2763 1717 aeternum
2799 1661 3103 1717 habiturum
3133 1663 3418 1731 promittit.
3452 1661 3662 1716 Tantum
3698 1663 3766 1718 hac

2234 1753 2338 1810 beo
2360 1797 2377 1823 ,
2406 1765 2462 1811 et
2489 1771 2758 1827 nunquam
2789 1772 2895 1811 non
2921 1756 3125 1811 habeo!
3177 1754 3365 1824 Magna
3399 1755 3646 1811 felicitas!
3674 1754 3767 1810 Pars

2235 1865 2349 1904 mea
2389 1846 2544 1903 Deus.
2572 1848 2874 1917 Quamdiu?
2916 1847 2983 1903 In
3025 1848 3235 1905 saecula.
3263 1847 3531 1915 Quoniam
3551 1861 3660 1903 ecce
3683 1846 3769 1903 vids

2236 1941 2506 2013 quomodo
2532 1942 2678 1997 illum
2720 1943 2955 2008 amavit;
2985 1942 3109 1997 fecit
3131 1956 3230 1996 cor
3251 1953 3503 1997 castum:
3546 1938 3665 2019 Dens
3685 1956 3768 1994 cor-

2236 2035 2315 2091 dis
2333 2037 2431 2090 mei
2448 2076 2464 2101 ,
2496 2046 2543 2091 et
2573 2053 2694 2106 pars
2714 2053 2824 2091 mea
2846 2035 2984 2090 Deus
3027 2036 3080 2089 in
3107 2034 3313 2090 saecula.
3358 2032 3577 2090 Factum
3602 2042 3674 2089 est
3703 2047 3771 2088 eor

2235 2139 2480 2194 castum;
2506 2129 2671 2200 gratis
2690 2129 2799 2199 jam
2830 2143 3038 2185 amatur
3066 2129 3204 2184 Dens
3225 2169 3243 2195 ,
3277 2143 3388 2182 non
3415 2128 3484 2182 ab
3510 2127 3596 2182 illo
3621 2127 3771 2196 petitur

2236 2223 2381 2277 aliud
2420 2223 2715 2291 praemium.
2760 2223 2858 2292 Qui
2882 2222 3024 2278 aliud
3056 2222 3335 2292 przeminm
3380 2220 3512 2291 petit
3535 2235 3565 2274 ιι
3592 2218 3772 2285 Deo,et

2238 2326 2523 2388 propterea
2560 2317 2674 2372 vult
2718 2316 2923 2372 servire
2970 2315 3113 2375 Deo.
3144 2314 3324 2371 carius
3359 2312 3486 2371 facit
3526 2312 3655 2384 quod
3689 2312 3770 2367 vult

2237 2410 2517 2479 accipere,
2574 2425 2734 2480 quam
2786 2410 2957 2478 ipsum
3000 2423 3031 2463 a
3087 2422 3193 2477 quo
3229 2407 3347 2460 vult
3372 2406 3629 2475 accipere.
3669 2402 3767 2473 Quid

2236 2502 2399 2572 ergo?
2426 2501 2627 2557 nullum
2652 2502 2924 2571 praemium
2957 2500 3050 2556 Dei
3073 2500 3096 2555 ?
3124 2498 3375 2563 Nullum,
3412 2506 3598 2568 ιιι-πιαι-
3619 2498 3764 2565 iouia.

2237 2594 2522 2651 Praemium
2554 2594 2646 2650 Dei
2670 2637 2686 2661 ,
2716 2595 2830 2664 ipse
2855 2594 2992 2648 Deus
3013 2601 3116 2648 est.
3149 2591 3261 2648 lloc
3282 2601 3467 2657 amat,
3494 2589 3590 2646 hoc
3614 2588 3765 2657 diligit:

2237 2688 2282 2744 si
2307 2686 2448 2743 aliud
2478 2686 2762 2752 dilexerit,
2793 2702 2897 2741 non
2938 2686 3039 2741 erit
3080 2696 3257 2740 castus
3282 2699 3458 2739 amor.
3507 2680 3766 2739 Recedisab

2238 2782 2360 2851 igne
2402 2781 2720 2846 immortali;
2752 2778 3006 2850 frigesces
3026 2821 3043 2845 ,
3093 2777 3484 2849 corrumperis.
3521 2775 3630 2832 Noli
3661 2789 3767 2830 rece-

2236 2872 2399 2936 dere;
2431 2873 2703 2943 corruptio
2733 2881 2821 2928 tua
2847 2873 2985 2939 erit,
3016 2871 3295 2927 fornicatio
3323 2881 3412 2926 tua
3442 2870 3563 2927 erit.
3587 2868 3766 2926 lsmiste

2236 2963 2404 3032 redit,
2427 2966 2537 3035 jam
2570 2965 2730 3021 istum
2762 2964 2981 3034 ptenitet
3004 3005 3020 3029 ,
3043 2964 3153 3034 jam
3184 2962 3556 3034 pmnitentiam
3600 2961 3684 3016 iste
3699 2958 3767 3013 eli-

2235 3058 2345 3131 git,
2368 3058 2478 3127 jam
2503 3058 2666 3125 dicit,
2703 3058 2835 3113 Pars
2858 3075 2967 3113 mea
2991 3056 3148 3113 Deus.
3182 3057 3243 3112 Et
3284 3053 3556 3127 quomodo
3587 3053 3765 3111 delecta-

2239 3160 2325 3206 tur
2353 3151 2405 3205 in
2430 3150 2546 3221 ipso
2569 3193 2583 3214 ,
2609 3166 2765 3218 quem
2794 3150 2893 3204 sibi
2926 3159 3128 3219 partem
3155 3148 3315 3218 elegit
3341 3150 3358 3204 !

2308 3241 2397 3297 55.
2428 3238 2580 3314 [νει-ε.
2606 3239 2725 3314 27.]
2749 3228 2881 3295 Ecce
2916 3242 3001 3311 qui
3039 3241 3187 3312 longe
3211 3255 3267 3295 se
3307 3239 3509 3310 faciunt
3528 3254 3560 3292 a
3594 3246 3659 3302 te.
3682 3251 3763 3307 ptr-

2233 3331 2394 3388 ibant.
2416 3332 2518 3389 Iste
2534 3346 2662 3403 ergo
2689 3333 2909 3387 recessit
2936 3348 2967 3388 a
3001 3333 3108 3388 Deo
3132 3372 3149 3399 ,
3178 3332 3272 3388 sed
3314 3348 3426 3388 non
3457 3332 3603 3402 longe
3632 3348 3643 3385 :
3675 3328 3762 3399 quis

2235 3428 2380 3498 quasi
2407 3442 2557 3498 pecus
2581 3427 2748 3498 {actus
2770 3442 2883 3481 sum
2907 3468 2922 3488 ,
2948 3427 3157 3496 inquit,
3187 3434 3235 3480 et
3270 3442 3370 3496 ego
3415 3441 3600 3495 semper
3626 3431 3759 3476 testim

2237 3518 2314 3576 Illi
2347 3534 2477 3575 vero
2506 3518 2664 3590 longe
2694 3527 3068 3585 recesserunt,
3101 3518 3221 3589 quia
3279 3533 3391 3573 non
3419 3517 3581 3574 solum
3606 3524 3762 3569 terrena

2238 3611 2680 3669 desideraverunt
2696 3651 2711 3677 ,
2740 3609 2835 3667 sed
2861 3625 2924 3667 ea
2950 3624 2980 3664 a
3006 3609 3342 3665 daemonibus
3370 3616 3471 3666 eta
3496 3604 3760 3673 diabolope-

2242 3706 2457 3762 tierunt.
2490 3705 2593 3771 Qui
2617 3705 2841 3777 longese
2868 3704 3063 3776 faciant
3088 3719 3123 3757 a
3169 3713 3254 3769 te,
3302 3703 3554 3774 peribunt.
3597 3694 3758 3768 thuitl

2239 3808 2357 3865 est,
2387 3798 2544 3869 longe
2567 3813 2596 3851 a
2629 3798 2738 3853 Deo
2760 3797 2915 3851 ﬁeri?
2944 3794 3225 3851 Perdidisti
3248 3812 3451 3852 omnem
3483 3795 3565 3867 qui
3600 3790 3759 3863 fortuito

2239 3899 2324 3945 tur
2340 3892 2431 3946 abs
2455 3901 2519 3946 te.
2550 3890 2682 3947 linic
2707 3888 3043 3946 fornicationi
3073 3889 3381 3945 cotttrarins
3428 3898 3507 3943 est
3545 3900 3671 3942 amor
3695 3897 3757 3940 ca-

2240 3993 2376 4038 stus.
2406 3982 2540 4052 Quis
2575 3993 2660 4039 cst
2699 3998 2853 4037 amor
2890 3982 3100 4037 castus?
3135 3984 3290 4037 Amat
3320 3982 3438 4053 jam
3472 3979 3629 4035 anima
3653 3989 3759 4046 span-

2241 4089 2360 4131 sum
2386 4090 2542 4130 suum
2573 4095 2586 4129 :
2610 4076 2737 4146 quid
2762 4075 2830 4130 ab
2860 4075 2949 4130 illo
2969 4075 3191 4146 qumrit,
3221 4073 3290 4128 ab
3310 4087 3515 4145 sponso
3541 4086 3625 4129 suo
3645 4080 3757 4140 quem

2241 4166 2459 4240 diligit!
2488 4166 2650 4223 Forte
2675 4167 2945 4239 quomodo
2963 4167 3062 4223 sibi
3084 4167 3288 4238 eligunt
3314 4165 3554 4220 homines
3591 4169 3667 4215 aut
3692 4170 3757 4228 ge-

2243 4275 2438 4329 neros,
2466 4269 2558 4316 aut
2585 4274 2810 4330 sponsos
2841 4260 3079 4325 l'emium;
3119 4258 3267 4329 eligit
3316 4257 3457 4313 forte
3482 4254 3693 4313 divitias,
3722 4255 3758 4300 et

2243 4368 2431 4410 aurum
2461 4355 2577 4423 ejus
2605 4361 2748 4409 amat
2772 4396 2787 4417 ,
2817 4362 2870 4408 et
2895 4351 3087 4408 fundos
3111 4394 3125 4416 ,
3155 4360 3211 4407 et
3243 4361 3521 4422 argentum
3541 4391 3556 4415 ,
3579 4355 3623 4401 et
3643 4356 3755 4413 pm"-

2245 4446 2387 4502 niam
2412 4486 2429 4510 ,
2452 4455 2507 4500 et
2531 4459 2701 4514 equos
2723 4485 2740 4510 ,
2769 4451 2824 4499 et
2842 4443 3092 4498 familiam
3115 4483 3132 4507 ,
3155 4452 3211 4498 et
3245 4450 3462 4497 cst-tera.
3502 4436 3630 4495 Absit
3654 4451 3664 4486 :
3689 4433 3756 4485 iste

2245 4539 2418 4609 ipsum
2441 4537 2613 4591 solum
2636 4545 2813 4598 autat,
2859 4534 3024 4606 gratis
3048 4542 3230 4598 amat;
3276 4537 3403 4604 quia
3436 4532 3485 4586 in
3513 4530 3613 4599 ipso
3645 4521 3754 4579 habet

2244 4629 2455 4694 omnia,
2487 4629 2607 4700 quia
2655 4644 2749 4699 per
2787 4628 2957 4699 ipsum
3013 4626 3146 4682 facta
3201 4635 3324 4681 sunt
3351 4624 3524 4679 omnia
3553 4618 3753 4688 (lous-li

2244 4719 2323 4794 5).
2366 4719 2645 4776 Perdidisti
2664 4762 2678 4783 ,
2704 4719 2911 4788 inquit,
2939 4733 3139 4771 omnem
3159 4717 3245 4785 qui
3266 4718 3544 4787 fornicatur
3563 4709 3634 4765 abs
3655 4719 3702 4761 ιι.

2317 4812 2407 4868 54.
2439 4810 2591 4885 [νινε.
2614 4808 2731 4882 28.]
2778 4808 2856 4864 Tu
2886 4818 3062 4865 autem
3091 4806 3216 4877 quid
3267 4804 3443 4861 facis?
3491 4802 3604 4857 Mihi
3636 4803 3752 4851 naias

2253 4904 2517 4960 adhaerere
2549 4904 2650 4956 Dm
2674 4904 2857 4955 bonum
2897 4910 2991 4956 est.
3021 4899 3136 4956 Hoc
3158 4910 3242 4955 est
3262 4909 3429 4954 totum
3459 4899 3644 4952 bonum.
3667 4885 3751 4940 inl-

2251 4999 2320 5054 tis
2348 4996 2609 5067 amplius?
2637 4994 2800 5051 Doleo
2828 4994 3087 5049 volentes.
3117 4991 3338 5048 Fratres
3356 5032 3372 5056 ,
3394 4989 3513 5061 quid
3534 4986 3664 5040 vultis
3682 4992 3750 5031 am-

2248 5088 2428 5160 plius?
2455 5089 2563 5143 Deo
2583 5086 2860 5141 adluerere
2886 5083 3014 5139 nihil
3041 5093 3126 5138 est
3165 5084 3354 5138 melius
3377 5125 3393 5148 ,
3445 5076 3630 5151 quando
3666 5082 3747 5160 etut!

2245 5158 2547 5239 videbimus
2578 5179 2711 5234 facie
2736 5176 2803 5232 ad
2857 5176 3043 5231 faciem
3090 5173 3131 5246 (I
3163 5172 3279 5230 Cor.
3321 5189 3352 5228 ι
3379 5188 3446 5234 n,
3499 5167 3596 5234 l2).
3642 5158 3747 5214 Nudo

2251 5290 2382 5345 ergo
2409 5273 2572 5345 quid?
2600 5271 2732 5339 Quia
2763 5269 2937 5325 adhuc
2953 5268 3259 5339 peregrinus
3285 5268 3467 5333 loquor
3489 5281 3502 5317 :
3530 5257 3745 5314 Adhmm.

2254 5367 2424 5438 inquit
2443 5407 2456 5427 ,
2489 5363 2594 5418 Deo
2616 5363 2800 5418 bonum
2830 5370 2900 5416 est
2924 5376 2942 5425 ;
2975 5360 3070 5414 sed
3102 5357 3259 5413 modo
3288 5357 3339 5411 in
3367 5345 3671 5427 peregrinatio
3697 5351 3743 5393 ε.

2254 5463 2374 5534 quia
2404 5458 2638 5515 nondum
2680 5459 2823 5511 venit
2869 5469 2979 5519 res,
3014 5452 3210 5507 Ponere
3247 5453 3298 5504 in
3341 5448 3440 5502 Deo
3471 5458 3592 5515 spem
3618 5446 3739 5490 νυνι

2256 5551 2518 5624 Quamdiu
2567 5565 2693 5620 ergo
2736 5548 2973 5604 nondum
3003 5544 3307 5609 adlursisti,
3355 5543 3419 5595 ibi
3465 5549 3584 5608 pune
3622 5536 3736 5624 ait“

2257 5617 2539 5709 ﬁluctuas:
2571 5617 2835 5716 pra‘mitte
2852 5641 2919 5696 ad
2944 5652 3136 5696 terram
3162 5651 3423 5691 ancoram.
3443 5625 3645 5716 Nondum

2262 5756 2350 5799 res
2381 5755 2473 5812 per
2498 5737 2866 5811 pnescntiam;
2895 5735 3093 5791 inbuere
3118 5748 3213 5804 per
3234 5746 3398 5799 spem.
3423 5724 3594 5780 Ponere
3614 5715 3654 5768 in
3673 5708 3738 5762 Ιλα

2331 5857 2349 5889 ί
2383 5856 2455 5904 Sic
2476 5851 2710 5904 meliores
2723 5856 2831 5901 uss.
2853 5847 3055 5910 AtEdd.,
3070 5833 3659 5908 Hmisanqu
3674 5826 3731 5872 αθ
