3966 6452
184 363 286 422 933

184 474 300 546 quia
332 468 559 526 terrenis
601 467 989 527 inhaerebamus
1016 508 1030 536 ,
1062 475 1116 543 et
1146 474 1414 543 pastorem
1447 480 1552 520 non
1596 479 1765 547 agno-

184 567 458 621 srebamus
477 561 503 617 ἓ

252 659 302 713 5.
337 654 465 729 [vers
517 652 597 727 2.]
633 654 881 708 Memento
908 650 1310 723 congregationis
1333 658 1452 717 tua',
1472 667 1624 722 quam
1651 665 1767 721 pos-

183 751 347 805 sedish
377 748 438 800 ab
452 746 615 800 initio.
637 743 900 815 Numquid
928 744 1025 799 ista
1045 753 1219 817 potest
1238 756 1358 799 esse
1375 759 1472 798 rox
1490 742 1765 799 Gentium?

184 839 436 912 ntunqu‘d
457 840 656 895 Gentes
686 839 922 909 possedit
949 837 1017 893 ab
1047 837 1240 893 initio?
1275 837 1385 895 Sed
1416 838 1647 909 possedit
1674 852 1764 893 se-

182 950 295 990 men
317 932 562 992 Aluaiue,
584 931 831 1001 populum
859 928 1019 986 tsrael
1048 931 1205 986 etiam
1231 929 1523 987 secundum
1546 945 1762 985 carnem

182 1036 353 1080 natum
385 1022 451 1077 de
482 1020 801 1078 l‘atriarcitis
820 1064 834 1087 ,
865 1022 1101 1094 patribus
1126 1023 1364 1090 nostris;
1411 1039 1637 1094 quorum
1667 1035 1764 1077 nos

180 1115 264 1170 lilii
293 1114 410 1169 lacti
442 1129 645 1177 sumus,
671 1130 775 1168 nmt
804 1114 1063 1170 veniendo
1088 1114 1155 1170 de
1181 1130 1369 1185 carne,
1388 1114 1481 1169 sed
1509 1113 1764 1168 imitando

180 1206 350 1262 tidem.
372 1203 453 1259 illi
471 1215 645 1260 autem
662 1221 690 1260 a
711 1206 822 1260 Deo
849 1207 1077 1283 possessi
1104 1207 1170 1262 ab
1201 1207 1368 1271 initio,
1388 1206 1514 1277 quid
1541 1208 1617 1263 eis
1635 1220 1765 1262 con-

178 1296 321 1367 tigit?
351 1295 605 1351 Memento
636 1298 1035 1369 congregationis
1060 1308 1163 1353 tute
1184 1341 1199 1364 ,
1231 1314 1382 1369 quam
1413 1298 1675 1371 possedisti
1698 1298 1763 1353 ab

176 1389 330 1441 initio.
354 1385 626 1443 Redemisti
651 1389 842 1461 virgam
870 1389 1178 1445 hereditatis
1202 1401 1319 1446 tute.
1344 1390 1519 1461 Ipsam
1540 1405 1762 1462 congreo

174 1481 435 1550 gationetn
462 1486 629 1543 tuam,
651 1482 842 1553 rirguttt
872 1481 1177 1537 htereditutis
1197 1493 1299 1537 tua:
1319 1481 1590 1538 redemisti.
1616 1481 1761 1540 lianc

173 1573 335 1643 ipsam
362 1575 829 1651 tetigt-egationetn
846 1576 980 1632 dixit
1011 1577 1201 1650 virgam
1226 1577 1552 1633 htereditatis.
1575 1578 1762 1651 Respi-

173 1667 369 1722 ciamus
398 1648 705 1723 adductum
736 1671 996 1743 primum,
1043 1648 1255 1742 qtmttdt)
1284 1673 1445 1727 voluit
1487 1648 1761 1744 possidere

172 1761 332 1827 ipsam
352 1765 840 1835 congregationem,
859 1763 1087 1820 liberans
1106 1766 1250 1821 illam
1265 1764 1332 1821 de
1348 1764 1600 1839 Egypto,
1620 1764 1760 1837 quod

172 1854 371 1923 signum
403 1853 612 1909 dederit
635 1853 837 1929 Moysi,
870 1872 992 1915 cum
1018 1856 1216 1912 diceret
1246 1857 1456 1926 Moyses
1481 1856 1529 1912 ei
1564 1874 1576 1910 :
1612 1856 1763 1924 Quod

173 1948 361 2017 signum
411 1948 543 2003 dabo
563 1991 576 2011 ,
610 1959 662 2002 nt
707 1949 913 2004 credant
946 1949 1071 2004 mihi
1096 1951 1214 2023 quia
1256 1962 1308 2005 tu
1340 1969 1416 2019 nte
1446 1951 1625 2006 misisti
1642 1951 1667 2006 ?
1695 1950 1763 2007 Et

176 2038 303 2094 Deus
327 2042 399 2095 ait
427 2042 499 2095 ad
519 2041 666 2107 illum
698 2060 717 2099 :
750 2044 889 2112 Quid
911 2045 962 2099 in
999 2062 1153 2115 manu
1177 2055 1262 2101 tua
1291 2047 1502 2118 partas?
1536 2046 1757 2124 Virgam,

175 2129 369 2202 Profice
391 2135 541 2193 illum
565 2137 616 2190 in
646 2147 848 2197 terram.
875 2136 937 2192 Et
960 2139 1148 2193 dimisit
1176 2140 1367 2213 virgam
1398 2140 1448 2194 in
1479 2148 1695 2208 terram,
1715 2151 1761 2195 et

169 2220 299 2296 facta
325 2240 397 2281 est
428 2246 669 2301 serpens;
694 2240 741 2283 et
766 2232 963 2303 expavit
994 2229 1215 2303 Moyses,
1244 2242 1290 2289 et
1316 2233 1444 2305 fugit
1476 2233 1675 2309 Moyses
1700 2234 1761 2291 ab

169 2308 242 2373 eo.
286 2317 350 2372 Et
375 2320 453 2372 ait
490 2319 569 2376 illi
593 2317 845 2381 Dominus
873 2339 891 2377 :
926 2322 1261 2397 Apprehende
1289 2324 1504 2387 caudam
1535 2308 1661 2398 ejus.
1698 2324 1762 2381 Et

170 2412 504 2482 apprehendit
528 2428 546 2478 ,'
576 2422 621 2468 et
649 2429 843 2470 reversa
870 2425 941 2471 est
967 2416 1017 2470 in
1044 2426 1229 2477 statum
1249 2434 1417 2485 suum,
1439 2418 1579 2493 virga
1604 2420 1757 2493 facta,

170 2503 293 2556 sicut
318 2514 474 2559 antea
502 2506 642 2583 virga
670 2518 777 2561 erat
806 2506 997 2580 (Exod.
1030 2525 1102 2573 tv,
1133 2510 1275 2579 1-4).
1300 2509 1437 2581 Quid
1463 2490 1763 2582 signiﬁcat?

172 2609 272 2655 non
302 2594 449 2650 enim
493 2595 687 2653 frustra
731 2597 925 2653 factum
970 2608 1071 2656 est.
1102 2599 1491 2674 lnterrogemns
1536 2602 1765 2669 Litteras

173 2680 284 2739 Dei.
306 2686 445 2754 Quid
476 2704 698 2763 serpens
723 2693 982 2762 persuasit
1008 2691 1480 2749 hominiﬂlortem
1512 2693 1663 2766 (Gen.
1684 2713 1759 2767 tu,

174 2776 224 2843 ὅ,
244 2777 319 2847 5).
354 2777 501 2861 Ergo
529 2797 674 2837 mors
701 2797 730 2836 a
760 2796 1028 2854 serpente.
1054 2784 1111 2840 Si
1135 2801 1278 2843 mors
1306 2802 1335 2840 a
1365 2799 1634 2860 serpente,
1656 2791 1765 2844 vir-

172 2885 233 2940 ga
266 2872 317 2925 in
346 2883 632 2947 serpente,
666 2874 912 2933 Christus
938 2878 989 2933 in
1020 2885 1211 2934 morte.
1248 2878 1368 2945 ideo
1392 2881 1552 2937 etiam
1582 2898 1702 2938 cum
1732 2897 1763 2941 ει

173 2966 514 3035 serpentibus
533 2968 583 3024 iu
603 2966 816 3023 deserto
831 2970 1202 3027 morderentur
1218 2980 1271 3026 et
1289 2982 1621 3036 necarentur,
1641 2989 1767 3043 prte-

173 3056 309 3125 cepit
338 3055 598 3114 Dominus
626 3059 792 3139 Moysi
815 3103 831 3129 ,
864 3070 921 3115 ιιι
946 3070 1247 3137 serpentem
1279 3079 1483 3119 aeneum
1510 3065 1767 3122 exultaret

172 3147 222 3202 in
246 3166 472 3219 ereum,
502 3160 556 3219 et
583 3151 893 3210 admoneret
920 3156 1169 3233 populum
1193 3198 1210 3225 ,
1239 3167 1295 3212 ut
1319 3157 1556 3231 quisquis
1585 3174 1615 3214 a
1647 3176 1764 3219 ser-

170 3252 324 3312 pente
337 3258 559 3298 matrsns
572 3244 887 3310 esset,i|lutn
905 3246 1595 3324 intueretur,etsanaretur(
1607 3250 1654 3304 Ν
1659 3268 1762 3307 um.

175 3346 259 3386 ut
280 3375 294 3395 .
318 3335 386 3401 8,
422 3345 467 3389 et
491 3330 647 3393 Joun.
678 3352 731 3393 ιιι
754 3377 768 3401 ,
800 3337 907 3409 Η).
930 3324 1018 3393 Sic
1043 3347 1095 3393 et
1121 3340 1310 3405 lit-iuit;
1340 3341 1415 3396 sic
1444 3350 1497 3396 et
1523 3341 1767 3405 homines

180 3439 209 3478 a
238 3430 458 3484 venenis
478 3472 493 3495 ,
527 3434 685 3485 ll:t)l‘st
708 3447 736 3485 a
759 3432 1095 3507 serpentibus
1116 3474 1130 3496 ,
1159 3433 1484 3490 sanabuntur
1509 3435 1766 3497 intuendo

181 3531 505 3587 serpentem.
538 3521 577 3577 S
592 3524 721 3576 mari
740 3538 769 3576 ιι
787 3534 1051 3591 serpente,
1073 3540 1322 3600 maguum
1350 3532 1762 3595 sacramentutttt

181 3609 310 3685 Quill
339 3625 441 3679 ea,
465 3615 686 3679 intuenti
709 3634 720 3665 ι
745 3625 1047 3691 serpentem
1073 3620 1246 3685 sanari
1280 3636 1317 3679 ιι,
1339 3624 1622 3690 serpente?
1640 3624 1769 3679 Cre-

181 3702 352 3763 dendo
370 3708 419 3763 in
454 3718 721 3771 mortuum
739 3710 929 3765 salvari
947 3726 974 3765 a
994 3725 1183 3769 morte.
1209 3712 1274 3773 Et
1302 3722 1477 3773 tamen
1507 3717 1768 3787 expavitet

182 3786 307 3869 fugit
340 3797 562 3877 Moyses.
594 3800 731 3879 Quid
756 3808 837 3857 est
856 3841 871 3862 ,
903 3800 973 3867 ab
999 3800 1089 3861 illo
1114 3811 1363 3871 serpente
1390 3786 1587 3878 fugisse
1615 3808 1765 3881 litor-

180 3886 310 3939 sen?
334 3889 495 3958 Quid,
526 3890 734 3957 fratres,
768 3892 867 3945 nisi
898 3891 1039 3963 quod
1066 3892 1261 3953 scimus
1290 3893 1342 3948 in
1373 3894 1663 3966 Evangelia
1686 3899 1766 3959 ta-

180 3978 360 4031 ctum?
389 3981 629 4036 Mortuus
652 3992 733 4036 est
759 3978 999 4037 Christus
1020 4022 1033 4044 .
1066 3992 1121 4041 et
1146 3997 1471 4055 expaverunt
1498 3988 1762 4060 discipuli,

180 4073 232 4153 ct
255 4068 322 4123 ab
350 4069 439 4127 illa
468 4089 562 4141 spe
603 4073 653 4127 in
681 4090 781 4144 qua
814 4074 1020 4137 fuerant
1047 4087 1383 4137 recesserunt.
1420 4076 1568 4153 (an.
1602 4099 1725 4145 μιν
1746 4126 1762 4152 ,

180 4152 291 4249 ξι).
339 4162 449 4220 Sed
474 4162 600 4233 quid
642 4165 845 4231 dictum
867 4166 986 4227 est?
1015 4167 1346 4241 Apprehende
1383 4152 1596 4231 condant
1633 4176 1763 4249 ejus.

180 4245 312 4315 Quid
344 4265 429 4309 est
449 4296 463 4317 ,
496 4255 752 4321 caudam?
776 4256 1072 4327 Posteriol‘a
1103 4261 1515 4335 cmupt'ebcnde.
1550 4245 1666 4321 Hoc
1688 4266 1766 4322 si-

177 4341 517 4429 gnilimvitt-t
543 4347 666 4403 illud
688 4366 700 4401 :
723 4346 1014 4410 Posteriora
1035 4368 1145 4408 mea
1165 4352 1351 4409 videbis
1368 4353 1559 4429 (listed.
1582 4373 1764 4425 sunt,

178 4427 290 4504 23).
325 4434 506 4493 Primo
553 4440 718 4495 tactus
764 4457 982 4519 serpens
1002 4484 1017 4507 ,
1046 4444 1141 4501 sed
1185 4446 1350 4502 cauda
1380 4427 1597 4504 retenta
1629 4449 1765 4505 facta

181 4524 361 4597 virga;
392 4531 563 4600 primo
588 4534 796 4597 occisus
817 4578 831 4597 ,
864 4546 1044 4607 po.-tea
1073 4543 1382 4599 resurrexit.
1414 4542 1507 4598 Est
1530 4546 1687 4600 etiam
1713 4546 1765 4603 in

180 4620 346 4673 cauda
377 4628 640 4695 serpentis
666 4627 783 4681 linis
810 4630 1023 4698 surculi;
1044 4633 1163 4705 quia
1188 4636 1268 4690 sic
1292 4637 1450 4693 modo
1476 4641 1766 4697 mortalitas

182 4709 435 4772 Ecclesiae
462 4718 689 4773 ambulat
725 4736 739 4770 :
772 4719 858 4774 alii
889 4731 1038 4789 eunt,
1063 4725 1149 4791 alii
1178 4728 1396 4782 veniunt
1421 4744 1513 4798 per
1541 4744 1765 4789 tum-tem

181 4810 431 4879 tauquam
464 4826 558 4881 per
585 4823 887 4881 serpentem
907 4856 921 4876 .
955 4817 1071 4893 quia
1102 4832 1134 4887 ξι
1161 4830 1407 4888 serpente
1434 4837 1579 4878 mors
1605 4828 1766 4882 semi-

181 4909 301 4954 nata
331 4913 408 4957 est
432 4924 447 4966 ;
474 4905 567 4960 sed
600 4906 649 4959 itt
680 4907 781 4961 line
810 4909 1011 4974 Stet-nti,
1045 4919 1288 4978 tanquam
1318 4914 1507 4983 cauda,
1534 4917 1766 4977 redimus

178 4988 242 5043 :Id
274 5009 489 5057 manum
518 4999 701 5067 ticket
731 4999 995 5061 eﬂit‘ilttttt‘
1019 5003 1305 5061 stabilittun
1331 5021 1549 5076 regnum
1580 5008 1691 5073 Dei,
1711 5020 1767 5065 ut

180 5080 463 5149 impleatur
490 5090 541 5161 iu
571 5091 722 5149 nobis
740 5134 757 5155 ,
792 5092 1063 5153 Redemiin
1087 5095 1276 5166 virgam
1301 5098 1605 5157 ha‘reditatis
1643 5110 1761 5159 (ita.

178 5168 278 5227 Sed
298 5180 419 5248 quia
438 5185 725 5256 Syttagogte
744 5200 844 5241 rux
871 5198 946 5241 est
966 5204 982 5253 ;
1003 5188 1271 5259 redempta
1288 5199 1463 5247 auten
1492 5194 1639 5265 virga
1657 5194 1765 5254 ba:-

178 5266 416 5326 rcditatis
435 5274 525 5331 tiei
546 5277 713 5345 magis
737 5289 959 5348 apparet
979 5282 1030 5335 in
1054 5280 1339 5351 Gentibus,
1353 5287 1555 5345 ηοωιιιιι
1585 5301 1762 5346 autem

175 5362 299 5448 spes
323 5358 654 5433 Jlltiﬂ‘Oﬂlltt,
672 5371 753 5424 vel
781 5384 964 5425 eorum
982 5375 1071 5445 qui
1103 5374 1257 5435 tutori
1285 5388 1405 5433 sunt
1439 5388 1494 5433 ut
1519 5381 1758 5448 credant,

177 5444 255 5539 fel
278 5464 466 5510 eorum
493 5457 581 5528 qui
608 5473 672 5513 eo
699 5468 936 5531 tempore
963 5444 1329 5535 crediderunt,
1362 5470 1573 5539 quando
1601 5444 1764 5531 misso

175 5531 374 5636 Spiritu
416 5559 604 5609 Sancto
622 5594 637 5618 ,
666 5552 908 5623 discipuli
938 5558 1171 5623 animum
1193 5531 1429 5631 gentium
1458 5564 1650 5636 linguis
1680 5567 1763 5622 lo-

173 5630 277 5719 ettti
310 5648 435 5691 sunt
462 5639 595 5708 (Act.
630 5658 688 5707 Il,
711 5643 788 5712 4).
820 5643 970 5701 Tune
992 5648 1139 5707 cuius
1164 5630 1364 5719 aliquot
1393 5630 1563 5709 millia
1583 5655 1764 5712 delu-

169 5712 301 5824 itris
330 5725 466 5798 ipsis
496 5736 686 5791 Christi
714 5738 1118 5807 crucilittoribus
1159 5712 1527 5817 crediderunt;
1560 5759 1614 5807 et
1640 5753 1761 5824 quia

173 5816 341 5887 Nolle
366 5822 577 5888 inventi
617 5841 802 5902 erant,
835 5833 905 5889 ita
934 5836 1307 5908 ert-ditiorum.
1338 5852 1395 5899 ut
1436 5847 1613 5902 omnia
1642 5816 1760 5922 quae

1218 350 1614 407 ENathTIO
1656 349 1719 406 IN
1760 346 2080 423 essanun
2120 348 2354 407 Lxxut.

3359 358 3465 435 ινξιι

1876 460 2144 519 habebant
2171 466 2479 529 venderent,
2504 475 2556 523 et
2582 468 2750 537 pretia
2778 484 2956 525 rerum
2988 487 3201 528 suarunt
3229 485 3353 531 ante
3378 494 3466 546 pe-

1994 556 2368 623 Apostolorum
2399 570 2657 631 ponerent
2688 560 2821 633 (Art.
2845 578 2918 629 tv,
2944 565 3052 634 5t).
3079 566 3209 639 Quia
3229 585 3355 633 ergo
3376 586 3465 625 oc-

1871 648 2072 703 cultum
2103 659 2218 706 erat
2247 652 2367 715 hoc,
2400 653 2671 724 magisque
2702 654 2995 726 redemptio
3023 660 3180 729 Virga!
3208 659 3299 715 Dei
3322 661 3463 718 clara

1872 737 2047 794 futura
2079 750 2195 797 erat
2240 743 2293 797 in
2322 742 2613 810 Gentibus;
2656 747 2901 815 extilanat
2927 751 2943 781 ¹
2978 750 3116 803 unde
3145 750 3284 807 dicat
3324 754 3463 822 quod

1870 832 2007 889 dixit
2032 852 2047 889 :
2073 834 2345 892 Redemiin
2370 839 2562 909 virgam
2592 840 2900 896 hwreditatis
2921 854 3037 898 tute.
3072 843 3182 901 llt-c
3206 847 3339 902 dixit
3359 863 3465 904 non

1870 925 1939 980 de
1975 924 2235 983 Gentibus
2256 972 2271 996 ,
2302 930 2354 984 in
2401 930 2595 1002 quibus
2640 932 2975 989 manifestum
3002 946 3103 991 est.
3135 937 3243 992 Sed
3283 941 3465 995 unde?

1873 1015 2098 1074 Montem
2121 1020 2269 1076 Sion.
2299 1022 2487 1078 Adhuc
2516 1034 2565 1079 et
2594 1039 2747 1079 Inuus
2773 1026 2899 1082 Sion
2930 1038 3099 1098 potem
3124 1030 3279 1085 aliter
3302 1032 3462 1087 inn-l-

1871 1108 1982 1181 ﬁgi.
2012 1107 2179 1167 Istum
2224 1129 2371 1184 quem
2400 1114 2689 1170 iuhabitasti
2716 1117 2766 1171 in
2796 1118 2905 1190 ipso
2936 1135 2956 1174 .·
2987 1105 3072 1175 ubi
3103 1130 3217 1176 erat
3240 1125 3464 1197 populus

1870 1212 1993 1259 ante
2012 1246 2028 1272 ,
2057 1204 2148 1260 ubi
2191 1206 2485 1262 institutum
2516 1210 2769 1279 templum
2791 1251 2806 1277 ,
2839 1211 2928 1267 ttbi
2956 1213 3223 1269 celebrata
3255 1218 3464 1272 sacrilio

1868 1293 1971 1360 cia,
1995 1295 2089 1351 ubi
2111 1298 2289 1352 omnia
2319 1298 2409 1354 illo
2436 1309 2675 1371 tempore
2704 1304 3024 1371 necessaria,
3050 1305 3315 1362 Christum
3339 1325 3462 1389 pro-

1867 1385 2151 1441 mittentia.
2180 1387 2491 1455 Promissio,
2514 1407 2634 1445 cum
2666 1407 2751 1446 res
2778 1394 3158 1463 redditur.jam
3190 1396 3243 1452 ﬁt
3273 1385 3462 1470 super-

1867 1477 1992 1533 lina.
2025 1478 2158 1535 Nam
2187 1492 2469 1554 antequam
2516 1484 2770 1539 reddatur
2795 1486 2935 1556 quod
2978 1488 3334 1558 protnittitttr,
3364 1506 3458 1547 ne-

1868 1573 2099 1629 cessaria
2129 1584 2213 1631 est
2239 1577 2351 1647 ipsa
2393 1578 2705 1646 promissio,
2740 1595 2804 1633 ne
2834 1581 3152 1649 promissum
3193 1582 3293 1637 sibi
3322 1583 3462 1639 obii-

1868 1668 2106 1725 viscatur
2120 1671 2203 1726 cui
2235 1672 2577 1741 promittitur,
2596 1682 2649 1727 et
2671 1688 2773 1727 non
2802 1676 3158 1744 exspectando
3186 1679 3459 1736 moriatur.

1868 1761 2093 1834 Oportet
2122 1781 2250 1837 ergo
2282 1773 2337 1819 ut
2366 1775 2666 1834 exsttectet,
2713 1777 2766 1820 ιιι
2797 1782 2915 1821 cum
2962 1772 3163 1823 venerit
3191 1773 3414 1840 accipiat
3446 1789 3459 1823 :

1869 1856 1990 1915 ideo
2032 1874 2139 1919 non
2169 1859 2331 1915 debet
2355 1860 2605 1919 deserere
2640 1861 3065 1931 promissionum.
3100 1863 3322 1935 i’rotter
3362 1864 3463 1921 hoc

1868 1966 1975 2006 non
2015 1950 2402 2009 deserebantur
2444 1954 2664 2025 ligone,
2711 1962 2767 2008 ttt
2813 1954 3056 2013 veniente
3094 1954 3216 2021 die,
3262 1956 3463 2013 umbra:

1870 2042 2187 2107 tollerentur
2222 2062 2236 2099 :
2271 2042 2495 2101 Montem
2525 2044 2654 2100 Sion
2701 2044 2848 2099 istum
2879 2062 3023 2117 quem
3072 2046 3365 2103 inhabitasti
3410 2049 3463 2103 in

1868 2135 2004 2208 ipso.

1941 2225 1995 2281 6.
2030 2225 2181 2301 [vers.
2216 2225 2295 2303 5.]
2328 2226 2483 2282 Elera
2507 2244 2710 2281 manum
2739 2237 2879 2282 tnatn
2899 2228 2951 2283 in
2979 2230 3263 2299 superbiam
3290 2249 3463 2289 eorum

1870 2317 1921 2375 in
1950 2317 2121 2393 ﬁnem.
2154 2318 2434 2391 Quomodo
2458 2334 2554 2373 nos
2584 2320 2876 2390 repellebas
2908 2320 2958 2375 in
2988 2319 3145 2379 ﬁnem
3166 2364 3182 2389 ,
3212 2325 3289 2381 sic
3328 2327 3465 2382 elera

1870 2426 2079 2466 manum
2105 2419 2242 2466 luant
2266 2412 2318 2465 in
2339 2411 2626 2482 superbiam
2655 2428 2829 2465 eorum
2850 2413 2902 2469 in
2923 2413 3095 2483 ﬁnem.
3118 2415 3354 2487 Quorum
3378 2435 3465 2475 suo

1872 2501 2097 2571 perbium
2114 2501 2141 2555 ?
2156 2504 2195 2557 Α
2216 2504 2408 2577 quibus
2436 2517 2621 2558 eversa
2643 2512 2723 2558 est
2752 2501 3071 2559 Jerusalem.
3097 2508 3137 2559 A
3162 2508 3353 2579 quibus
3373 2525 3466 2565 att-

1873 2601 2001 2661 tem,
2022 2593 2123 2647 nisi
2154 2608 2183 2649 a
2216 2593 2431 2665 regibus
2456 2593 2739 2651 Gentium?
2761 2594 2903 2651 Bene
2931 2595 3136 2651 elevata
3168 2607 3250 2654 est
3277 2616 3466 2659 manus

1872 2685 1987 2756 ejus
2016 2686 2069 2740 in
2115 2688 2418 2757 superbiam
2447 2704 2630 2744 eorum
2664 2689 2714 2744 in
2760 2688 2954 2754 linem;
2986 2707 3106 2744 nam
3134 2700 3187 2745 et
3231 2692 3326 2761 ipsi
3352 2693 3464 2765 jam

1870 2772 2141 2832 Christum
2171 2789 2553 2851 cognoverunt.
2588 2778 2731 2834 Finis
2758 2782 2890 2835 enim
2931 2778 3080 2855 Legis
3106 2779 3366 2850 Christus,
3399 2785 3467 2840 ad

1863 2870 2120 2949 justitiam
2162 2873 2299 2926 omni
2325 2873 2544 2929 credenti
2572 2872 2747 2944 (Rom.
2796 2889 2829 2927 ι
2851 2915 2865 2941 ,
2894 2873 2974 2943 4).
3006 2875 3174 2941 Quam
3200 2874 3337 2931 bene
3364 2875 3466 2934 illis

1871 2963 2056 3034 Optat?
2082 2963 2243 3032 Quasi
2276 2964 2441 3020 iratus
2469 2964 2701 3034 loquitur
2721 3006 2735 3031 ,
2768 2973 2821 3018 et
2866 2965 3184 3020 maledicere
3210 2966 3419 3021 videtur
3449 2985 3463 3022 :

1872 3066 1924 3110 et
1953 3056 2153 3111 utinam
2175 3056 2385 3125 eveniat
2407 3055 2547 3131 quod
2579 3055 2879 3115 untfedicitl
2910 3055 3143 3135 itnojam
3174 3056 3223 3111 in
3253 3048 3467 3131 nomine

1872 3144 2070 3203 Christi
2113 3150 2332 3219 evenire
2355 3147 2697 3225 gaudeamus.
2725 3146 2843 3215 .iatn
2889 3155 3130 3209 tenentes
3155 3158 3422 3223 sceptrum
3448 3189 3464 3218 ,

1871 3239 2172 3295 suhduntur
2212 3240 2353 3315 ligno
2380 3242 2587 3307 crucis;
2613 3241 2722 3323 jam
2753 3239 2807 3293 lit
2828 3238 2971 3313 quod
3000 3238 3306 3311 pra-dictum
3334 3252 3417 3301 est
3450 3260 3464 3297 :

1876 3330 2176 3387 Adorabunt
2194 3349 2307 3397 eum
2328 3350 2499 3399 omnes
2520 3349 2660 3415 reges
2678 3342 2852 3403 terrae;
2874 3348 3043 3391 omnes
3063 3332 3233 3405 gentes
3255 3334 3467 3391 servient

1872 3422 1950 3477 illi
1969 3421 2139 3503 (Psal.
2161 3441 2303 3493 Lxxt,
2329 3424 2437 3495 ll).
2466 3422 2583 3491 Jam
2612 3425 2660 3478 in
2690 3424 2953 3493 frontibus
2981 3441 3163 3513 regum
3184 3428 3467 3497 pretiosius

1872 3525 1955 3577 est
1973 3516 2191 3591 signum
2207 3517 2399 3587 erucis,
2419 3514 2576 3589 quam
2597 3534 2802 3589 getnma
2828 3518 3162 3587 diadematis.
3183 3518 3339 3581 Eltvu
3361 3540 3469 3585 nta-

1873 3624 1996 3661 nntn
2015 3618 2153 3661 tuam
2181 3608 2232 3661 in
2252 3609 2539 3679 superbiam
2566 3625 2739 3662 eorum
2760 3610 2809 3663 in
2828 3609 3000 3678 linem.
3025 3612 3230 3678 Quanta
3249 3615 3468 3684 maligne

1874 3708 2112 3768 operatus
2132 3710 2205 3755 est
2234 3700 2468 3754 inimicus
2490 3700 2540 3754 in
2562 3701 2748 3755 sanctis
2773 3700 2909 3753 tuis!
2939 3699 2991 3763 lu
3027 3701 3108 3756 itis
3138 3718 3256 3773 qua:
3285 3714 3467 3762 sancta

1874 3801 1961 3849 tua
1987 3802 2169 3854 erant;
2189 3792 2240 3848 id
2269 3800 2377 3867 est,
2408 3793 2461 3851 in
2490 3794 2706 3861 templo,
2732 3792 2783 3859 in
2812 3792 3130 3861 sacerdotio,
3152 3795 3204 3853 in
3232 3794 3334 3851 illis
3352 3812 3467 3852 ont-

1873 3883 2031 3943 uibus
2058 3883 2439 3955 Sacramentis,
2471 3901 2589 3955 qua:
2623 3884 2711 3941 illo
2744 3894 2981 3955 tempore
3012 3884 3251 3959 luerunt,
3275 3898 3466 3955 quanta

1873 3975 2095 4053 maligne
2137 3986 2374 4046 operatus
2413 3984 2482 4029 est
2515 3975 2787 4029 inimicus!
2816 3974 3021 4037 Revera
3066 3976 3310 4037 inimicus
3342 3989 3466 4036 tunc

1873 4078 2125 4141 Opet‘atus
2175 4078 2273 4123 est.
2328 4066 2528 4124 Gentes
2575 4068 2716 4122 enim
2774 4079 2943 4134 tunc,
2996 4086 3114 4138 qua:
3167 4071 3268 4128 hoc
3320 4074 3465 4135 lece-

1874 4169 2047 4231 runt,
2088 4160 2218 4216 deos
2262 4158 2426 4219 falsos
2467 4161 2752 4225 colebant,
2802 4162 3081 4218 simulacra
3128 4164 3460 4235 adorabunt,

1872 4251 2205 4317 dtenwnihus
2255 4253 2599 4319 serviebant;
2650 4254 2851 4324 npwati
2900 4265 3027 4310 sunt
3075 4266 3247 4317 tamen
3300 4262 3463 4317 multa

1875 4347 2011 4399 mala
2044 4347 2093 4400 in
2140 4347 2337 4401 sant-tis
2382 4348 2494 4401 Dei.
2542 4348 2764 4415 Quando
2808 4359 3067 4419 possent,
3099 4351 3196 4405 nisi
3245 4355 3464 4421 permit-

1876 4440 2156 4495 terentur?
2203 4440 2414 4510 quando
2461 4448 2636 4495 autetu
2690 4442 3158 4512 permitterentur.
3211 4447 3310 4500 nisi
3355 4451 3464 4515 jam

1874 4541 2053 4599 sancta
2113 4532 2196 4588 illa
2231 4574 2248 4600 ,
2306 4533 2485 4604 primo
2536 4536 2849 4603 promissiva
2884 4578 2901 4602 ,
2959 4542 3304 4595 necessaria’
3362 4560 3465 4597 ιιιιιι

1874 4633 2057 4689 ρερειιι.
2090 4667 2107 4692 ,
2156 4642 2277 4683 cum
2329 4626 2442 4696 ipse
2488 4628 2576 4698 qui
2628 4628 2945 4697 promiserat
2991 4634 3311 4688 teneretur?
3366 4635 3465 4690 Er~

1872 4733 1941 4797 go
1986 4729 2177 4792 quanta
2224 4719 2444 4795 maligne
2489 4732 2728 4790 operatus
2780 4730 2853 4781 est
2900 4722 3133 4783 inimicus
3178 4726 3232 4783 in
3280 4731 3464 4785 sancti:

1875 4811 1972 4867 tuis
2003 4811 2025 4864 !

1945 4903 1997 4963 7.
2030 4902 2180 4976 [υενε.
2212 4903 2287 4979 41.
2325 4902 2389 4965 Et
2432 4904 2637 4983 gloriati
2664 4915 2781 4961 sunt
2810 4923 2981 4963 omnes
3027 4910 3113 4981 qui
3138 4910 3352 4966 oderunt
3399 4922 3461 4965 te.

1874 4992 2074 5050 Servos
2100 4995 2315 5049 attende
2332 4995 2655 5063 d.-rtnonttm,
2677 5011 2862 5052 servos
2882 5001 3284 5057 simulacrorum
3302 5020 3316 5064 ;
3337 5020 3463 5075 qua-

1874 5085 1952 5155 les
1980 5094 2104 5148 tunc
2130 5084 2330 5145 Gentes
2358 5098 2533 5155 erant,
2559 5088 2771 5163 quando
2797 5103 3102 5149 everterunt
3134 5094 3385 5163 tumultu"
3413 5105 3462 5151 υι

1873 5181 2141 5249 civitatem
2188 5182 2281 5243 Dei
2303 5223 2320 5248 ,
2363 5193 2409 5241 et
2438 5184 2640 5257 gloriati
2669 5194 2803 5245 sunt.
2834 5182 2901 5245 In
2932 5188 3093 5241 medio
3134 5188 3463 5247 solemnitatis

1876 5284 1994 5339 uta.
2026 5278 2345 5341 Mementote
2373 5278 2511 5349 quod
2539 5280 2647 5337 dixi
2668 5321 2681 5343 .
2713 5290 2836 5337 tune
2875 5298 3116 5339 eversam
3159 5300 3280 5341 esse
3306 5285 3462 5347 tern-

1872 5370 2040 5431 salem
2063 5413 2077 5434 ,
2110 5386 2232 5427 cum
2280 5371 2397 5442 ipsa
2419 5372 2729 5433 solemnitas
2774 5383 3057 5447 ageretur;
3102 5377 3154 5432 in
3193 5394 3291 5448 qua
3320 5380 3461 5435 sole-

1872 5466 2092 5527 mnitate
2110 5465 2778 5533 Dominmncrucitixttl'uut
2797 5486 2808 5521 :
2830 5470 3135 5543 cungnegati
3145 5474 3460 5545 saevierunt;

1873 5560 2179 5630 congregati
2207 5561 2499 5632 perierunt.

1935 5674 1952 5704 ι
1988 5673 2119 5745 rod?
2139 5673 2392 5748 exprimit.
2434 5682 2487 5723 At
2523 5680 2628 5724 Mss.
2672 5674 2883 5738 quidam,
2923 5675 3195 5742 explanat:
3229 5683 3459 5748 tutores,

1870 5742 2286 5913 ἷὲϐἕέἓὲιὶειυοσ
2326 5808 2425 5853 sm.
2466 5805 2521 5850 ιιι
2540 5797 2676 5860 Μὰ,
2698 5797 2859 5863 prima
2878 5813 2898 5853 :
2923 5809 2979 5856 ett
3010 5804 3237 5867 (induunt
3273 5820 3457 5877 secem,

1987 5875 2159 5913 εδειηα.
