3966 6470
556 408 664 467 935

628 525 683 581 8.
715 521 865 596 [vers.
900 519 980 595 5.]
1015 520 1297 577 Paruerant
1320 520 1467 593 signa
1491 535 1617 585 sua,
1649 518 1832 589 signa;
1856 526 1904 572 et
1930 533 2031 571 non
2052 531 2140 570 co-

555 624 857 690 gnoverunt.
886 614 1161 670 llabebant
1185 612 1335 683 signa
1363 627 1482 683 quae
1527 612 1597 667 ibi
1628 620 1918 680 ponerent,
1945 608 2138 665 vexilla

555 725 673 772 sua.
701 708 904 778 aquilas
934 721 1078 771 suas,
1110 706 1369 761 dracones
1397 720 1544 768 suos,
1572 705 1719 776 signa
1747 703 2018 767 Romana;
2049 711 2140 758 aut

554 804 714 859 etiam
740 811 942 855 statuas
970 813 1116 865 suas,
1144 812 1276 869 quas
1304 799 1476 867 primo
1503 798 1555 852 in
1586 797 1784 865 templo
1810 804 2136 866 posuerunt;

550 904 643 949 aut
671 892 806 947 forte
834 894 981 962 signa
1008 906 1102 945 sua
1121 931 1137 957 ,
1164 906 1284 960 qua:
1326 890 1605 944 audieram
1631 903 1659 940 a
1692 888 1899 943 vatihus
1935 888 2138 940 ila-mo-

550 1000 676 1040 num
709 997 947 1038 suorum.
978 980 1041 1035 Et
1071 997 1169 1034 non
1190 990 1548 1051 cognoverunt.
1571 978 1708 1047 Quid
1738 993 1841 1032 non
1870 992 2135 1048 cognove-

550 1073 715 1130 runt?
741 1072 872 1141 Quia
899 1088 1001 1125 non
1023 1070 1228 1125 haberes
1256 1071 1408 1123 inme
1429 1078 1754 1141 potestatem,
1784 1067 1879 1121 nisi
1911 1067 1997 1121 tibi
2017 1066 2140 1122 data

550 1174 676 1220 esset
719 1164 935 1231 desuper
964 1160 1140 1231 (lacn.
1174 1176 1297 1227 χιι,
1331 1160 1441 1230 ll).
1475 1158 1590 1215 Non
1612 1167 1979 1229 cognoverunt
2015 1159 2138 1226 quia

549 1271 656 1311 non
701 1256 828 1325 ipsis
856 1255 1026 1307 honor
1049 1252 1257 1306 delatus
1281 1261 1394 1315 est,
1430 1259 1487 1304 ιιι
1528 1248 1824 1320 aftligerent
1845 1291 1863 1315 ,
1893 1259 1950 1303 ut
1975 1262 2136 1319 cape-

550 1358 704 1412 rent,
737 1348 817 1403 vel
864 1354 1167 1402 everterent
1208 1344 1510 1407 civitatem;
1541 1342 1634 1398 sed
1679 1343 1923 1413 impietas
1953 1350 2138 1396 eorum

552 1449 803 1511 tanquam
830 1439 1035 1494 securis
1064 1438 1154 1491 Dei
1186 1440 1320 1491 facta
1346 1445 1430 1492 est
1460 1454 1473 1489 :
1508 1435 1630 1490 lacti
1656 1446 1781 1490 sunt
1814 1435 2142 1489 instrumen-

553 1544 664 1589 tum
694 1532 848 1593 irati,
884 1546 988 1585 non
1035 1530 1127 1583 in‘
1158 1545 1376 1599 regnum
1418 1529 1629 1599 placati.
1674 1527 1821 1582 Facit
1844 1528 1989 1583 enim
2035 1526 2140 1585 hoc

554 1625 695 1681 Dens
718 1623 856 1695 quod
884 1623 1192 1693 plerumque
1217 1621 1340 1676 facit
1359 1630 1413 1675 et
1436 1621 1613 1674 homo.
1645 1620 1946 1691 Aliquando
1972 1620 2139 1674 iratus

553 1716 715 1773 homo
744 1715 1094 1786 apprehendit
1128 1716 1325 1785 virgam
1363 1715 1631 1783 jacentem
1673 1713 1724 1767 in
1772 1714 1983 1779 medio,
2029 1714 2138 1767 lor-

553 1819 695 1863 tasse
707 1808 1090 1878 qualecumque
1106 1815 1433 1861 sarmentum
1444 1848 1456 1867 .
1469 1805 1625 1861 czedit
1641 1805 1763 1860 inde
1780 1805 1945 1859 lilium
1959 1819 2136 1872 suum;

549 1916 612 1955 ac
640 1898 831 1953 deinde
860 1898 1070 1969 projieit
1112 1909 1439 1952 sarmentum
1471 1896 1522 1951 in
1553 1898 1726 1965 ignem
1746 1938 1761 1961 ,
1792 1905 1847 1953 et
1886 1894 1997 1949 lilio
2022 1908 2139 1949 ser-

551 2001 639 2045 vat
667 1991 1030 2045 hmreditatem
1064 2004 1078 2041 :
1112 1988 1191 2044 sic
1213 1986 1500 2059 aliquando
1528 1987 1666 2041 Dens
1692 2002 1787 2057 per
1816 1988 1985 2041 malos
2008 2001 2138 2042 eru-

549 2082 628 2139 dit
671 2081 837 2137 bonos
856 2124 871 2146 ,
899 2090 953 2136 et
983 2095 1077 2151 per
1119 2079 1462 2150 temporalem
1490 2079 1783 2150 potentiam
1810 2078 2142 2134 damnando-

550 2190 669 2231 rutn
714 2184 930 2229 exercet
954 2172 1287 2243 disciplinam
1322 2171 1740 2226 liberandorum.
1782 2170 1918 2239 Quid
1948 2169 2139 2226 enim?

553 2268 781 2339 putatis,
811 2266 1038 2328 fratres,
1076 2266 1196 2335 quia
1225 2280 1352 2320 vere
1390 2264 1466 2318 sic
1494 2262 1614 2317 data
1642 2271 1725 2318 est
1753 2261 2032 2331 disciplina
2062 2262 2139 2317 illi

551 2360 731 2431 genti,
760 2367 818 2411 nt
861 2356 1080 2411 omnino
1108 2355 1346 2425 periret?
1369 2354 1561 2421 Quanti
1591 2353 1712 2407 inde
1755 2363 1937 2421 postea
1966 2353 2141 2408 credi—

551 2449 783 2505 derunt!
813 2448 993 2514 quanti
1034 2446 1207 2501 adhuc
1233 2446 1487 2500 credituri
1513 2445 1669 2500 sunt!
1700 2445 1815 2500 Alia
1841 2455 1921 2500 est
1949 2445 2097 2514 palea
2120 2487 2138 2514 ,

553 2539 696 2595 aliud
727 2538 1085 2603 frumentum;
1115 2552 1277 2603 snper
1316 2546 1597 2605 utrumque
1623 2546 1798 2592 tamen
1840 2536 2003 2592 intrat
2044 2539 2139 2593 tri-

553 2630 678 2685 bula
713 2646 727 2682 :
760 2628 854 2684 sed
883 2630 982 2683 suh
1020 2644 1121 2683 una
1150 2628 1342 2682 trihula
1366 2626 1507 2680 aliud
1547 2628 1956 2693 comminuitur,
1998 2628 2140 2683 aliud

555 2729 827 2789 purgatur.
858 2718 1123 2785 Quantum
1168 2717 1365 2772 bonmu
1412 2716 1566 2771 nobis
1613 2716 1751 2771 Deus
1781 2717 2030 2786 przvstitit
2072 2717 2141 2774 de

554 2807 859 2866 maloJudse
879 2808 1176 2862 traditoris!
1202 2808 1273 2861 De
1300 2807 1408 2876 ipsa
1437 2807 1636 2861 saevitia
1653 2806 1957 2861 Judzeorum
1975 2824 2143 2877 quan-

554 2910 666 2955 tum
695 2900 892 2956 bonum
923 2899 1214 2969 prgestitnm
1240 2908 1323 2953 est
1343 2897 1584 2954 hdelibus
1610 2897 1899 2955 Gentibus!
1919 2900 2140 2956 Occisus

550 3004 637 3050 est
652 2991 915 3058 Christus,
935 3001 992 3047 ut
1016 3002 1157 3048 esset
1186 2992 1237 3045 in
1264 3006 1421 3046 cruce
1440 3006 1600 3062 quem
1628 2992 1928 3047 attenderet
1953 2992 2041 3063 qui
2059 3009 2145 3048 es-

553 3094 637 3141 set
666 3099 696 3139 a
727 3091 978 3153 serpente
1017 3096 1296 3153 percussus
1324 3081 1514 3147 (Num.
1548 3097 1669 3148 χχι,
1700 3081 1778 3154 8).
1809 3080 1898 3138 Sic
1935 3097 2063 3151 ergo
2090 3093 2146 3139 et

553 3175 644 3233 isti
675 3174 809 3231 hirte
835 3191 865 3229 a
895 3173 1090 3230 divinis
1112 3174 1223 3229 suis
1244 3173 1524 3231 audierant
1543 3216 1558 3240 ,
1588 3175 1711 3245 quia
1740 3174 2036 3231 debuerunt
2066 3176 2146 3234 ire

556 3269 623 3326 ad
651 3269 966 3334 Jerusalem,
992 3276 1048 3322 et
1070 3282 1263 3340 capere
1285 3281 1440 3334 eam;
1468 3278 1521 3323 et
1546 3282 1666 3323 cum
1694 3268 1961 3339 cepissent
1986 3278 2145 3337 atque

556 3362 878 3417 evertissent
903 3375 1044 3424 eam,
1065 3359 1314 3415 dixerunt
1339 3359 1438 3413 sibi
1468 3360 1609 3430 quod
1631 3374 1662 3414 a
1682 3359 2016 3415 daemonibus
2033 3361 2144 3418 suis

557 3450 754 3507 factum
780 3452 851 3506 sit
882 3467 897 3505 :
933 3450 1216 3506 Posuerunt
1236 3450 1384 3521 signa
1402 3466 1497 3504 sua
1517 3491 1535 3513 ,
1558 3451 1742 3521 signa;
1767 3459 1816 3504 et
1841 3466 1942 3504 non
1961 3466 2147 3524 cogno-

557 3552 753 3598 verunt.
784 3542 920 3611 Quid
944 3558 1047 3597 non
1067 3542 1473 3613 cognoverunt“!
1494 3540 1637 3597 Sicut
1659 3542 1710 3595 in
1729 3557 1984 3612 egressum
2006 3544 2029 3577 ⁸
2057 3543 2146 3599 de-

556 3651 729 3705 super.
757 3633 889 3701 Quia
919 3633 1017 3688 nisi
1043 3632 1274 3703 desuper
1298 3631 1642 3700 egrederetur
1660 3631 1850 3702 jnssio,
1876 3648 2141 3703 nunquam

557 3725 900 3781 stevientihus
926 3724 1187 3782 Gentibus
1213 3726 1264 3779 in
1308 3723 1613 3780 Judmorum
1647 3726 1898 3795 populum
1928 3727 2047 3780 talia
2076 3726 2142 3782 li-

556 3828 762 3875 cerent.
795 3817 900 3874 Sed
928 3831 1199 3887 egressum
1230 3826 1314 3871 est
1338 3816 1868 3887 desuper,quomodo
1887 3817 2012 3872 dicit
2045 3818 2143 3873 Da-

557 3911 663 3967 niel
690 3930 703 3966 :
727 3911 768 3965 Α
793 3911 1040 3981 principio
1060 3911 1304 3965 orationis
1324 3921 1427 3965 tute
1454 3925 1681 3981 egressus
1699 3920 1773 3965 est
1791 3927 1955 3966 sermo
1980 3910 2139 3982 (Dan.

559 4022 633 4072 ts,
655 4005 767 4076 25).
803 4004 912 4061 Hoc
938 4012 994 4059 et
1024 4004 1277 4059 Dominus
1307 4004 1403 4073 ipsi
1438 4004 1603 4057 Pilato
1635 4003 1837 4058 intlauti
1867 4019 1947 4071 se,
1978 4016 2026 4059 et
2052 4020 2143 4075 po-

559 4101 705 4154 neuti
736 4098 883 4169 signa
915 4113 1032 4163 sua,
1061 4097 1229 4167 signa,
1254 4106 1308 4152 et
1337 4111 1441 4152 non
1472 4098 1837 4167 cognoscenti.
1863 4107 1918 4152 et
1945 4097 2144 4157 dicenti

460 4238 461 4241 η
556 4188 624 4244 ad
652 4190 917 4243 Christum
938 4230 951 4251 ,
985 4187 1117 4241 Mihi
1140 4204 1242 4242 non
1267 4188 1582 4257 respondes?
1605 4190 1766 4243 nescis
1784 4190 1903 4260 quia
1929 4200 2147 4260 potesta-

559 4290 658 4333 tem
686 4279 842 4333 habeo
871 4280 1134 4333 occidendi
1165 4289 1214 4334 te
1231 4322 1245 4345 ,
1278 4289 1325 4334 et
1354 4289 1650 4351 potestatem
1673 4281 1834 4335 habeo
1863 4282 2146 4339 dimittendi

560 4373 648 4427 te?
677 4371 741 4426 Et
770 4371 1025 4427 Dominus
1045 4371 1108 4426 ad
1137 4370 1397 4438 inllatum,
1418 4381 1666 4444 tanquam
1694 4374 1925 4430 vesicam
1954 4374 2146 4430 reﬂan-

559 4463 682 4517 dam
704 4462 724 4493 ³
760 4475 997 4532 puogens
1028 4479 1041 4515 :
1085 4460 1201 4516 Non
1229 4462 1433 4518 haberes
1452 4505 1466 4530 ,
1500 4463 1702 4533 inquit,
1734 4465 1786 4519 in
1816 4481 1895 4519 me
1921 4475 2143 4536 potesta-

562 4564 679 4620 tem,
702 4554 799 4609 nisi
822 4554 944 4607 data
968 4554 1054 4607 tibi
1079 4563 1204 4609 esset
1228 4554 1441 4625 desuper
1467 4553 1646 4621 (Joan.
1674 4571 1786 4623 XIX,
1813 4557 1900 4622 10,
1924 4558 2036 4629 ll).
2057 4557 2148 4615 Sic

561 4654 615 4701 et
642 4644 748 4710 hic,
776 4642 1058 4698 Posuerunt
1078 4646 1223 4714 signa
1244 4662 1358 4706 sua,
1387 4647 1564 4715 signa;
1593 4656 1638 4700 et
1665 4663 1768 4701 non
1790 4658 2143 4717 cognoverunt.

560 4735 838 4806 Quomodo
869 4750 974 4788 non
1015 4736 1416 4802 cognoverunt?
1444 4735 1589 4790 Sicut
1618 4736 1674 4790 in
1712 4753 1966 4809 egressum
1992 4738 2144 4794 desu-

534 4841 669 4901 ’βενε
720 4826 1001 4895 Quomodo
1047 4843 1296 4898 egressus
1342 4828 1512 4883 lactus
1558 4828 1728 4884 fuerat
1776 4828 2044 4900 desuper,
2091 4840 2150 4888 ut

562 4923 666 4978 hoe
695 4921 1006 4993 impleretur
1028 4964 1043 4989 ,
1091 4921 1343 4992 numquid
1377 4923 1455 4978 sic
1500 4921 1573 4977 illi
1601 4936 1927 4994 cognoscere
1956 4932 2145 4995 potue-

562 5023 684 5069 runt
710 5013 736 5068 ?

631 5106 687 5161 9.
727 5104 877 5180 [vers.
904 5105 984 5179 6.]
1022 5105 1139 5163 Jam
1171 5119 1541 5175 percurramus
1559 5122 1747 5163 versus
1774 5108 1925 5175 istos,
1961 5120 2149 5163 eversa

560 5201 875 5266 Jerusalem,
918 5209 1195 5272 proriterea
1238 5200 1360 5270 quia
1393 5209 1449 5256 et
1477 5201 1740 5256 manifesti
1775 5210 1918 5262 sunt.
1959 5210 2014 5256 et
2042 5214 2147 5255 non

564 5293 691 5351 libet
734 5294 1003 5350 immorari
1052 5308 1151 5351 nec
1195 5295 1246 5348 in
1297 5308 1451 5364 ptena
1494 5294 1855 5351 inimicorum.
1906 5295 2065 5361 Quasi
2095 5293 2151 5348 in

562 5386 686 5441 silva
731 5388 982 5460 lignorum
1023 5387 1281 5443 securibus
1339 5386 1661 5443 conciderunt
1700 5391 1890 5461 jauuas
1938 5390 2048 5458 ejus
2097 5388 2153 5444 in

560 5477 812 5550 idipsum;
841 5481 896 5534 in
915 5480 1127 5535 dolabra
1146 5489 1192 5535 et
1214 5479 1457 5549 fractorio
1477 5479 1767 5548 dejecerunt
1792 5497 1903 5535 eam
1924 5497 1943 5536 :
1973 5480 2024 5535 id
2044 5487 2145 5548 est,

560 5573 952 5644 conspiranter,
980 5579 1309 5640 constanter,
1333 5572 1401 5628 in
1423 5570 1636 5626 dolabra
1669 5579 1715 5626 et
1744 5572 1986 5643 fractorio
2008 5570 2150 5641 deje-

560 5676 736 5721 cerunt
756 5682 885 5722 eam.

625 5778 643 5839 ξ
681 5776 932 5839 Par-deuia,
954 5776 1024 5839 in,
1050 5778 1190 5827 abest
1210 5776 1273 5826 ab
1293 5775 1426 5839 add,
1447 5775 1538 5827 sed
1561 5781 1724 5827 exstat
1743 5775 1791 5827 in
1813 5782 1920 5825 Mss.

628 5838 649 5868 ³
682 5837 817 5902 νέω..
836 5838 886 5888 in
906 5836 1117 5902 egressu.
1142 5845 1347 5902 Atgussq
1371 5836 1424 5888 in
1452 5850 1715 5902 egressum.

679 5897 753 5948 sic
772 5905 880 5949 llss.
917 5897 1025 5949 ΒΜ.
1045 5912 1179 5957 vero,
1198 5898 1422 5951 inﬂatam.

1732 401 1795 460 5.
1832 396 2201 459 AUGUSTINI
2231 396 2541 459 EPISCOPI
3655 418 3722 481 πθ

2320 518 2408 575 10.
2440 518 2789 575 Incenderttnt
2820 521 2932 592 igni
2968 523 3311 579 sancttmisnn
3335 532 3496 594 miti;
3519 530 3726 600 polleant

2243 612 2297 668 in
2325 622 2460 667 terra
2483 613 2861 668 tabernaculum
2889 614 3106 669 nominis
3124 616 3216 670 tui.

2310 708 2395 763 ll.
2420 704 2569 780 (vers.
2590 707 2643 771 8,
2664 705 2745 781 9.]
2767 706 3018 764 Dixerunt
3039 710 3090 763 in
3108 695 3265 765 corde
3276 726 3387 777 suo,
3407 715 3729 783 cognationem

2243 798 2296 851 in
2322 815 2497 853 unum.
2527 799 2661 867 Quid
2687 798 2975 854 dixerunt?
3008 798 3200 868 Venite,
3229 805 3585 871 comprimam:
3613 826 3731 869 om

2242 890 2582 945 solemnitates
2600 889 2808 944 Domini
2832 890 2896 944 de
2914 901 3068 946 terra.
3090 890 3320 957 Domini,
3340 909 3401 950 es
3422 910 3612 965 persnas
3624 900 3733 972 huius

2242 980 2612 1051 interpositum
2658 991 2760 1048 est,
2808 997 2874 1037 ex
2915 998 3138 1053 persona
3178 984 3354 1054 Asaph
3378 1002 3393 1041 :
3420 1001 3517 1041 non
3550 991 3658 1045 enim
3684 993 3731 1048 ﬂli

2242 1072 2528 1127 sa-vieates
2591 1072 2869 1127 Dominum
2936 1075 3299 1145 appellarent,
3365 1079 3504 1143 cuius
3551 1084 3732 1151 templum

2242 1165 2574 1219 avertebant.
2630 1163 2823 1227 Venite,
2868 1165 3260 1234 comprimantus
3287 1184 3450 1222 omnes
3483 1170 3733 1232 salutatam

2242 1253 2455 1310 Domini
2492 1273 2524 1309 a
2563 1265 2717 1309 terra.
2771 1256 2906 1326 Quid
2947 1257 3165 1329 Asaph?
3199 1257 3326 1327 quid
3352 1260 3596 1316 intellectu
3618 1267 3733 1331 dupli

2242 1344 2295 1399 in
2327 1344 2443 1399 his?
2461 1344 2628 1415 quid?
2651 1346 2763 1401 Non
2793 1345 3020 1416 prolicit,
3041 1348 3121 1401 vel
3150 1346 3421 1419 disciplina
3441 1348 3581 1404 data?
3601 1355 3733 1410 tuentis

2244 1436 2471 1506 pravitas
2492 1451 2596 1491 non
2622 1436 2945 1508 corrigitur?
2973 1436 3166 1491 Eversa
3180 1449 3299 1492 sunt
3317 1439 3485 1493 omnia
3507 1456 3604 1509 quat
3619 1444 3732 1511 primo

2241 1537 2394 1582 erant
2416 1542 2430 1579 :
2456 1541 2712 1595 nusquam
2743 1526 3013 1590 sacerdos,
3038 1543 3296 1598 nusquam
3317 1528 3475 1584 altare
3490 1528 3730 1600 Julia-omn,

2245 1632 2506 1688 nusquam
2556 1618 2790 1680 victima,
2850 1633 3111 1688 nusquam
3160 1619 3432 1689 templum.
3491 1620 3611 1691 Ergo
3651 1625 3733 1680 nihil

2240 1710 2383 1764 aliud
2407 1709 2804 1781 agnoscendum
2825 1719 2909 1764 est
2926 1710 3065 1782 quod
3095 1710 3216 1765 huic
3241 1711 3508 1768 decedenti
3522 1716 3732 1771 messui

2241 1808 2332 1854 aut
2360 1814 2488 1855 vero
2515 1799 2614 1854 hoc
2636 1800 3009 1869 promissivum
3034 1800 3244 1871 signum
3267 1802 3563 1866 auferretur,
3585 1806 3661 1859 nisi
3679 1822 3735 1862 te-

2240 1894 2410 1949 nisset
2437 1894 2577 1963 quod
2602 1896 3057 1967 promittebatur?
3087 1895 3374 1955 Videamus
3399 1913 3516 1972 ergo
3540 1899 3610 1956 hic
3630 1899 3737 1958 modo

2242 1985 2565 2042 intellectum
2582 1988 2759 2060 Asaph
2777 2006 2791 2053 ;
2810 1990 3083 2045 videamus
3101 1991 3143 2044 si
3158 1992 3368 2060 prolicit
3383 2009 3445 2048 ex
3466 1993 3736 2049 lrilllllallO‘IC.

2242 2078 2469 2133 Attende
2484 2078 2609 2149 qttid
2632 2081 2774 2135 dicat
2798 2098 2812 2135 :
2840 2079 3003 2151 Signa
3031 2092 3204 2137 nostra
3232 2100 3333 2137 non
3353 2085 3739 2155 vidimus,jmm

2241 2177 2314 2223 est
2343 2169 2607 2239 propheta,
2639 2179 2686 2226 et
2718 2187 2806 2225 nos
2831 2189 2930 2226 non
2955 2184 3218 2243 cognoscet
3238 2173 3423 2229 adhuc.
3448 2174 3569 2231 Ecce
3592 2175 3656 2231 isti
3673 2174 3735 2230 Ju-

2242 2259 2344 2314 daei
2370 2260 2458 2330 qui
2490 2274 2549 2315 se
2575 2260 2757 2315 dicunt
2787 2278 2891 2318 non
2916 2265 3131 2334 agnosci
3158 2264 3354 2331 adhuc,
3380 2266 3427 2321 id
3455 2275 3546 2330 est,
3569 2267 3739 2337 incepti-

2244 2353 2404 2407 vitate
2427 2353 2601 2410 adhuc
2627 2370 2686 2408 se
2711 2370 2853 2420 esse,
2901 2357 3135 2412 nondum
3160 2374 3222 2413 se
3262 2358 3489 2425 liberari,
3511 2368 3740 2429 exspectant

2242 2442 2416 2501 adhuc
2448 2443 2741 2500 Christum.
2791 2445 3055 2503 Venturus
3096 2459 3177 2504 est
3211 2445 3486 2513 Christus;
3523 2449 3601 2506 sed
3623 2450 3739 2505 veniet

2243 2535 2471 2603 utjudes
2499 2553 2513 2589 :
2531 2536 2704 2607 primo
2724 2550 2963 2604 Vocator,
2985 2550 3164 2609 postea
3183 2540 3464 2597 discretor.
3478 2541 3648 2604 Veniet,
3661 2542 3738 2612 quia

2246 2626 2446 2690 venit‘,
2493 2637 2547 2682 et
2572 2644 2693 2683 eum
2722 2640 2999 2685 venturum
3031 2646 3150 2686 esse
3200 2630 3524 2688 manifestum
3562 2642 3656 2698 est;
3680 2632 3738 2688 sd

2239 2717 2349 2787 jam
2377 2719 2610 2788 desuper
2637 2720 2833 2776 veniet.
2862 2723 3001 2778 Ante
3028 2733 3080 2779 te
3103 2734 3244 2791 emt,
3276 2741 3311 2781 o
3337 2723 3515 2782 l~raell
3540 2735 3738 2799 quassant

2244 2824 2325 2874 es,
2348 2810 2467 2879 quia
2490 2808 2757 2892 olleudisti
2778 2813 2830 2867 in
2845 2813 3147 2882 iacentem;
3181 2832 3253 2869 ne
3276 2818 3568 2881 conteraris,
3585 2817 3737 2872 observa

2245 2896 2475 2967 desuper
2498 2901 2823 2956 venientem.
2862 2903 2935 2958 Ita
2962 2903 3103 2959 enim
3132 2907 3438 2976 prmdictum
3469 2917 3546 2964 est
3565 2924 3640 2978 per
3659 2923 3738 2977 pm-

2245 2990 2458 3058 phetatu
2493 3009 2505 3044 :
2545 2990 2781 3063 Quisquis
2802 2992 3065 3060 o/fenderit
3091 2997 3143 3050 in
3166 2996 3387 3068 lapidem
3408 2997 3738 3070 illmn,canqw-

2245 3081 2470 3147 sabitnr;
2502 3093 2546 3136 et
2578 3100 2730 3154 super
2754 3102 2899 3154 quem
2923 3088 3127 3150 venerit,
3154 3098 3374 3144 conteret
3396 3106 3503 3144 eum
3526 3089 3648 3163 (Ιωί.
3667 3105 3736 3156 vta,

2248 3172 2336 3237 14,
2370 3173 2454 3227 15.
2471 3171 2584 3226 Vid.
2606 3172 2728 3228 Luc.
2750 3191 2843 3251 xx.
2866 3176 2974 3248 18).
2994 3175 3331 3249 Conqnassat
3356 3196 3557 3249 parvus;
3574 3189 3738 3236 conteret

2245 3267 2525 3334 maguus'.
2560 3265 2676 3320 Jam
2700 3268 2846 3337 signa
2878 3277 2962 3322 tua
2991 3285 3096 3324 non
3124 3270 3296 3339 vides,
3322 3271 3429 3342 jam
3466 3287 3558 3327 non
3579 3281 3737 3341 estpro-

2246 3355 2440 3427 plieta;
2468 3365 2521 3412 et
2545 3356 2696 3421 dicis,
2728 3356 2797 3412 Et
2836 3376 2926 3412 nos
2953 3376 3054 3414 non
3080 3372 3318 3432 agnoscet
3351 3362 3538 3419 adhuc:
3568 3362 3660 3432 quia
3679 3374 3738 3415 tot

2245 3450 2660 3519 nonagnoseitis
2692 3450 2885 3507 adhuc.
2933 3451 3057 3507 Jam
3096 3468 3197 3509 nou
3241 3465 3316 3509 est
3357 3457 3651 3526 propheta,et
3678 3467 3736 3506 ut

2244 3556 2347 3595 non
2389 3550 2623 3611 agnoscet
2647 3540 2835 3596 adhuc.

2316 3630 2404 3686 12.
2446 3629 2597 3703 [vers.
2621 3630 2732 3705 l0.]
2774 3631 3062 3703 Usquequo,
3092 3633 3259 3701 Deus,
3300 3619 3591 3708 exprobrabit
3618 3636 3731 3690 tu.»

2245 3723 2370 3778 cus?
2396 3724 2608 3780 Clama'
2647 3725 2794 3796 quasi
2815 3728 3126 3794 derelictus,
3164 3730 3319 3800 quasi
3347 3727 3731 3794 desertus;chlt

2244 3826 2494 3888 tanquam
2523 3833 2666 3888 ager
2682 3819 2771 3889 qui
2808 3819 3072 3877 medicum
3101 3821 3314 3879 ctedere
3335 3838 3484 3895 quam
3505 3818 3643 3877 curari
3659 3834 3729 3873 ata-

2244 3908 2386 3964 luisti
2421 3927 2433 3964 :
2481 3925 2584 3964 non
2608 3919 2659 3965 te
2683 3912 2923 3982 agnoscit
2944 3912 3135 3968 adhuc.
3169 3914 3303 3970 Vide
3327 3914 3449 3988 quid
3478 3913 3655 3972 fecerit.
3676 3907 3732 3978 qui

2247 4006 2299 4054 te
2344 4014 2448 4054 non
2490 4001 2728 4072 agnoscit
2770 4000 2963 4058 adhuc.
3006 4001 3218 4060 Etenim
3269 4005 3457 4075 quibus
3490 4019 3579 4059 non
3599 4011 3658 4057 est
3674 4013 3733 4054 an-

2247 4093 2543 4148 nttntiatum
2590 4092 2659 4149 de
2705 4108 2793 4158 eo,
2841 4093 3132 4159 videbunt;
3175 4104 3232 4150 et
3256 4096 3347 4164 qui
3390 4111 3488 4151 non
3515 4094 3730 4149 audierint.

2247 4184 2541 4255 intelligent
2567 4182 2721 4258 (Isai.
2750 4201 2841 4249 ut,
2866 4184 2955 4251 l5,
2980 4195 3028 4239 et
3051 4184 3197 4240 Rom.
3225 4202 3321 4249 xv,
3351 4184 3441 4260 2|)
3461 4202 3475 4240 :
3497 4194 3543 4242 et
3560 4178 3732 4239 tuadlutc

2247 4281 2463 4344 clamas,
2476 4279 2596 4332 1am
2612 4295 2711 4333 non
2726 4288 2798 4333 est
2818 4279 3060 4349 propheta
3078 4289 3127 4333 et
3143 4295 3236 4334 nos
3253 4297 3352 4335 non
3366 4288 3593 4352 cognoscet
3604 4274 3730 4328 aditu.

2248 4370 2347 4429 Ubi
2394 4381 2474 4427 est
2522 4372 2818 4426 intellectus
2858 4370 3014 4426 tuus?
3055 4369 3238 4427 Irritat
3290 4371 3580 4428 adversarius
3614 4378 3730 4421 notua

2247 4475 2385 4519 tuum
2439 4466 2493 4518 in
2542 4464 2712 4533 ﬂuent.
2758 4464 2837 4520 Ad
2891 4463 2992 4520 hoc
3041 4466 3216 4521 irritat
3257 4464 3565 4521 adverSarius
3602 4470 3729 4514 nomen

2249 4564 2395 4610 ttmm
2409 4555 2459 4609 in
2480 4556 2658 4620 linem,
2679 4564 2735 4611 ut
2757 4556 2920 4609 iratus
2938 4555 3214 4626 corripias,
3231 4557 3512 4626 corripiens
3525 4556 3731 4622 cognoscas

2250 4648 2300 4703 in
2343 4646 2540 4712 linem;
2578 4656 2671 4702 aut
2706 4657 2851 4703 certe
2881 4648 2933 4701 in
2970 4648 3139 4716 ﬁnem,
3174 4664 3342 4720 usque
3382 4648 3445 4703 ad
3487 4647 3630 4701 linem.
3667 4635 3729 4691 US-

2248 4756 2351 4812 que
2397 4739 2463 4795 ad
2492 4755 2648 4811 quem
2678 4739 2876 4795 linem?
2910 4739 3195 4811 Quousque
3221 4754 3517 4811 cognoscas.
3539 4739 3730 4807 ιιιιοιιείιυε

2249 4834 2447 4888 clames
2470 4874 2486 4901 ,
2536 4846 2811 4903 quousque
2858 4832 3190 4904 apprehensa
3245 4832 3411 4889 cauda
3459 4829 3656 4887 redeatur
3688 4814 3730 4872 Id

2250 4940 2498 4995 regnum.

2323 5018 2407 5073 l5.
2449 5014 2597 5090 [vers.
2627 5014 2743 5090 ll.]
2774 5016 2962 5086 thuid
2984 5018 3163 5073 avertis
3197 5032 3397 5072 manuni
3422 5007 3727 5090 ιιιιιιιιειάαίιξ

2249 5125 2361 5164 ram
2398 5086 2536 5163 tuam
2564 5108 2628 5162 de
2652 5086 2815 5162 medio
2841 5110 2954 5163 sinu
2995 5117 3083 5163 tuo
3119 5110 3172 5162 in
3208 5108 3399 5178 finem?
3442 5105 3603 5161 lterum
3635 5086 3726 5150 δηθά

2252 5202 2458 5271 signum
2485 5199 2622 5270 quod
2644 5198 2823 5254 datum
2856 5207 2936 5253 est
2963 5198 3149 5270 Μογεῖο
3189 5197 3458 5268 0¹¹⁰¹¹¹⁰δ⁰
3473 5193 3589 5251 enim
3616 5193 3723 5271 su”:

2254 5266 2364 5347 rius
2388 5292 2456 5347 de
2482 5266 2626 5361 virga
2653 5290 2879 5360 signum,
2911 5290 2981 5343 ita
3009 5266 3147 5344 etde
3174 5266 3405 5345 dextera.
3431 5284 3545 5342 Cum
3568 5275 3671 5335 etii!!!
3688 5266 3725 5322 il'

2258 5384 2343 5440 Iud
2365 5383 2556 5439 factum
2576 5389 2715 5438 esset
2738 5381 2806 5437 de
2827 5382 2991 5451 virga,
3016 5380 3162 5437 dedit
3181 5380 3317 5437 Deus
3333 5378 3537 5435 alterum
3556 5368 3723 5438 signa“:

2320 5583 2336 5615 ι
2372 5580 2559 5654 Aliquot
2581 5585 2715 5654 uss._,_
2925 5574 3347 5654 disci-eternium.
3385 5570 3491 5633 (uda
3508 5561 3638 5617 miti.
3660 5558 3719 5603 “"-

2254 5642 2471 5707 Nounulli
2496 5654 2614 5692 vero
2639 5656 2651 5690 :
2680 5642 2937 5705 t'enietqui
2951 5642 3057 5702 iam
3079 5642 3217 5690 venit.
3420 5706 3451 5707 η
3494 5686 3579 5707 _,__,

2320 5682 2517 5756 Vitia!
2531 5682 3253 5766 Win
3273 5706 3470 5759 magnos.
3494 5682 3717 5738 vatum

2472 5773 2983 5878 "tam:
3002 5825 3095 5874 hoc
3131 5832 3183 5875 et
3208 5823 3413 5885 proxime
3430 5805 3614 5875 εειιιιευῑί
3630 5797 3714 5867 ,Μ

2263 5891 2455 5943 statuas.
