3966 6452
180 325 306 382 957

178 433 381 502 Mitte,
419 436 621 507 inquit,
664 453 871 495 manum
906 448 1048 495 tuam
1073 440 1128 496 in
1150 442 1319 496 sinuin
1343 449 1509 505 tuum,
1547 450 1596 497 et
1621 442 1796 499 misit:

180 522 422 581 Produc
460 544 592 594 eam,
631 539 681 583 et
729 529 1011 599 produxit;
1046 540 1095 585 et
1132 531 1331 587 inventa
1354 541 1430 588 est
1459 532 1598 599 alba,
1638 532 1691 588 id
1713 540 1798 590 est

176 620 502 677 tmmunda.
550 622 717 679 Alhor
740 624 881 680 enim
910 624 965 680 in
990 634 1135 693 cute,
1169 624 1315 695 lepra
1336 635 1440 693 est,
1468 643 1575 683 non
1596 625 1797 682 candor

177 710 395 783 (Leuit.
419 729 532 774 xm.
552 713 667 785 25).
702 714 816 786 Ipsa
840 717 982 772 enim
1012 716 1299 774 haereditas
1327 719 1442 787 Dei,
1471 718 1522 776 id
1547 730 1649 786 est,
1696 735 1794 790 po-

178 806 364 877 pulus
384 806 501 876 ejus
528 806 671 865 foras
697 810 767 864 ab
797 826 866 867 eo
899 811 1113 877 missus,
1142 812 1449 871 immundus
1488 813 1659 871 factus
1686 823 1790 871 est.

176 898 298 954 Sed
326 900 458 971 quid
485 901 557 956 illi
578 903 693 959 ait?
715 904 913 961 Revoca
927 924 1039 962 eam
1058 908 1112 962 in
1132 907 1299 964 sinunt
1318 917 1461 963 tuum
1484 924 1504 964 :
1521 910 1789 975 revocavit,

171 1000 224 1044 et
255 1007 472 1048 reversa
487 1002 561 1047 est
583 996 654 1049 ad
672 994 892 1052 colorem
914 1014 1063 1053 suum
1082 997 1279 1070 (Exod.
1294 1014 1369 1067 tv,
1391 1000 1446 1063 6,
1470 1001 1548 1070 7).
1565 998 1791 1069 Quando

172 1081 286 1136 hoc
320 1081 480 1149 facis,
524 1085 601 1140 ait
632 1087 811 1161 Asaph
843 1088 980 1146 iste?
1019 1088 1306 1162 Quousque
1335 1089 1610 1148 dexteram
1646 1104 1789 1149 tuam

167 1172 401 1230 alienas
426 1190 457 1229 a
482 1176 601 1232 sinu
636 1186 747 1244 tuo,
785 1188 842 1235 ut
878 1180 1009 1236 foris
1034 1180 1306 1238 immunda
1331 1184 1644 1240 remaneat?
1685 1185 1791 1240 Re-

169 1275 318 1320 voca
360 1281 520 1333 eam;
553 1268 734 1326 redeat
760 1270 829 1327 ad
865 1272 1126 1339 colorem,
1161 1284 1417 1346 agnoscat
1444 1275 1782 1333 salvatorem.

174 1352 396 1428 thuid
421 1360 603 1414 avertis
632 1377 837 1416 manum
880 1371 1021 1417 tuam
1059 1373 1105 1419 et
1145 1362 1403 1420 dexteram
1428 1374 1568 1421 tuam
1596 1367 1660 1421 de
1682 1383 1789 1423 me-

167 1447 265 1503 dio
292 1449 423 1505 sinu
451 1460 539 1506 tuo
565 1453 618 1508 in
638 1454 835 1523 ﬁnem?
859 1455 982 1514 Haec
1001 1457 1199 1514 clamat
1228 1472 1426 1526 caecus,
1453 1475 1559 1516 non
1590 1461 1785 1519 intelli-

168 1556 352 1613 gens;
381 1554 436 1599 et
461 1544 565 1602 hoc
586 1547 722 1603 Deus
747 1547 871 1604 facit
894 1550 1034 1619 quod
1055 1549 1234 1607 facit'.
1274 1551 1452 1620 Quare
1470 1554 1610 1608 enim
1643 1555 1788 1611 venit

166 1635 441 1693 Christus
456 1640 481 1692 ?
508 1638 723 1696 chitas
746 1658 809 1697 ea:
828 1653 972 1713 parte
988 1641 1154 1700 Israel
1168 1649 1305 1717 facta
1328 1656 1424 1713 est,
1448 1656 1503 1701 ut
1522 1647 1785 1718 plenitudo

168 1725 433 1784 Gentium
461 1731 689 1794 intraret.
714 1744 763 1788 et
785 1735 858 1789 sic
886 1736 1047 1791 omnis
1066 1734 1233 1792 Israel
1248 1737 1420 1795 salvus
1440 1738 1581 1808 ﬁeret
1600 1737 1779 1809 (Rom.

164 1833 245 1884 xv,
277 1818 411 1891 25).
458 1821 723 1894 Ergojam
750 1826 930 1897 Asaph
969 1842 1199 1900 agnosce
1220 1830 1361 1902 quod
1393 1833 1663 1900 praecessit
1685 1873 1702 1898 ,
1725 1842 1786 1888 ut

162 1910 257 1966 vel
301 1912 578 1982 sequaris,
623 1915 668 1969 si
698 1917 1000 1986 praecedere
1053 1935 1158 1975 non
1210 1920 1447 1991 potuisti.
1494 1920 1609 1977 Non
1639 1922 1782 1979 enim

164 1999 381 2057 frustra
404 2002 551 2058 venit
568 2002 835 2073 Christus,
852 2016 943 2063 aut
960 2006 1154 2066 frustra
1174 2011 1382 2066 occisus
1403 2019 1491 2069 est
1506 2011 1782 2081 Christus;

162 2102 264 2150 aut
306 2093 513 2150 frustm
550 2112 777 2169 granum
824 2100 1015 2156 cecidit
1046 2101 1097 2157 in
1129 2113 1348 2171 terram,
1388 2104 1488 2159 nisi
1514 2114 1573 2161 ut
1598 2106 1782 2161 multi-

163 2186 393 2257 pliciter
413 2199 662 2261 surgeret
688 2190 865 2264 (loan.
888 2208 987 2261 ιιι,
1011 2194 1128 2268 23).
1160 2196 1433 2254 Exaltatus
1453 2208 1537 2254 est
1560 2215 1783 2271 serpens

163 2278 220 2335 in
248 2295 475 2350 eremo,
505 2290 562 2338 ut
583 2298 891 2353 percussum
917 2300 947 2341 a
978 2302 1188 2345 veneno
1212 2300 1427 2346 sanaret
1450 2289 1640 2360 (Num.
1664 2309 1776 2359 xxx,

164 2370 253 2443 9).
305 2371 552 2429 Attende
602 2374 743 2445 quod
794 2374 990 2433 factum
1044 2387 1167 2435 est:
1218 2381 1323 2435 noli
1370 2390 1557 2451 putare
1591 2398 1783 2439 vacare

162 2462 317 2534 quod
337 2464 526 2527 venit;
547 2481 614 2521 ne
640 2477 691 2523 te
705 2468 899 2523 malum
922 2469 1176 2537 inveniat,
1200 2487 1323 2528 cum
1344 2474 1535 2530 iterum
1551 2478 1778 2532 venerit.

240 2556 339 2612 16.
386 2554 545 2629 [νει-ε.
605 2557 718 2633 12]
770 2558 1032 2618 Intellexit
1083 2563 1293 2633 Asaph,
1347 2566 1469 2636 quia
1523 2566 1575 2621 in
1628 2568 1781 2624 titulo

163 2645 402 2710 Psalmi,
445 2646 739 2705 Intellectus
765 2650 961 2722 Asaplt.
1016 2654 1085 2709 Et
1110 2654 1237 2726 quid
1284 2656 1402 2711 ait?
1450 2656 1589 2713 Deus
1612 2672 1780 2715 autem

165 2755 262 2795 rea:
290 2749 473 2795 noster
499 2751 616 2797 ante
647 2742 856 2809 sarcula,
900 2757 1137 2818 operatus
1164 2759 1237 2803 cst
1272 2748 1488 2805 salutem
1520 2752 1574 2806 in
1618 2754 1781 2807 medio

164 2839 346 2888 terrae.
402 2831 514 2891 liae
552 2851 651 2891 nos
679 2836 995 2906 clamamus,
1024 2837 1145 2893 Iam
1172 2856 1274 2895 non
1302 2850 1375 2897 est
1403 2843 1692 2915 propheta;
1735 2854 1781 2899 et

165 2937 264 2976 nos
286 2937 395 2977 non
419 2934 680 2994 cpgnoscet
702 2926 872 2980 adhuc
898 2942 918 2980 :
951 2926 1052 2983 hac
1070 2940 1249 2985 autem
1280 2928 1421 2987 Deus
1444 2941 1649 2998 noster,
1689 2950 1781 2988 rea:

167 3021 370 3079 noster,
403 3012 496 3084 qui
523 3021 607 3070 est
628 3026 745 3070 ante
772 3017 978 3085 secula,
1009 3019 1133 3091 quia
1160 3022 1275 3092 ipse
1312 3030 1397 3078 est
1425 3023 1477 3078 in
1518 3024 1780 3096 principio

169 3105 443 3172 Verbum,
468 3121 565 3177 per
584 3109 725 3180 quod
751 3109 889 3166 facta
918 3120 1045 3167 sunt
1066 3113 1297 3179 saecula;
1336 3126 1573 3186 operatus
1591 3127 1665 3173 est
1694 3134 1778 3171 sa-

162 3196 323 3252 lutent
342 3197 400 3252 in
436 3199 601 3253 medio
626 3211 790 3256 terra.
817 3200 957 3258 Deus
981 3218 1109 3274 ergo
1133 3220 1224 3260 rw
1243 3216 1412 3261 noster
1431 3217 1547 3261 ante
1567 3210 1773 3276 stecula,

161 3289 290 3362 quid
318 3290 459 3346 fecit
476 3292 502 3345 ?
523 3290 773 3363 Operatus
793 3302 870 3348 est
898 3294 1114 3350 salutem
1132 3297 1184 3351 in
1207 3298 1373 3353 medio
1393 3310 1542 3356 terra
1560 3316 1581 3365 ,'
1601 3311 1655 3359 et
1677 3317 1778 3371 ego

165 3381 347 3437 adhuc
393 3382 577 3437 clamo
614 3384 767 3454 quasi
808 3385 1073 3442 desertus.
1126 3387 1219 3445 Ille
1259 3401 1509 3460 operatur
1548 3394 1773 3449 salutem

170 3471 225 3529 in
282 3472 472 3529 medio
519 3482 709 3541 terrm;
766 3483 823 3530 et
873 3490 973 3548 ego
1008 3479 1241 3534 remansi
1294 3489 1455 3537 terra.
1515 3481 1775 3540 Intellesit

168 3562 353 3636 Asaph
385 3564 549 3631 bene,
577 3565 698 3637 quia
725 3565 1022 3623 Intellectus
1050 3569 1242 3640 Asaplt.
1274 3570 1453 3640 Quare
1476 3575 1619 3630 enim
1650 3576 1771 3644 ista,

169 3668 261 3714 aut
308 3660 530 3731 qualem
579 3660 807 3717 salutem
858 3674 1111 3735 operatus
1150 3675 1233 3721 est
1268 3666 1541 3735 Christus;
1592 3670 1691 3724 nisi
1720 3681 1776 3727 ut

170 3750 451 3809 discerent
501 3751 747 3810 homines
796 3764 993 3811 arterna
1041 3755 1367 3825 desiderare,
1410 3776 1516 3816 non
1561 3776 1776 3832 semper

172 3846 566 3918 temporalibus
591 3844 888 3904 inlurrere?
938 3847 1075 3904 Deus
1109 3860 1278 3904 autem
1318 3868 1409 3907 rex
1449 3863 1617 3908 noster
1657 3864 1774 3910 ante

175 3938 388 4003 sccula,
431 3946 674 4009 operatus
698 3947 771 3993 est
802 3939 1017 3993 salutem
1044 3940 1096 3994 in
1121 3940 1286 3997 medio
1306 3951 1471 3997 terrte.
1510 3942 1641 3998 Dum
1673 3960 1773 4001 nos

173 4027 493 4095 clamamus,
530 4028 817 4100 Usquequo,
856 4028 1095 4098 Domine,
1127 4035 1441 4103 aprobrabit
1462 4035 1693 4092 inimicus
1718 4038 1773 4093 in

177 4120 374 4189 ﬁnem?
417 4137 673 4191 usquequo
696 4121 862 4177 irritat
887 4124 1246 4181 adversarius?
1269 4143 1522 4200 usquequo
1565 4146 1773 4186 manum

178 4220 317 4267 tuam
345 4211 534 4267 avertis
561 4228 593 4265 a
618 4215 731 4268 sinu
758 4214 889 4270 tuo?
916 4215 1046 4271 Cum
1083 4216 1198 4272 lucc
1219 4216 1466 4286 dicimus,
1510 4219 1652 4277 Deus
1673 4231 1771 4277 att—

179 4312 277 4359 tem
297 4322 392 4361 rea:
419 4314 587 4360 noster
606 4315 723 4361 ante
743 4307 951 4375 macula,
982 4318 1219 4379 operatus
1254 4320 1329 4365 est
1347 4310 1562 4367 salutem
1584 4313 1639 4367 in
1668 4329 1773 4370 me-

176 4395 263 4452 dio
288 4406 440 4451 terra:
452 4412 472 4460 ;
512 4406 568 4453 et
605 4413 702 4453 nos
733 4398 1050 4457 dormimus.
1083 4400 1202 4457 Jam
1227 4402 1444 4475 vigilant
1462 4404 1689 4474 Gentes;
1715 4417 1771 4466 et

176 4504 278 4546 nos
314 4490 613 4557 stertimus,
658 4500 716 4548 et
757 4502 1005 4566 tanquam
1051 4513 1150 4554 nos
1178 4498 1316 4557 Deus
1349 4500 1668 4569 deseruerit,
1715 4505 1769 4562 in

176 4582 384 4638 somnis
411 4579 719 4637 deliramus.
751 4583 1003 4654 Operatus
1026 4597 1097 4643 est
1115 4589 1327 4646 salutem
1346 4592 1398 4647 in
1421 4595 1764 4661 medioterrar.

248 4672 340 4728 l5.
383 4670 539 4744 (vers.
563 4671 678 4747 13.]
708 4673 823 4729 iam
852 4690 980 4748 ergo
1008 4679 1185 4749 Asaph
1209 4682 1415 4753 corrige
1436 4694 1486 4741 te
1513 4686 1580 4741 ad
1607 4687 1768 4743 intel-

177 4763 374 4820 lectum
400 4780 416 4829 ;
456 4762 542 4820 dic
568 4764 720 4821 nobis
748 4766 957 4837 qualem
982 4769 1207 4828 salutem
1245 4784 1495 4843 operatus
1518 4789 1602 4833 est
1627 4779 1768 4838 Deus

178 4853 231 4911 in
262 4855 443 4910 medio
468 4864 643 4912 terrai.
684 4856 818 4913 Cum
847 4858 933 4915 illa
975 4870 1181 4918 terrena
1210 4874 1385 4921 vestra
1414 4870 1559 4924 salus
1580 4886 1764 4927 eversa

178 4954 278 5012 est,
310 4946 441 5017 quid
477 4946 640 5003 fecit?
667 4948 793 5019 quid
830 4951 1107 5020 promisit?
1137 4953 1214 5009 Tu
1245 4957 1557 5026 conﬁrmasti
1582 4961 1635 5017 in
1661 4963 1765 5017 uir-

180 5047 284 5094 tute
302 5049 390 5094 tua
409 5057 565 5097 mare.
596 5042 867 5114 Tanquam
894 5054 1051 5115 gente
1070 5046 1374 5105 Judaaorum
1406 5053 1549 5108 velut
1566 5054 1710 5109 arida
1731 5071 1762 5111 a

178 5129 427 5188 ﬂuctibus
469 5143 733 5204 separata,
776 5150 925 5194 mare
962 5137 1016 5192 in
1060 5140 1410 5198 amaritudine
1437 5158 1531 5199 sua
1563 5144 1763 5203 Gentes

179 5234 351 5293 erant,
381 5234 687 5298 terramque
725 5228 869 5285 illam
901 5230 1132 5303 undique
1153 5232 1571 5294 circumluebant
1599 5254 1763 5297 :ecce

179 5317 491 5384 conﬁrmasti
536 5319 588 5373 in
632 5319 813 5375 virtute
847 5330 935 5375 tua
967 5338 1124 5385 mare,
1151 5332 1206 5378 et
1229 5326 1483 5381 remansit
1512 5336 1652 5384 terra
1685 5331 1761 5385 si-

182 5403 317 5463 tiens
335 5408 560 5466 imbrem
582 5419 750 5464 tuum.
776 5410 852 5466 Tu
866 5414 1177 5483 conﬁrmasti
1196 5415 1247 5470 in
1282 5417 1460 5472 virtute
1488 5428 1573 5473 tua
1591 5436 1759 5477 mare:

181 5496 458 5552 contrivisti
484 5501 653 5572 capita
675 5501 953 5557 draconum
978 5504 1029 5558 in
1048 5522 1201 5575 aqua.
1243 5506 1538 5564 Draconum
1564 5512 1758 5582 capita,

183 5583 565 5649 damonion
590 5594 887 5666 superbias,
922 5611 952 5651 a
973 5599 1165 5667 quibus
1190 5599 1389 5657 Gentes
1418 5604 1761 5673 possideban-

244 5701 644 5783 [ἓξξὲξιεὲίιδενρ
674 5718 804 5783 De"!
820 5709 949 5783 fecit:
969 5718 1041 5783 ,με
1070 5714 1246 5783 sorba
1290 5715 1554 5783 mea:
1581 5718 1712 5777 σιεοά
1736 5732 1759 5773 .-

244 5706 263 5737 ι
289 5709 319 5753 tt
438 5708 644 5770 sliber,
674 5709 949 5773 Deusfccit.
986 5718 1041 5783 at
1070 5714 1246 5772 corb..
1290 5715 1554 5781 Deusfecit
1581 5718 1712 5777 quod
1736 5732 1759 5773 :

184 5706 442 5875 ἔξαιῧὲ
466 5771 599 5833 facit.
624 5779 772 5823 locus
793 5772 842 5823 in
885 5774 1029 5824 edgtis
1046 5783 1099 5827 et
1123 5776 1173 5825 iu
1193 5784 1325 5838 ita,
1360 5779 1432 5829 uti
1455 5779 1666 5844 videtur,
1687 5783 1760 5835 vi-

476 5919 699 5979 Ssacr.
752 5922 793 5980 A
808 5937 1020 5980 1th7312
1071 5918 1176 5981 IV.

1309 325 1707 387 ENARRA'I'IO
1743 328 1811 388 IN
1848 330 2170 390 PSALMUM
2208 335 2441 392 LXXIII.

3380 356 3489 416 938

1905 451 2009 511 tur,
2039 447 2334 503 contrivisti
2356 463 2518 520 super
2535 466 2726 522 aquam
2752 472 2765 521 ;
2797 458 2915 524 quia
2937 474 3031 515 eos
3054 477 3188 532 quos
3216 471 3489 537 possside—

1901 535 2045 603 bant,
2078 548 2131 594 tu
2161 556 2256 611 per
2276 542 2601 614 Baptismum
2633 547 2886 607 liberasti.

1969 632 2057 689 l6.
2097 630 2247 707 [νοτε.
2281 634 2393 710 ιι]
2431 637 2568 705 Quid
2601 640 2774 696 adhuc
2806 654 2923 712 post
2950 650 3121 719 capita
3147 650 3439 712 draconum
3460 659 3487 714 τ

1896 720 1977 779 Illi
2012 724 2157 779 enim
2198 726 2460 784 dracones
2503 730 2699 787 habent
2739 736 3028 807 principem
3056 757 3232 810 suum,
3284 755 3339 802 ct
3367 748 3484 819 ipse

1896 815 2101 886 primus
2145 829 2228 874 est
2257 836 2480 892 magnus
2531 824 2711 881 draco.
2767 828 2829 884 Et
2866 830 2933 887 de
2959 833 3051 888 illo
3084 838 3207 905 quid
3241 839 3362 896 fecit
3389 815 3486 911 qui

1895 917 2146 979 operatus
2170 920 2253 966 est
2279 913 2503 970 salutem
2526 916 2578 971 in
2608 917 2784 973 medio
2815 923 3008 977 terrae?
3038 927 3175 982 Audi
3210 946 3220 981 :
3252 929 3332 984 Tu
3356 950 3483 988 con-

1895 998 2089 1069 fregisti
2133 1012 2287 1071 caput
2329 1004 2582 1061 draconis.
2627 1005 2791 1080 Cujus
2818 1012 3103 1069 draconis?
3135 1019 3482 1090 lntelligimns

1893 1088 2153 1147 dracones
2205 1095 2383 1149 omnia
2434 1097 2697 1155 daemonia
2750 1102 2849 1157 sub
2893 1104 3103 1161 diabolo
3154 1088 3433 1168 nillitantia
3462 1130 3481 1169 :

1892 1197 2049 1253 quem
2078 1199 2205 1256 ergo
2245 1187 2569 1258 singularem
2616 1191 2903 1250 draconem
2946 1198 3096 1268 cujus
3143 1211 3302 1269 caput
3344 1219 3482 1260 con-

1891 1268 2115 1328 fractum
2163 1283 2266 1340 est,
2314 1277 2414 1333 nisi
2462 1279 2633 1348 ipsum
2664 1282 2932 1339 diabolum
2976 1268 3271 1359 intelligere
3317 1293 3483 1349 debe-

1892 1363 2045 1417 mus?
2071 1363 2207 1432 Quid
2229 1365 2296 1422 de
2322 1366 2413 1422 illo
2439 1368 2606 1425 fecit?
2628 1371 2705 1425 Tu
2726 1376 3019 1447 confregisti
3045 1392 3197 1448 caput
3224 1383 3481 1439 draconis.

1890 1452 2024 1509 Illud
2055 1467 2139 1512 est
2167 1458 2374 1515 initium
2402 1464 2626 1531 peccati.
2651 1465 2822 1534 Caput
2847 1468 2973 1522 illud
3003 1481 3085 1525 est
3103 1476 3242 1542 quod
3272 1480 3479 1548 accepit

1890 1547 2251 1613 maledictum.
2292 1563 2349 1607 ut
2369 1568 2552 1610 semen
2584 1556 2709 1612 Eva:
2735 1559 3045 1617 observaret
3072 1576 3230 1633 caput
3254 1547 3481 1639 serpen-

1891 1635 1959 1691 tis
2009 1636 2177 1709 (Gen.
2231 1657 2308 1707 ιιι,
2365 1643 2492 1717 l5).
2546 1647 2827 1703 Admonita
2883 1662 2965 1707 est
3032 1655 3171 1709 enim
3244 1635 3484 1714 Ecclesia

1889 1725 2098 1785 initium
2149 1735 2351 1802 peccati
2396 1735 2654 1794 devitare.
2730 1740 2880 1809 Quod
2945 1752 3029 1798 est
3098 1745 3300 1801 initium
3358 1764 3484 1819 pec-

1887 1824 2013 1890 cati,
2065 1834 2311 1897 tanquam
2360 1839 2519 1899 caput
2568 1834 2868 1902 serpentis?
2908 1834 3118 1892 Initium
3152 1841 3313 1894 cuiuis
3358 1858 3481 1910 pec-

1886 1920 1987 1971 cati
2009 1918 2240 1987 superbia
2268 1919 2451 1988 (Eccli.
2475 1939 2529 1986 x.
2562 1924 2674 1995 15).
2704 1927 3040 1981 Conl'ractnm
3064 1937 3144 1984 est
3172 1946 3298 2001 ergo
3321 1942 3482 2001 caput

1887 2005 2171 2075 draconis;
2212 2011 2482 2069 confracta
2527 2024 2609 2071 est
2646 2018 2893 2087 superbia
2924 2019 3205 2076 diabolica.
3259 2023 3327 2076 Et
3353 2024 3481 2093 quid

1886 2098 1955 2156 de
1980 2100 2071 2155 illo
2092 2101 2235 2169 fecit,
2263 2106 2354 2175 qui
2378 2117 2631 2177 operatus
2652 2121 2733 2163 est
2758 2112 2981 2166 salutem
3010 2113 3062 2166 in
3088 2115 3260 2169 medio
3285 2124 3437 2171 terrae
3454 2117 3481 2172 ι

1884 2188 2086 2247 Dedisti
2132 2211 2246 2249 eum
2285 2196 2338 2251 in
2385 2215 2551 2253 escam
2598 2203 2799 2271 populis
2840 2202 3188 2275 zEtIiiopibus.
3234 2207 3369 2275 Quid
3398 2218 3481 2263 est

1886 2280 1989 2337 hoc
2004 2283 2028 2337 ?
2042 2285 2321 2351 Quomodo
2343 2287 2579 2360 intelligo
2601 2294 2821 2361 populos
2837 2291 3115 2363 IEthiOpes
3133 2295 3155 2347 ?
3177 2296 3478 2364 Quomodo,

1886 2371 1985 2427 nisi
2015 2388 2109 2443 per
2149 2374 2267 2443 hos,
2318 2393 2505 2434 omnes
2558 2381 2797 2437 Gentes?
2851 2385 2915 2438 Et
2958 2386 3088 2439 liene
3126 2404 3219 2455 per
3264 2389 3476 2459 nigros;

1884 2460 2163 2531 Ethiopes
2186 2465 2327 2521 enim
2350 2468 2486 2538 nigri
2508 2480 2649 2523 sunt.
2681 2473 2781 2539 Ipsi
2812 2486 3066 2528 voeantur
3085 2476 3148 2528 ad
3180 2477 3359 2544 iidem,
3386 2483 3479 2549 qui

1885 2553 2017 2623 nigri
2066 2557 2312 2621 luerunt;
2366 2558 2466 2629 ipsi
2514 2576 2754 2631 prorsus,
2798 2576 2853 2617 ut
2877 2566 3083 2621 dicatur
3110 2570 3234 2622 eis:
3282 2570 3478 2628 Fuistis

1886 2644 2016 2696 enim
2045 2647 2319 2714 aliquando
2344 2652 2602 2716 tenebrw;
2645 2670 2777 2706 nunc
2812 2666 2979 2710 autem
3020 2658 3110 2711 lum
3157 2662 3208 2713 in
3254 2660 3476 2717 Domino

1885 2732 2098 2805 (Ephes.
2134 2754 2184 2802 v,
2229 2738 2307 2810 8).
2357 2741 2457 2810 Ipsi
2497 2758 2714 2813 prorsus
2760 2758 3013 2800 vocantur
3042 2751 3217 2817 nigri;
3267 2753 3360 2807 sed
3409 2770 3478 2811 ne

1884 2837 2195 2881 remaneant
2224 2829 2359 2899 nigri
2388 2845 2403 2883 :
2454 2832 2523 2886 de
2546 2831 2627 2888 his
2652 2836 2792 2888 enim
2826 2836 2886 2889 fit
2915 2837 3172 2903 Ecclesia,
3216 2846 3299 2895 cui
3344 2844 3479 2899 dici-

1886 2923 1989 2980 tur,
2026 2918 2152 2985 Qua:
2190 2930 2262 2974 est
2302 2921 2399 2976 ista
2426 2927 2780 2991 quwusccndit
2820 2928 3052 2982 dealbuta
3082 2930 3253 3001 (Cant.
3282 2950 3392 2999 vm,
3416 2937 3471 3002 5,

1881 3022 1982 3060 sec.
2012 3006 2175 3079 LXX)
2198 3010 2220 3063 ?
2242 3010 2378 3076 Quid
2406 3013 2546 3066 enim
2574 3014 2641 3069 de
2670 3015 2820 3085 nigra
2848 3016 3045 3073 factum
3073 3030 3172 3087 est,
3202 3024 3303 3076 nisi
3330 3025 3475 3093 quod

1880 3097 2077 3154 dictum
2104 3110 2189 3156 est
2217 3120 2230 3156 :
2282 3101 2448 3172 Nigra
2476 3121 2609 3172 sum,
2649 3116 2697 3161 et
2744 3125 2969 3177 speciosa
3013 3109 3182 3180 (Cant.
3210 3129 3247 3179 ι,
3277 3114 3377 3183 4)ἳ
3406 3117 3474 3173 Ει

1881 3192 2147 3260 quomodo
2174 3206 2493 3265 accept-runt
2527 3199 2612 3253 isti
2643 3200 2694 3254 in
2741 3217 2917 3255 escam
2948 3202 3234 3259 draconem
3266 3208 3424 3262 istum
3446 3209 3473 3261 ?

1882 3280 2015 3335 Puto
2042 3284 2163 3354 quia
2195 3286 2362 3355 magis
2386 3284 2655 3343 Christum
2685 3302 3005 3361 acerperunt
3048 3297 3098 3347 in
3126 3311 3303 3351 escam
3329 3315 3342 3351 :
3374 3299 3473 3355 sed

1880 3370 2146 3428 Christum
2193 3390 2300 3446 quo
2349 3393 2408 3431 se
2453 3393 2888 3436 consummarent
2926 3399 2942 3449 ;
2992 3384 3259 3440 diabolum
3310 3403 3471 3457 quem

1878 3474 2278 3523 consumerent.
2312 3468 2444 3524 Nam
2476 3471 2598 3527 inde
2618 3481 2672 3527 et
2700 3473 2893 3529 vitulus
2922 3475 3009 3530 ille
3036 3493 3191 3545 quem
3232 3479 3471 3539 adoravit

1876 3555 2105 3625 populus
2126 3558 2372 3624 intidclis,
2391 3570 2651 3630 ap0slata,
2672 3578 2915 3633 quaerens
2930 3567 3057 3621 deos
3073 3568 3466 3640 Egyptiorum,

1876 3643 2149 3701 dimittens
2169 3662 2293 3704 eum
2312 3651 2400 3719 qui
2423 3650 2669 3705 liberavit
2693 3654 2760 3708 de
2779 3657 3033 3710 servitute
3054 3657 3425 3729 {Egyptiorum
3447 3678 3465 3729 ;

1878 3734 2016 3792 unde
2040 3739 2291 3807 agitattnn
2319 3750 2402 3796 est
2427 3742 2556 3797 illud
2598 3758 2845 3813 magnum
2871 3759 3283 3804 sacramentum.
3330 3752 3467 3809 Cum

1876 3828 2019 3883 enim
2040 3830 2117 3885 sic
2138 3831 2460 3889 irasceretur
2481 3833 2689 3906 Moyses
2715 3838 3013 3892 colentibus
3039 3848 3093 3893 et
3118 3841 3465 3901 adorantibus

1876 3916 2099 3987 idolum,
2138 3931 2193 3976 et
2220 3921 2337 3977 zelo
2366 3923 2455 3978 Dei
2497 3926 2854 3981 inﬂammatus
2882 3928 3170 3986 vindicaret
3199 3941 3463 4004 tempora-

1876 4007 2018 4073 Iiter,
2064 4018 2119 4064 ut
2163 4025 2193 4064 a
2223 4021 2395 4068 morte
2422 4014 2742 4083 sempiterna
2772 4017 3053 4074 devitanda
3084 4032 3343 4088 terreret;
3379 4035 3459 4081 ta.

1874 4115 1996 4157 men
2027 4101 2198 4172 ipsum
2224 4114 2384 4174 caput
2408 4106 2552 4161 vituli
2597 4108 2648 4162 in
2678 4109 2851 4178 ignem
2882 4110 3024 4165 misit
3063 4121 3117 4166 ct
3140 4116 3462 4171 extermina-

1873 4191 1970 4259 vit,
2001 4193 2333 4259 comminuit,
2390 4196 2443 4251 in
2485 4212 2677 4266 aquam
2716 4200 2929 4268 Sparsit,
2978 4212 3031 4256 et
3078 4203 3223 4259 dedit
3265 4207 3461 4277 populo

1874 4282 2062 4340 bibere
2086 4282 2278 4357 (Exod.
2310 4302 2480 4349 xxxii.
2533 4288 2681 4362 1-20)
2714 4306 2730 4344 :
2772 4291 2849 4345 sic
2876 4291 3069 4348 factum
3100 4306 3182 4349 est
3209 4312 3457 4367 magnum

1872 4387 2288 4431 sacramentum.
2309 4378 2355 4434 0
2378 4379 2452 4433 ira
2482 4379 2806 4450 prephetica,
2839 4394 2891 4439 et
2918 4389 3126 4442 animus
3150 4404 3252 4443 non
3277 4392 3457 4447 turba-

1874 4474 1979 4528 tus,
2024 4466 2118 4521 sed
2150 4467 2512 4525 illuminatus!
2545 4471 2680 4537 Quid
2724 4474 2869 4543 egit?
2899 4474 3044 4529 Mitte
3071 4478 3119 4529 in
3148 4479 3341 4548 ignem,
3395 4493 3456 4539 ut

1872 4559 2021 4629 prius
2043 4559 2400 4616 confundatur
2428 4560 2597 4616 forma
2618 4563 2729 4631 ipsa
2754 4579 2770 4627 ;
2804 4565 3101 4621 minutatim
3129 4574 3451 4640 comminue,

1868 4658 1930 4706 ut
1954 4651 2204 4721 paulatim
2230 4661 2613 4720 consumatur;
2645 4655 2797 4710 mitte
2826 4656 2875 4709 in
2920 4673 3129 4726 aquam,
3159 4660 3224 4713 da
3256 4665 3454 4732 popqu

1868 4741 2071 4799 bibere.
2099 4742 2236 4811 Quid
2265 4755 2345 4799 est
2374 4744 2495 4811 hoc,
2518 4745 2617 4800 nisi
2639 4747 2758 4817 quia
2790 4747 3097 4804 adoratores
3123 4752 3315 4807 diaboli
3338 4772 3453 4809 cur-

1869 4848 1970 4904 pus
1996 4835 2162 4905 ipsius
2194 4835 2315 4891 facti
2344 4837 2542 4892 erant?
2583 4836 2862 4904 Quomodo
2906 4852 3257 4909 agnoscentes
3299 4843 3452 4899 Citri-

1866 4934 2030 4992 stum,
2064 4925 2195 4980 fiunt
2214 4940 2408 4996 corpus
2431 4926 2653 4992 Christi,
2686 4937 2742 4981 ut
2767 4930 2846 4982 eis
2864 4931 3071 4987 dicatur
3100 4949 3112 4983 :
3157 4932 3254 4987 Vos
3279 4945 3449 4988 autem

1866 5016 1984 5071 estis
2012 5030 2195 5087 corpus
2217 5015 2403 5071 Christi
2426 5027 2473 5070 et
2500 5017 2721 5072 membra
2747 5020 2764 5081 (
2772 5019 2788 5073 Ι
2827 5017 2944 5073 Cor.
2977 5038 3067 5085 xu,
3096 5022 3207 5092 27).
3236 5022 3445 5093 Corpus

1865 5107 2059 5163 diaboli
2101 5108 2522 5164 consumendum
2559 5119 2694 5173 erat,
2734 5118 2791 5166 et
2820 5111 2922 5166 hoc
2949 5114 3016 5167 ab
3044 5113 3293 5168 Israelitis
3318 5131 3438 5169 con-

1865 5199 2204 5255 sumendum.
2258 5199 2332 5255 Es
2377 5200 2470 5256 illo
2510 5203 2654 5256 enim
2697 5204 2892 5274 populo
2938 5204 3217 5273 Apostoli;
3264 5222 3325 5260 ex
3355 5208 3445 5262 illo

1866 5289 2035 5360 prima
2062 5290 2319 5347 Ecclesia.
2369 5292 2437 5348 Et
2480 5292 2679 5349 dictum
2722 5305 2839 5350 erat
2868 5294 3022 5349 Petro
3050 5295 3118 5349 de
3142 5294 3399 5353 Gentibus
3427 5318 3441 5353 :

1867 5381 2041 5436 Macta
2064 5394 2110 5438 et
2138 5383 2393 5438 manduca
2433 5384 2570 5457 (Act.
2615 5403 2670 5453 ι,
2704 5387 2815 5458 13).
2860 5386 2996 5454 Quid
3040 5396 3142 5454 est,
3185 5388 3356 5443 Macta
3395 5400 3444 5445 et

1866 5474 2162 5530 manduca?
2204 5475 2400 5532 Occide
2449 5478 2590 5549 quod
2637 5487 2782 5544 sunt,
2826 5487 2881 5532 et
2904 5477 2985 5533 fac
3013 5477 3154 5548 quod
3179 5494 3256 5534 es.
3309 5480 3443 5547 Hac,

1865 5562 2040 5619 Nacta
2062 5573 2110 5620 et
2134 5565 2421 5632 manduca;
2442 5566 2560 5631 hac,
2580 5566 2893 5623 Comminue
2918 5579 2972 5623 et
2993 5567 3143 5623 bibe:
3164 5578 3445 5639 utrumque

1866 5664 2041 5713 tamen
2067 5655 2122 5712 in
2146 5656 2335 5714 eodem
2364 5668 2736 5726 sacramento;
2769 5660 2890 5729 quia
2930 5661 3209 5731 oportebat
3234 5662 3441 5733 utique,

1864 5756 1922 5805 et
1946 5748 2065 5807 sine
2107 5748 2438 5807 dubitatione
2481 5750 2781 5820 Oportebat,
2832 5761 2890 5806 ιιι
2916 5767 3107 5821 corpus
3137 5753 3277 5821 quod
3325 5763 3445 5813 erat

1869 5837 2091 5903 diaboli,
2110 5839 2380 5896 credendo
2409 5839 2656 5895 transiret
2684 5841 2736 5895 in
2753 5856 2946 5909 corpus
2965 5841 3182 5897 Christi.
3211 5843 3299 5901 Sic
3324 5845 3440 5899 dia-

2845 5937 3170 6011 (‘Trente.,’
