3966 6514
210 430 311 488 95!
1289 393 1680 465 ENARRATID
1709 394 1772 458 l.\
1814 393 1854 458 Ρ

1961 394 2131 455 AiUiI
2170 399 2402 458 LXXIII.

214 555 322 599 erat
347 539 489 610 aptt'd
520 536 698 596 Deum.
727 541 772 590 et
798 532 934 587 Deus
956 537 1058 585 erat
1094 523 1348 582 Verbum?
1370 523 1483 578 Non
1502 522 1801 577 nosti‘enim

220 648 276 689 tn
304 637 535 705 cogam:
561 632 739 691 wrba,
771 626 869 681 nisi
896 639 1014 694 quas
1040 629 1230 675 sonant
1253 627 1305 673 et
1333 622 1626 671 transeunt.
1646 614 1807 669 Potes

220 730 327 799 iam
359 716 549 797 cupere
579 721 834 785 Ven-hum,
864 733 969 771 non
998 728 1186 770 sonum
1206 752 1222 780 ,
1251 710 1347 766 sed
1380 707 1582 764 Deum?
1618 708 1809 761 Annon

220 823 293 875 ib'i
325 818 515 874 audisti
550 834 563 869 :
598 814 658 877 Et
691 813 827 873 Deus
861 819 965 868 erat
1012 804 1267 865 Verbum?
1303 801 1408 858 Sed
1440 810 1496 857 tu
1525 801 1624 861 ista
1650 798 1812 854 verba

220 914 463 984 cogitas,
513 907 697 969 Omnia
741 922 830 977 per
870 903 1038 972 ipsum
1081 903 1216 971 facta
1244 903 1360 951 sunt
1387 910 1407 949 :
1435 904 1487 949 et
1519 909 1611 963 per
1637 892 1812 962 ipsum

225 980 352 1059 facti
381 1010 500 1056 simt
531 1008 579 1055 et
612 996 700 1068 qui
733 994 888 1051 verba
918 992 1137 1048 faciunt.
1166 987 1335 1056 Quale
1363 1000 1489 1057 ergo
1516 982 1647 1039 illud
1680 980 1814 1039 Ver-

226 1096 352 1149 bum
385 1093 501 1153 est?
528 1089 716 1159 Cupis,
746 1104 778 1141 o
804 1081 1081 1143 carnalis?
1126 1078 1424 1149 reSponde;
1475 1075 1657 1146 capis?
1697 1072 1816 1129 Non

226 1186 399 1256 capis,
427 1183 597 1241 adhuc
625 1180 689 1241 ad
719 1185 928 1234 noctem
950 1174 1211 1245 pertines;
1241 1171 1363 1226 luna
1395 1168 1487 1223 tibi
1518 1165 1819 1223 necessaria

225 1285 334 1339 est,
364 1292 429 1330 ne
456 1276 505 1328 in
532 1271 763 1331 tenebris
781 1265 1045 1325 moriaris.
1068 1261 1275 1318 Etenim
1295 1259 1510 1330 quidam
1539 1265 1820 1327 peccatores

226 1368 550 1425 intenderunt
570 1379 743 1426 arcum
761 1404 773 1422 .
799 1368 853 1415 ut
872 1358 1163 1428 sagittarent
1189 1353 1242 1407 in
1270 1352 1484 1413 obscura
1510 1348 1633 1403 luna
1661 1355 1822 1401 rectos

232 1460 387 1514 corde
416 1455 584 1529 (I’sul.
622 1472 673 1518 tt,
702 1454 780 1515 δι.
808 1451 1101 1509 Obscuram
1147 1451 1231 1501 est
1269 1442 1412 1499 enim
1460 1455 1584 1496 caro
1625 1436 1823 1494 Christi

231 1550 303 1604 de
328 1527 486 1603 cruce
514 1544 754 1618 deposita
783 1584 799 1609 ,
847 1549 900 1603 et
941 1539 993 1597 in
1034 1535 1278 1608 sepulcro
1308 1533 1475 1604 posita
1505 1549 1520 1586 :
1550 1538 1605 1587 et
1633 1529 1707 1585 illi
1733 1527 1823 1600 qui

232 1643 547 1701 Deciderunt
594 1638 1016 1703 insultarerunt;
1059 1638 1114 1688 et
1143 1627 1375 1684 nondum
1414 1629 1779 1682 resurrexerat
1805 1662 1821 1689 ,

238 1747 297 1792 et
323 1735 552 1806 saginati
580 1738 705 1794 sunt
729 1726 973 1798 discipuli
1000 1724 1132 1781 recti
1157 1720 1319 1778 corde
1338 1761 1354 1788 ,
1385 1717 1480 1774 sed
1509 1717 1560 1771 in
1599 1715 1826 1771 obscura

238 1830 385 1885 luna.
437 1827 575 1895 Ergo
619 1832 676 1881 ut
718 1838 824 1877 non
856 1820 1028 1879 Solum
1054 1816 1173 1873 dies
1199 1813 1306 1871 diei
1329 1820 1535 1868 eruetet
1557 1809 1780 1864 verbum
1809 1847 1824 1875 ,

238 1921 335 1979 sed
367 1920 523 1985 etiam
564 1932 667 1979 nox
712 1913 858 1973 nooti
897 1909 1174 1967 annuntiet
1223 1906 1528 1971 scientiam;
1574 1899 1830 1974 quoniam

242 2025 360 2070 tuus
385 2022 458 2070 est
486 2011 613 2078 dies,
640 2019 686 2067 et
706 2019 794 2064 tua
822 2014 894 2062 est
931 2020 1070 2069 nam;
1094 2002 1312 2073 dignare
1333 1994 1693 2060 descendere,
1721 2006 1832 2046 ma-

246 2121 377 2163 nere
408 2102 547 2173 apud
576 2118 695 2157 eum
725 2115 755 2153 a
785 2112 891 2169 quo
918 2092 1228 2158 descendis,
1258 2088 1350 2146 sed
1381 2089 1566 2151 venire
1597 2083 1662 2140 ad
1700 2097 1833 2153 quos

245 2172 547 2255 descendis.
608 2192 830 2262 Dignare
881 2182 1206 2245 descendere
1255 2180 1345 2253 qui
1390 2177 1446 2233 in
1498 2175 1603 2232 hoc
1637 2172 1835 2230 mundo

249 2305 399 2351 eras,
430 2295 481 2344 et
513 2284 742 2341 mumlos
771 2296 866 2352 per
893 2289 947 2335 te
974 2278 1143 2334 factus
1163 2283 1241 2330 est
1259 2315 1276 2341 ,
1304 2280 1359 2328 et
1390 2270 1619 2326 mundus
1646 2277 1696 2322 te
1726 2280 1833 2321 non

250 2381 519 2451 cognovit.
550 2379 752 2439 Habeat
775 2382 829 2428 et
849 2387 955 2430 nos
975 2367 1388 2431 consolationem
1411 2378 1561 2419 suam
1580 2379 1595 2426 ;
1621 2358 1833 2422 habeat,

140 2534 159 2551 ι
253 2449 442 2544 inquit,
483 2469 694 2528 Verbum
725 2483 845 2522 caro
872 2465 1062 2535 facttnn
1108 2467 1211 2524 est,
1258 2466 1304 2521 et
1350 2453 1590 2509 habitavit
1614 2451 1668 2506 in
1697 2449 1838 2503 nobis

154 2544 187 2645 ξ
255 2564 437 2639 (Joan.
469 2579 508 2628 ι,
537 2562 689 2630 1-14)
720 2557 898 2617 :Tuus
926 2566 997 2621 est
1022 2555 1128 2610 dies
1150 2594 1165 2620 ,
1188 2560 1233 2607 et
1264 2561 1351 2611 tua
1377 2557 1450 2603 est
1476 2563 1596 2601 aiax.
1625 2543 1701 2599 Tu
1728 2557 1840 2613 per—

259 2636 423 2730 feciin
449 2654 606 2709 solem
653 2661 697 2707 et
744 2652 916 2706 lunam
951 2646 1161 2701 :solem
1189 2682 1206 2709 ,
1245 2639 1575 2710 spirituales;
1623 2636 1840 2698 lunata,

180 2748 207 2803 ἒ.
257 2727 518 2805 carnales.
556 2744 742 2805 Adhuc
783 2739 1012 2801 carnalis
1040 2745 1140 2799 est,
1184 2749 1289 2789 non
1326 2732 1624 2792 deseratur,
1651 2737 1705 2782 et
1732 2727 1844 2796 ipse

190 2846 221 2915 ξ
263 2842 586 2914 perﬁciatur.
617 2834 693 2893 Tu
720 2832 975 2909 perfecisti
1000 2829 1153 2884 solem
1178 2835 1224 2880 et
1253 2825 1426 2879 lunam
1453 2820 1688 2884 :solem,
1720 2826 1841 2871 tau-

196 2934 225 3017 ξ»
262 2948 423 3007 quam
452 2931 779 3003 sapiantem;
802 2928 1005 2989 lunam,
1039 2932 1288 2989 tanquam
1338 2916 1706 2984 insipientem;
1735 2923 1840 2965 non

3388 404 3496 464 949.

1914 523 2195 578 intellectus
2243 521 2417 592 Asaplt
2469 528 2614 576 tunc.
2678 514 2814 591 Quid
2866 522 3059 580 dicitur
3111 522 3164 580 in
3218 527 3497 597 superiore

1915 614 2156 685 psalmo?
2185 612 2344 679 Quasi
2368 629 2519 684 pecus
2555 612 2719 683 factus
2756 632 2867 669 sum
2904 617 2971 669 ad
3011 624 3058 671 te
3070 634 3087 682 ;
3118 628 3164 672 et
3187 634 3278 690 ego
3305 636 3501 689 semper

1915 714 2076 762 tecum
2112 723 2132 762 :
2172 707 2293 777 quia
2329 720 2433 761 non
2466 707 2524 760 iit
2552 706 2616 760 ad
2644 706 2775 763 deos
2803 716 2858 763 et
2898 707 3036 763 idola
3072 708 3341 765 Gentium.
3386 711 3501 766 Etsi

1917 814 2023 856 non
2062 804 2310 870 cognovit
2335 810 2394 854 ut
2422 814 2613 871 pecus,
2660 810 2833 857 tamen
2873 803 3183 873 recognovit
3211 814 3267 858 ut
3294 804 3456 871 homo
3482 848 3499 872 ,

1917 891 2056 948 dixit
2083 893 2248 958 enim,
2269 892 2483 963 Semper
2505 903 2690 961 tecum,
2718 896 2864 965 quasi
2885 911 3034 965 pecus
3056 911 3075 950 :
3096 904 3150 952 et
3172 894 3297 967 quid
3323 906 3504 966 postea

1918 983 1991 1041 ibi
2022 984 2074 1040 in
2098 985 2213 1055 ipso
2237 987 2462 1056 psalmo,
2493 986 2582 1042 ubi
2623 985 2841 1056 Asaph?
2865 986 3091 1043 Tcnuisti
3130 1004 3336 1043 manum
3380 989 3506 1043 dea:-

1921 1087 2041 1137 terte
2078 1095 2244 1147 mete;
2265 1081 2317 1135 in
2345 1080 2601 1136 voluntate
2626 1091 2712 1135 tua
2736 1081 2989 1137 deduxisti
3012 1099 3111 1149 me,
3143 1093 3186 1137 et
3206 1099 3319 1137 cum
3345 1082 3510 1154 gloria

1921 1173 2239 1245 assuntpsisti
2259 1191 2335 1228 me
2356 1173 2525 1248 (Psal.
2557 1190 2723 1239 Lxxn,
2753 1176 2846 1249 23,
2868 1175 2981 1246 24).
3014 1175 3081 1231 In
3112 1178 3368 1232 voluntate
3390 1187 3507 1249 tua,

1924 1282 2031 1321 non
2071 1266 2123 1320 in
2155 1266 2356 1336 justitia
2386 1282 2532 1333 mea;
2566 1267 2710 1322 dono
2738 1276 2849 1333 tuo,
2888 1244 2992 1323 non
3019 1283 3183 1337 Opere
3204 1284 3343 1324 meo.
3370 1244 3512 1338 Ergo

1925 1368 1980 1415 et
2005 1359 2125 1423 hic,
2169 1356 2416 1413 Inimicus
2449 1358 2764 1431 exprobravit
2805 1359 3025 1415 Domino
3042 1376 3064 1431 ;
3091 1371 3137 1415 et
3164 1362 3382 1433 populus
3410 1359 3511 1413 im-

1928 1453 2151 1524 prudens
2190 1452 2502 1508 exacerbavit
2538 1470 2717 1508 nomen
2749 1464 2910 1508 tuum.
2939 1453 3139 1510 Omnes
3169 1469 3296 1527 ergo
3340 1451 3514 1524 perie-

1926 1547 2090 1603 runt?
2116 1545 2287 1601 Absit.
2322 1545 2431 1600 Etsi
2459 1545 2618 1615 aliqui
2653 1561 2723 1601 ex
2751 1544 2915 1601 ramis
2944 1544 3095 1601 t'raeli
3127 1528 3270 1613 sunt,
3300 1553 3516 1599 manent

1930 1648 2107 1696 tamen
2140 1638 2299 1710 aliqui
2330 1653 2434 1710 quo
2472 1640 2798 1695 insereretur
2824 1639 3059 1693 oleaster
3084 1637 3262 1709 (Rom.
3284 1652 3357 1702 xl,
3382 1635 3470 1709 17)
3499 1652 3515 1702 ;

1930 1740 1985 1788 et
2023 1730 2172 1787 radix
2207 1739 2407 1797 manet,
2444 1739 2498 1786 et
2526 1746 2593 1786 ex
2624 1731 2752 1801 ipsis
2795 1730 2959 1785 ramis
3004 1745 3101 1802 per
3146 1728 3519 1783 inﬁdelitatem

1932 1823 2113 1881 fractis
2139 1824 2371 1880 revocati
2401 1832 2524 1879 sunt
2548 1824 2763 1894 quidam
2795 1840 2890 1895 per
2917 1822 3073 1879 ﬁdem
3118 1841 3131 1876 :
3175 1837 3296 1879 nam
3327 1828 3381 1876 et
3405 1820 3523 1890 ipso

1932 1919 2204 1988 apostolus
2234 1917 2426 1972 Paulus
2462 1932 2555 1987 per
2583 1916 2947 1971 inﬁdelitatem
2977 1916 3172 1969 tractus
3192 1922 3325 1981 erat,
3352 1922 3403 1977 et
3428 1927 3523 1983 per

1935 2009 2093 2065 ﬁdem
2115 2009 2280 2065 radici
2309 2009 2586 2065 restitutus
2615 2017 2715 2064 est.
2754 2007 2830 2063 Ita
2868 2007 3025 2078 plane
3066 2006 3286 2077 populus
3329 1990 3525 2076 impru-

1937 2102 2060 2158 dens
2104 2103 2414 2159 exacerbavit
2462 2119 2641 2157 nomen
2687 2111 2864 2169 tuum,
2914 2101 3131 2171 quando
3173 2100 3374 2155 dictum
3402 2108 3521 2155 est:

1941 2194 2003 2250 Si
2028 2195 2165 2265 ﬁlius
2191 2193 2287 2249 Dei
2309 2203 2401 2257 est,
2431 2194 2698 2248 descendat
2724 2193 2787 2246 de
2811 2208 2958 2246 cruce
2983 2190 3196 2263 (Matth.
3221 2207 3385 2258 xxvu,
3407 2187 3523 2263 40).

2007 2283 2098 2339 22.
2131 2283 2296 2359 [vers.
2331 2282 2456 2357 19.]
2496 2284 2599 2340 Sed
2628 2283 2754 2356 quid
2788 2293 2841 2338 tu
2867 2325 2883 2351 ,
2917 2281 3116 2353 Asaph,
3144 2282 3252 2351 jam
3285 2281 3337 2336 in
3369 2281 3528 2337 intel-

1940 2378 2118 2435 lectu?
2168 2376 2251 2432 Ne
2289 2376 2556 2431 tradideris
2598 2376 2763 2431 bestiis
2805 2377 3025 2437 animam
3068 2376 3381 2446 confitentem
3421 2375 3530 2429 tibi.

1944 2470 2210 2537 Agnosco,
2239 2467 2405 2541 inquit
2431 2465 2642 2536 Asaph;
2674 2466 2818 2538 quia,
2846 2465 2983 2520 sicut
3010 2465 3061 2519 in
3090 2464 3196 2520 alio
3223 2465 3425 2535 psalmo
3453 2463 3535 2519 di-

1943 2560 2117 2627 citur,
2149 2558 2419 2614 Peccatum
2447 2574 2610 2613 meum
2649 2557 2856 2630 cognovi
2875 2599 2891 2623 ,
2935 2567 2984 2611 et
3020 2556 3216 2627 facinus
3242 2573 3407 2611 meum
3435 2572 3536 2611 non

1947 2653 2122 2725 operui
2146 2654 2162 2723 (
2186 2651 2327 2707 Psal.
2352 2668 2497 2715 XXXI,
2521 2652 2606 2722 5).
2629 2650 2842 2719 Quare?
2862 2650 2994 2719 Quia
3017 2650 3228 2706 locutus
3247 2658 3329 2706 est
3352 2650 3539 2704 Petrus

1948 2745 2261 2802 mirantibus
2284 2743 2490 2812 linguas
2521 2741 2796 2810 Israelitis,
2825 2741 3072 2811 quoniam
3105 2741 3201 2810 ipsi
3228 2740 3541 2795 occiderunt

1949 2837 2244 2902 Christum,
2273 2852 2391 2892 cum
2421 2844 2642 2907 propter
2667 2834 2787 2889 illos
2817 2835 3010 2888 missus
3037 2833 3106 2888 sit
3131 2833 3396 2887 Christus.
3430 2831 3542 2893 Iloc

264 3003 446 3082 tamen
471 3019 774 3079 deseruisti.
802 3015 932 3073 Nam
962 3014 1033 3069 ita
1057 3009 1312 3081 scriptum
1338 3016 1419 3061 est
1450 3024 1463 3059 :
1491 3003 1707 3071 Sapiens
1734 3015 1850 3068 per-

267 3125 435 3177 manet
456 3115 581 3177 sicut
600 3112 713 3177 sol;
737 3108 919 3166 stultus
941 3115 1107 3163 autem
1133 3103 1260 3157 sicut
1286 3100 1406 3161 luna
1421 3104 1642 3151 mutatur
1656 3091 1845 3164 (Eccli.

269 3223 442 3274 xxvu,
472 3204 584 3276 η).
609 3201 744 3272 Quid
771 3215 921 3270 ergo,
944 3196 1069 3267 quia
1082 3195 1167 3248 sol
1197 3197 1489 3262 permanet,
1520 3186 1572 3241 id
1596 3193 1698 3247 est,
1728 3183 1852 3254 quia

271 3299 475 3371 sapiens
500 3302 755 3370 permanet
782 3292 908 3349 sicut
933 3288 1011 3347 sol
1031 3329 1043 3348 .
1072 3284 1259 3341 stultus
1287 3282 1415 3336 sicut
1444 3280 1563 3333 luna
1588 3285 1855 3338 mutatur;

275 3364 449 3457 adhuc
472 3364 702 3446 carnalis
726 3426 742 3455 ,
773 3381 947 3439 adhuc
989 3377 1246 3447 insipiens
1282 3370 1606 3455 deserendus
1643 3366 1762 3422 est?
1791 3364 1858 3420 Et

394 3490 473 3539 est
509 3477 650 3550 quod
690 3450 887 3535 dictum
914 3470 1085 3528 estnh
1121 3466 1374 3536 Apostolo
1405 3481 1419 3518 :
1450 3450 1775 3529 sapientibus
1810 3464 1860 3511 et

278 3546 631 3645 insipientibus
673 3566 865 3627 debitor
900 3579 1012 3622 sunt
1043 3558 1219 3633 (Rom.
1260 3573 1299 3625 t,
1343 3554 1473 3626 ﬂ)?
1500 3551 1581 3607 Tu
1609 3546 1861 3623 perfecisti

280 3665 438 3722 solem
464 3673 511 3721 et
540 3662 735 3721 lunam.

353 3758 444 3819 20.
486 3755 649 3830 [vers.
701 3747 816 3823 17.]
871 3746 947 3803 Tu
995 3743 1156 3817 fecisti
1207 3755 1377 3797 omnes
1413 3735 1650 3830 terminos
1692 3740 1860 3830 terrm.

283 3849 471 3907 Nonne
488 3821 551 3903 et
578 3852 722 3909 ante,
745 3821 954 3911 quando
970 3833 1204 3891 fundavit
1221 3828 1454 3886 terram?
1474 3825 1577 3885 Sed
1596 3821 1866 3895 quomodo

286 3942 414 4000 fecit
445 3937 697 3995 terminos
728 3943 904 3997 teme,
926 3928 1014 4001 qui
1040 3934 1277 3998 operatus
1295 3933 1365 3977 est
1387 3920 1599 3976 salutent
1623 3917 1676 3970 in
1705 3913 1867 3971 medio

290 4032 477 4089 trrrw?
522 4026 799 4097 Quomodo
827 4064 845 4092 ,
899 4020 999 4077 nisi
1050 4014 1316 4089 quomodo
1365 4011 1491 4066 dicit
1538 4005 1865 4097 Apostolus:

293 4123 470 4195 Gratia
513 4094 677 4177 autem
721 4114 845 4171 salvi
890 4110 1011 4183 facti
1055 4123 1246 4169 sumus,
1279 4114 1323 4159 et
1351 4102 1443 4157 hoc
1471 4115 1572 4153 non
1597 4112 1659 4155 ea:
1683 4094 1825 4151 nobis
1852 4132 1869 4160 ,

293 4192 381 4271 sed
412 4214 503 4268 Dei
532 4215 719 4266 donum
746 4214 816 4261 est
839 4219 857 4269 ;
894 4218 993 4257 non
1019 4214 1081 4259 ea:
1107 4195 1339 4268 operibus
1359 4236 1376 4257 ,
1407 4208 1468 4246 ne
1493 4194 1619 4261 forte
1645 4187 1756 4259 quis
1783 4201 1872 4241 ex.

299 4305 504 4359 tollatur
520 4303 546 4357 7
573 4301 708 4370 Ergo
731 4310 835 4351 non
861 4299 1015 4347 erant
1040 4302 1200 4358 opera
1222 4282 1393 4339 bona?
1412 4281 1573 4337 Erant
1594 4293 1609 4342 ;
1632 4275 1724 4331 sed
1746 4288 1876 4344 quo-

301 4394 497 4451 modo?
524 4364 702 4447 Gratia
737 4386 849 4442 Dei.
889 4382 1160 4452 Sequere;
1204 4374 1498 4431 videamus.
1535 4367 1708 4439 Ipsius
1748 4364 1879 4421 enim

303 4502 473 4543 sumus
519 4484 841 4551 figmentum,
874 4474 1025 4530 creati
1055 4472 1106 4527 in
1151 4468 1346 4531 Christo
1387 4463 1512 4518 Jesu
1555 4462 1607 4515 in
1648 4458 1880 4529 aperiens

304 4579 446 4633 bonis
477 4550 686 4643 (Ephes.
720 4585 775 4631 ιι,
809 4565 987 4636 8-l0).
1020 4565 1153 4619 Ecce
1179 4556 1444 4630 quomodo
1471 4554 1594 4608 fecit
1625 4550 1883 4611 terminos

307 4640 594 4736 ιρι-ιείιτξιιιιί
625 4671 860 4734 operatus
884 4667 957 4712 est
979 4657 1189 4711 salutem
1216 4653 1267 4707 in
1301 4649 1463 4705 medio
1485 4658 1630 4707 term:
1662 4659 1679 4698 :
1705 4642 1747 4697 Τ
1754 4658 1787 4697 ιι
1810 4640 1882 4709 fe-

306 4761 415 4816 cisti
444 4773 612 4812 omnes
641 4752 877 4809 terminos
907 4759 1070 4803 terrai.
1100 4743 1354 4809 jEstatem
1374 4749 1417 4795 et
1440 4755 1521 4794 ver
1546 4747 1598 4791 tu
1627 4733 1786 4807 fecisti
1806 4748 1885 4788 ea.

312 4854 598 4908 Frrvontcs
630 4842 815 4915 spiritu
845 4848 1001 4895 instas
1030 4847 1131 4891 est.
1160 4834 1201 4888 Τ
1208 4849 1260 4900 ιι,
1288 4832 1523 4901 inquam,
1569 4824 1736 4889 fecisti
1779 4822 1888 4891 spio

312 4945 411 4996 ritu
443 4940 746 4994 ferventes:
777 4942 830 4986 tu
862 4926 1029 4985 fecisti
1071 4934 1123 4981 et
1162 4921 1401 4979 novellos
1426 4920 1475 4972 in
1507 4915 1640 4979 ﬁde;
1670 4928 1761 4967 ver
1781 4919 1885 4969 est.

316 5032 567 5089 Λῗδιαιεηι
602 5038 648 5084 et
678 5043 759 5081 ver
784 5035 835 5079 tu
866 5020 1024 5095 fecisti
1048 5035 1125 5073 ea.
1155 5013 1268 5071 Non
1298 5011 1590 5085 glorientur
1609 5006 1756 5079 quasi
1785 5018 1889 5059 non

315 5122 652 5192 acmperiut:
680 5128 731 5171 tu
759 5113 920 5187 fecisti
948 5128 1027 5166 ea.

386 5216 474 5271 21.
518 5210 682 5286 [νοις.
732 5204 860 5280 18.]
920 5204 1110 5259 Memor
1155 5208 1257 5255 esto
1296 5196 1443 5270 lmjns
1491 5202 1731 5259 creaturis
1774 5196 1891 5240 ture.

319 5307 478 5374 ilnju~
504 5311 748 5357 creatnrte
775 5297 911 5352 tute?
952 5293 1191 5348 Inimicus
1231 5286 1545 5357 exprobravit
1582 5282 1817 5337 Domino.
1852 5277 1897 5333 Ο

326 5369 520 5467 ,κδξιριῃ
548 5392 670 5449 dole
709 5391 761 5449 in
788 5387 1055 5443 intellectu
1088 5381 1362 5454 pristinam
1394 5375 1685 5432 ca‘citanun
1712 5382 1851 5425 tuam
1878 5369 1893 5423 Ξ

324 5489 567 5544 Inimicus
609 5481 921 5555 exprobravit
961 5477 1201 5535 Domino.
1250 5473 1452 5533 Dictum
1487 5476 1568 5523 est
1606 5465 1816 5539 (ῗιιιι-ιδιυ
1846 5463 1895 5516 in

325 5596 479 5651 gemo
506 5594 635 5644 sua,
669 5572 914 5635 Pecpator
939 5579 1012 5623 est
1039 5570 1165 5631 iste;
1210 5580 1309 5618 non
1351 5561 1576 5615 uovinms
1616 5555 1747 5608 unde
1791 5553 1852 5606 sit
1882 5568 1901 5605 :

324 5691 416 5731 nos
441 5672 665 5726 novimus
693 5665 924 5737 Moysen,
955 5661 1028 5714 illi
1069 5660 1262 5713 locutus
1290 5664 1362 5709 est
1390 5653 1561 5714 Deus;
1592 5650 1683 5701 iste
1711 5645 1899 5700 Samaa

325 5770 520 5823 ritanus
549 5773 619 5820 est
647 5761 822 5833 (Joan.
851 5771 925 5821 ιιι,
953 5754 1043 5817 €24,
1064 5750 1164 5814 29,
1194 5759 1236 5803 et
1258 5762 1368 5811 vnt,
1394 5746 1507 5805 b8).
1541 5740 1787 5794 Inimicus
1811 5751 1899 5790 ea;-

322 5858 580 5937 probravit
626 5828 877 5914 Domino;
903 5855 946 5901 et
993 5842 1210 5917 populus
1254 5838 1546 5910 imprudens
1592 5828 1903 5887 exacerbavit

330 5920 517 6007 nomen
537 5957 697 6003 tuuni.
722 5940 951 6013 Populus
973 5932 1281 6007 imprudens
1303 5940 1425 5988 tunc
1446 5924 1652 5995 Asapli;
1679 5920 1772 5980 sed
1795 5932 1899 5977 non

1950 2931 2143 2995 audito,
2172 2929 2459 3001 compuncti
2484 2938 2599 2983 sunt
2628 2928 2798 2994 corde,
2831 2936 2874 2981 et
2901 2927 3133 2981 dixerunt
3162 2926 3230 2979 ad
3251 2925 3539 2996 Apostolos,

1957 3023 2094 3092 Quid
2137 3039 2255 3093 ergo
2278 3021 2526 3095 faciemus
2547 3021 2573 3075 ?
2624 3021 2772 3085 dicite
2809 3020 2968 3075 nobis.
3010 3017 3075 3073 Et
3107 3018 3331 3087 Apostoli
3358 3033 3376 3072 :
3401 3016 3546 3088 Agite

1958 3116 2296 3187 paenitentiam
2324 3156 2336 3177 ,
2378 3124 2424 3168 et
2451 3114 2729 3183 baptizetur
2756 3112 3097 3184 unusquisque
3125 3120 3341 3165 vestrum
3367 3110 3418 3163 in
3448 3124 3545 3163 no-

1958 3208 2091 3262 mine
2127 3206 2329 3260 Domini
2353 3204 2479 3261 Jesu
2504 3204 2694 3273 Christi
2714 3219 2734 3269 ;
2763 3214 2807 3261 ct
2837 3203 3152 3258 dimittentur
3177 3201 3313 3257 vobis
3344 3208 3549 3271 peccata

1959 3309 2120 3355 vestra
2150 3298 2292 3370 (Art.
2331 3313 2389 3362 ιι,
2426 3297 2515 3364 ‘57,
2548 3294 2673 3368 38).
2707 3296 2841 3381 Quia
2884 3311 3010 3375 ergo
3046 3309 3142 3365 per
3181 3291 3550 3362 paenitentiam

1962 3394 2223 3448 confessio
2252 3391 2386 3447 facta
2412 3403 2531 3458 est,
2565 3391 2646 3446 Ne
2691 3390 2959 3445 tradideris
2985 3388 3152 3443 bestiis
3181 3388 3401 3441 animam
3428 3401 3550 3440 con-

1964 3487 2184 3557 fitentem
2212 3486 2320 3540 tibi.
2357 3486 2532 3554 Quare
2556 3527 2572 3552 ,
2604 3484 2919 3561 conﬁtentem
2961 3480 3095 3535 tibi?
3121 3480 3252 3546 Quia
3284 3493 3554 3532 conversus

1964 3597 2075 3634 sum
2096 3582 2147 3632 in
2173 3595 2419 3639 trramna,
2449 3578 2570 3631 dum
2599 3576 2868 3649 conﬁgitur
2892 3573 3039 3645 spina
3065 3571 3083 3641 (
3108 3569 3251 3625 Psal.
3277 3585 3431 3631 XXXI,
3459 3568 3494 3621 4

1966 3671 2280 3741 Compuncti
2310 3680 2431 3725 sunt
2457 3669 2656 3733 corde;
2687 3677 2740 3721 ct
2768 3667 2885 3721 lacti
2914 3674 3037 3719 sunt
3062 3662 3351 3717 zerunmosi
3384 3659 3557 3731 pruni-

1970 3767 2167 3833 tendo,
2198 3765 2286 3834 qui
2328 3762 2529 3818 fuerant
2576 3759 2793 3832 gloriosi
2843 3755 3132 3812 smvieudo.
3176 3754 3258 3807 Ne
3293 3750 3560 3807 tradideris

1973 3860 2140 3925 bestiis
2186 3857 2408 3911 animum
2454 3857 2772 3921 conﬁtentem
2816 3850 2925 3906 tibi.
2971 3846 3175 3915 Quibus
3201 3843 3426 3909 bestiis,
3460 3840 3560 3894 uisi

1973 3966 2197 4031 quarum
2237 3949 2405 4018 capita
2436 3944 2663 4001 contrita
2705 3951 2827 3996 sunt
2871 3955 3031 4013 super
3056 3936 3287 4006 aquam?
3314 3936 3442 4003 Quia
3482 3934 3563 4025 di-

1976 4026 2090 4099 ctus
2116 4050 2197 4097 est
2222 4041 2411 4102 bestia,
2439 4038 2542 4101 leo,
2569 4046 2622 4090 et
2648 4034 2839 4098 draco,
2875 4032 2987 4103 ipse
3014 4028 3274 4083 diabolus.
3308 4024 3446 4089 Noli,
3478 4024 3563 4101 in-

1977 4135 2107 4206 quit,
2135 4133 2262 4189 dare
2286 4129 2496 4185 diabqu
2520 4138 2573 4182 et
2601 4126 2801 4196 angelis
2825 4123 2939 4193 ejus
2968 4122 3198 4175 animam
3223 4110 3565 4191 conﬁtentem

1982 4225 2093 4279 tibi.
2126 4224 2355 4278 Devoret
2383 4233 2626 4288 serpens.
2660 4215 2705 4270 si
2744 4214 2917 4269 adhuc
2958 4225 3164 4266 terrena
3193 4209 3362 4279 sapio,
3391 4208 3434 4261 si
3464 4217 3567 4262 ter-

1983 4332 2109 4374 rena
2139 4314 2418 4377 desidero,
2450 4311 2492 4368 si
2530 4310 2703 4366 adhuc
2747 4308 2799 4363 in
2841 4303 3115 4376 promissis
3152 4302 3356 4357 Veteris
3380 4299 3569 4354 Testa-

1983 4410 2184 4473 tnenti,
2228 4406 2376 4463 Novo
2426 4408 2694 4466 revelato,
2747 4413 3016 4456 remaneo.
3066 4396 3195 4451 Cum
3241 4403 3418 4450 autem
3459 4393 3571 4464 jam

1986 4499 2322 4570 deposuerim
2354 4495 2654 4566 superbiam
2679 4534 2692 4557 ,
2721 4502 2774 4546 et
2794 4489 3052 4562 ju~titiam
3079 4501 3249 4541 meum
3279 4500 3387 4539 non
3410 4498 3573 4555 agno-

1989 4608 2153 4657 scam,
2180 4589 2272 4645 sed
2295 4587 2516 4660 gratiam
2547 4593 2688 4639 tuam
2716 4598 2730 4646 ;
2768 4598 2870 4636 non
2901 4580 3128 4635 habeant
3150 4575 3202 4630 in
3227 4591 3309 4628 me
3331 4566 3575 4643 eupbrha:

1991 4684 2173 4743 bestia-
2199 4690 2533 4754 potestatem.
2564 4675 2647 4730 Ne
2672 4672 2939 4729 tradideris
2976 4670 3141 4724 bestiis
3165 4652 3578 4739 animamconfi-

1992 4786 2174 4831 tentem
2196 4773 2302 4827 tibi.
2329 4771 2535 4843 Animas
2572 4782 2849 4839 pauperum
2875 4774 3075 4816 tuorum
3101 4778 3161 4815 ne
3188 4758 3496 4814 obliviscaris
3527 4758 3580 4811 in

1996 4869 2166 4937 finem.
2215 4865 2412 4919 Divitcs
2453 4872 2700 4921 eramus,
2746 4856 2908 4910 fortes
2954 4868 3195 4917 eramus;
3243 4850 3336 4906 sed
3380 4847 3581 4902 siccasti

1996 4958 2177 5030 ﬂuvios
2211 4953 2397 5009 Etlmm
2420 4966 2439 5007 :
2459 4953 2567 5021 jam
2610 4948 2767 5003 modo
2794 4963 2896 5003 non
2927 4944 3300 5015 constituimus
3320 4937 3579 5010 justitiun

2000 5058 2275 5109 nostram,
2306 5044 2398 5099 ενι]
2446 5041 2781 5115 agnoscimus
2824 5038 3044 5110 gratiam
3091 5046 3271 5098 tuam;
3326 5042 3582 5101 pauperes

2001 5156 2221 5202 smnus,
2269 5136 2458 5193 exaudi
2508 5132 2778 5188 tnetnlicos
2825 5142 2961 5185 tltOs.
3010 5129 3125 5183 .lam
3178 5140 3279 5179 non
3327 5123 3584 5178 audemus

2001 5234 2184 5291 oculos
2211 5231 2276 5285 ad
2305 5228 2496 5285 (mlum
2525 5226 2700 5279 luvare
2723 5264 2736 5289 ,
2770 5223 2859 5277 sed
2892 5219 3246 5291 pi-rcutientes
3273 5228 3456 5286 pectus
3484 5227 3584 5268 no-

2003 5335 2173 5381 strum
2200 5322 2460 5377 dicimus:
2492 5316 2705 5371 Domine
2725 5355 2740 5380 ,
2772 5310 3020 5386 propitius
3049 5318 3150 5363 asto
3183 5305 3306 5360 milii
3338 5304 3585 5377 peccatori

2007 5417 2173 5489 (Luc.
2218 5429 2347 5469 xvut
2370 5453 2385 5477 ,
2419 5410 2554 5483 I5);
2586 5408 2792 5462 Aniinas
2834 5416 3111 5475 pauperum
3147 5409 3347 5453 tuorum
3376 5412 3440 5451 ne
3460 5395 3586 5452 obli-

2009 5511 2212 5565 viscaris
2238 5509 2289 5562 in
2316 5507 2487 5577 liuent.

2077 5625 2168 5685 ‘25.
2202 5622 2358 5695 [vers
2382 5615 2510 5690 20.]
2549 5613 2763 5684 Respice
2780 5609 2833 5664 in
2854 5613 3201 5664 testamentum
3220 5611 3382 5673 tuum.
3404 5599 3590 5671 Redde

2009 5719 2147 5791 quod
2169 5712 2454 5789 protttisisti
2481 5726 2492 5765 :
2519 5708 2723 5764 tabulas
2742 5717 3004 5769 tenemus,
3019 5698 3384 5756 hacreditatem
3401 5708 3591 5766 exspe~

2010 5787 2233 5872 ctatnus.
2258 5807 2467 5877 Respice
2484 5804 2538 5858 in
2558 5805 2907 5856 testamentum
2928 5805 3100 5861 tuum;
3119 5805 3227 5849 non
3254 5787 3381 5848 illud
3402 5795 3554 5843 vetus
3575 5794 3590 5840 ι

2013 5925 2118 5967 non
2154 5911 2368 5979 propter
2397 5907 2592 5955 terram
2620 5891 2870 5950 Chanaan
2908 5902 3074 5963 rogo;
3102 5900 3212 5945 non
3251 5891 3470 5957 propter
3495 5880 3590 5939 ini.
