  <div class='ocr_page' id='page_1' title='image "/cluster/home/n/w/nwhite01/storage/ocr_20150623/36/uva.x000827105/485.png"; bbox 0 0 3966 6468; ppageno 0'>
   <div class='ocr_carea' id='block_1_1' title="bbox 569 553 2156 631">
    <p class='ocr_par' dir='ltr' id='par_1_1' title="bbox 569 553 2156 631">
     <span class='ocr_line' id='line_1_1' title="bbox 569 553 2156 631; baseline -0.009 -11"><span class='ocrx_word' id='word_1_1' title='bbox 569 564 839 621; x_wconf 87' lang='lat' dir='ltr'><strong>micorum</strong></span> <span class='ocrx_word' id='word_1_2' title='bbox 890 555 1237 631; x_wconf 73' lang='lat' dir='ltr'><strong>temporalem</strong></span> <span class='ocrx_word' id='word_1_3' title='bbox 1297 553 1680 628; x_wconf 74' lang='lat' dir='ltr'><strong>subiectionem</strong></span> <span class='ocrx_word' id='word_1_4' title='bbox 1705 594 1721 621; x_wconf 87' lang='lat'><strong>,</strong></span> <span class='ocrx_word' id='word_1_5' title='bbox 1778 567 1887 608; x_wconf 90' lang='lat' dir='ltr'><strong>non</strong></span> <span class='ocrx_word' id='word_1_6' title='bbox 1940 560 2156 624; x_wconf 86' lang='lat' dir='ltr'><strong>propter</strong></span> 
     </span>
    </p>
   </div>
   <div class='ocr_carea' id='block_1_2' title="bbox 571 645 2159 716">
    <p class='ocr_par' dir='ltr' id='par_1_2' title="bbox 571 645 2159 716">
     <span class='ocr_line' id='line_1_2' title="bbox 571 645 2159 716; baseline -0.007 -4"><span class='ocrx_word' id='word_1_7' title='bbox 571 655 805 713; x_wconf 79' lang='lat' dir='ltr'><strong>ﬁliorum</strong></span> <span class='ocrx_word' id='word_1_8' title='bbox 828 651 1099 709; x_wconf 83' lang='lat' dir='ltr'><strong>carnalem</strong></span> <span class='ocrx_word' id='word_1_9' title='bbox 1126 649 1504 707; x_wconf 71' lang='lat' dir='ltr'><strong>fecunditatem</strong></span> <span class='ocrx_word' id='word_1_10' title='bbox 1526 691 1541 714; x_wconf 85' lang='lat'><em>.</em></span> <span class='ocrx_word' id='word_1_11' title='bbox 1570 662 1678 702; x_wconf 92' lang='lat' dir='ltr'><strong>non</strong></span> <span class='ocrx_word' id='word_1_12' title='bbox 1705 655 1922 716; x_wconf 84' lang='lat' dir='ltr'><strong>propter</strong></span> <span class='ocrx_word' id='word_1_13' title='bbox 1949 645 2159 701; x_wconf 85' lang='lat' dir='ltr'><strong>divitias</strong></span> 
     </span>
    </p>
   </div>
   <div class='ocr_carea' id='block_1_3' title="bbox 570 738 2161 816">
    <p class='ocr_par' dir='ltr' id='par_1_3' title="bbox 570 738 2161 816">
     <span class='ocr_line' id='line_1_3' title="bbox 570 738 2161 816; baseline -0.008 -12"><span class='ocrx_word' id='word_1_14' title='bbox 570 755 811 805; x_wconf 87' lang='lat' dir='ltr'><strong>terrenas</strong></span> <span class='ocrx_word' id='word_1_15' title='bbox 833 788 850 814; x_wconf 92' lang='lat'><strong>,</strong></span> <span class='ocrx_word' id='word_1_16' title='bbox 878 761 985 801; x_wconf 90' lang='lat' dir='ltr'><strong>non</strong></span> <span class='ocrx_word' id='word_1_17' title='bbox 1012 752 1232 816; x_wconf 85' lang='lat' dir='ltr'><strong>propter</strong></span> <span class='ocrx_word' id='word_1_18' title='bbox 1259 741 1485 798; x_wconf 84' lang='lat' dir='ltr'><strong>salutem</strong></span> <span class='ocrx_word' id='word_1_19' title='bbox 1526 741 1906 811; x_wconf 73' lang='lat' dir='ltr'><strong>temporalem;</strong></span> <span class='ocrx_word' id='word_1_20' title='bbox 1948 738 2161 807; x_wconf 75' lang='lat' dir='ltr'><strong>Respice</strong></span> 
     </span>
    </p>
   </div>
   <div class='ocr_carea' id='block_1_4' title="bbox 569 832 2156 908">
    <p class='ocr_par' dir='ltr' id='par_1_4' title="bbox 569 832 2156 908">
     <span class='ocr_line' id='line_1_4' title="bbox 569 832 2156 908; baseline -0.007 -13"><span class='ocrx_word' id='word_1_21' title='bbox 569 843 627 896; x_wconf 80' lang='lat' dir='ltr'><strong>in</strong></span> <span class='ocrx_word' id='word_1_22' title='bbox 647 847 996 895; x_wconf 80' lang='lat' dir='ltr'><strong>testamentum</strong></span> <span class='ocrx_word' id='word_1_23' title='bbox 1016 847 1176 902; x_wconf 87' lang='lat' dir='ltr'><strong>tuum,</strong></span> <span class='ocrx_word' id='word_1_24' title='bbox 1199 850 1306 907; x_wconf 93' lang='lat' dir='ltr'><strong>quo</strong></span> <span class='ocrx_word' id='word_1_25' title='bbox 1324 834 1616 908; x_wconf 87' lang='lat' dir='ltr'><strong>promisisti</strong></span> <span class='ocrx_word' id='word_1_26' title='bbox 1636 848 1856 903; x_wconf 80' lang='lat' dir='ltr'><strong>regnum</strong></span> <span class='ocrx_word' id='word_1_27' title='bbox 1877 832 2156 887; x_wconf 79' lang='lat' dir='ltr'><strong>ecelorum.</strong></span> 
     </span>
    </p>
   </div>
   <div class='ocr_carea' id='block_1_5' title="bbox 567 924 2162 1002">
    <p class='ocr_par' dir='ltr' id='par_1_5' title="bbox 567 924 2162 1002">
     <span class='ocr_line' id='line_1_5' title="bbox 567 924 2162 1002; baseline -0.008 -12"><span class='ocrx_word' id='word_1_28' title='bbox 567 929 685 990; x_wconf 81' lang='lat' dir='ltr'><strong>Jam</strong></span> <span class='ocrx_word' id='word_1_29' title='bbox 711 944 944 1002; x_wconf 87' lang='lat' dir='ltr'><strong>agnosco</strong></span> <span class='ocrx_word' id='word_1_30' title='bbox 978 936 1353 987; x_wconf 82' lang='lat' dir='ltr'><strong>testamentum</strong></span> <span class='ocrx_word' id='word_1_31' title='bbox 1391 936 1571 993; x_wconf 88' lang='lat' dir='ltr'><strong>tuum;</strong></span> <span class='ocrx_word' id='word_1_32' title='bbox 1598 925 1707 993; x_wconf 87' lang='lat' dir='ltr'><strong>jam</strong></span> <span class='ocrx_word' id='word_1_33' title='bbox 1743 924 2040 978; x_wconf 86' lang='lat' dir='ltr'><strong>intellectus</strong></span> <span class='ocrx_word' id='word_1_34' title='bbox 2078 929 2162 978; x_wconf 91' lang='lat' dir='ltr'><strong>est</strong></span> 
     </span>
    </p>
   </div>
   <div class='ocr_carea' id='block_1_6' title="bbox 566 1013 2156 1095">
    <p class='ocr_par' dir='ltr' id='par_1_6' title="bbox 566 1013 2156 1095">
     <span class='ocr_line' id='line_1_6' title="bbox 566 1013 2156 1095; baseline -0.009 -16"><span class='ocrx_word' id='word_1_35' title='bbox 566 1022 772 1095; x_wconf 73' lang='lat' dir='ltr'><strong>Asapb,</strong></span> <span class='ocrx_word' id='word_1_36' title='bbox 786 1037 892 1077; x_wconf 91' lang='lat' dir='ltr'><strong>non</strong></span> <span class='ocrx_word' id='word_1_37' title='bbox 908 1029 991 1077; x_wconf 89' lang='lat' dir='ltr'><strong>est</strong></span> <span class='ocrx_word' id='word_1_38' title='bbox 1004 1035 1167 1091; x_wconf 86' lang='lat' dir='ltr'><strong>pecus</strong></span> <span class='ocrx_word' id='word_1_39' title='bbox 1181 1017 1383 1090; x_wconf 84' lang='lat' dir='ltr'><strong>Asaph,</strong></span> <span class='ocrx_word' id='word_1_40' title='bbox 1392 1017 1502 1088; x_wconf 88' lang='lat' dir='ltr'><strong>jam</strong></span> <span class='ocrx_word' id='word_1_41' title='bbox 1524 1017 1666 1071; x_wconf 86' lang='lat' dir='ltr'><strong>videt</strong></span> <span class='ocrx_word' id='word_1_42' title='bbox 1678 1014 1817 1087; x_wconf 87' lang='lat' dir='ltr'><strong>quod</strong></span> <span class='ocrx_word' id='word_1_43' title='bbox 1834 1013 2030 1069; x_wconf 88' lang='lat' dir='ltr'><strong>dictum</strong></span> <span class='ocrx_word' id='word_1_44' title='bbox 2048 1022 2156 1068; x_wconf 89' lang='lat' dir='ltr'><strong>est:</strong></span> 
     </span>
    </p>
   </div>
   <div class='ocr_carea' id='block_1_7' title="bbox 571 1104 2161 1179">
    <p class='ocr_par' dir='ltr' id='par_1_7' title="bbox 571 1104 2161 1179">
     <span class='ocr_line' id='line_1_7' title="bbox 571 1104 2161 1179; baseline -0.008 -7"><span class='ocrx_word' id='word_1_45' title='bbox 571 1135 593 1171; x_wconf 74' lang='grc' dir='ltr'><strong><em>ι</em></strong></span> <span class='ocrx_word' id='word_1_46' title='bbox 634 1115 773 1172; x_wconf 83' lang='lat' dir='ltr'><strong>Ecce</strong></span> <span class='ocrx_word' id='word_1_47' title='bbox 797 1114 914 1170; x_wconf 88' lang='lat' dir='ltr'><strong>dies</strong></span> <span class='ocrx_word' id='word_1_48' title='bbox 941 1113 1196 1179; x_wconf 86' lang='lat' dir='ltr'><strong>veniunt,</strong></span> <span class='ocrx_word' id='word_1_49' title='bbox 1227 1110 1356 1166; x_wconf 84' lang='lat' dir='ltr'><strong>dicit</strong></span> <span class='ocrx_word' id='word_1_50' title='bbox 1385 1109 1668 1173; x_wconf 86' lang='lat' dir='ltr'><strong>Dominus;</strong></span> <span class='ocrx_word' id='word_1_51' title='bbox 1700 1117 1756 1163; x_wconf 89' lang='lat' dir='ltr'><strong>et</strong></span> <span class='ocrx_word' id='word_1_52' title='bbox 1781 1104 2161 1161; x_wconf 87' lang='lat' dir='ltr'><strong>consmmnabo</strong></span> 
     </span>
    </p>
   </div>
   <div class='ocr_carea' id='block_1_8' title="bbox 566 1202 2160 1266">
    <p class='ocr_par' dir='ltr' id='par_1_8' title="bbox 566 1202 2160 1266">
     <span class='ocr_line' id='line_1_8' title="bbox 566 1202 2160 1266; baseline -0.011 0"><span class='ocrx_word' id='word_1_53' title='bbox 566 1207 749 1266; x_wconf 85' lang='lat' dir='ltr'><strong>domui</strong></span> <span class='ocrx_word' id='word_1_54' title='bbox 774 1206 937 1263; x_wconf 91' lang='lat' dir='ltr'><strong>Israel</strong></span> <span class='ocrx_word' id='word_1_55' title='bbox 964 1214 1020 1262; x_wconf 91' lang='lat' dir='ltr'><strong>et</strong></span> <span class='ocrx_word' id='word_1_56' title='bbox 1042 1205 1220 1261; x_wconf 87' lang='lat' dir='ltr'><strong>domui</strong></span> <span class='ocrx_word' id='word_1_57' title='bbox 1246 1202 1379 1260; x_wconf 81' lang='lat' dir='ltr'><strong>Juda</strong></span> <span class='ocrx_word' id='word_1_58' title='bbox 1410 1209 1782 1258; x_wconf 86' lang='lat' dir='ltr'><strong>testamentum</strong></span> <span class='ocrx_word' id='word_1_59' title='bbox 1809 1215 2025 1259; x_wconf 81' lang='lat' dir='ltr'><strong>novum.</strong></span> <span class='ocrx_word' id='word_1_60' title='bbox 2054 1214 2160 1252; x_wconf 89' lang='lat' dir='ltr'><strong>non</strong></span> 
     </span>
    </p>
   </div>
   <div class='ocr_carea' id='block_1_9' title="bbox 568 1292 2158 1366">
    <p class='ocr_par' dir='ltr' id='par_1_9' title="bbox 568 1292 2158 1366">
     <span class='ocr_line' id='line_1_9' title="bbox 568 1292 2158 1366; baseline -0.008 -9"><span class='ocrx_word' id='word_1_61' title='bbox 568 1299 861 1357; x_wconf 77' lang='lat' dir='ltr'><strong>secundum</strong></span> <span class='ocrx_word' id='word_1_62' title='bbox 879 1304 1256 1355; x_wconf 80' lang='lat' dir='ltr'><strong>testamentum</strong></span> <span class='ocrx_word' id='word_1_63' title='bbox 1267 1294 1406 1366; x_wconf 89' lang='lat' dir='ltr'><strong>quod</strong></span> <span class='ocrx_word' id='word_1_64' title='bbox 1423 1293 1660 1364; x_wconf 82' lang='lat' dir='ltr'><strong>disposui</strong></span> <span class='ocrx_word' id='word_1_65' title='bbox 1687 1292 1924 1362; x_wconf 83' lang='lat' dir='ltr'><strong>patribus</strong></span> <span class='ocrx_word' id='word_1_66' title='bbox 1952 1306 2158 1346; x_wconf 89' lang='lat' dir='ltr'><strong>eorum.</strong></span> 
     </span>
    </p>
   </div>
   <div class='ocr_carea' id='block_1_10' title="bbox 572 1386 2158 1469">
    <p class='ocr_par' dir='ltr' id='par_1_10' title="bbox 572 1386 2158 1469">
     <span class='ocr_line' id='line_1_10' title="bbox 572 1386 2158 1469; baseline -0.008 -21"><span class='ocrx_word' id='word_1_67' title='bbox 572 1391 784 1469; x_wconf 73' lang='lat' dir='ltr'><strong>(larem.</strong></span> <span class='ocrx_word' id='word_1_68' title='bbox 814 1406 961 1456; x_wconf 77' lang='lat' dir='ltr'><strong>xxxt,</strong></span> <span class='ocrx_word' id='word_1_69' title='bbox 985 1391 1075 1455; x_wconf 76' lang='lat' dir='ltr'><strong>5i,</strong></span> <span class='ocrx_word' id='word_1_70' title='bbox 1104 1387 1219 1460; x_wconf 68' lang='lat'><strong>32).</strong></span> <span class='ocrx_word' id='word_1_71' title='bbox 1250 1386 1478 1456; x_wconf 78' lang='lat' dir='ltr'><strong>Respice</strong></span> <span class='ocrx_word' id='word_1_72' title='bbox 1499 1386 1551 1440; x_wconf 90' lang='lat' dir='ltr'><strong>in</strong></span> <span class='ocrx_word' id='word_1_73' title='bbox 1576 1393 1947 1441; x_wconf 85' lang='lat' dir='ltr'><strong>testamentum</strong></span> <span class='ocrx_word' id='word_1_74' title='bbox 1980 1392 2158 1449; x_wconf 89' lang='lat' dir='ltr'><strong>tuum;</strong></span> 
     </span>
    </p>
   </div>
   <div class='ocr_carea' id='block_1_11' title="bbox 571 1474 2159 1556">
    <p class='ocr_par' dir='ltr' id='par_1_11' title="bbox 571 1474 2159 1556">
     <span class='ocr_line' id='line_1_11' title="bbox 571 1474 2159 1556; baseline -0.008 -18"><span class='ocrx_word' id='word_1_75' title='bbox 571 1484 824 1556; x_wconf 87' lang='lat' dir='ltr'><strong>quoniam</strong></span> <span class='ocrx_word' id='word_1_76' title='bbox 849 1481 1041 1551; x_wconf 84' lang='lat' dir='ltr'><strong>repleti</strong></span> <span class='ocrx_word' id='word_1_77' title='bbox 1070 1488 1196 1534; x_wconf 88' lang='lat' dir='ltr'><strong>sunt</strong></span> <span class='ocrx_word' id='word_1_78' title='bbox 1222 1479 1308 1549; x_wconf 91' lang='lat' dir='ltr'><strong>qui</strong></span> <span class='ocrx_word' id='word_1_79' title='bbox 1340 1476 1606 1532; x_wconf 87' lang='lat' dir='ltr'><strong>obscurati</strong></span> <span class='ocrx_word' id='word_1_80' title='bbox 1634 1484 1759 1532; x_wconf 91' lang='lat' dir='ltr'><strong>sunt</strong></span> <span class='ocrx_word' id='word_1_81' title='bbox 1787 1485 1940 1529; x_wconf 81' lang='lat' dir='ltr'><strong>terra:</strong></span> <span class='ocrx_word' id='word_1_82' title='bbox 1964 1474 2159 1528; x_wconf 83' lang='lat' dir='ltr'><strong>domo-</strong></span> 
     </span>
    </p>
   </div>
   <div class='ocr_carea' id='block_1_12' title="bbox 570 1566 2162 1644">
    <p class='ocr_par' dir='ltr' id='par_1_12' title="bbox 570 1566 2162 1644">
     <span class='ocr_line' id='line_1_12' title="bbox 570 1566 2162 1644; baseline -0.009 -11"><span class='ocrx_word' id='word_1_83' title='bbox 570 1589 694 1632; x_wconf 84' lang='lat' dir='ltr'><strong>rum</strong></span> <span class='ocrx_word' id='word_1_84' title='bbox 715 1574 1016 1644; x_wconf 90' lang='lat' dir='ltr'><strong>iniquarum</strong></span> <span class='ocrx_word' id='word_1_85' title='bbox 1045 1588 1059 1626; x_wconf 90' lang='lat'><strong>:</strong></span> <span class='ocrx_word' id='word_1_86' title='bbox 1088 1590 1108 1623; x_wconf 76' lang='grc' dir='ltr'><strong><em>ι</em></strong></span> <span class='ocrx_word' id='word_1_87' title='bbox 1137 1569 1258 1641; x_wconf 88' lang='lat' dir='ltr'><strong>quia</strong></span> <span class='ocrx_word' id='word_1_88' title='bbox 1280 1568 1439 1624; x_wconf 89' lang='lat' dir='ltr'><strong>corda</strong></span> <span class='ocrx_word' id='word_1_89' title='bbox 1458 1567 1726 1623; x_wconf 85' lang='lat' dir='ltr'><strong>habebant</strong></span> <span class='ocrx_word' id='word_1_90' title='bbox 1743 1566 1939 1635; x_wconf 89' lang='lat' dir='ltr'><strong>iniqua.</strong></span> <span class='ocrx_word' id='word_1_91' title='bbox 1965 1566 2162 1620; x_wconf 92' lang='lat' dir='ltr'><strong>Domus</strong></span> 
     </span>
    </p>
   </div>
   <div class='ocr_carea' id='block_1_13' title="bbox 570 1659 2162 1734">
    <p class='ocr_par' dir='ltr' id='par_1_13' title="bbox 570 1659 2162 1734">
     <span class='ocr_line' id='line_1_13' title="bbox 570 1659 2162 1734; baseline -0.008 -7"><span class='ocrx_word' id='word_1_92' title='bbox 570 1677 812 1734; x_wconf 68' lang='lat' dir='ltr'><strong>nostrae,</strong></span> <span class='ocrx_word' id='word_1_93' title='bbox 861 1665 1022 1723; x_wconf 88' lang='lat' dir='ltr'><strong>corda</strong></span> <span class='ocrx_word' id='word_1_94' title='bbox 1072 1672 1291 1720; x_wconf 89' lang='lat' dir='ltr'><strong>nostra:</strong></span> <span class='ocrx_word' id='word_1_95' title='bbox 1342 1662 1415 1717; x_wconf 91' lang='lat' dir='ltr'><strong>ibi</strong></span> <span class='ocrx_word' id='word_1_96' title='bbox 1463 1662 1691 1717; x_wconf 86' lang='lat' dir='ltr'><strong>libenter</strong></span> <span class='ocrx_word' id='word_1_97' title='bbox 1739 1660 1980 1714; x_wconf 86' lang='lat' dir='ltr'><strong>habitant</strong></span> <span class='ocrx_word' id='word_1_98' title='bbox 2020 1659 2162 1714; x_wconf 87' lang='lat' dir='ltr'><strong>beati</strong></span> 
     </span>
    </p>
   </div>
   <div class='ocr_carea' id='block_1_14' title="bbox 570 1752 2162 1829">
    <p class='ocr_par' dir='ltr' id='par_1_14' title="bbox 570 1752 2162 1829">
     <span class='ocr_line' id='line_1_14' title="bbox 570 1752 2162 1829; baseline -0.009 -11"><span class='ocrx_word' id='word_1_99' title='bbox 570 1759 773 1819; x_wconf 84' lang='lat' dir='ltr'><strong>mundo</strong></span> <span class='ocrx_word' id='word_1_100' title='bbox 791 1758 954 1814; x_wconf 84' lang='lat' dir='ltr'><strong>corde</strong></span> <span class='ocrx_word' id='word_1_101' title='bbox 979 1755 1201 1829; x_wconf 78' lang='lat' dir='ltr'><strong>(Matth.</strong></span> <span class='ocrx_word' id='word_1_102' title='bbox 1230 1771 1281 1819; x_wconf 77' lang='grc' dir='ltr'><strong>ν,</strong></span> <span class='ocrx_word' id='word_1_103' title='bbox 1309 1754 1400 1825; x_wconf 82' lang='grc'><strong>8).</strong></span> <span class='ocrx_word' id='word_1_104' title='bbox 1429 1752 1642 1823; x_wconf 75' lang='lat' dir='ltr'><strong>Respice</strong></span> <span class='ocrx_word' id='word_1_105' title='bbox 1665 1766 1794 1822; x_wconf 88' lang='lat' dir='ltr'><strong>ergo</strong></span> <span class='ocrx_word' id='word_1_106' title='bbox 1816 1753 1870 1805; x_wconf 89' lang='lat' dir='ltr'><strong>iu</strong></span> <span class='ocrx_word' id='word_1_107' title='bbox 1893 1761 2162 1807; x_wconf 83' lang='lat' dir='ltr'><strong>testamen-</strong></span> 
     </span>
    </p>
   </div>
   <div class='ocr_carea' id='block_1_15' title="bbox 570 1842 2158 1919">
    <p class='ocr_par' dir='ltr' id='par_1_15' title="bbox 570 1842 2158 1919">
     <span class='ocr_line' id='line_1_15' title="bbox 570 1842 2158 1919; baseline -0.008 -10"><span class='ocrx_word' id='word_1_108' title='bbox 570 1863 681 1909; x_wconf 85' lang='lat' dir='ltr'><strong>tum</strong></span> <span class='ocrx_word' id='word_1_109' title='bbox 722 1862 902 1916; x_wconf 85' lang='lat' dir='ltr'><strong>tuum;</strong></span> <span class='ocrx_word' id='word_1_110' title='bbox 944 1858 1000 1905; x_wconf 89' lang='lat' dir='ltr'><strong>et</strong></span> <span class='ocrx_word' id='word_1_111' title='bbox 1041 1847 1282 1919; x_wconf 76' lang='lat' dir='ltr'><strong>reliquiae</strong></span> <span class='ocrx_word' id='word_1_112' title='bbox 1328 1847 1488 1901; x_wconf 83' lang='lat' dir='ltr'><strong>salvae</strong></span> <span class='ocrx_word' id='word_1_113' title='bbox 1532 1847 1661 1901; x_wconf 88' lang='lat' dir='ltr'><strong>tiant</strong></span> <span class='ocrx_word' id='word_1_114' title='bbox 1689 1845 1875 1917; x_wconf 87' lang='lat' dir='ltr'><strong>(Rom.</strong></span> <span class='ocrx_word' id='word_1_115' title='bbox 1906 1860 1981 1908; x_wconf 83' lang='lat' dir='ltr'><strong>Ix,</strong></span> <span class='ocrx_word' id='word_1_116' title='bbox 2012 1842 2158 1915; x_wconf 77' lang='lat'><strong>27):</strong></span> 
     </span>
    </p>
   </div>
   <div class='ocr_carea' id='block_1_16' title="bbox 570 1937 2159 2021">
    <p class='ocr_par' dir='ltr' id='par_1_16' title="bbox 570 1937 2159 2021">
     <span class='ocr_line' id='line_1_16' title="bbox 570 1937 2159 2021; baseline -0.009 -17"><span class='ocrx_word' id='word_1_117' title='bbox 570 1948 698 2021; x_wconf 83' lang='lat' dir='ltr'><strong>quia</strong></span> <span class='ocrx_word' id='word_1_118' title='bbox 727 1945 878 2001; x_wconf 87' lang='lat' dir='ltr'><strong>multi</strong></span> <span class='ocrx_word' id='word_1_119' title='bbox 923 1943 1011 2013; x_wconf 89' lang='lat' dir='ltr'><strong>qui</strong></span> <span class='ocrx_word' id='word_1_120' title='bbox 1038 1941 1320 1998; x_wconf 85' lang='lat' dir='ltr'><strong>attendunt</strong></span> <span class='ocrx_word' id='word_1_121' title='bbox 1347 1939 1413 1995; x_wconf 87' lang='lat' dir='ltr'><strong>ad</strong></span> <span class='ocrx_word' id='word_1_122' title='bbox 1444 1950 1640 1994; x_wconf 89' lang='lat' dir='ltr'><strong>terram</strong></span> <span class='ocrx_word' id='word_1_123' title='bbox 1661 1980 1677 2002; x_wconf 84' lang='lat'><strong>,</strong></span> <span class='ocrx_word' id='word_1_124' title='bbox 1708 1937 1975 1993; x_wconf 89' lang='lat' dir='ltr'><strong>obseurati</strong></span> <span class='ocrx_word' id='word_1_125' title='bbox 2002 1945 2159 2001; x_wconf 90' lang='lat' dir='ltr'><strong>sunt,</strong></span> 
     </span>
    </p>
   </div>
   <div class='ocr_carea' id='block_1_17' title="bbox 569 2029 2158 2109">
    <p class='ocr_par' dir='ltr' id='par_1_17' title="bbox 569 2029 2158 2109">
     <span class='ocr_line' id='line_1_17' title="bbox 569 2029 2158 2109; baseline -0.011 -11"><span class='ocrx_word' id='word_1_126' title='bbox 569 2049 629 2097; x_wconf 89' lang='lat' dir='ltr'><strong>et</strong></span> <span class='ocrx_word' id='word_1_127' title='bbox 650 2037 842 2109; x_wconf 85' lang='lat' dir='ltr'><strong>repleti</strong></span> <span class='ocrx_word' id='word_1_128' title='bbox 869 2043 994 2091; x_wconf 88' lang='lat' dir='ltr'><strong>sunt</strong></span> <span class='ocrx_word' id='word_1_129' title='bbox 1020 2044 1182 2090; x_wconf 89' lang='lat' dir='ltr'><strong>terra.</strong></span> <span class='ocrx_word' id='word_1_130' title='bbox 1214 2030 1432 2088; x_wconf 87' lang='lat' dir='ltr'><strong>Intravit</strong></span> <span class='ocrx_word' id='word_1_131' title='bbox 1459 2032 1509 2085; x_wconf 90' lang='lat' dir='ltr'><strong>in</strong></span> <span class='ocrx_word' id='word_1_132' title='bbox 1536 2030 1722 2085; x_wconf 85' lang='lat' dir='ltr'><strong>oculos</strong></span> <span class='ocrx_word' id='word_1_133' title='bbox 1747 2044 1933 2085; x_wconf 90' lang='lat' dir='ltr'><strong>eorum</strong></span> <span class='ocrx_word' id='word_1_134' title='bbox 1964 2029 2158 2099; x_wconf 87' lang='lat' dir='ltr'><strong>pulvis,</strong></span> 
     </span>
    </p>
   </div>
   <div class='ocr_carea' id='block_1_18' title="bbox 570 2122 2166 2196">
    <p class='ocr_par' dir='ltr' id='par_1_18' title="bbox 570 2122 2166 2196">
     <span class='ocr_line' id='line_1_18' title="bbox 570 2122 2166 2196; baseline -0.009 -5"><span class='ocrx_word' id='word_1_135' title='bbox 570 2142 630 2191; x_wconf 84' lang='lat' dir='ltr'><strong>et</strong></span> <span class='ocrx_word' id='word_1_136' title='bbox 649 2130 939 2190; x_wconf 64' lang='lat' dir='ltr'><strong>excaecavit</strong></span> <span class='ocrx_word' id='word_1_137' title='bbox 976 2142 1068 2185; x_wconf 90' lang='lat' dir='ltr'><strong>eos</strong></span> <span class='ocrx_word' id='word_1_138' title='bbox 1091 2169 1106 2196; x_wconf 97' lang='lat'><strong>,</strong></span> <span class='ocrx_word' id='word_1_139' title='bbox 1137 2135 1193 2183; x_wconf 89' lang='lat' dir='ltr'><strong>et</strong></span> <span class='ocrx_word' id='word_1_140' title='bbox 1218 2126 1340 2180; x_wconf 84' lang='lat' dir='ltr'><strong>lacti</strong></span> <span class='ocrx_word' id='word_1_141' title='bbox 1383 2133 1506 2179; x_wconf 89' lang='lat' dir='ltr'><strong>sunt</strong></span> <span class='ocrx_word' id='word_1_142' title='bbox 1543 2124 1718 2196; x_wconf 86' lang='lat' dir='ltr'><strong>pulvis</strong></span> <span class='ocrx_word' id='word_1_143' title='bbox 1758 2139 1914 2193; x_wconf 84' lang='lat' dir='ltr'><strong>quem</strong></span> <span class='ocrx_word' id='word_1_144' title='bbox 1953 2122 2166 2192; x_wconf 89' lang='lat' dir='ltr'><strong>projicit</strong></span> 
     </span>
    </p>
   </div>
   <div class='ocr_carea' id='block_1_19' title="bbox 571 2213 2162 2287">
    <p class='ocr_par' dir='ltr' id='par_1_19' title="bbox 571 2213 2162 2287">
     <span class='ocr_line' id='line_1_19' title="bbox 571 2213 2162 2287; baseline -0.006 -10"><span class='ocrx_word' id='word_1_145' title='bbox 571 2233 766 2280; x_wconf 84' lang='lat' dir='ltr'><strong>ventus</strong></span> <span class='ocrx_word' id='word_1_146' title='bbox 793 2238 822 2276; x_wconf 89' lang='lat' dir='ltr'><strong>a</strong></span> <span class='ocrx_word' id='word_1_147' title='bbox 851 2220 984 2274; x_wconf 75' lang='lat' dir='ltr'><strong>iacio</strong></span> <span class='ocrx_word' id='word_1_148' title='bbox 1011 2229 1168 2274; x_wconf 61' lang='lat' dir='ltr'><strong>terra!</strong></span> <span class='ocrx_word' id='word_1_149' title='bbox 1195 2215 1381 2286; x_wconf 82' lang='lat' dir='ltr'><strong>(Psal.</strong></span> <span class='ocrx_word' id='word_1_150' title='bbox 1408 2231 1449 2277; x_wconf 78' lang='grc' dir='ltr'><strong>ι.</strong></span> <span class='ocrx_word' id='word_1_151' title='bbox 1477 2216 1565 2287; x_wconf 75' lang='grc'><strong>4).</strong></span> <span class='ocrx_word' id='word_1_152' title='bbox 1596 2213 1794 2285; x_wconf 81' lang='lat' dir='ltr'><strong>Repleti</strong></span> <span class='ocrx_word' id='word_1_153' title='bbox 1819 2223 1933 2268; x_wconf 84' lang='lat' dir='ltr'><strong>sunt</strong></span> <span class='ocrx_word' id='word_1_154' title='bbox 1958 2215 2041 2284; x_wconf 78' lang='lat' dir='ltr'><strong>qui</strong></span> <span class='ocrx_word' id='word_1_155' title='bbox 2071 2214 2162 2268; x_wconf 85' lang='lat' dir='ltr'><strong>ob-</strong></span> 
     </span>
    </p>
   </div>
   <div class='ocr_carea' id='block_1_20' title="bbox 571 2305 2162 2372">
    <p class='ocr_par' dir='ltr' id='par_1_20' title="bbox 571 2305 2162 2372">
     <span class='ocr_line' id='line_1_20' title="bbox 571 2305 2162 2372; baseline -0.008 0"><span class='ocrx_word' id='word_1_156' title='bbox 571 2314 761 2372; x_wconf 83' lang='lat' dir='ltr'><strong>scurati</strong></span> <span class='ocrx_word' id='word_1_157' title='bbox 776 2322 891 2368; x_wconf 87' lang='lat' dir='ltr'><strong>sunt</strong></span> <span class='ocrx_word' id='word_1_158' title='bbox 909 2320 1055 2365; x_wconf 75' lang='lat' dir='ltr'><strong>terra:</strong></span> <span class='ocrx_word' id='word_1_159' title='bbox 1068 2309 1334 2363; x_wconf 87' lang='lat' dir='ltr'><strong>domorum</strong></span> <span class='ocrx_word' id='word_1_160' title='bbox 1347 2308 1653 2371; x_wconf 86' lang='lat' dir='ltr'><strong>iniquarum.</strong></span> <span class='ocrx_word' id='word_1_161' title='bbox 1672 2305 2007 2360; x_wconf 84' lang='lat' dir='ltr'><strong>Attendcndo</strong></span> <span class='ocrx_word' id='word_1_162' title='bbox 2021 2305 2162 2360; x_wconf 87' lang='lat' dir='ltr'><strong>enim</strong></span> 
     </span>
    </p>
   </div>
   <div class='ocr_carea' id='block_1_21' title="bbox 572 2395 2164 2467">
    <p class='ocr_par' dir='ltr' id='par_1_21' title="bbox 572 2395 2164 2467">
     <span class='ocr_line' id='line_1_21' title="bbox 572 2395 2164 2467; baseline -0.008 -4"><span class='ocrx_word' id='word_1_163' title='bbox 572 2418 774 2463; x_wconf 86' lang='lat' dir='ltr'><strong>terram</strong></span> <span class='ocrx_word' id='word_1_164' title='bbox 802 2401 1069 2459; x_wconf 81' lang='lat' dir='ltr'><strong>obscurati</strong></span> <span class='ocrx_word' id='word_1_165' title='bbox 1108 2409 1270 2466; x_wconf 91' lang='lat' dir='ltr'><strong>sunt,</strong></span> <span class='ocrx_word' id='word_1_166' title='bbox 1298 2398 1367 2452; x_wconf 92' lang='lat' dir='ltr'><strong>de</strong></span> <span class='ocrx_word' id='word_1_167' title='bbox 1405 2398 1599 2467; x_wconf 87' lang='lat' dir='ltr'><strong>quibus</strong></span> <span class='ocrx_word' id='word_1_168' title='bbox 1641 2396 1842 2451; x_wconf 90' lang='lat' dir='ltr'><strong>dictmn</strong></span> <span class='ocrx_word' id='word_1_169' title='bbox 1874 2405 1957 2448; x_wconf 72' lang='lat' dir='ltr'><strong>est</strong></span> <span class='ocrx_word' id='word_1_170' title='bbox 1986 2395 2037 2450; x_wconf 90' lang='lat' dir='ltr'><strong>in</strong></span> <span class='ocrx_word' id='word_1_171' title='bbox 2061 2396 2164 2450; x_wconf 88' lang='lat' dir='ltr'><strong>alio</strong></span> 
     </span>
    </p>
   </div>
   <div class='ocr_carea' id='block_1_22' title="bbox 577 2489 2165 2570">
    <p class='ocr_par' dir='ltr' id='par_1_22' title="bbox 577 2489 2165 2570">
     <span class='ocr_line' id='line_1_22' title="bbox 577 2489 2165 2570; baseline -0.006 -18"><span class='ocrx_word' id='word_1_172' title='bbox 577 2499 787 2570; x_wconf 75' lang='lat' dir='ltr'><strong>psalmo</strong></span> <span class='ocrx_word' id='word_1_173' title='bbox 815 2513 828 2550; x_wconf 90' lang='lat'><strong>:</strong></span> <span class='ocrx_word' id='word_1_174' title='bbox 861 2495 1202 2549; x_wconf 85' lang='lat' dir='ltr'><strong>Obscureutur</strong></span> <span class='ocrx_word' id='word_1_175' title='bbox 1223 2491 1357 2545; x_wconf 86' lang='lat' dir='ltr'><strong>oculi</strong></span> <span class='ocrx_word' id='word_1_176' title='bbox 1382 2506 1556 2545; x_wconf 89' lang='lat' dir='ltr'><strong>eorum</strong></span> <span class='ocrx_word' id='word_1_177' title='bbox 1578 2506 1641 2544; x_wconf 85' lang='lat' dir='ltr'><strong>ne</strong></span> <span class='ocrx_word' id='word_1_178' title='bbox 1657 2489 1873 2544; x_wconf 79' lang='lat' dir='ltr'><strong>videant.</strong></span> <span class='ocrx_word' id='word_1_179' title='bbox 1894 2500 1939 2543; x_wconf 86' lang='lat' dir='ltr'><strong>et</strong></span> <span class='ocrx_word' id='word_1_180' title='bbox 1960 2490 2165 2542; x_wconf 78' lang='lat' dir='ltr'><strong>dorsum</strong></span> 
     </span>
    </p>
   </div>
   <div class='ocr_carea' id='block_1_23' title="bbox 576 2582 2163 2656">
    <p class='ocr_par' dir='ltr' id='par_1_23' title="bbox 576 2582 2163 2656">
     <span class='ocr_line' id='line_1_23' title="bbox 576 2582 2163 2656; baseline -0.006 -11"><span class='ocrx_word' id='word_1_181' title='bbox 576 2605 751 2645; x_wconf 82' lang='lat' dir='ltr'><strong>eorum</strong></span> <span class='ocrx_word' id='word_1_182' title='bbox 778 2603 975 2656; x_wconf 79' lang='lat' dir='ltr'><strong>semper</strong></span> <span class='ocrx_word' id='word_1_183' title='bbox 1012 2586 1219 2638; x_wconf 73' lang='lat' dir='ltr'><strong>incurrit</strong></span> <span class='ocrx_word' id='word_1_184' title='bbox 1251 2583 1435 2655; x_wconf 85' lang='lat' dir='ltr'><strong>(I’sal.</strong></span> <span class='ocrx_word' id='word_1_185' title='bbox 1466 2597 1660 2644; x_wconf 78' lang='lat' dir='ltr'><strong>vatn,</strong></span> <span class='ocrx_word' id='word_1_186' title='bbox 1687 2582 1813 2651; x_wconf 71' lang='grc'><strong>24).</strong></span> <span class='ocrx_word' id='word_1_187' title='bbox 1848 2582 2007 2636; x_wconf 83' lang='lat' dir='ltr'><strong>&#39;I‘erra</strong></span> <span class='ocrx_word' id='word_1_188' title='bbox 2038 2599 2163 2649; x_wconf 71' lang='lat' dir='ltr'><strong>ergo</strong></span> 
     </span>
    </p>
   </div>
   <div class='ocr_carea' id='block_1_24' title="bbox 573 2671 2166 2752">
    <p class='ocr_par' dir='ltr' id='par_1_24' title="bbox 573 2671 2166 2752">
     <span class='ocr_line' id='line_1_24' title="bbox 573 2671 2166 2752; baseline -0.007 -17"><span class='ocrx_word' id='word_1_189' title='bbox 573 2680 756 2752; x_wconf 75' lang='lat' dir='ltr'><strong>repleti</strong></span> <span class='ocrx_word' id='word_1_190' title='bbox 789 2686 905 2732; x_wconf 82' lang='lat' dir='ltr'><strong>sunt</strong></span> <span class='ocrx_word' id='word_1_191' title='bbox 932 2675 1018 2747; x_wconf 83' lang='lat' dir='ltr'><strong>qui</strong></span> <span class='ocrx_word' id='word_1_192' title='bbox 1056 2674 1309 2729; x_wconf 80' lang='lat' dir='ltr'><strong>obscurati</strong></span> <span class='ocrx_word' id='word_1_193' title='bbox 1348 2683 1465 2729; x_wconf 85' lang='lat' dir='ltr'><strong>sunt</strong></span> <span class='ocrx_word' id='word_1_194' title='bbox 1495 2682 1641 2727; x_wconf 68' lang='lat' dir='ltr'><strong>terra:</strong></span> <span class='ocrx_word' id='word_1_195' title='bbox 1668 2671 1932 2726; x_wconf 82' lang='lat' dir='ltr'><strong>domorum</strong></span> <span class='ocrx_word' id='word_1_196' title='bbox 1970 2673 2166 2741; x_wconf 83' lang='lat' dir='ltr'><strong>iniqua-</strong></span> 
     </span>
    </p>
   </div>
   <div class='ocr_carea' id='block_1_25' title="bbox 573 2763 2159 2838">
    <p class='ocr_par' dir='ltr' id='par_1_25' title="bbox 573 2763 2159 2838">
     <span class='ocr_line' id='line_1_25' title="bbox 573 2763 2159 2838; baseline -0.005 -12"><span class='ocrx_word' id='word_1_197' title='bbox 573 2788 708 2836; x_wconf 84' lang='lat' dir='ltr'><strong>rum,</strong></span> <span class='ocrx_word' id='word_1_198' title='bbox 727 2769 848 2838; x_wconf 85' lang='lat' dir='ltr'><strong>quia</strong></span> <span class='ocrx_word' id='word_1_199' title='bbox 869 2767 1029 2823; x_wconf 90' lang='lat' dir='ltr'><strong>corda</strong></span> <span class='ocrx_word' id='word_1_200' title='bbox 1052 2764 1317 2821; x_wconf 84' lang='lat' dir='ltr'><strong>habebant</strong></span> <span class='ocrx_word' id='word_1_201' title='bbox 1339 2765 1538 2835; x_wconf 89' lang='lat' dir='ltr'><strong>iniqua.</strong></span> <span class='ocrx_word' id='word_1_202' title='bbox 1566 2763 1766 2818; x_wconf 88' lang='lat' dir='ltr'><strong>Domus</strong></span> <span class='ocrx_word' id='word_1_203' title='bbox 1780 2765 1919 2818; x_wconf 91' lang='lat' dir='ltr'><strong>enim</strong></span> <span class='ocrx_word' id='word_1_204' title='bbox 1945 2772 2159 2829; x_wconf 67' lang='lat' dir='ltr'><strong>nostra),</strong></span> 
     </span>
    </p>
   </div>
   <div class='ocr_carea' id='block_1_26' title="bbox 571 2857 2165 2931">
    <p class='ocr_par' dir='ltr' id='par_1_26' title="bbox 571 2857 2165 2931">
     <span class='ocr_line' id='line_1_26' title="bbox 571 2857 2165 2931; baseline -0.005 -11"><span class='ocrx_word' id='word_1_205' title='bbox 571 2863 709 2921; x_wconf 79' lang='lat' dir='ltr'><strong>sicut</strong></span> <span class='ocrx_word' id='word_1_206' title='bbox 734 2877 893 2931; x_wconf 89' lang='lat' dir='ltr'><strong>supra</strong></span> <span class='ocrx_word' id='word_1_207' title='bbox 923 2859 1190 2925; x_wconf 76' lang='lat' dir='ltr'><strong>diximus,</strong></span> <span class='ocrx_word' id='word_1_208' title='bbox 1221 2858 1384 2913; x_wconf 90' lang='lat' dir='ltr'><strong>corda</strong></span> <span class='ocrx_word' id='word_1_209' title='bbox 1430 2865 1608 2913; x_wconf 89' lang='lat' dir='ltr'><strong>nostra</strong></span> <span class='ocrx_word' id='word_1_210' title='bbox 1635 2866 1759 2911; x_wconf 89' lang='lat' dir='ltr'><strong>sunt</strong></span> <span class='ocrx_word' id='word_1_211' title='bbox 1788 2874 1801 2911; x_wconf 89' lang='lat'><strong>:</strong></span> <span class='ocrx_word' id='word_1_212' title='bbox 1835 2857 1905 2912; x_wconf 85' lang='lat' dir='ltr'><strong>ibi</strong></span> <span class='ocrx_word' id='word_1_213' title='bbox 1938 2857 2165 2912; x_wconf 71' lang='lat' dir='ltr'><strong>libenter</strong></span> 
     </span>
    </p>
   </div>
   <div class='ocr_carea' id='block_1_27' title="bbox 574 2950 2164 3022">
    <p class='ocr_par' dir='ltr' id='par_1_27' title="bbox 574 2950 2164 3022">
     <span class='ocr_line' id='line_1_27' title="bbox 574 2950 2164 3022; baseline -0.006 -8"><span class='ocrx_word' id='word_1_214' title='bbox 574 2955 913 3021; x_wconf 83' lang='lat' dir='ltr'><strong>habitamus,</strong></span> <span class='ocrx_word' id='word_1_215' title='bbox 945 2954 991 3010; x_wconf 87' lang='lat' dir='ltr'><strong>si</strong></span> <span class='ocrx_word' id='word_1_216' title='bbox 1038 2967 1101 3009; x_wconf 89' lang='lat' dir='ltr'><strong>ea</strong></span> <span class='ocrx_word' id='word_1_217' title='bbox 1148 2951 1216 3007; x_wconf 86' lang='lat' dir='ltr'><strong>ab</strong></span> <span class='ocrx_word' id='word_1_218' title='bbox 1259 2951 1538 3022; x_wconf 89' lang='lat' dir='ltr'><strong>iniquitate</strong></span> <span class='ocrx_word' id='word_1_219' title='bbox 1585 2950 1920 3004; x_wconf 77' lang='lat' dir='ltr'><strong>mandemus.</strong></span> <span class='ocrx_word' id='word_1_220' title='bbox 1968 2950 2040 3005; x_wconf 91' lang='lat' dir='ltr'><strong>lbi</strong></span> <span class='ocrx_word' id='word_1_221' title='bbox 2080 2959 2164 3005; x_wconf 86' lang='lat' dir='ltr'><strong>est</strong></span> 
     </span>
    </p>
   </div>
   <div class='ocr_carea' id='block_1_28' title="bbox 572 3042 2161 3115">
    <p class='ocr_par' dir='ltr' id='par_1_28' title="bbox 572 3042 2161 3115">
     <span class='ocr_line' id='line_1_28' title="bbox 572 3042 2161 3115; baseline -0.006 -11"><span class='ocrx_word' id='word_1_222' title='bbox 572 3048 711 3104; x_wconf 84' lang='lat' dir='ltr'><strong>mala</strong></span> <span class='ocrx_word' id='word_1_223' title='bbox 737 3046 1086 3113; x_wconf 84' lang='lat' dir='ltr'><strong>conscientia,</strong></span> <span class='ocrx_word' id='word_1_224' title='bbox 1114 3060 1234 3115; x_wconf 82' lang='lat' dir='ltr'><strong>quae</strong></span> <span class='ocrx_word' id='word_1_225' title='bbox 1262 3044 1384 3099; x_wconf 91' lang='lat' dir='ltr'><strong>inde</strong></span> <span class='ocrx_word' id='word_1_226' title='bbox 1412 3043 1620 3114; x_wconf 83' lang='lat' dir='ltr'><strong>repellit</strong></span> <span class='ocrx_word' id='word_1_227' title='bbox 1648 3042 1917 3099; x_wconf 85' lang='lat' dir='ltr'><strong>hominem</strong></span> <span class='ocrx_word' id='word_1_228' title='bbox 1945 3059 2049 3113; x_wconf 87' lang='lat' dir='ltr'><strong>quo</strong></span> <span class='ocrx_word' id='word_1_229' title='bbox 2069 3043 2161 3113; x_wconf 86' lang='lat' dir='ltr'><strong>ju-</strong></span> 
     </span>
    </p>
   </div>
   <div class='ocr_carea' id='block_1_29' title="bbox 574 3134 2161 3208">
    <p class='ocr_par' dir='ltr' id='par_1_29' title="bbox 574 3134 2161 3208">
     <span class='ocr_line' id='line_1_29' title="bbox 574 3134 2161 3208; baseline -0.004 -13"><span class='ocrx_word' id='word_1_230' title='bbox 574 3138 731 3195; x_wconf 89' lang='lat' dir='ltr'><strong>betur</strong></span> <span class='ocrx_word' id='word_1_231' title='bbox 751 3139 828 3193; x_wconf 89' lang='lat' dir='ltr'><strong>ire</strong></span> <span class='ocrx_word' id='word_1_232' title='bbox 850 3145 1069 3208; x_wconf 87' lang='lat' dir='ltr'><strong>portans</strong></span> <span class='ocrx_word' id='word_1_233' title='bbox 1093 3136 1369 3207; x_wconf 75' lang='lat' dir='ltr'><strong>grabatum</strong></span> <span class='ocrx_word' id='word_1_234' title='bbox 1395 3148 1572 3199; x_wconf 89' lang='lat' dir='ltr'><strong>suum,</strong></span> <span class='ocrx_word' id='word_1_235' title='bbox 1596 3134 1679 3190; x_wconf 91' lang='lat' dir='ltr'><strong>cui</strong></span> <span class='ocrx_word' id='word_1_236' title='bbox 1712 3143 1920 3203; x_wconf 83' lang='lat' dir='ltr'><strong>peccata</strong></span> <span class='ocrx_word' id='word_1_237' title='bbox 1944 3134 2161 3189; x_wconf 88' lang='lat' dir='ltr'><strong>dimissa</strong></span> 
     </span>
    </p>
   </div>
   <div class='ocr_carea' id='block_1_30' title="bbox 572 3224 2164 3297">
    <p class='ocr_par' dir='ltr' id='par_1_30' title="bbox 572 3224 2164 3297">
     <span class='ocr_line' id='line_1_30' title="bbox 572 3224 2164 3297; baseline -0.003 -12"><span class='ocrx_word' id='word_1_238' title='bbox 572 3238 719 3296; x_wconf 86' lang='lat' dir='ltr'><strong>sunt,</strong></span> <span class='ocrx_word' id='word_1_239' title='bbox 747 3229 958 3285; x_wconf 87' lang='lat' dir='ltr'><strong>dicente</strong></span> <span class='ocrx_word' id='word_1_240' title='bbox 984 3226 1214 3282; x_wconf 91' lang='lat' dir='ltr'><strong>Domino</strong></span> <span class='ocrx_word' id='word_1_241' title='bbox 1233 3267 1249 3292; x_wconf 88' lang='lat'><strong>,</strong></span> <span class='ocrx_word' id='word_1_242' title='bbox 1286 3224 1429 3280; x_wconf 82' lang='lat' dir='ltr'><strong>Tolle</strong></span> <span class='ocrx_word' id='word_1_243' title='bbox 1455 3224 1716 3297; x_wconf 77' lang='lat' dir='ltr'><strong>grabatum</strong></span> <span class='ocrx_word' id='word_1_244' title='bbox 1757 3235 1931 3290; x_wconf 88' lang='lat' dir='ltr'><strong>tuum,</strong></span> <span class='ocrx_word' id='word_1_245' title='bbox 1963 3236 2009 3278; x_wconf 83' lang='lat' dir='ltr'><strong>et</strong></span> <span class='ocrx_word' id='word_1_246' title='bbox 2038 3225 2164 3280; x_wconf 82' lang='lat' dir='ltr'><strong>vade</strong></span> 
     </span>
    </p>
   </div>
   <div class='ocr_carea' id='block_1_31' title="bbox 571 3319 2164 3391">
    <p class='ocr_par' dir='ltr' id='par_1_31' title="bbox 571 3319 2164 3391">
     <span class='ocr_line' id='line_1_31' title="bbox 571 3319 2164 3391; baseline -0.003 -13"><span class='ocrx_word' id='word_1_247' title='bbox 571 3325 626 3378; x_wconf 86' lang='lat' dir='ltr'><strong>in</strong></span> <span class='ocrx_word' id='word_1_248' title='bbox 645 3323 849 3379; x_wconf 87' lang='lat' dir='ltr'><strong>domum</strong></span> <span class='ocrx_word' id='word_1_249' title='bbox 874 3331 1011 3376; x_wconf 89' lang='lat' dir='ltr'><strong>tuam</strong></span> <span class='ocrx_word' id='word_1_250' title='bbox 1047 3320 1234 3391; x_wconf 81' lang='lat' dir='ltr'><strong>(Joau.</strong></span> <span class='ocrx_word' id='word_1_251' title='bbox 1256 3335 1312 3384; x_wconf 82' lang='grc' dir='ltr'><strong>ν,</strong></span> <span class='ocrx_word' id='word_1_252' title='bbox 1343 3319 1413 3389; x_wconf 88' lang='grc'><strong>8)</strong></span> <span class='ocrx_word' id='word_1_253' title='bbox 1443 3334 1456 3372; x_wconf 95' lang='lat'>:</span> <span class='ocrx_word' id='word_1_254' title='bbox 1491 3328 1638 3388; x_wconf 88' lang='lat' dir='ltr'><strong>porta</strong></span> <span class='ocrx_word' id='word_1_255' title='bbox 1670 3332 1884 3372; x_wconf 77' lang='lat' dir='ltr'><strong>carnem</strong></span> <span class='ocrx_word' id='word_1_256' title='bbox 1918 3330 2078 3380; x_wconf 87' lang='lat' dir='ltr'><strong>tuam.</strong></span> <span class='ocrx_word' id='word_1_257' title='bbox 2110 3328 2164 3374; x_wconf 89' lang='lat' dir='ltr'><strong>et</strong></span> 
     </span>
    </p>
   </div>
   <div class='ocr_carea' id='block_1_32' title="bbox 573 3408 2161 3479">
    <p class='ocr_par' dir='ltr' id='par_1_32' title="bbox 573 3408 2161 3479">
     <span class='ocr_line' id='line_1_32' title="bbox 573 3408 2161 3479; baseline -0.003 -11"><span class='ocrx_word' id='word_1_258' title='bbox 573 3414 710 3469; x_wconf 88' lang='lat' dir='ltr'><strong>intra</strong></span> <span class='ocrx_word' id='word_1_259' title='bbox 741 3412 805 3468; x_wconf 88' lang='lat' dir='ltr'><strong>ad</strong></span> <span class='ocrx_word' id='word_1_260' title='bbox 836 3420 1076 3467; x_wconf 84' lang='lat' dir='ltr'><strong>sanatam</strong></span> <span class='ocrx_word' id='word_1_261' title='bbox 1101 3411 1483 3467; x_wconf 82' lang='lat' dir='ltr'><strong>conscientiam</strong></span> <span class='ocrx_word' id='word_1_262' title='bbox 1514 3419 1677 3463; x_wconf 85' lang='lat' dir='ltr'><strong>tuam.</strong></span> <span class='ocrx_word' id='word_1_263' title='bbox 1713 3408 1964 3473; x_wconf 81' lang='lat' dir='ltr'><strong>Quoniam</strong></span> <span class='ocrx_word' id='word_1_264' title='bbox 1989 3408 2161 3479; x_wconf 76' lang='lat' dir='ltr'><strong>repleti</strong></span> 
     </span>
    </p>
   </div>
   <div class='ocr_carea' id='block_1_33' title="bbox 571 3499 2163 3574">
    <p class='ocr_par' dir='ltr' id='par_1_33' title="bbox 571 3499 2163 3574">
     <span class='ocr_line' id='line_1_33' title="bbox 571 3499 2163 3574; baseline -0.003 -15"><span class='ocrx_word' id='word_1_265' title='bbox 571 3512 688 3559; x_wconf 86' lang='lat' dir='ltr'><strong>sunt</strong></span> <span class='ocrx_word' id='word_1_266' title='bbox 731 3502 818 3574; x_wconf 87' lang='lat' dir='ltr'><strong>qui</strong></span> <span class='ocrx_word' id='word_1_267' title='bbox 862 3501 1113 3557; x_wconf 87' lang='lat' dir='ltr'><strong>obscurati</strong></span> <span class='ocrx_word' id='word_1_268' title='bbox 1156 3509 1273 3556; x_wconf 86' lang='lat' dir='ltr'><strong>sunt</strong></span> <span class='ocrx_word' id='word_1_269' title='bbox 1323 3508 1470 3555; x_wconf 76' lang='lat' dir='ltr'><strong>terra:</strong></span> <span class='ocrx_word' id='word_1_270' title='bbox 1517 3499 1779 3553; x_wconf 88' lang='lat' dir='ltr'><strong>domorum</strong></span> <span class='ocrx_word' id='word_1_271' title='bbox 1828 3501 2113 3570; x_wconf 83' lang='lat' dir='ltr'><strong>iniquarum</strong></span> <span class='ocrx_word' id='word_1_272' title='bbox 2143 3515 2163 3554; x_wconf 91' lang='lat'><strong><em>:</em></strong></span> 
     </span>
    </p>
   </div>
   <div class='ocr_carea' id='block_1_34' title="bbox 573 3590 2160 3664">
    <p class='ocr_par' dir='ltr' id='par_1_34' title="bbox 573 3590 2160 3664">
     <span class='ocr_line' id='line_1_34' title="bbox 573 3590 2160 3664; baseline -0.005 -11"><span class='ocrx_word' id='word_1_273' title='bbox 573 3593 837 3653; x_wconf 89' lang='lat' dir='ltr'><strong>obscurati</strong></span> <span class='ocrx_word' id='word_1_274' title='bbox 868 3602 1023 3660; x_wconf 89' lang='lat' dir='ltr'><strong>sunt,</strong></span> <span class='ocrx_word' id='word_1_275' title='bbox 1054 3592 1242 3664; x_wconf 89' lang='lat' dir='ltr'><strong>repleti</strong></span> <span class='ocrx_word' id='word_1_276' title='bbox 1268 3601 1387 3646; x_wconf 91' lang='lat' dir='ltr'><strong>sunt</strong></span> <span class='ocrx_word' id='word_1_277' title='bbox 1432 3599 1599 3647; x_wconf 91' lang='lat' dir='ltr'><strong>terra.</strong></span> <span class='ocrx_word' id='word_1_278' title='bbox 1634 3590 1709 3645; x_wconf 93' lang='lat' dir='ltr'><strong>Illi</strong></span> <span class='ocrx_word' id='word_1_279' title='bbox 1739 3593 2001 3647; x_wconf 74' lang='lat' dir='ltr'><strong>obscurati</strong></span> <span class='ocrx_word' id='word_1_280' title='bbox 2025 3634 2038 3655; x_wconf 92' lang='lat'><strong>,</strong></span> <span class='ocrx_word' id='word_1_281' title='bbox 2071 3591 2160 3663; x_wconf 90' lang='lat' dir='ltr'><strong>qui</strong></span> 
     </span>
    </p>
   </div>
   <div class='ocr_carea' id='block_1_35' title="bbox 572 3682 2160 3755">
    <p class='ocr_par' dir='ltr' id='par_1_35' title="bbox 572 3682 2160 3755">
     <span class='ocr_line' id='line_1_35' title="bbox 572 3682 2160 3755; baseline -0.001 -14"><span class='ocrx_word' id='word_1_282' title='bbox 572 3688 730 3743; x_wconf 83' lang='lat' dir='ltr'><strong>sunt?</strong></span> <span class='ocrx_word' id='word_1_283' title='bbox 778 3686 879 3755; x_wconf 86' lang='lat' dir='ltr'><strong>Qui</strong></span> <span class='ocrx_word' id='word_1_284' title='bbox 927 3684 1089 3741; x_wconf 88' lang='lat' dir='ltr'><strong>corda</strong></span> <span class='ocrx_word' id='word_1_285' title='bbox 1134 3683 1313 3754; x_wconf 90' lang='lat' dir='ltr'><strong>iniqua</strong></span> <span class='ocrx_word' id='word_1_286' title='bbox 1368 3682 1566 3739; x_wconf 86' lang='lat' dir='ltr'><strong>habent</strong></span> <span class='ocrx_word' id='word_1_287' title='bbox 1614 3699 1628 3735; x_wconf 91' lang='lat'><strong>:</strong></span> <span class='ocrx_word' id='word_1_288' title='bbox 1675 3683 1850 3739; x_wconf 90' lang='lat' dir='ltr'><strong>reddit</strong></span> <span class='ocrx_word' id='word_1_289' title='bbox 1904 3684 2010 3740; x_wconf 86' lang='lat' dir='ltr'><strong>illis</strong></span> <span class='ocrx_word' id='word_1_290' title='bbox 2052 3686 2160 3739; x_wconf 88' lang='lat' dir='ltr'><strong>Do-</strong></span> 
     </span>
    </p>
   </div>
   <div class='ocr_carea' id='block_1_36' title="bbox 574 3774 1388 3833">
    <p class='ocr_par' dir='ltr' id='par_1_36' title="bbox 574 3774 1388 3833">
     <span class='ocr_line' id='line_1_36' title="bbox 574 3774 1388 3833; baseline -0.01 0"><span class='ocrx_word' id='word_1_291' title='bbox 574 3778 751 3833; x_wconf 86' lang='lat' dir='ltr'><strong>minus</strong></span> <span class='ocrx_word' id='word_1_292' title='bbox 776 3774 1069 3831; x_wconf 88' lang='lat' dir='ltr'><strong>secundum</strong></span> <span class='ocrx_word' id='word_1_293' title='bbox 1093 3789 1188 3830; x_wconf 84' lang='lat' dir='ltr'><strong>cor</strong></span> <span class='ocrx_word' id='word_1_294' title='bbox 1216 3788 1388 3828; x_wconf 91' lang='lat' dir='ltr'><strong>suum.</strong></span> 
     </span>
    </p>
   </div>
   <div class='ocr_carea' id='block_1_37' title="bbox 642 3862 2160 3942">
    <p class='ocr_par' dir='ltr' id='par_1_37' title="bbox 642 3862 2160 3942">
     <span class='ocr_line' id='line_1_37' title="bbox 642 3862 2160 3942; baseline -0.003 -19"><span class='ocrx_word' id='word_1_295' title='bbox 642 3868 733 3924; x_wconf 56' lang='grc' dir='ltr'><strong>ἂι.</strong></span> <span class='ocrx_word' id='word_1_296' title='bbox 766 3866 933 3942; x_wconf 85' lang='lat' dir='ltr'><strong>[vers.</strong></span> <span class='ocrx_word' id='word_1_297' title='bbox 959 3862 1089 3941; x_wconf 73' lang='lat'><strong>21.]</strong></span> <span class='ocrx_word' id='word_1_298' title='bbox 1134 3862 1216 3919; x_wconf 88' lang='lat' dir='ltr'><strong>Ne</strong></span> <span class='ocrx_word' id='word_1_299' title='bbox 1239 3871 1492 3919; x_wconf 81' lang='lat' dir='ltr'><strong>avertatur</strong></span> <span class='ocrx_word' id='word_1_300' title='bbox 1515 3865 1721 3919; x_wconf 80' lang='lat' dir='ltr'><strong>humilis</strong></span> <span class='ocrx_word' id='word_1_301' title='bbox 1748 3868 2007 3936; x_wconf 80' lang='lat' dir='ltr'><strong>confusus.</strong></span> <span class='ocrx_word' id='word_1_302' title='bbox 2036 3865 2160 3919; x_wconf 89' lang='lat' dir='ltr'><strong>Illos</strong></span> 
     </span>
    </p>
   </div>
   <div class='ocr_carea' id='block_1_38' title="bbox 573 3953 2163 4028">
    <p class='ocr_par' dir='ltr' id='par_1_38' title="bbox 573 3953 2163 4028">
     <span class='ocr_line' id='line_1_38' title="bbox 573 3953 2163 4028; baseline -0.006 -11"><span class='ocrx_word' id='word_1_303' title='bbox 573 3959 717 4018; x_wconf 83' lang='lat' dir='ltr'><strong>enim</strong></span> <span class='ocrx_word' id='word_1_304' title='bbox 740 3957 987 4028; x_wconf 87' lang='lat' dir='ltr'><strong>superbia</strong></span> <span class='ocrx_word' id='word_1_305' title='bbox 1014 3954 1272 4011; x_wconf 82' lang='lat' dir='ltr'><strong>confudit.</strong></span> <span class='ocrx_word' id='word_1_306' title='bbox 1301 3953 1505 4027; x_wconf 78' lang='lat' dir='ltr'><strong>Egerius</strong></span> <span class='ocrx_word' id='word_1_307' title='bbox 1526 3964 1573 4010; x_wconf 88' lang='lat' dir='ltr'><strong>et</strong></span> <span class='ocrx_word' id='word_1_308' title='bbox 1596 3957 1743 4025; x_wconf 86' lang='lat' dir='ltr'><strong>inops</strong></span> <span class='ocrx_word' id='word_1_309' title='bbox 1768 3956 2045 4009; x_wconf 78' lang='lat' dir='ltr'><strong>laudabunt</strong></span> <span class='ocrx_word' id='word_1_310' title='bbox 2070 3972 2163 4009; x_wconf 87' lang='lat' dir='ltr'><strong>no-</strong></span> 
     </span>
    </p>
   </div>
   <div class='ocr_carea' id='block_1_39' title="bbox 572 4045 2162 4117">
    <p class='ocr_par' dir='ltr' id='par_1_39' title="bbox 572 4045 2162 4117">
     <span class='ocr_line' id='line_1_39' title="bbox 572 4045 2162 4117; baseline -0.003 -9"><span class='ocrx_word' id='word_1_311' title='bbox 572 4068 688 4108; x_wconf 86' lang='lat' dir='ltr'><strong>men</strong></span> <span class='ocrx_word' id='word_1_312' title='bbox 715 4060 874 4105; x_wconf 87' lang='lat' dir='ltr'><strong>tuum.</strong></span> <span class='ocrx_word' id='word_1_313' title='bbox 912 4047 1111 4103; x_wconf 87' lang='lat' dir='ltr'><strong>Videtis</strong></span> <span class='ocrx_word' id='word_1_314' title='bbox 1132 4088 1148 4115; x_wconf 91' lang='lat'><strong>,</strong></span> <span class='ocrx_word' id='word_1_315' title='bbox 1177 4045 1370 4102; x_wconf 79' lang='lat' dir='ltr'><strong>fratres</strong></span> <span class='ocrx_word' id='word_1_316' title='bbox 1396 4088 1411 4114; x_wconf 90' lang='lat'><strong>,</strong></span> <span class='ocrx_word' id='word_1_317' title='bbox 1442 4063 1599 4117; x_wconf 89' lang='lat' dir='ltr'><strong>quam</strong></span> <span class='ocrx_word' id='word_1_318' title='bbox 1628 4046 1819 4102; x_wconf 84' lang='lat' dir='ltr'><strong>debeat</strong></span> <span class='ocrx_word' id='word_1_319' title='bbox 1846 4048 2015 4103; x_wconf 90' lang='lat' dir='ltr'><strong>dulcis</strong></span> <span class='ocrx_word' id='word_1_320' title='bbox 2041 4064 2162 4104; x_wconf 87' lang='lat' dir='ltr'><strong>esse</strong></span> 
     </span>
    </p>
   </div>
   <div class='ocr_carea' id='block_1_40' title="bbox 571 4139 2160 4215">
    <p class='ocr_par' dir='ltr' id='par_1_40' title="bbox 571 4139 2160 4215">
     <span class='ocr_line' id='line_1_40' title="bbox 571 4139 2160 4215; baseline -0.002 -15"><span class='ocrx_word' id='word_1_321' title='bbox 571 4151 857 4215; x_wconf 86' lang='lat' dir='ltr'><strong>paupertas</strong></span> <span class='ocrx_word' id='word_1_322' title='bbox 890 4158 905 4198; x_wconf 90' lang='lat'><strong>:</strong></span> <span class='ocrx_word' id='word_1_323' title='bbox 934 4140 1127 4197; x_wconf 75' lang='lat' dir='ltr'><strong>videtis</strong></span> <span class='ocrx_word' id='word_1_324' title='bbox 1166 4154 1429 4211; x_wconf 89' lang='lat' dir='ltr'><strong>pauperes</strong></span> <span class='ocrx_word' id='word_1_325' title='bbox 1467 4150 1522 4195; x_wconf 88' lang='lat' dir='ltr'><strong>et</strong></span> <span class='ocrx_word' id='word_1_326' title='bbox 1559 4139 1744 4210; x_wconf 89' lang='lat' dir='ltr'><strong>inopes</strong></span> <span class='ocrx_word' id='word_1_327' title='bbox 1788 4141 2056 4210; x_wconf 84' lang='lat' dir='ltr'><strong>pertinere</strong></span> <span class='ocrx_word' id='word_1_328' title='bbox 2092 4142 2160 4197; x_wconf 86' lang='lat' dir='ltr'><strong>ad</strong></span> 
     </span>
    </p>
   </div>
   <div class='ocr_carea' id='block_1_41' title="bbox 572 4231 2162 4304">
    <p class='ocr_par' dir='ltr' id='par_1_41' title="bbox 572 4231 2162 4304">
     <span class='ocr_line' id='line_1_41' title="bbox 572 4231 2162 4304; baseline -0.003 -12"><span class='ocrx_word' id='word_1_329' title='bbox 572 4235 778 4300; x_wconf 90' lang='lat' dir='ltr'><strong>Deum;</strong></span> <span class='ocrx_word' id='word_1_330' title='bbox 808 4232 903 4288; x_wconf 89' lang='lat' dir='ltr'><strong>sed</strong></span> <span class='ocrx_word' id='word_1_331' title='bbox 945 4245 1200 4304; x_wconf 84' lang='lat' dir='ltr'><strong>pauperes</strong></span> <span class='ocrx_word' id='word_1_332' title='bbox 1228 4231 1417 4302; x_wconf 82' lang='lat' dir='ltr'><strong>spiritu</strong></span> <span class='ocrx_word' id='word_1_333' title='bbox 1442 4271 1457 4296; x_wconf 87' lang='lat'><strong>,</strong></span> <span class='ocrx_word' id='word_1_334' title='bbox 1509 4231 1757 4300; x_wconf 89' lang='lat' dir='ltr'><strong>quoniam</strong></span> <span class='ocrx_word' id='word_1_335' title='bbox 1805 4232 2036 4302; x_wconf 91' lang='lat' dir='ltr'><strong>ipsorum</strong></span> <span class='ocrx_word' id='word_1_336' title='bbox 2080 4240 2162 4288; x_wconf 87' lang='lat' dir='ltr'><strong>est</strong></span> 
     </span>
    </p>
   </div>
   <div class='ocr_carea' id='block_1_42' title="bbox 573 4322 2161 4399">
    <p class='ocr_par' dir='ltr' id='par_1_42' title="bbox 573 4322 2161 4399">
     <span class='ocr_line' id='line_1_42' title="bbox 573 4322 2161 4399; baseline -0.003 -15"><span class='ocrx_word' id='word_1_337' title='bbox 573 4342 799 4399; x_wconf 77' lang='lat' dir='ltr'><strong>regnum</strong></span> <span class='ocrx_word' id='word_1_338' title='bbox 839 4326 1092 4383; x_wconf 64' lang='lat' dir='ltr'><strong>caelorum</strong></span> <span class='ocrx_word' id='word_1_339' title='bbox 1123 4322 1349 4396; x_wconf 82' lang='lat' dir='ltr'><strong>(Matth.</strong></span> <span class='ocrx_word' id='word_1_340' title='bbox 1381 4336 1449 4390; x_wconf 78' lang='grc' dir='ltr'><strong>γ,</strong></span> <span class='ocrx_word' id='word_1_341' title='bbox 1491 4322 1579 4391; x_wconf 79' lang='grc'><strong>5).</strong></span> <span class='ocrx_word' id='word_1_342' title='bbox 1610 4323 1709 4391; x_wconf 87' lang='lat' dir='ltr'><strong>Qui</strong></span> <span class='ocrx_word' id='word_1_343' title='bbox 1752 4335 1875 4378; x_wconf 84' lang='lat' dir='ltr'><strong>sunt</strong></span> <span class='ocrx_word' id='word_1_344' title='bbox 1904 4340 2161 4396; x_wconf 84' lang='lat' dir='ltr'><strong>pauperes</strong></span> 
     </span>
    </p>
   </div>
   <div class='ocr_carea' id='block_1_43' title="bbox 572 4414 2162 4491">
    <p class='ocr_par' dir='ltr' id='par_1_43' title="bbox 572 4414 2162 4491">
     <span class='ocr_line' id='line_1_43' title="bbox 572 4414 2162 4491; baseline -0.003 -15"><span class='ocrx_word' id='word_1_345' title='bbox 572 4416 810 4491; x_wconf 84' lang='lat' dir='ltr'><strong>spiritu?</strong></span> <span class='ocrx_word' id='word_1_346' title='bbox 851 4414 1091 4472; x_wconf 83' lang='lat' dir='ltr'><strong>Humiles</strong></span> <span class='ocrx_word' id='word_1_347' title='bbox 1114 4454 1129 4480; x_wconf 94' lang='lat'><strong>,</strong></span> <span class='ocrx_word' id='word_1_348' title='bbox 1163 4423 1451 4470; x_wconf 91' lang='lat' dir='ltr'><strong>trementes</strong></span> <span class='ocrx_word' id='word_1_349' title='bbox 1479 4415 1641 4470; x_wconf 84' lang='lat' dir='ltr'><strong>verba</strong></span> <span class='ocrx_word' id='word_1_350' title='bbox 1684 4414 1777 4470; x_wconf 89' lang='lat' dir='ltr'><strong>Dei</strong></span> <span class='ocrx_word' id='word_1_351' title='bbox 1801 4458 1816 4481; x_wconf 89' lang='lat'><strong>,</strong></span> <span class='ocrx_word' id='word_1_352' title='bbox 1847 4418 2162 4472; x_wconf 79' lang='lat' dir='ltr'><strong>conﬁtentes</strong></span> 
     </span>
    </p>
   </div>
   <div class='ocr_carea' id='block_1_44' title="bbox 572 4505 2161 4583">
    <p class='ocr_par' dir='ltr' id='par_1_44' title="bbox 572 4505 2161 4583">
     <span class='ocr_line' id='line_1_44' title="bbox 572 4505 2161 4583; baseline -0.003 -16"><span class='ocrx_word' id='word_1_353' title='bbox 572 4519 791 4583; x_wconf 87' lang='lat' dir='ltr'><strong>peccata</strong></span> <span class='ocrx_word' id='word_1_354' title='bbox 824 4523 953 4574; x_wconf 90' lang='lat' dir='ltr'><strong>sua;</strong></span> <span class='ocrx_word' id='word_1_355' title='bbox 996 4524 1101 4563; x_wconf 91' lang='lat' dir='ltr'><strong>non</strong></span> <span class='ocrx_word' id='word_1_356' title='bbox 1128 4505 1196 4561; x_wconf 90' lang='lat' dir='ltr'><strong>de</strong></span> <span class='ocrx_word' id='word_1_357' title='bbox 1221 4507 1333 4563; x_wconf 93' lang='lat' dir='ltr'><strong>suis</strong></span> <span class='ocrx_word' id='word_1_358' title='bbox 1361 4505 1565 4562; x_wconf 87' lang='lat' dir='ltr'><strong>meritis</strong></span> <span class='ocrx_word' id='word_1_359' title='bbox 1586 4548 1601 4572; x_wconf 90' lang='lat'><strong>,</strong></span> <span class='ocrx_word' id='word_1_360' title='bbox 1630 4522 1728 4563; x_wconf 89' lang='lat' dir='ltr'><strong>nec</strong></span> <span class='ocrx_word' id='word_1_361' title='bbox 1750 4507 1817 4562; x_wconf 88' lang='lat' dir='ltr'><strong>de</strong></span> <span class='ocrx_word' id='word_1_362' title='bbox 1841 4522 1933 4562; x_wconf 86' lang='lat' dir='ltr'><strong>sua</strong></span> <span class='ocrx_word' id='word_1_363' title='bbox 1959 4508 2161 4575; x_wconf 73' lang='lat' dir='ltr'><strong>iustitia</strong></span> 
     </span>
    </p>
   </div>
   <div class='ocr_carea' id='block_1_45' title="bbox 571 4597 2162 4674">
    <p class='ocr_par' dir='ltr' id='par_1_45' title="bbox 571 4597 2162 4674">
     <span class='ocr_line' id='line_1_45' title="bbox 571 4597 2162 4674; baseline -0.001 -17"><span class='ocrx_word' id='word_1_364' title='bbox 571 4610 979 4674; x_wconf 59' lang='lat' dir='ltr'><strong>praesumentes.</strong></span> <span class='ocrx_word' id='word_1_365' title='bbox 1007 4598 1110 4667; x_wconf 84' lang='lat' dir='ltr'><strong>Qui</strong></span> <span class='ocrx_word' id='word_1_366' title='bbox 1137 4606 1262 4653; x_wconf 87' lang='lat' dir='ltr'><strong>sunt</strong></span> <span class='ocrx_word' id='word_1_367' title='bbox 1288 4612 1546 4667; x_wconf 86' lang='lat' dir='ltr'><strong>pauperes</strong></span> <span class='ocrx_word' id='word_1_368' title='bbox 1570 4597 1758 4669; x_wconf 87' lang='lat' dir='ltr'><strong>spiritu</strong></span> <span class='ocrx_word' id='word_1_369' title='bbox 1779 4598 1803 4639; x_wconf 68' lang='grc'><strong><em>9</em></strong></span> <span class='ocrx_word' id='word_1_370' title='bbox 1827 4598 1923 4666; x_wconf 87' lang='lat' dir='ltr'><strong>Qui</strong></span> <span class='ocrx_word' id='word_1_371' title='bbox 1951 4599 2162 4668; x_wconf 85' lang='lat' dir='ltr'><strong>quando</strong></span> 
     </span>
    </p>
   </div>
   <div class='ocr_carea' id='block_1_46' title="bbox 574 4685 2165 4760">
    <p class='ocr_par' dir='ltr' id='par_1_46' title="bbox 574 4685 2165 4760">
     <span class='ocr_line' id='line_1_46' title="bbox 574 4685 2165 4760; baseline -0.001 -12"><span class='ocrx_word' id='word_1_372' title='bbox 574 4690 779 4749; x_wconf 77' lang='lat' dir='ltr'><strong>faciunt</strong></span> <span class='ocrx_word' id='word_1_373' title='bbox 804 4688 1001 4760; x_wconf 86' lang='lat' dir='ltr'><strong>aliquid</strong></span> <span class='ocrx_word' id='word_1_374' title='bbox 1028 4687 1152 4743; x_wconf 86' lang='lat' dir='ltr'><strong>boni</strong></span> <span class='ocrx_word' id='word_1_375' title='bbox 1175 4728 1190 4752; x_wconf 87' lang='lat'><strong>,</strong></span> <span class='ocrx_word' id='word_1_376' title='bbox 1224 4687 1386 4742; x_wconf 91' lang='lat' dir='ltr'><strong>Deum</strong></span> <span class='ocrx_word' id='word_1_377' title='bbox 1415 4685 1666 4752; x_wconf 84' lang='lat' dir='ltr'><strong>laudant;</strong></span> <span class='ocrx_word' id='word_1_378' title='bbox 1696 4688 1906 4756; x_wconf 81' lang='lat' dir='ltr'><strong>quando</strong></span> <span class='ocrx_word' id='word_1_379' title='bbox 1931 4691 2076 4757; x_wconf 91' lang='lat' dir='ltr'><strong>mali,</strong></span> <span class='ocrx_word' id='word_1_380' title='bbox 2104 4705 2165 4747; x_wconf 86' lang='lat' dir='ltr'><strong>se</strong></span> 
     </span>
    </p>
   </div>
   <div class='ocr_carea' id='block_1_47' title="bbox 575 4778 2165 4852">
    <p class='ocr_par' dir='ltr' id='par_1_47' title="bbox 575 4778 2165 4852">
     <span class='ocr_line' id='line_1_47' title="bbox 575 4778 2165 4852; baseline -0.003 -10"><span class='ocrx_word' id='word_1_381' title='bbox 575 4792 851 4842; x_wconf 80' lang='lat' dir='ltr'><strong>accusant.</strong></span> <span class='ocrx_word' id='word_1_382' title='bbox 892 4781 1062 4852; x_wconf 80' lang='lat' dir='ltr'><strong>Super</strong></span> <span class='ocrx_word' id='word_1_383' title='bbox 1107 4797 1255 4849; x_wconf 81' lang='lat' dir='ltr'><strong>quem</strong></span> <span class='ocrx_word' id='word_1_384' title='bbox 1302 4787 1575 4851; x_wconf 81' lang='lat' dir='ltr'><strong>requtescet</strong></span> <span class='ocrx_word' id='word_1_385' title='bbox 1624 4778 1848 4849; x_wconf 73' lang='lat' dir='ltr'><strong>Spiritus</strong></span> <span class='ocrx_word' id='word_1_386' title='bbox 1891 4798 2062 4848; x_wconf 85' lang='lat' dir='ltr'><strong>meus,</strong></span> <span class='ocrx_word' id='word_1_387' title='bbox 2090 4784 2165 4839; x_wconf 89' lang='lat' dir='ltr'><strong>ait</strong></span> 
     </span>
    </p>
   </div>
   <div class='ocr_carea' id='block_1_48' title="bbox 574 4872 2164 4949">
    <p class='ocr_par' dir='ltr' id='par_1_48' title="bbox 574 4872 2164 4949">
     <span class='ocr_line' id='line_1_48' title="bbox 574 4872 2164 4949; baseline 0 -20"><span class='ocrx_word' id='word_1_388' title='bbox 574 4876 860 4949; x_wconf 83' lang='lat' dir='ltr'><strong>propheta,</strong></span> <span class='ocrx_word' id='word_1_389' title='bbox 888 4873 984 4928; x_wconf 84' lang='lat' dir='ltr'><strong>nisi</strong></span> <span class='ocrx_word' id='word_1_390' title='bbox 1013 4889 1163 4945; x_wconf 82' lang='lat' dir='ltr'><strong>super</strong></span> <span class='ocrx_word' id='word_1_391' title='bbox 1185 4872 1447 4940; x_wconf 81' lang='lat' dir='ltr'><strong>humilem,</strong></span> <span class='ocrx_word' id='word_1_392' title='bbox 1473 4881 1521 4926; x_wconf 90' lang='lat' dir='ltr'><strong>et</strong></span> <span class='ocrx_word' id='word_1_393' title='bbox 1544 4873 1787 4942; x_wconf 79' lang='lat' dir='ltr'><strong>quietum,</strong></span> <span class='ocrx_word' id='word_1_394' title='bbox 1811 4882 1856 4927; x_wconf 87' lang='lat' dir='ltr'><strong>et</strong></span> <span class='ocrx_word' id='word_1_395' title='bbox 1880 4884 2164 4930; x_wconf 84' lang='lat' dir='ltr'><strong>trementem</strong></span> 
     </span>
    </p>
   </div>
   <div class='ocr_carea' id='block_1_49' title="bbox 576 4961 2161 5038">
    <p class='ocr_par' dir='ltr' id='par_1_49' title="bbox 576 4961 2161 5038">
     <span class='ocr_line' id='line_1_49' title="bbox 576 4961 2161 5038; baseline -0.001 -15"><span class='ocrx_word' id='word_1_396' title='bbox 576 4968 726 5023; x_wconf 79' lang='lat' dir='ltr'><strong>verba</strong></span> <span class='ocrx_word' id='word_1_397' title='bbox 744 4983 856 5023; x_wconf 86' lang='lat' dir='ltr'><strong>mea</strong></span> <span class='ocrx_word' id='word_1_398' title='bbox 884 4962 1047 5038; x_wconf 85' lang='lat' dir='ltr'><strong>(lsai.</strong></span> <span class='ocrx_word' id='word_1_399' title='bbox 1073 4980 1214 5029; x_wconf 73' lang='grc' dir='ltr'><strong>ιινι,</strong></span> <span class='ocrx_word' id='word_1_400' title='bbox 1234 4961 1345 5036; x_wconf 75' lang='lat'><strong>2)?</strong></span> <span class='ocrx_word' id='word_1_401' title='bbox 1370 4963 1485 5020; x_wconf 90' lang='lat' dir='ltr'><strong>.lam</strong></span> <span class='ocrx_word' id='word_1_402' title='bbox 1511 4979 1639 5035; x_wconf 87' lang='lat' dir='ltr'><strong>ergo</strong></span> <span class='ocrx_word' id='word_1_403' title='bbox 1664 4964 1844 5034; x_wconf 79' lang='lat' dir='ltr'><strong>Asaph</strong></span> <span class='ocrx_word' id='word_1_404' title='bbox 1866 4966 2121 5022; x_wconf 76' lang='lat' dir='ltr'><strong>intellexit</strong></span> <span class='ocrx_word' id='word_1_405' title='bbox 2144 4984 2161 5028; x_wconf 87' lang='lat'><strong>;</strong></span> 
     </span>
    </p>
   </div>
   <div class='ocr_carea' id='block_1_50' title="bbox 571 5053 2164 5130">
    <p class='ocr_par' dir='ltr' id='par_1_50' title="bbox 571 5053 2164 5130">
     <span class='ocr_line' id='line_1_50' title="bbox 571 5053 2164 5130; baseline 0 -18"><span class='ocrx_word' id='word_1_406' title='bbox 571 5061 683 5130; x_wconf 85' lang='lat' dir='ltr'><strong>jam</strong></span> <span class='ocrx_word' id='word_1_407' title='bbox 705 5067 862 5115; x_wconf 68' lang='lat' dir='ltr'><strong>terrae</strong></span> <span class='ocrx_word' id='word_1_408' title='bbox 887 5071 992 5113; x_wconf 91' lang='lat' dir='ltr'><strong>non</strong></span> <span class='ocrx_word' id='word_1_409' title='bbox 1021 5055 1208 5121; x_wconf 66' lang='lat' dir='ltr'><strong>haeret,</strong></span> <span class='ocrx_word' id='word_1_410' title='bbox 1234 5053 1343 5125; x_wconf 81' lang='lat' dir='ltr'><strong>jam</strong></span> <span class='ocrx_word' id='word_1_411' title='bbox 1374 5056 1634 5126; x_wconf 90' lang='lat' dir='ltr'><strong>promissa</strong></span> <span class='ocrx_word' id='word_1_412' title='bbox 1664 5064 1870 5112; x_wconf 88' lang='lat' dir='ltr'><strong>terrena</strong></span> <span class='ocrx_word' id='word_1_413' title='bbox 1897 5071 1959 5111; x_wconf 80' lang='lat' dir='ltr'><strong>ex</strong></span> <span class='ocrx_word' id='word_1_414' title='bbox 1989 5056 2164 5113; x_wconf 78' lang='lat' dir='ltr'><strong>Veteri</strong></span> 
     </span>
    </p>
   </div>
   <div class='ocr_carea' id='block_1_51' title="bbox 577 5130 2179 5216">
    <p class='ocr_par' dir='ltr' id='par_1_51' title="bbox 577 5130 2179 5216">
     <span class='ocr_line' id='line_1_51' title="bbox 577 5130 2179 5216; baseline -0.002 -10"><span class='ocrx_word' id='word_1_415' title='bbox 577 5151 920 5207; x_wconf 82' lang='lat' dir='ltr'><strong>Testamento</strong></span> <span class='ocrx_word' id='word_1_416' title='bbox 947 5163 1055 5203; x_wconf 89' lang='lat' dir='ltr'><strong>non</strong></span> <span class='ocrx_word' id='word_1_417' title='bbox 1096 5146 1304 5216; x_wconf 79' lang='lat' dir='ltr'><strong>expetit</strong></span> <span class='ocrx_word' id='word_1_418' title='bbox 1333 5164 1346 5200; x_wconf 88' lang='lat'><strong>:</strong></span> <span class='ocrx_word' id='word_1_419' title='bbox 1379 5146 1654 5203; x_wconf 90' lang='lat' dir='ltr'><strong>mendicus</strong></span> <span class='ocrx_word' id='word_1_420' title='bbox 1692 5157 1813 5203; x_wconf 92' lang='lat' dir='ltr'><strong>tuus</strong></span> <span class='ocrx_word' id='word_1_421' title='bbox 1845 5146 2014 5202; x_wconf 79' lang='lat' dir='ltr'><strong>factus</strong></span> <span class='ocrx_word' id='word_1_422' title='bbox 2042 5158 2123 5202; x_wconf 91' lang='lat' dir='ltr'><strong>est</strong></span> <span class='ocrx_word' id='word_1_423' title='bbox 2146 5130 2179 5214; x_wconf 54' lang='grc'><strong>,⁷</strong></span> 
     </span>
    </p>
   </div>
   <div class='ocr_carea' id='block_1_52' title="bbox 579 5235 2164 5313">
    <p class='ocr_par' dir='ltr' id='par_1_52' title="bbox 579 5235 2164 5313">
     <span class='ocr_line' id='line_1_52' title="bbox 579 5235 2164 5313; baseline -0.001 -18"><span class='ocrx_word' id='word_1_424' title='bbox 579 5257 782 5313; x_wconf 66' lang='lat' dir='ltr'><strong>pauper</strong></span> <span class='ocrx_word' id='word_1_425' title='bbox 806 5249 923 5295; x_wconf 90' lang='lat' dir='ltr'><strong>tuus</strong></span> <span class='ocrx_word' id='word_1_426' title='bbox 949 5239 1116 5294; x_wconf 82' lang='lat' dir='ltr'><strong>lactus</strong></span> <span class='ocrx_word' id='word_1_427' title='bbox 1144 5246 1225 5293; x_wconf 92' lang='lat' dir='ltr'><strong>est</strong></span> <span class='ocrx_word' id='word_1_428' title='bbox 1249 5254 1263 5304; x_wconf 92' lang='lat'><strong>;</strong></span> <span class='ocrx_word' id='word_1_429' title='bbox 1287 5235 1478 5293; x_wconf 83' lang='lat' dir='ltr'><strong>ﬂuvios</strong></span> <span class='ocrx_word' id='word_1_430' title='bbox 1499 5246 1617 5295; x_wconf 90' lang='lat' dir='ltr'><strong>tuos</strong></span> <span class='ocrx_word' id='word_1_431' title='bbox 1640 5237 1772 5304; x_wconf 88' lang='lat' dir='ltr'><strong>sitit,</strong></span> <span class='ocrx_word' id='word_1_432' title='bbox 1803 5240 1925 5309; x_wconf 89' lang='lat' dir='ltr'><strong>quia</strong></span> <span class='ocrx_word' id='word_1_433' title='bbox 1952 5238 2034 5291; x_wconf 83' lang='lat' dir='ltr'><strong>sui</strong></span> <span class='ocrx_word' id='word_1_434' title='bbox 2055 5241 2164 5294; x_wconf 77' lang='lat' dir='ltr'><strong>sic-</strong></span> 
     </span>
    </p>
   </div>
   <div class='ocr_carea' id='block_1_53' title="bbox 577 5327 2167 5400">
    <p class='ocr_par' dir='ltr' id='par_1_53' title="bbox 577 5327 2167 5400">
     <span class='ocr_line' id='line_1_53' title="bbox 577 5327 2167 5400; baseline -0.004 -10"><span class='ocrx_word' id='word_1_435' title='bbox 577 5334 680 5390; x_wconf 79' lang='lat' dir='ltr'><strong>cati</strong></span> <span class='ocrx_word' id='word_1_436' title='bbox 706 5341 848 5387; x_wconf 88' lang='lat' dir='ltr'><strong>sunt.</strong></span> <span class='ocrx_word' id='word_1_437' title='bbox 893 5329 1025 5398; x_wconf 87' lang='lat' dir='ltr'><strong>Quia</strong></span> <span class='ocrx_word' id='word_1_438' title='bbox 1064 5344 1193 5400; x_wconf 86' lang='lat' dir='ltr'><strong>ergo</strong></span> <span class='ocrx_word' id='word_1_439' title='bbox 1242 5328 1360 5383; x_wconf 87' lang='lat' dir='ltr'><strong>talis</strong></span> <span class='ocrx_word' id='word_1_440' title='bbox 1400 5327 1568 5384; x_wconf 76' lang='lat' dir='ltr'><strong>factus</strong></span> <span class='ocrx_word' id='word_1_441' title='bbox 1614 5338 1733 5397; x_wconf 89' lang='lat' dir='ltr'><strong>est,</strong></span> <span class='ocrx_word' id='word_1_442' title='bbox 1763 5344 1865 5384; x_wconf 90' lang='lat' dir='ltr'><strong>non</strong></span> <span class='ocrx_word' id='word_1_443' title='bbox 1895 5328 2167 5385; x_wconf 76' lang='lat' dir='ltr'><strong>fraudetur</strong></span> 
     </span>
    </p>
   </div>
   <div class='ocr_carea' id='block_1_54' title="bbox 578 5422 2164 5497">
    <p class='ocr_par' dir='ltr' id='par_1_54' title="bbox 578 5422 2164 5497">
     <span class='ocr_line' id='line_1_54' title="bbox 578 5422 2164 5497; baseline -0.003 -17"><span class='ocrx_word' id='word_1_444' title='bbox 578 5442 672 5497; x_wconf 81' lang='lat' dir='ltr'><strong>spe</strong></span> <span class='ocrx_word' id='word_1_445' title='bbox 703 5444 716 5479; x_wconf 90' lang='lat'>:</span> <span class='ocrx_word' id='word_1_446' title='bbox 744 5424 986 5496; x_wconf 65' lang='lat' dir='ltr'><strong>quaesivit</strong></span> <span class='ocrx_word' id='word_1_447' title='bbox 1016 5422 1261 5479; x_wconf 88' lang='lat' dir='ltr'><strong>manibus</strong></span> <span class='ocrx_word' id='word_1_448' title='bbox 1291 5432 1448 5477; x_wconf 89' lang='lat' dir='ltr'><strong>nocte</strong></span> <span class='ocrx_word' id='word_1_449' title='bbox 1472 5436 1651 5477; x_wconf 88' lang='lat' dir='ltr'><strong>coram</strong></span> <span class='ocrx_word' id='word_1_450' title='bbox 1678 5430 1764 5491; x_wconf 90' lang='lat' dir='ltr'><strong>te;</strong></span> <span class='ocrx_word' id='word_1_451' title='bbox 1797 5438 1899 5477; x_wconf 91' lang='lat' dir='ltr'><strong>non</strong></span> <span class='ocrx_word' id='word_1_452' title='bbox 1929 5422 2164 5492; x_wconf 86' lang='lat' dir='ltr'><strong>decipia-</strong></span> 
     </span>
    </p>
   </div>
   <div class='ocr_carea' id='block_1_55' title="bbox 581 5513 2166 5591">
    <p class='ocr_par' dir='ltr' id='par_1_55' title="bbox 581 5513 2166 5591">
     <span class='ocr_line' id='line_1_55' title="bbox 581 5513 2166 5591; baseline -0.004 -15"><span class='ocrx_word' id='word_1_453' title='bbox 581 5530 665 5576; x_wconf 91' lang='lat' dir='ltr'><strong>tur</strong></span> <span class='ocrx_word' id='word_1_454' title='bbox 692 5517 868 5591; x_wconf 83' lang='lat' dir='ltr'><strong>(I’sal.</strong></span> <span class='ocrx_word' id='word_1_455' title='bbox 902 5532 1057 5571; x_wconf 73' lang='lat' dir='ltr'><strong>Lxxw</strong></span> <span class='ocrx_word' id='word_1_456' title='bbox 1078 5558 1093 5582; x_wconf 95' lang='lat'><strong>,</strong></span> <span class='ocrx_word' id='word_1_457' title='bbox 1125 5515 1217 5585; x_wconf 78' lang='lat'><strong>5).</strong></span> <span class='ocrx_word' id='word_1_458' title='bbox 1253 5513 1334 5570; x_wconf 87' lang='lat' dir='ltr'><strong>Ne</strong></span> <span class='ocrx_word' id='word_1_459' title='bbox 1356 5522 1609 5569; x_wconf 83' lang='lat' dir='ltr'><strong>avertatur</strong></span> <span class='ocrx_word' id='word_1_460' title='bbox 1636 5514 1844 5570; x_wconf 85' lang='lat' dir='ltr'><strong>humilis</strong></span> <span class='ocrx_word' id='word_1_461' title='bbox 1880 5515 2119 5584; x_wconf 76' lang='lat' dir='ltr'><strong>confusus</strong></span> <span class='ocrx_word' id='word_1_462' title='bbox 2147 5530 2166 5569; x_wconf 87' lang='lat'><strong><em>:</em></strong></span> 
     </span>
    </p>
   </div>
   <div class='ocr_carea' id='block_1_56' title="bbox 578 5605 2167 5683">
    <p class='ocr_par' dir='ltr' id='par_1_56' title="bbox 578 5605 2167 5683">
     <span class='ocr_line' id='line_1_56' title="bbox 578 5605 2167 5683; baseline -0.003 -18"><span class='ocrx_word' id='word_1_463' title='bbox 578 5627 762 5683; x_wconf 81' lang='lat' dir='ltr'><strong>egenus</strong></span> <span class='ocrx_word' id='word_1_464' title='bbox 797 5619 844 5663; x_wconf 89' lang='lat' dir='ltr'><strong>et</strong></span> <span class='ocrx_word' id='word_1_465' title='bbox 885 5609 1031 5678; x_wconf 84' lang='lat' dir='ltr'><strong>inaps</strong></span> <span class='ocrx_word' id='word_1_466' title='bbox 1072 5606 1352 5661; x_wconf 84' lang='lat' dir='ltr'><strong>laudabunt</strong></span> <span class='ocrx_word' id='word_1_467' title='bbox 1398 5621 1581 5660; x_wconf 86' lang='lat' dir='ltr'><strong>nomen</strong></span> <span class='ocrx_word' id='word_1_468' title='bbox 1627 5615 1790 5659; x_wconf 89' lang='lat' dir='ltr'><strong>tuum.</strong></span> <span class='ocrx_word' id='word_1_469' title='bbox 1839 5605 2167 5661; x_wconf 80' lang='lat' dir='ltr'><strong>Conﬁtentes</strong></span> 
     </span>
    </p>
   </div>
   <div class='ocr_carea' id='block_1_57' title="bbox 583 5698 2167 5771">
    <p class='ocr_par' dir='ltr' id='par_1_57' title="bbox 583 5698 2167 5771">
     <span class='ocr_line' id='line_1_57' title="bbox 583 5698 2167 5771; baseline -0.001 -16"><span class='ocrx_word' id='word_1_470' title='bbox 583 5711 796 5771; x_wconf 88' lang='lat' dir='ltr'><strong>peccata</strong></span> <span class='ocrx_word' id='word_1_471' title='bbox 840 5715 932 5755; x_wconf 91' lang='lat' dir='ltr'><strong>sua</strong></span> <span class='ocrx_word' id='word_1_472' title='bbox 959 5742 973 5767; x_wconf 95' lang='lat'><strong>,</strong></span> <span class='ocrx_word' id='word_1_473' title='bbox 1016 5698 1305 5755; x_wconf 88' lang='lat' dir='ltr'><strong>laudabunt</strong></span> <span class='ocrx_word' id='word_1_474' title='bbox 1344 5713 1541 5754; x_wconf 88' lang='lat' dir='ltr'><strong>nomen</strong></span> <span class='ocrx_word' id='word_1_475' title='bbox 1587 5707 1769 5766; x_wconf 89' lang='lat' dir='ltr'><strong>tuum;</strong></span> <span class='ocrx_word' id='word_1_476' title='bbox 1801 5698 2167 5754; x_wconf 79' lang='lat' dir='ltr'><strong>desiderantes</strong></span> 
     </span>
    </p>
   </div>
   <div class='ocr_carea' id='block_1_58' title="bbox 581 5788 2167 5860">
    <p class='ocr_par' dir='ltr' id='par_1_58' title="bbox 581 5788 2167 5860">
     <span class='ocr_line' id='line_1_58' title="bbox 581 5788 2167 5860; baseline 0.001 -17"><span class='ocrx_word' id='word_1_477' title='bbox 581 5801 777 5843; x_wconf 74' lang='lat' dir='ltr'><strong>aeterna</strong></span> <span class='ocrx_word' id='word_1_478' title='bbox 800 5791 1060 5860; x_wconf 87' lang='lat' dir='ltr'><strong>promissa</strong></span> <span class='ocrx_word' id='word_1_479' title='bbox 1084 5798 1192 5852; x_wconf 86' lang='lat' dir='ltr'><strong>tua,</strong></span> <span class='ocrx_word' id='word_1_480' title='bbox 1224 5789 1511 5844; x_wconf 81' lang='lat' dir='ltr'><strong>laudabunt</strong></span> <span class='ocrx_word' id='word_1_481' title='bbox 1533 5803 1723 5844; x_wconf 89' lang='lat' dir='ltr'><strong>nomen</strong></span> <span class='ocrx_word' id='word_1_482' title='bbox 1755 5800 1899 5844; x_wconf 89' lang='lat' dir='ltr'><strong>tuum</strong></span> <span class='ocrx_word' id='word_1_483' title='bbox 1932 5808 1942 5844; x_wconf 91' lang='lat'>:</span> <span class='ocrx_word' id='word_1_484' title='bbox 1973 5805 2079 5844; x_wconf 90' lang='lat' dir='ltr'><strong>non</strong></span> <span class='ocrx_word' id='word_1_485' title='bbox 2099 5788 2167 5844; x_wconf 89' lang='lat' dir='ltr'><strong>de</strong></span> 
     </span>
    </p>
   </div>
   <div class='ocr_carea' id='block_1_59' title="bbox 583 5880 2165 5952">
    <p class='ocr_par' dir='ltr' id='par_1_59' title="bbox 583 5880 2165 5952">
     <span class='ocr_line' id='line_1_59' title="bbox 583 5880 2165 5952; baseline 0.001 -18"><span class='ocrx_word' id='word_1_486' title='bbox 583 5882 964 5951; x_wconf 71' lang='lat' dir='ltr'><strong>temporalibus</strong></span> <span class='ocrx_word' id='word_1_487' title='bbox 989 5880 1200 5949; x_wconf 77' lang='lat' dir='ltr'><strong>turgidi,</strong></span> <span class='ocrx_word' id='word_1_488' title='bbox 1232 5896 1332 5936; x_wconf 86' lang='lat' dir='ltr'><strong>non</strong></span> <span class='ocrx_word' id='word_1_489' title='bbox 1362 5882 1428 5935; x_wconf 86' lang='lat' dir='ltr'><strong>de</strong></span> <span class='ocrx_word' id='word_1_490' title='bbox 1456 5883 1660 5950; x_wconf 78' lang='lat' dir='ltr'><strong>propria</strong></span> <span class='ocrx_word' id='word_1_491' title='bbox 1689 5883 1890 5951; x_wconf 50' lang='lat' dir='ltr'><strong>iustitia</strong></span> <span class='ocrx_word' id='word_1_492' title='bbox 1915 5883 1963 5936; x_wconf 87' lang='lat' dir='ltr'><strong>in</strong></span> <span class='ocrx_word' id='word_1_493' title='bbox 1984 5898 2165 5952; x_wconf 63' lang='lat' dir='ltr'><strong>mper-</strong></span> 
     </span>
    </p>
   </div>
   <div class='ocr_carea' id='block_1_60' title="bbox 1804 433 3727 527">
    <p class='ocr_par' dir='ltr' id='par_1_60' title="bbox 1804 433 3727 527">
     <span class='ocr_line' id='line_1_60' title="bbox 1804 433 3727 527; baseline 0.014 -30"><span class='ocrx_word' id='word_1_494' title='bbox 1804 440 1862 497; x_wconf 90' lang='lat' dir='ltr'><strong>S.</strong></span> <span class='ocrx_word' id='word_1_495' title='bbox 1904 433 2270 497; x_wconf 78' lang='lat' dir='ltr'><strong>AUGUSTINI</strong></span> <span class='ocrx_word' id='word_1_496' title='bbox 2308 437 2607 495; x_wconf 82' lang='lat' dir='ltr'><strong>EPISCOPI</strong></span> <span class='ocrx_word' id='word_1_497' title='bbox 3664 469 3727 527; x_wconf 72' lang='lat' dir='ltr'><strong>9M</strong></span> 
     </span>
    </p>
   </div>
   <div class='ocr_carea' id='block_1_61' title="bbox 2262 554 3732 642">
    <p class='ocr_par' dir='ltr' id='par_1_61' title="bbox 2262 554 3732 642">
     <span class='ocr_line' id='line_1_61' title="bbox 2262 554 3732 642; baseline 0.018 -33"><span class='ocrx_word' id='word_1_498' title='bbox 2262 554 2402 609; x_wconf 91' lang='lat' dir='ltr'><strong>biam</strong></span> <span class='ocrx_word' id='word_1_499' title='bbox 2422 554 2543 609; x_wconf 90' lang='lat' dir='ltr'><strong>elati</strong></span> <span class='ocrx_word' id='word_1_500' title='bbox 2565 562 2619 609; x_wconf 90' lang='lat' dir='ltr'><strong>et</strong></span> <span class='ocrx_word' id='word_1_501' title='bbox 2636 555 2821 622; x_wconf 80' lang='lat' dir='ltr'><strong>inﬂati,</strong></span> <span class='ocrx_word' id='word_1_502' title='bbox 2845 572 2953 612; x_wconf 89' lang='lat' dir='ltr'><strong>non</strong></span> <span class='ocrx_word' id='word_1_503' title='bbox 2977 560 3105 630; x_wconf 84' lang='lat' dir='ltr'><strong>ipsi;</strong></span> <span class='ocrx_word' id='word_1_504' title='bbox 3132 561 3230 618; x_wconf 87' lang='lat' dir='ltr'><strong>sed</strong></span> <span class='ocrx_word' id='word_1_505' title='bbox 3257 566 3379 635; x_wconf 86' lang='lat' dir='ltr'><strong>qui?</strong></span> <span class='ocrx_word' id='word_1_506' title='bbox 3402 567 3575 642; x_wconf 74' lang='lat' dir='ltr'><strong>Egerius</strong></span> <span class='ocrx_word' id='word_1_507' title='bbox 3588 589 3623 631; x_wconf 86' lang='lat' dir='ltr'><strong>et</strong></span> <span class='ocrx_word' id='word_1_508' title='bbox 3639 581 3732 642; x_wconf 62' lang='lat' dir='ltr'><strong>inops</strong></span> 
     </span>
    </p>
   </div>
   <div class='ocr_carea' id='block_1_62' title="bbox 2264 618 3707 704">
    <p class='ocr_par' dir='ltr' id='par_1_62' title="bbox 2264 618 3707 704">
     <span class='ocr_line' id='line_1_62' title="bbox 2264 618 3707 704; baseline 0 -3"><span class='ocrx_word' id='word_1_509' title='bbox 2264 646 2541 701; x_wconf 83' lang='lat' dir='ltr'><strong>laudabunt</strong></span> <span class='ocrx_word' id='word_1_510' title='bbox 2561 664 2740 702; x_wconf 78' lang='lat' dir='ltr'><strong>nomen</strong></span> <span class='ocrx_word' id='word_1_511' title='bbox 2766 660 2924 704; x_wconf 86' lang='lat' dir='ltr'><strong>tuum.</strong></span> <span class='ocrx_word' id='word_1_512' title='bbox 3110 686 3113 689; x_wconf 95' lang='lat'><strong><em>-</em></strong></span> <span class='ocrx_word' id='word_1_513' title='bbox 3274 618 3287 635; x_wconf 54' lang='lat'><strong>&#39;</strong></span> <span class='ocrx_word' id='word_1_514' title='bbox 3443 618 3467 642; x_wconf 51' lang='grc'>⁷</span> <span class='ocrx_word' id='word_1_515' title='bbox 3588 618 3606 631; x_wconf 30' lang='grc' dir='ltr'>κ</span> <span class='ocrx_word' id='word_1_516' title='bbox 3640 618 3707 653; x_wconf 48' lang='grc' dir='ltr'><strong>’Μ’</strong></span> 
     </span>
    </p>
   </div>
   <div class='ocr_carea' id='block_1_63' title="bbox 2333 736 3737 821">
    <p class='ocr_par' dir='ltr' id='par_1_63' title="bbox 2333 736 3737 821">
     <span class='ocr_line' id='line_1_63' title="bbox 2333 736 3737 821; baseline 0.019 -34"><span class='ocrx_word' id='word_1_517' title='bbox 2333 738 2421 793; x_wconf 72' lang='grc'><strong>25.</strong></span> <span class='ocrx_word' id='word_1_518' title='bbox 2457 736 2622 811; x_wconf 74' lang='grc' dir='ltr'><strong>[υεη.</strong></span> <span class='ocrx_word' id='word_1_519' title='bbox 2824 741 3084 812; x_wconf 72' lang='lat' dir='ltr'><strong>Exsurge,</strong></span> <span class='ocrx_word' id='word_1_520' title='bbox 3130 745 3383 813; x_wconf 84' lang='lat' dir='ltr'><strong>Domine;</strong></span> <span class='ocrx_word' id='word_1_521' title='bbox 3423 754 3568 821; x_wconf 77' lang='lat' dir='ltr'><strong>iudica</strong></span> <span class='ocrx_word' id='word_1_522' title='bbox 3599 777 3737 821; x_wconf 62' lang='lat' dir='ltr'><strong>causan</strong></span> 
     </span>
    </p>
   </div>
   <div class='ocr_carea' id='block_1_64' title="bbox 2265 829 3739 925">
    <p class='ocr_par' dir='ltr' id='par_1_64' title="bbox 2265 829 3739 925">
     <span class='ocr_line' id='line_1_64' title="bbox 2265 829 3739 925; baseline 0.013 -43"><span class='ocrx_word' id='word_1_523' title='bbox 2265 845 2445 882; x_wconf 88' lang='lat' dir='ltr'><strong>meam.</strong></span> <span class='ocrx_word' id='word_1_524' title='bbox 2490 829 2742 886; x_wconf 76' lang='lat' dir='ltr'><strong>Desertus</strong></span> <span class='ocrx_word' id='word_1_525' title='bbox 2784 833 2927 885; x_wconf 87' lang='lat' dir='ltr'><strong>enim</strong></span> <span class='ocrx_word' id='word_1_526' title='bbox 2961 835 3182 902; x_wconf 81' lang='lat' dir='ltr'><strong>videor,</strong></span> <span class='ocrx_word' id='word_1_527' title='bbox 3231 841 3348 909; x_wconf 89' lang='lat' dir='ltr'><strong>quia</strong></span> <span class='ocrx_word' id='word_1_528' title='bbox 3391 848 3588 902; x_wconf 88' lang='lat' dir='ltr'><strong>nomlum</strong></span> <span class='ocrx_word' id='word_1_529' title='bbox 3623 862 3739 925; x_wconf 59' lang='lat' dir='ltr'><strong>amp;</strong></span> 
     </span>
    </p>
   </div>
   <div class='ocr_carea' id='block_1_65' title="bbox 2264 920 3741 1012">
    <p class='ocr_par' dir='ltr' id='par_1_65' title="bbox 2264 920 3741 1012">
     <span class='ocr_line' id='line_1_65' title="bbox 2264 920 3741 1012; baseline 0.028 -54"><span class='ocrx_word' id='word_1_530' title='bbox 2264 920 2405 1012; x_wconf 39' lang='lat' dir='ltr'><strong>qugd</strong></span> <span class='ocrx_word' id='word_1_531' title='bbox 2448 922 2736 1012; x_wconf 63' lang='lat' dir='ltr'><strong>Promisisli</strong></span> <span class='ocrx_word' id='word_1_532' title='bbox 2766 940 2780 978; x_wconf 74' lang='grc' dir='ltr'>ζ</span> <span class='ocrx_word' id='word_1_533' title='bbox 2815 935 2871 980; x_wconf 83' lang='lat' dir='ltr'><strong>el.</strong></span> <span class='ocrx_word' id='word_1_534' title='bbox 2912 925 3065 982; x_wconf 72' lang='lat' dir='ltr'><strong>facta:</strong></span> <span class='ocrx_word' id='word_1_535' title='bbox 3104 940 3230 984; x_wconf 83' lang='lat' dir='ltr'><strong>Slllll</strong></span> <span class='ocrx_word' id='word_1_536' title='bbox 3274 933 3395 988; x_wconf 76' lang='lat' dir='ltr'><strong>Illllll</strong></span> <span class='ocrx_word' id='word_1_537' title='bbox 3434 938 3637 1012; x_wconf 74' lang='lat' dir='ltr'><strong>Iacrymzu</strong></span> <span class='ocrx_word' id='word_1_538' title='bbox 3658 920 3741 1005; x_wconf 65' lang='lat' dir='ltr'><strong>mea:</strong></span> 
     </span>
    </p>
   </div>
   <div class='ocr_carea' id='block_1_66' title="bbox 2268 1010 3741 1105">
    <p class='ocr_par' dir='ltr' id='par_1_66' title="bbox 2268 1010 3741 1105">
     <span class='ocr_line' id='line_1_66' title="bbox 2268 1010 3741 1105; baseline 0.021 -43"><span class='ocrx_word' id='word_1_539' title='bbox 2268 1011 2421 1105; x_wconf 75' lang='lat' dir='ltr'><strong>panis</strong></span> <span class='ocrx_word' id='word_1_540' title='bbox 2444 1010 2533 1065; x_wconf 89' lang='lat' dir='ltr'><strong>die</strong></span> <span class='ocrx_word' id='word_1_541' title='bbox 2564 1027 2627 1066; x_wconf 90' lang='lat' dir='ltr'><strong>ac</strong></span> <span class='ocrx_word' id='word_1_542' title='bbox 2656 1024 2811 1105; x_wconf 74' lang='lat' dir='ltr'><strong>nocte</strong></span> <span class='ocrx_word' id='word_1_543' title='bbox 2834 1058 2850 1082; x_wconf 96' lang='lat'><strong>,</strong></span> <span class='ocrx_word' id='word_1_544' title='bbox 2889 1018 3015 1072; x_wconf 84' lang='lat' dir='ltr'><strong>dum</strong></span> <span class='ocrx_word' id='word_1_545' title='bbox 3068 1021 3264 1077; x_wconf 86' lang='lat' dir='ltr'><strong>dicitur</strong></span> <span class='ocrx_word' id='word_1_546' title='bbox 3291 1027 3410 1080; x_wconf 88' lang='lat' dir='ltr'><strong>mihi</strong></span> <span class='ocrx_word' id='word_1_547' title='bbox 3448 1010 3661 1105; x_wconf 80' lang='lat' dir='ltr'><strong>quotidie,</strong></span> <span class='ocrx_word' id='word_1_548' title='bbox 3683 1041 3741 1099; x_wconf 74' lang='lat' dir='ltr'><strong>L’bi</strong></span> 
     </span>
    </p>
   </div>
   <div class='ocr_carea' id='block_1_67' title="bbox 2265 1103 3741 1197">
    <p class='ocr_par' dir='ltr' id='par_1_67' title="bbox 2265 1103 3741 1197">
     <span class='ocr_line' id='line_1_67' title="bbox 2265 1103 3741 1197; baseline 0.021 -41"><span class='ocrx_word' id='word_1_549' title='bbox 2265 1112 2346 1156; x_wconf 89' lang='lat' dir='ltr'><strong>est</strong></span> <span class='ocrx_word' id='word_1_550' title='bbox 2378 1103 2517 1197; x_wconf 83' lang='lat' dir='ltr'><strong>Deus</strong></span> <span class='ocrx_word' id='word_1_551' title='bbox 2559 1114 2678 1197; x_wconf 84' lang='lat' dir='ltr'><strong>tuus</strong></span> <span class='ocrx_word' id='word_1_552' title='bbox 2707 1104 2886 1177; x_wconf 86' lang='lat' dir='ltr'><strong>(Psal.</strong></span> <span class='ocrx_word' id='word_1_553' title='bbox 2930 1125 3017 1165; x_wconf 78' lang='lat' dir='ltr'><strong>xu</strong></span> <span class='ocrx_word' id='word_1_554' title='bbox 3038 1154 3053 1178; x_wconf 93' lang='lat'><strong>,</strong></span> <span class='ocrx_word' id='word_1_555' title='bbox 3096 1114 3209 1183; x_wconf 55' lang='lat' dir='ltr'><strong>tt)?</strong></span> <span class='ocrx_word' id='word_1_556' title='bbox 3242 1116 3301 1169; x_wconf 75' lang='lat' dir='ltr'><strong>Et</strong></span> <span class='ocrx_word' id='word_1_557' title='bbox 3330 1120 3444 1188; x_wconf 86' lang='lat' dir='ltr'><strong>quia</strong></span> <span class='ocrx_word' id='word_1_558' title='bbox 3480 1138 3568 1179; x_wconf 87' lang='lat' dir='ltr'><strong>non</strong></span> <span class='ocrx_word' id='word_1_559' title='bbox 3601 1103 3741 1197; x_wconf 51' lang='lat' dir='ltr'><strong>pou...</strong></span> 
     </span>
    </p>
   </div>
   <div class='ocr_carea' id='block_1_68' title="bbox 2265 1194 3741 1283">
    <p class='ocr_par' dir='ltr' id='par_1_68' title="bbox 2265 1194 3741 1283">
     <span class='ocr_line' id='line_1_68' title="bbox 2265 1194 3741 1283; baseline 0.019 -36"><span class='ocrx_word' id='word_1_560' title='bbox 2265 1194 2547 1250; x_wconf 89' lang='lat' dir='ltr'><strong>ostendere</strong></span> <span class='ocrx_word' id='word_1_561' title='bbox 2574 1196 2738 1251; x_wconf 89' lang='lat' dir='ltr'><strong>Deum</strong></span> <span class='ocrx_word' id='word_1_562' title='bbox 2777 1215 2988 1267; x_wconf 87' lang='lat' dir='ltr'><strong>meum;</strong></span> <span class='ocrx_word' id='word_1_563' title='bbox 3027 1206 3177 1274; x_wconf 78' lang='lat' dir='ltr'><strong>quasi</strong></span> <span class='ocrx_word' id='word_1_564' title='bbox 3207 1208 3359 1264; x_wconf 89' lang='lat' dir='ltr'><strong>inane</strong></span> <span class='ocrx_word' id='word_1_565' title='bbox 3382 1227 3569 1283; x_wconf 84' lang='lat' dir='ltr'><strong>sequar,</strong></span> <span class='ocrx_word' id='word_1_566' title='bbox 3596 1194 3741 1277; x_wconf 75' lang='lat' dir='ltr'><strong>insitiu-</strong></span> 
     </span>
    </p>
   </div>
   <div class='ocr_carea' id='block_1_69' title="bbox 2267 1286 3741 1371">
    <p class='ocr_par' dir='ltr' id='par_1_69' title="bbox 2267 1286 3741 1371">
     <span class='ocr_line' id='line_1_69' title="bbox 2267 1286 3741 1371; baseline 0.014 -33"><span class='ocrx_word' id='word_1_567' title='bbox 2267 1293 2353 1339; x_wconf 91' lang='lat' dir='ltr'><strong>tur</strong></span> <span class='ocrx_word' id='word_1_568' title='bbox 2377 1286 2523 1340; x_wconf 90' lang='lat' dir='ltr'><strong>mihi.</strong></span> <span class='ocrx_word' id='word_1_569' title='bbox 2552 1286 2660 1342; x_wconf 85' lang='lat' dir='ltr'><strong>Nec</strong></span> <span class='ocrx_word' id='word_1_570' title='bbox 2683 1305 2914 1361; x_wconf 76' lang='lat' dir='ltr'><strong>paganus</strong></span> <span class='ocrx_word' id='word_1_571' title='bbox 2940 1303 3165 1362; x_wconf 87' lang='lat' dir='ltr'><strong>tantum,</strong></span> <span class='ocrx_word' id='word_1_572' title='bbox 3200 1299 3284 1353; x_wconf 81' lang='lat' dir='ltr'><strong>vel</strong></span> <span class='ocrx_word' id='word_1_573' title='bbox 3307 1300 3525 1369; x_wconf 70' lang='lat' dir='ltr'><strong>Inda-us,</strong></span> <span class='ocrx_word' id='word_1_574' title='bbox 3548 1311 3610 1363; x_wconf 79' lang='lat' dir='ltr'><strong>vel</strong></span> <span class='ocrx_word' id='word_1_575' title='bbox 3632 1312 3741 1371; x_wconf 66' lang='grc' dir='ltr'><strong>Ιιςυτε.</strong></span> 
     </span>
    </p>
   </div>
   <div class='ocr_carea' id='block_1_70' title="bbox 2267 1379 3727 1470">
    <p class='ocr_par' dir='ltr' id='par_1_70' title="bbox 2267 1379 3727 1470">
     <span class='ocr_line' id='line_1_70' title="bbox 2267 1379 3727 1470; baseline 0.016 -38"><span class='ocrx_word' id='word_1_576' title='bbox 2267 1380 2431 1442; x_wconf 89' lang='lat' dir='ltr'><strong>ticus;</strong></span> <span class='ocrx_word' id='word_1_577' title='bbox 2458 1379 2552 1435; x_wconf 90' lang='lat' dir='ltr'><strong>sed</strong></span> <span class='ocrx_word' id='word_1_578' title='bbox 2579 1381 2865 1450; x_wconf 88' lang='lat' dir='ltr'><strong>aliquando</strong></span> <span class='ocrx_word' id='word_1_579' title='bbox 2895 1384 3057 1441; x_wconf 75' lang='lat' dir='ltr'><strong>frater</strong></span> <span class='ocrx_word' id='word_1_580' title='bbox 3078 1389 3195 1458; x_wconf 90' lang='lat' dir='ltr'><strong>ipse</strong></span> <span class='ocrx_word' id='word_1_581' title='bbox 3220 1394 3499 1451; x_wconf 85' lang='lat' dir='ltr'><strong>catholicus</strong></span> <span class='ocrx_word' id='word_1_582' title='bbox 3520 1410 3679 1470; x_wconf 74' lang='lat' dir='ltr'><strong>torquet</strong></span> <span class='ocrx_word' id='word_1_583' title='bbox 3693 1426 3727 1463; x_wconf 76' lang='lat' dir='ltr'><strong>os</strong></span> 
     </span>
    </p>
   </div>
   <div class='ocr_carea' id='block_1_71' title="bbox 2266 1453 3743 1558">
    <p class='ocr_par' dir='ltr' id='par_1_71' title="bbox 2266 1453 3743 1558">
     <span class='ocr_line' id='line_1_71' title="bbox 2266 1453 3743 1558; baseline 0.02 -38"><span class='ocrx_word' id='word_1_584' title='bbox 2266 1471 2477 1540; x_wconf 84' lang='lat' dir='ltr'><strong>quando</strong></span> <span class='ocrx_word' id='word_1_585' title='bbox 2503 1473 2759 1541; x_wconf 71' lang='lat' dir='ltr'><strong>promi~sa</strong></span> <span class='ocrx_word' id='word_1_586' title='bbox 2791 1475 2882 1531; x_wconf 92' lang='lat' dir='ltr'><strong>Dei</strong></span> <span class='ocrx_word' id='word_1_587' title='bbox 2914 1453 3299 1550; x_wconf 45' lang='lat' dir='ltr'><strong>prmdicimtur,</strong></span> <span class='ocrx_word' id='word_1_588' title='bbox 3333 1490 3528 1558; x_wconf 86' lang='lat' dir='ltr'><strong>quando</strong></span> 
     </span>
    </p>
   </div>
   <div class='ocr_carea' id='block_1_72' title="bbox 2267 1564 3744 1655">
    <p class='ocr_par' dir='ltr' id='par_1_72' title="bbox 2267 1564 3744 1655">
     <span class='ocr_line' id='line_1_72' title="bbox 2267 1564 3744 1655; baseline 0.022 -41"><span class='ocrx_word' id='word_1_589' title='bbox 2267 1564 2528 1655; x_wconf 81' lang='lat' dir='ltr'><strong>surrectio</strong></span> <span class='ocrx_word' id='word_1_590' title='bbox 2565 1569 2970 1634; x_wconf 61' lang='lat' dir='ltr'><strong>praenuntiatum</strong></span> <span class='ocrx_word' id='word_1_591' title='bbox 3019 1573 3083 1627; x_wconf 78' lang='lat' dir='ltr'><strong>Et</strong></span> <span class='ocrx_word' id='word_1_592' title='bbox 3123 1575 3299 1632; x_wconf 90' lang='lat' dir='ltr'><strong>adhuc</strong></span> <span class='ocrx_word' id='word_1_593' title='bbox 3342 1590 3393 1635; x_wconf 90' lang='lat' dir='ltr'><strong>et</strong></span> <span class='ocrx_word' id='word_1_594' title='bbox 3430 1582 3559 1651; x_wconf 25' lang='lat' dir='ltr'><strong>ipse,</strong></span> <span class='ocrx_word' id='word_1_595' title='bbox 3584 1595 3744 1655; x_wconf 75' lang='lat' dir='ltr'><strong>quamtis</strong></span> 
     </span>
    </p>
   </div>
   <div class='ocr_carea' id='block_1_73' title="bbox 2262 1652 3743 1741">
    <p class='ocr_par' dir='ltr' id='par_1_73' title="bbox 2262 1652 3743 1741">
     <span class='ocr_line' id='line_1_73' title="bbox 2262 1652 3743 1741; baseline 0.018 -33"><span class='ocrx_word' id='word_1_596' title='bbox 2262 1652 2372 1725; x_wconf 85' lang='lat' dir='ltr'><strong>jam</strong></span> <span class='ocrx_word' id='word_1_597' title='bbox 2405 1656 2598 1711; x_wconf 89' lang='lat' dir='ltr'><strong>tinctus</strong></span> <span class='ocrx_word' id='word_1_598' title='bbox 2636 1674 2770 1729; x_wconf 88' lang='lat' dir='ltr'><strong>aqua</strong></span> <span class='ocrx_word' id='word_1_599' title='bbox 2802 1662 2987 1717; x_wconf 84' lang='lat' dir='ltr'><strong>salutis</strong></span> <span class='ocrx_word' id='word_1_600' title='bbox 3016 1678 3268 1735; x_wconf 72' lang='lat' dir='ltr'><strong>:oternte,</strong></span> <span class='ocrx_word' id='word_1_601' title='bbox 3302 1684 3502 1741; x_wconf 79' lang='lat' dir='ltr'><strong>portans</strong></span> <span class='ocrx_word' id='word_1_602' title='bbox 3525 1652 3743 1737; x_wconf 74' lang='lat' dir='ltr'><strong>sacramen-</strong></span> 
     </span>
    </p>
   </div>
   <div class='ocr_carea' id='block_1_74' title="bbox 2270 1751 3745 1843">
    <p class='ocr_par' dir='ltr' id='par_1_74' title="bbox 2270 1751 3745 1843">
     <span class='ocr_line' id='line_1_74' title="bbox 2270 1751 3745 1843; baseline 0.02 -41"><span class='ocrx_word' id='word_1_603' title='bbox 2270 1756 2379 1843; x_wconf 74' lang='lat' dir='ltr'><strong>tum</strong></span> <span class='ocrx_word' id='word_1_604' title='bbox 2401 1751 2617 1816; x_wconf 65' lang='lat' dir='ltr'><strong>Cbri~ti,</strong></span> <span class='ocrx_word' id='word_1_605' title='bbox 2644 1752 2865 1811; x_wconf 80' lang='lat' dir='ltr'><strong>forsitan</strong></span> <span class='ocrx_word' id='word_1_606' title='bbox 2893 1756 3039 1824; x_wconf 80' lang='lat' dir='ltr'><strong>dit-it,</strong></span> <span class='ocrx_word' id='word_1_607' title='bbox 3065 1759 3132 1815; x_wconf 83' lang='lat' dir='ltr'><strong>Et</strong></span> <span class='ocrx_word' id='word_1_608' title='bbox 3157 1765 3278 1834; x_wconf 88' lang='lat' dir='ltr'><strong>quis</strong></span> <span class='ocrx_word' id='word_1_609' title='bbox 3304 1765 3401 1819; x_wconf 86' lang='lat' dir='ltr'><strong>bue</strong></span> <span class='ocrx_word' id='word_1_610' title='bbox 3425 1776 3683 1828; x_wconf 73' lang='lat' dir='ltr'><strong>resurrexit’</strong></span> <span class='ocrx_word' id='word_1_611' title='bbox 3700 1787 3745 1843; x_wconf 82' lang='lat' dir='ltr'><strong>cl,</strong></span> 
     </span>
    </p>
   </div>
   <div class='ocr_carea' id='block_1_75' title="bbox 2265 1840 3747 1932">
    <p class='ocr_par' dir='ltr' id='par_1_75' title="bbox 2265 1840 3747 1932">
     <span class='ocr_line' id='line_1_75' title="bbox 2265 1840 3747 1932; baseline 0.014 -36"><span class='ocrx_word' id='word_1_612' title='bbox 2265 1840 2383 1898; x_wconf 85' lang='lat' dir='ltr'><strong>Non</strong></span> <span class='ocrx_word' id='word_1_613' title='bbox 2408 1844 2581 1898; x_wconf 88' lang='lat' dir='ltr'><strong>audivi</strong></span> <span class='ocrx_word' id='word_1_614' title='bbox 2614 1855 2815 1914; x_wconf 74' lang='lat' dir='ltr'><strong>patrem</strong></span> <span class='ocrx_word' id='word_1_615' title='bbox 2848 1864 3024 1903; x_wconf 88' lang='lat' dir='ltr'><strong>meum</strong></span> <span class='ocrx_word' id='word_1_616' title='bbox 3053 1851 3121 1907; x_wconf 90' lang='lat' dir='ltr'><strong>de</strong></span> <span class='ocrx_word' id='word_1_617' title='bbox 3162 1856 3405 1924; x_wconf 78' lang='lat' dir='ltr'><strong>Sopulero</strong></span> <span class='ocrx_word' id='word_1_618' title='bbox 3431 1840 3747 1932; x_wconf 66' lang='lat' dir='ltr'><strong>loquentem,er</strong></span> 
     </span>
    </p>
   </div>
   <div class='ocr_carea' id='block_1_76' title="bbox 2266 1938 3747 2023">
    <p class='ocr_par' dir='ltr' id='par_1_76' title="bbox 2266 1938 3747 2023">
     <span class='ocr_line' id='line_1_76' title="bbox 2266 1938 3747 2023; baseline 0.018 -36"><span class='ocrx_word' id='word_1_619' title='bbox 2266 1947 2374 2003; x_wconf 88' lang='lat' dir='ltr'><strong>quo</strong></span> <span class='ocrx_word' id='word_1_620' title='bbox 2396 1949 2519 1989; x_wconf 90' lang='lat' dir='ltr'><strong>eum</strong></span> <span class='ocrx_word' id='word_1_621' title='bbox 2551 1938 2790 2005; x_wconf 80' lang='lat' dir='ltr'><strong>sepelivi.</strong></span> <span class='ocrx_word' id='word_1_622' title='bbox 2826 1939 2968 1996; x_wconf 76' lang='lat' dir='ltr'><strong>Deus</strong></span> <span class='ocrx_word' id='word_1_623' title='bbox 2992 1943 3142 1999; x_wconf 88' lang='lat' dir='ltr'><strong>dedit</strong></span> <span class='ocrx_word' id='word_1_624' title='bbox 3170 1946 3336 2018; x_wconf 72' lang='lat' dir='ltr'><strong>legem</strong></span> <span class='ocrx_word' id='word_1_625' title='bbox 3364 1950 3425 2005; x_wconf 87' lang='lat' dir='ltr'><strong>ad</strong></span> <span class='ocrx_word' id='word_1_626' title='bbox 3454 1962 3747 2023; x_wconf 66' lang='lat' dir='ltr'><strong>lctupussen&#39;s</strong></span> 
     </span>
    </p>
   </div>
   <div class='ocr_carea' id='block_1_77' title="bbox 2267 2025 3749 2112">
    <p class='ocr_par' dir='ltr' id='par_1_77' title="bbox 2267 2025 3749 2112">
     <span class='ocr_line' id='line_1_77' title="bbox 2267 2025 3749 2112; baseline 0.018 -35"><span class='ocrx_word' id='word_1_627' title='bbox 2267 2025 2376 2078; x_wconf 82' lang='lat' dir='ltr'><strong>suis</strong></span> <span class='ocrx_word' id='word_1_628' title='bbox 2397 2067 2411 2090; x_wconf 92' lang='lat'><strong>,</strong></span> <span class='ocrx_word' id='word_1_629' title='bbox 2440 2026 2506 2080; x_wconf 90' lang='lat' dir='ltr'><strong>ad</strong></span> <span class='ocrx_word' id='word_1_630' title='bbox 2532 2028 2670 2097; x_wconf 89' lang='lat' dir='ltr'><strong>quod</strong></span> <span class='ocrx_word' id='word_1_631' title='bbox 2697 2045 2757 2084; x_wconf 75' lang='lat' dir='ltr'><strong>se</strong></span> <span class='ocrx_word' id='word_1_632' title='bbox 2781 2044 3006 2089; x_wconf 77' lang='lat' dir='ltr'><strong>avocent</strong></span> <span class='ocrx_word' id='word_1_633' title='bbox 3039 2053 3051 2089; x_wconf 89' lang='lat'><strong>:</strong></span> <span class='ocrx_word' id='word_1_634' title='bbox 3082 2054 3206 2092; x_wconf 88' lang='lat' dir='ltr'><strong>nam</strong></span> <span class='ocrx_word' id='word_1_635' title='bbox 3235 2043 3352 2112; x_wconf 87' lang='lat' dir='ltr'><strong>quis</strong></span> <span class='ocrx_word' id='word_1_636' title='bbox 3381 2044 3501 2099; x_wconf 84' lang='lat' dir='ltr'><strong>redit</strong></span> <span class='ocrx_word' id='word_1_637' title='bbox 3527 2047 3583 2102; x_wconf 86' lang='lat' dir='ltr'><strong>ab</strong></span> <span class='ocrx_word' id='word_1_638' title='bbox 3601 2049 3749 2104; x_wconf 66' lang='lat' dir='ltr'><strong>infensi</strong></span> 
     </span>
    </p>
   </div>
   <div class='ocr_carea' id='block_1_78' title="bbox 2268 2113 3747 2203">
    <p class='ocr_par' dir='ltr' id='par_1_78' title="bbox 2268 2113 3747 2203">
     <span class='ocr_line' id='line_1_78' title="bbox 2268 2113 3747 2203; baseline 0.018 -36"><span class='ocrx_word' id='word_1_639' title='bbox 2268 2113 2335 2168; x_wconf 82' lang='lat' dir='ltr'><strong>Et</strong></span> <span class='ocrx_word' id='word_1_640' title='bbox 2359 2116 2482 2185; x_wconf 90' lang='lat' dir='ltr'><strong>quid</strong></span> <span class='ocrx_word' id='word_1_641' title='bbox 2526 2116 2714 2174; x_wconf 75' lang='lat' dir='ltr'><strong>faciant</strong></span> <span class='ocrx_word' id='word_1_642' title='bbox 2748 2122 2971 2177; x_wconf 84' lang='lat' dir='ltr'><strong>talibus?</strong></span> <span class='ocrx_word' id='word_1_643' title='bbox 3011 2130 3292 2184; x_wconf 85' lang='lat' dir='ltr'><strong>OSIendam</strong></span> <span class='ocrx_word' id='word_1_644' title='bbox 3323 2136 3452 2203; x_wconf 73' lang='lat' dir='ltr'><strong>quod</strong></span> <span class='ocrx_word' id='word_1_645' title='bbox 3494 2155 3580 2192; x_wconf 89' lang='lat' dir='ltr'><strong>non</strong></span> <span class='ocrx_word' id='word_1_646' title='bbox 3602 2142 3747 2195; x_wconf 69' lang='lat' dir='ltr'><strong>vident?</strong></span> 
     </span>
    </p>
   </div>
   <div class='ocr_carea' id='block_1_79' title="bbox 2267 2202 3748 2289">
    <p class='ocr_par' dir='ltr' id='par_1_79' title="bbox 2267 2202 3748 2289">
     <span class='ocr_line' id='line_1_79' title="bbox 2267 2202 3748 2289; baseline 0.018 -30"><span class='ocrx_word' id='word_1_647' title='bbox 2267 2202 2382 2259; x_wconf 87' lang='lat' dir='ltr'><strong>Non</strong></span> <span class='ocrx_word' id='word_1_648' title='bbox 2414 2222 2635 2276; x_wconf 92' lang='lat' dir='ltr'><strong>possum</strong></span> <span class='ocrx_word' id='word_1_649' title='bbox 2670 2232 2682 2262; x_wconf 86' lang='lat'><strong>:</strong></span> <span class='ocrx_word' id='word_1_650' title='bbox 2718 2226 2822 2265; x_wconf 88' lang='lat' dir='ltr'><strong>non</strong></span> <span class='ocrx_word' id='word_1_651' title='bbox 2867 2214 3009 2268; x_wconf 91' lang='lat' dir='ltr'><strong>enim</strong></span> <span class='ocrx_word' id='word_1_652' title='bbox 3058 2230 3279 2289; x_wconf 84' lang='lat' dir='ltr'><strong>propter</strong></span> <span class='ocrx_word' id='word_1_653' title='bbox 3317 2202 3429 2279; x_wconf 87' lang='lat' dir='ltr'><strong>illos</strong></span> <span class='ocrx_word' id='word_1_654' title='bbox 3459 2227 3576 2283; x_wconf 87' lang='lat' dir='ltr'><strong>Deus</strong></span> <span class='ocrx_word' id='word_1_655' title='bbox 3604 2231 3748 2286; x_wconf 61' lang='lat' dir='ltr'><strong>visibilis</strong></span> 
     </span>
    </p>
   </div>
   <div class='ocr_carea' id='block_1_80' title="bbox 2267 2296 3747 2388">
    <p class='ocr_par' dir='ltr' id='par_1_80' title="bbox 2267 2296 3747 2388">
     <span class='ocr_line' id='line_1_80' title="bbox 2267 2296 3747 2388; baseline 0.016 -36"><span class='ocrx_word' id='word_1_656' title='bbox 2267 2296 2427 2353; x_wconf 88' lang='lat' dir='ltr'><strong>debet</strong></span> <span class='ocrx_word' id='word_1_657' title='bbox 2466 2299 2598 2355; x_wconf 88' lang='lat' dir='ltr'><strong>lieri.</strong></span> <span class='ocrx_word' id='word_1_658' title='bbox 2629 2301 2745 2357; x_wconf 85' lang='lat' dir='ltr'><strong>.Iam</strong></span> <span class='ocrx_word' id='word_1_659' title='bbox 2776 2304 2827 2358; x_wconf 87' lang='lat' dir='ltr'><strong>id</strong></span> <span class='ocrx_word' id='word_1_660' title='bbox 2857 2317 3052 2376; x_wconf 87' lang='lat' dir='ltr'><strong>agant,</strong></span> <span class='ocrx_word' id='word_1_661' title='bbox 3084 2312 3131 2364; x_wconf 90' lang='lat' dir='ltr'><strong>si</strong></span> <span class='ocrx_word' id='word_1_662' title='bbox 3163 2314 3362 2381; x_wconf 90' lang='lat' dir='ltr'><strong>placet;</strong></span> <span class='ocrx_word' id='word_1_663' title='bbox 3411 2318 3474 2373; x_wconf 89' lang='lat' dir='ltr'><strong>ita</strong></span> <span class='ocrx_word' id='word_1_664' title='bbox 3514 2319 3687 2388; x_wconf 82' lang='lat' dir='ltr'><strong>faciant,</strong></span> <span class='ocrx_word' id='word_1_665' title='bbox 3707 2324 3747 2376; x_wconf 78' lang='lat' dir='ltr'><strong>ita</strong></span> 
     </span>
    </p>
   </div>
   <div class='ocr_carea' id='block_1_81' title="bbox 2267 2395 3746 2483">
    <p class='ocr_par' dir='ltr' id='par_1_81' title="bbox 2267 2395 3746 2477">
     <span class='ocr_line' id='line_1_81' title="bbox 2267 2395 3746 2477; baseline 0.018 -35"><span class='ocrx_word' id='word_1_666' title='bbox 2267 2399 2526 2445; x_wconf 89' lang='lat' dir='ltr'><strong>conentur</strong></span> <span class='ocrx_word' id='word_1_667' title='bbox 2556 2410 2568 2446; x_wconf 93' lang='lat'><strong>:</strong></span> <span class='ocrx_word' id='word_1_668' title='bbox 2599 2395 2721 2464; x_wconf 89' lang='lat' dir='ltr'><strong>quia</strong></span> <span class='ocrx_word' id='word_1_669' title='bbox 2753 2395 2851 2465; x_wconf 88' lang='lat' dir='ltr'><strong>ipsi</strong></span> <span class='ocrx_word' id='word_1_670' title='bbox 2885 2399 3072 2454; x_wconf 89' lang='lat' dir='ltr'><strong>nolunt</strong></span> <span class='ocrx_word' id='word_1_671' title='bbox 3096 2409 3339 2460; x_wconf 80' lang='lat' dir='ltr'><strong>converti</strong></span> <span class='ocrx_word' id='word_1_672' title='bbox 3368 2408 3415 2461; x_wconf 91' lang='lat' dir='ltr'><strong>in</strong></span> <span class='ocrx_word' id='word_1_673' title='bbox 3446 2411 3620 2477; x_wconf 75' lang='lat' dir='ltr'><strong>melius,</strong></span> <span class='ocrx_word' id='word_1_674' title='bbox 3643 2413 3746 2468; x_wconf 78' lang='lat' dir='ltr'><strong>Deum</strong></span> 
     </span>
    </p>
   </div>
   <div class='ocr_carea' id='block_1_82' title="bbox 2267 2487 3744 2573">
    <p class='ocr_par' dir='ltr' id='par_1_82' title="bbox 2267 2487 3744 2573">
     <span class='ocr_line' id='line_1_82' title="bbox 2267 2487 3744 2573; baseline 0.016 -39"><span class='ocrx_word' id='word_1_675' title='bbox 2267 2493 2582 2538; x_wconf 86' lang='lat' dir='ltr'><strong>convertant</strong></span> <span class='ocrx_word' id='word_1_676' title='bbox 2610 2487 2660 2539; x_wconf 92' lang='lat' dir='ltr'><strong>in</strong></span> <span class='ocrx_word' id='word_1_677' title='bbox 2692 2488 2859 2556; x_wconf 85' lang='lat' dir='ltr'><strong>pejus.</strong></span> <span class='ocrx_word' id='word_1_678' title='bbox 2885 2489 3076 2547; x_wconf 83' lang='lat' dir='ltr'><strong>Videat</strong></span> <span class='ocrx_word' id='word_1_679' title='bbox 3100 2496 3195 2564; x_wconf 89' lang='lat' dir='ltr'><strong>qui</strong></span> <span class='ocrx_word' id='word_1_680' title='bbox 3219 2505 3409 2566; x_wconf 85' lang='lat' dir='ltr'><strong>potest,</strong></span> <span class='ocrx_word' id='word_1_681' title='bbox 3430 2503 3665 2573; x_wconf 79' lang='lat' dir='ltr'><strong>ert-datqui</strong></span> <span class='ocrx_word' id='word_1_682' title='bbox 3682 2521 3744 2558; x_wconf 75' lang='lat' dir='ltr'><strong>non</strong></span> 
     </span>
    </p>
   </div>
   <div class='ocr_carea' id='block_1_83' title="bbox 2267 2576 3744 2661">
    <p class='ocr_par' dir='ltr' id='par_1_83' title="bbox 2267 2576 3744 2661">
     <span class='ocr_line' id='line_1_83' title="bbox 2267 2576 3744 2661; baseline 0.016 -38"><span class='ocrx_word' id='word_1_683' title='bbox 2267 2581 2475 2640; x_wconf 86' lang='lat' dir='ltr'><strong>potest,</strong></span> <span class='ocrx_word' id='word_1_684' title='bbox 2507 2590 2628 2630; x_wconf 78' lang='lat' dir='ltr'><strong>esse</strong></span> <span class='ocrx_word' id='word_1_685' title='bbox 2659 2576 2844 2633; x_wconf 87' lang='lat' dir='ltr'><strong>Deum.</strong></span> <span class='ocrx_word' id='word_1_686' title='bbox 2878 2579 2989 2635; x_wconf 83' lang='lat' dir='ltr'><strong>Etsi</strong></span> <span class='ocrx_word' id='word_1_687' title='bbox 3035 2583 3184 2638; x_wconf 78' lang='lat' dir='ltr'><strong>videt</strong></span> <span class='ocrx_word' id='word_1_688' title='bbox 3223 2588 3311 2656; x_wconf 88' lang='lat' dir='ltr'><strong>qui</strong></span> <span class='ocrx_word' id='word_1_689' title='bbox 3344 2598 3530 2657; x_wconf 86' lang='lat' dir='ltr'><strong>potest,</strong></span> <span class='ocrx_word' id='word_1_690' title='bbox 3570 2594 3744 2661; x_wconf 76' lang='lat' dir='ltr'><strong>numquid</strong></span> 
     </span>
    </p>
   </div>
   <div class='ocr_carea' id='block_1_84' title="bbox 2266 2662 3743 2741">
    <p class='ocr_par' dir='ltr' id='par_1_84' title="bbox 2266 2662 3743 2741">
     <span class='ocr_line' id='line_1_84' title="bbox 2266 2662 3743 2741; baseline 0.016 -27"><span class='ocrx_word' id='word_1_691' title='bbox 2266 2662 2433 2716; x_wconf 87' lang='lat' dir='ltr'><strong>oculis</strong></span> <span class='ocrx_word' id='word_1_692' title='bbox 2460 2664 2641 2719; x_wconf 87' lang='lat' dir='ltr'><strong>videt?</strong></span> <span class='ocrx_word' id='word_1_693' title='bbox 2674 2666 2942 2726; x_wconf 87' lang='lat' dir='ltr'><strong>Intellectu</strong></span> <span class='ocrx_word' id='word_1_694' title='bbox 2975 2672 3155 2741; x_wconf 88' lang='lat' dir='ltr'><strong>videt,</strong></span> <span class='ocrx_word' id='word_1_695' title='bbox 3194 2677 3354 2734; x_wconf 84' lang='lat' dir='ltr'><strong>corde</strong></span> <span class='ocrx_word' id='word_1_696' title='bbox 3380 2679 3522 2735; x_wconf 89' lang='lat' dir='ltr'><strong>videt.</strong></span> <span class='ocrx_word' id='word_1_697' title='bbox 3549 2681 3641 2736; x_wconf 87' lang='lat' dir='ltr'><strong>Non</strong></span> <span class='ocrx_word' id='word_1_698' title='bbox 3658 2683 3743 2737; x_wconf 82' lang='lat' dir='ltr'><strong>enim</strong></span> 
     </span>
    </p>
   </div>
   <div class='ocr_carea' id='block_1_85' title="bbox 2266 2755 3746 2842">
    <p class='ocr_par' dir='ltr' id='par_1_85' title="bbox 2266 2755 3746 2842">
     <span class='ocr_line' id='line_1_85' title="bbox 2266 2755 3746 2842; baseline 0.014 -35"><span class='ocrx_word' id='word_1_699' title='bbox 2266 2755 2433 2809; x_wconf 82' lang='lat' dir='ltr'><strong>solent</strong></span> <span class='ocrx_word' id='word_1_700' title='bbox 2459 2767 2513 2811; x_wconf 89' lang='lat' dir='ltr'><strong>et</strong></span> <span class='ocrx_word' id='word_1_701' title='bbox 2543 2758 2717 2814; x_wconf 88' lang='lat' dir='ltr'><strong>lunam</strong></span> <span class='ocrx_word' id='word_1_702' title='bbox 2745 2762 2953 2818; x_wconf 80' lang='lat' dir='ltr'><strong>volebat</strong></span> <span class='ocrx_word' id='word_1_703' title='bbox 2980 2769 3292 2831; x_wconf 78' lang='lat' dir='ltr'><strong>ostendere.</strong></span> <span class='ocrx_word' id='word_1_704' title='bbox 3319 2774 3399 2842; x_wconf 91' lang='lat' dir='ltr'><strong>qui</strong></span> <span class='ocrx_word' id='word_1_705' title='bbox 3428 2775 3608 2829; x_wconf 85' lang='lat' dir='ltr'><strong>dicebat</strong></span> <span class='ocrx_word' id='word_1_706' title='bbox 3630 2774 3746 2828; x_wconf 75' lang='lat' dir='ltr'><strong>:Bmti</strong></span> 
     </span>
    </p>
   </div>
   <div class='ocr_carea' id='block_1_86' title="bbox 2268 2849 3742 2939">
    <p class='ocr_par' dir='ltr' id='par_1_86' title="bbox 2268 2849 3742 2939">
     <span class='ocr_line' id='line_1_86' title="bbox 2268 2849 3742 2939; baseline 0.016 -40"><span class='ocrx_word' id='word_1_707' title='bbox 2268 2849 2456 2939; x_wconf 83' lang='lat' dir='ltr'><strong>mundo</strong></span> <span class='ocrx_word' id='word_1_708' title='bbox 2479 2853 2648 2918; x_wconf 85' lang='lat' dir='ltr'><strong>corde,</strong></span> <span class='ocrx_word' id='word_1_709' title='bbox 2679 2857 2916 2924; x_wconf 80' lang='lat' dir='ltr'><strong>quoniam</strong></span> <span class='ocrx_word' id='word_1_710' title='bbox 2944 2858 3043 2929; x_wconf 85' lang='lat' dir='ltr'><strong>ipsi</strong></span> <span class='ocrx_word' id='word_1_711' title='bbox 3073 2860 3241 2917; x_wconf 85' lang='lat' dir='ltr'><strong>Deum</strong></span> <span class='ocrx_word' id='word_1_712' title='bbox 3282 2865 3494 2921; x_wconf 79' lang='lat' dir='ltr'><strong>uidebunt</strong></span> <span class='ocrx_word' id='word_1_713' title='bbox 3521 2867 3692 2939; x_wconf 66' lang='lat' dir='ltr'><strong>(ﬂeuit.</strong></span> <span class='ocrx_word' id='word_1_714' title='bbox 3710 2884 3742 2932; x_wconf 71' lang='grc' dir='ltr'><strong>τ,</strong></span> 
     </span>
    </p>
   </div>
   <div class='ocr_carea' id='block_1_87' title="bbox 2266 2938 3742 3021">
    <p class='ocr_par' dir='ltr' id='par_1_87' title="bbox 2266 2938 3742 3021">
     <span class='ocr_line' id='line_1_87' title="bbox 2266 2938 3742 3021; baseline 0.012 -30"><span class='ocrx_word' id='word_1_715' title='bbox 2266 2938 2358 3009; x_wconf 91' lang='grc'><strong>8).</strong></span> <span class='ocrx_word' id='word_1_716' title='bbox 2398 2940 2728 2999; x_wconf 86' lang='lat' dir='ltr'><strong>Immundqu</strong></span> <span class='ocrx_word' id='word_1_717' title='bbox 2776 2959 2952 3003; x_wconf 89' lang='lat' dir='ltr'><strong>autem</strong></span> <span class='ocrx_word' id='word_1_718' title='bbox 2997 2966 3222 3009; x_wconf 73' lang='lat' dir='ltr'><strong>corrrec</strong></span> <span class='ocrx_word' id='word_1_719' title='bbox 3264 2954 3327 3010; x_wconf 90' lang='lat' dir='ltr'><strong>ad</strong></span> <span class='ocrx_word' id='word_1_720' title='bbox 3371 2938 3742 3021; x_wconf 9' lang='lat' dir='ltr'><strong>ﬁdemridonettm,</strong></span> 
     </span>
    </p>
   </div>
   <div class='ocr_carea' id='block_1_88' title="bbox 2267 3032 3741 3112">
    <p class='ocr_par' dir='ltr' id='par_1_88' title="bbox 2267 3032 3741 3112">
     <span class='ocr_line' id='line_1_88' title="bbox 2267 3032 3741 3112; baseline -0.002 -11"><span class='ocrx_word' id='word_1_721' title='bbox 2267 3039 2325 3084; x_wconf 73' lang='grc' dir='ltr'><strong>υι</strong></span> <span class='ocrx_word' id='word_1_722' title='bbox 2351 3032 2366 3062; x_wconf 77' lang='grc'>¹</span> <span class='ocrx_word' id='word_1_723' title='bbox 2399 3034 2536 3101; x_wconf 67' lang='grc' dir='ltr'><strong>(Ιηοίί</strong></span> <span class='ocrx_word' id='word_1_724' title='bbox 2579 3051 2682 3088; x_wconf 76' lang='lat' dir='ltr'><strong>&quot;&quot;n</strong></span> <span class='ocrx_word' id='word_1_725' title='bbox 2729 3048 2903 3107; x_wconf 60' lang='grc' dir='ltr'><strong>Ρθιοδι</strong></span> <span class='ocrx_word' id='word_1_726' title='bbox 2932 3040 3111 3099; x_wconf 81' lang='lat' dir='ltr'><strong>Videre</strong></span> <span class='ocrx_word' id='word_1_727' title='bbox 3146 3046 3231 3099; x_wconf 81' lang='lat' dir='ltr'><strong>vel</strong></span> <span class='ocrx_word' id='word_1_728' title='bbox 3278 3048 3464 3103; x_wconf 82' lang='lat' dir='ltr'><strong>credat.</strong></span> <span class='ocrx_word' id='word_1_729' title='bbox 3503 3047 3595 3103; x_wconf 86' lang='lat' dir='ltr'><strong>Non</strong></span> <span class='ocrx_word' id='word_1_730' title='bbox 3619 3048 3741 3112; x_wconf 75' lang='lat' dir='ltr'><strong>rideo,</strong></span> 
     </span>
    </p>
   </div>
   <div class='ocr_carea' id='block_1_89' title="bbox 2268 3122 3741 3206">
    <p class='ocr_par' dir='ltr' id='par_1_89' title="bbox 2268 3122 3741 3206">
     <span class='ocr_line' id='line_1_89' title="bbox 2268 3122 3741 3206; baseline 0.012 -31"><span class='ocrx_word' id='word_1_731' title='bbox 2268 3122 2436 3194; x_wconf 88' lang='lat' dir='ltr'><strong>inquit</strong></span> <span class='ocrx_word' id='word_1_732' title='bbox 2462 3143 2477 3180; x_wconf 92' lang='lat'><strong>:</strong></span> <span class='ocrx_word' id='word_1_733' title='bbox 2505 3127 2628 3196; x_wconf 86' lang='lat' dir='ltr'><strong>quid</strong></span> <span class='ocrx_word' id='word_1_734' title='bbox 2653 3131 2951 3189; x_wconf 87' lang='lat' dir='ltr'><strong>credituros</strong></span> <span class='ocrx_word' id='word_1_735' title='bbox 2971 3150 3086 3189; x_wconf 89' lang='lat' dir='ltr'><strong>sunt</strong></span> <span class='ocrx_word' id='word_1_736' title='bbox 3102 3138 3128 3191; x_wconf 71' lang='lat'><strong>2</strong></span> <span class='ocrx_word' id='word_1_737' title='bbox 3147 3139 3334 3193; x_wconf 83' lang='lat' dir='ltr'><strong>Anima</strong></span> <span class='ocrx_word' id='word_1_738' title='bbox 3358 3143 3485 3195; x_wconf 89' lang='lat' dir='ltr'><strong>enim</strong></span> <span class='ocrx_word' id='word_1_739' title='bbox 3503 3152 3573 3196; x_wconf 85' lang='lat' dir='ltr'><strong>tua</strong></span> <span class='ocrx_word' id='word_1_740' title='bbox 3592 3144 3741 3206; x_wconf 74' lang='lat' dir='ltr'><strong>videtur,</strong></span> 
     </span>
    </p>
   </div>
   <div class='ocr_carea' id='block_1_90' title="bbox 2269 3219 3741 3299">
    <p class='ocr_par' dir='ltr' id='par_1_90' title="bbox 2269 3219 3741 3299">
     <span class='ocr_line' id='line_1_90' title="bbox 2269 3219 3741 3299; baseline 0.012 -30"><span class='ocrx_word' id='word_1_741' title='bbox 2269 3224 2327 3270; x_wconf 90' lang='lat' dir='ltr'><strong>ut</strong></span> <span class='ocrx_word' id='word_1_742' title='bbox 2374 3219 2590 3287; x_wconf 90' lang='lat' dir='ltr'><strong>opinor!</strong></span> <span class='ocrx_word' id='word_1_743' title='bbox 2636 3223 2839 3278; x_wconf 77' lang='lat' dir='ltr'><strong>Stulte!</strong></span> <span class='ocrx_word' id='word_1_744' title='bbox 2892 3240 3087 3297; x_wconf 87' lang='lat' dir='ltr'><strong>corpus</strong></span> <span class='ocrx_word' id='word_1_745' title='bbox 3134 3241 3282 3285; x_wconf 88' lang='lat' dir='ltr'><strong>tuum</strong></span> <span class='ocrx_word' id='word_1_746' title='bbox 3333 3234 3551 3299; x_wconf 87' lang='lat' dir='ltr'><strong>videtur;</strong></span> <span class='ocrx_word' id='word_1_747' title='bbox 3589 3236 3741 3288; x_wconf 79' lang='lat' dir='ltr'><strong>animam</strong></span> 
     </span>
    </p>
   </div>
   <div class='ocr_carea' id='block_1_91' title="bbox 2269 3316 3741 3396">
    <p class='ocr_par' dir='ltr' id='par_1_91' title="bbox 2269 3316 3741 3396">
     <span class='ocr_line' id='line_1_91' title="bbox 2269 3316 3741 3396; baseline 0.01 -32"><span class='ocrx_word' id='word_1_748' title='bbox 2269 3322 2407 3365; x_wconf 87' lang='lat' dir='ltr'><strong>luam</strong></span> <span class='ocrx_word' id='word_1_749' title='bbox 2459 3316 2577 3384; x_wconf 90' lang='lat' dir='ltr'><strong>quis</strong></span> <span class='ocrx_word' id='word_1_750' title='bbox 2629 3316 2814 3371; x_wconf 72' lang='lat' dir='ltr'><strong>ridet?</strong></span> <span class='ocrx_word' id='word_1_751' title='bbox 2876 3318 3008 3374; x_wconf 87' lang='lat' dir='ltr'><strong>Cum</strong></span> <span class='ocrx_word' id='word_1_752' title='bbox 3062 3339 3195 3393; x_wconf 78' lang='lat' dir='ltr'><strong>ergo</strong></span> <span class='ocrx_word' id='word_1_753' title='bbox 3241 3341 3425 3396; x_wconf 68' lang='lat' dir='ltr'><strong>corpus</strong></span> <span class='ocrx_word' id='word_1_754' title='bbox 3471 3338 3592 3380; x_wconf 87' lang='lat' dir='ltr'><strong>llllllll</strong></span> <span class='ocrx_word' id='word_1_755' title='bbox 3633 3329 3741 3380; x_wconf 73' lang='lat' dir='ltr'><strong>stilum</strong></span> 
     </span>
    </p>
   </div>
   <div class='ocr_carea' id='block_1_92' title="bbox 2264 3404 3740 3489">
    <p class='ocr_par' dir='ltr' id='par_1_92' title="bbox 2264 3404 3740 3489">
     <span class='ocr_line' id='line_1_92' title="bbox 2264 3404 3740 3489; baseline 0.009 -32"><span class='ocrx_word' id='word_1_756' title='bbox 2264 3404 2505 3460; x_wconf 84' lang='lat' dir='ltr'><strong>videatur</strong></span> <span class='ocrx_word' id='word_1_757' title='bbox 2525 3448 2539 3467; x_wconf 82' lang='lat'><strong>,</strong></span> <span class='ocrx_word' id='word_1_758' title='bbox 2570 3422 2733 3477; x_wconf 87' lang='lat' dir='ltr'><strong>quare</strong></span> <span class='ocrx_word' id='word_1_759' title='bbox 2765 3424 2868 3464; x_wconf 88' lang='lat' dir='ltr'><strong>non</strong></span> <span class='ocrx_word' id='word_1_760' title='bbox 2899 3414 3178 3482; x_wconf 69' lang='lat' dir='ltr'><strong>st-peliris?</strong></span> <span class='ocrx_word' id='word_1_761' title='bbox 3220 3417 3432 3473; x_wconf 79' lang='lat' dir='ltr'><strong>Miratur</strong></span> <span class='ocrx_word' id='word_1_762' title='bbox 3455 3420 3558 3489; x_wconf 87' lang='lat' dir='ltr'><strong>quia</strong></span> <span class='ocrx_word' id='word_1_763' title='bbox 3581 3418 3681 3480; x_wconf 74' lang='lat' dir='ltr'><strong>dixi.</strong></span> <span class='ocrx_word' id='word_1_764' title='bbox 3709 3416 3740 3471; x_wconf 87' lang='lat' dir='ltr'><strong>Si</strong></span> 
     </span>
    </p>
   </div>
   <div class='ocr_carea' id='block_1_93' title="bbox 2265 3501 3739 3578">
    <p class='ocr_par' dir='ltr' id='par_1_93' title="bbox 2265 3501 3739 3578">
     <span class='ocr_line' id='line_1_93' title="bbox 2265 3501 3739 3578; baseline 0.009 -29"><span class='ocrx_word' id='word_1_765' title='bbox 2265 3509 2459 3565; x_wconf 86' lang='lat' dir='ltr'><strong>corpus</strong></span> <span class='ocrx_word' id='word_1_766' title='bbox 2488 3506 2690 3552; x_wconf 90' lang='lat' dir='ltr'><strong>t:mtum</strong></span> <span class='ocrx_word' id='word_1_767' title='bbox 2733 3501 2971 3566; x_wconf 77' lang='lat' dir='ltr'><strong>videtur,</strong></span> <span class='ocrx_word' id='word_1_768' title='bbox 3007 3521 3177 3575; x_wconf 88' lang='lat' dir='ltr'><strong>quare</strong></span> <span class='ocrx_word' id='word_1_769' title='bbox 3220 3525 3321 3562; x_wconf 87' lang='lat' dir='ltr'><strong>non</strong></span> <span class='ocrx_word' id='word_1_770' title='bbox 3363 3508 3739 3578; x_wconf 68' lang='lat' dir='ltr'><strong>St&#39;pt‘iirlsiEll‘c&#39;</strong></span> 
     </span>
    </p>
   </div>
   <div class='ocr_carea' id='block_1_94' title="bbox 2265 3587 3737 3667">
    <p class='ocr_par' dir='ltr' id='par_1_94' title="bbox 2265 3587 3737 3667">
     <span class='ocr_line' id='line_1_94' title="bbox 2265 3587 3737 3667; baseline 0.008 -27"><span class='ocrx_word' id='word_1_771' title='bbox 2265 3588 2491 3655; x_wconf 79' lang='lat' dir='ltr'><strong>Spnlltlcl</strong></span> <span class='ocrx_word' id='word_1_772' title='bbox 2513 3587 2673 3660; x_wconf 81' lang='lat' dir='ltr'><strong>(sapit</strong></span> <span class='ocrx_word' id='word_1_773' title='bbox 2698 3593 2834 3646; x_wconf 71' lang='lat' dir='ltr'><strong>enim</strong></span> <span class='ocrx_word' id='word_1_774' title='bbox 2856 3594 2921 3647; x_wconf 88' lang='lat' dir='ltr'><strong>ad</strong></span> <span class='ocrx_word' id='word_1_775' title='bbox 2950 3594 3092 3665; x_wconf 72' lang='lat' dir='ltr'><strong>huc).</strong></span> <span class='ocrx_word' id='word_1_776' title='bbox 3120 3598 3257 3665; x_wconf 87' lang='lat' dir='ltr'><strong>Quia</strong></span> <span class='ocrx_word' id='word_1_777' title='bbox 3280 3602 3411 3654; x_wconf 80' lang='lat' dir='ltr'><strong>vivo.</strong></span> <span class='ocrx_word' id='word_1_778' title='bbox 3437 3599 3737 3667; x_wconf 78' lang='lat' dir='ltr'><strong>Undcscioquit</strong></span> 
     </span>
    </p>
   </div>
   <div class='ocr_carea' id='block_1_95' title="bbox 2265 3681 3736 3758">
    <p class='ocr_par' dir='ltr' id='par_1_95' title="bbox 2265 3681 3736 3758">
     <span class='ocr_line' id='line_1_95' title="bbox 2265 3681 3736 3758; baseline 0.007 -25"><span class='ocrx_word' id='word_1_779' title='bbox 2265 3681 2400 3734; x_wconf 85' lang='lat' dir='ltr'><strong>vivis</strong></span> <span class='ocrx_word' id='word_1_780' title='bbox 2419 3723 2431 3744; x_wconf 88' lang='lat'><strong>,</strong></span> <span class='ocrx_word' id='word_1_781' title='bbox 2460 3683 2611 3751; x_wconf 89' lang='lat' dir='ltr'><strong>cujus</strong></span> <span class='ocrx_word' id='word_1_782' title='bbox 2640 3687 2869 3739; x_wconf 86' lang='lat' dir='ltr'><strong>animant</strong></span> <span class='ocrx_word' id='word_1_783' title='bbox 2903 3705 3006 3740; x_wconf 88' lang='lat' dir='ltr'><strong>non</strong></span> <span class='ocrx_word' id='word_1_784' title='bbox 3034 3690 3233 3745; x_wconf 78' lang='lat' dir='ltr'><strong>video?</strong></span> <span class='ocrx_word' id='word_1_785' title='bbox 3264 3696 3398 3748; x_wconf 83' lang='lat' dir='ltr'><strong>unde</strong></span> <span class='ocrx_word' id='word_1_786' title='bbox 3425 3695 3556 3748; x_wconf 66' lang='lat' dir='ltr'><strong>scio?</strong></span> <span class='ocrx_word' id='word_1_787' title='bbox 3579 3693 3736 3758; x_wconf 58' lang='lat' dir='ltr'><strong>Ill-sliat»</strong></span> 
     </span>
    </p>
   </div>
   <div class='ocr_carea' id='block_1_96' title="bbox 2265 3773 3734 3855">
    <p class='ocr_par' dir='ltr' id='par_1_96' title="bbox 2265 3773 3734 3855">
     <span class='ocr_line' id='line_1_96' title="bbox 2265 3773 3734 3855; baseline 0.004 -26"><span class='ocrx_word' id='word_1_788' title='bbox 2265 3773 2416 3829; x_wconf 87' lang='lat' dir='ltr'><strong>debis</strong></span> <span class='ocrx_word' id='word_1_789' title='bbox 2439 3794 2451 3828; x_wconf 88' lang='lat'><strong>:</strong></span> <span class='ocrx_word' id='word_1_790' title='bbox 2475 3778 2605 3844; x_wconf 84' lang='lat' dir='ltr'><strong>Quia</strong></span> <span class='ocrx_word' id='word_1_791' title='bbox 2632 3778 2839 3847; x_wconf 86' lang='lat' dir='ltr'><strong>loquor,</strong></span> <span class='ocrx_word' id='word_1_792' title='bbox 2866 3782 2987 3849; x_wconf 88' lang='lat' dir='ltr'><strong>quia</strong></span> <span class='ocrx_word' id='word_1_793' title='bbox 3009 3784 3246 3847; x_wconf 84' lang='lat' dir='ltr'><strong>ambulo,</strong></span> <span class='ocrx_word' id='word_1_794' title='bbox 3274 3787 3389 3855; x_wconf 88' lang='lat' dir='ltr'><strong>quia</strong></span> <span class='ocrx_word' id='word_1_795' title='bbox 3409 3801 3587 3853; x_wconf 70' lang='lat' dir='ltr'><strong>oreror.</strong></span> <span class='ocrx_word' id='word_1_796' title='bbox 3606 3781 3734 3838; x_wconf 73' lang='lat' dir='ltr'><strong>Stulle!</strong></span> 
     </span>
    </p>
   </div>
   <div class='ocr_carea' id='block_1_97' title="bbox 2265 3869 3736 3942">
    <p class='ocr_par' dir='ltr' id='par_1_97' title="bbox 2265 3869 3736 3942">
     <span class='ocr_line' id='line_1_97' title="bbox 2265 3869 3736 3942; baseline 0.007 -21"><span class='ocrx_word' id='word_1_797' title='bbox 2265 3883 2331 3921; x_wconf 86' lang='lat' dir='ltr'><strong>ex</strong></span> <span class='ocrx_word' id='word_1_798' title='bbox 2361 3869 2612 3935; x_wconf 84' lang='lat' dir='ltr'><strong>operibus</strong></span> <span class='ocrx_word' id='word_1_799' title='bbox 2648 3873 2887 3942; x_wconf 85' lang='lat' dir='ltr'><strong>corporis</strong></span> <span class='ocrx_word' id='word_1_800' title='bbox 2930 3889 3164 3942; x_wconf 79' lang='lat' dir='ltr'><strong>agnosco</strong></span> <span class='ocrx_word' id='word_1_801' title='bbox 3193 3880 3471 3937; x_wconf 81' lang='lat' dir='ltr'><strong>viventem;</strong></span> <span class='ocrx_word' id='word_1_802' title='bbox 3499 3894 3551 3931; x_wconf 78' lang='lat' dir='ltr'><strong>ex</strong></span> <span class='ocrx_word' id='word_1_803' title='bbox 3573 3874 3736 3942; x_wconf 70' lang='lat' dir='ltr'><strong>operibus</strong></span> 
     </span>
    </p>
   </div>
   <div class='ocr_carea' id='block_1_98' title="bbox 2264 3962 3732 4033">
    <p class='ocr_par' dir='ltr' id='par_1_98' title="bbox 2264 3962 3732 4033">
     <span class='ocr_line' id='line_1_98' title="bbox 2264 3962 3732 4033; baseline 0.007 -22"><span class='ocrx_word' id='word_1_804' title='bbox 2264 3969 2521 4014; x_wconf 77' lang='lat' dir='ltr'><strong>creatura:</strong></span> <span class='ocrx_word' id='word_1_805' title='bbox 2565 3976 2667 4014; x_wconf 91' lang='lat' dir='ltr'><strong>non</strong></span> <span class='ocrx_word' id='word_1_806' title='bbox 2719 3972 2870 4030; x_wconf 88' lang='lat' dir='ltr'><strong>potes</strong></span> <span class='ocrx_word' id='word_1_807' title='bbox 2900 3978 3189 4033; x_wconf 62' lang='lat' dir='ltr'><strong>agnOscere</strong></span> <span class='ocrx_word' id='word_1_808' title='bbox 3236 3969 3542 4022; x_wconf 66' lang='lat' dir='ltr'><strong>Creatorrtn!</strong></span> <span class='ocrx_word' id='word_1_809' title='bbox 3584 3962 3732 4020; x_wconf 64' lang='lat' dir='ltr'><strong>Etiam!</strong></span> 
     </span>
    </p>
   </div>
   <div class='ocr_carea' id='block_1_99' title="bbox 2264 4052 3736 4130">
    <p class='ocr_par' dir='ltr' id='par_1_99' title="bbox 2264 4052 3736 4130">
     <span class='ocr_line' id='line_1_99' title="bbox 2264 4052 3736 4130; baseline 0.001 -25"><span class='ocrx_word' id='word_1_810' title='bbox 2264 4052 2352 4118; x_wconf 88' lang='lat' dir='ltr'><strong>qui</strong></span> <span class='ocrx_word' id='word_1_811' title='bbox 2382 4052 2507 4106; x_wconf 88' lang='lat' dir='ltr'><strong>dicit</strong></span> <span class='ocrx_word' id='word_1_812' title='bbox 2529 4093 2543 4112; x_wconf 88' lang='lat'><strong>.</strong></span> <span class='ocrx_word' id='word_1_813' title='bbox 2574 4052 2709 4107; x_wconf 78' lang='lat' dir='ltr'><strong>Cum</strong></span> <span class='ocrx_word' id='word_1_814' title='bbox 2751 4064 2991 4109; x_wconf 91' lang='lat' dir='ltr'><strong>mortuus</strong></span> <span class='ocrx_word' id='word_1_815' title='bbox 3038 4059 3221 4119; x_wconf 70' lang='lat' dir='ltr'><strong>fuero,</strong></span> <span class='ocrx_word' id='word_1_816' title='bbox 3254 4076 3350 4130; x_wconf 87' lang='lat' dir='ltr'><strong>pos</strong></span> <span class='ocrx_word' id='word_1_817' title='bbox 3373 4076 3428 4114; x_wconf 90' lang='lat' dir='ltr'><strong>ea</strong></span> <span class='ocrx_word' id='word_1_818' title='bbox 3471 4058 3574 4112; x_wconf 87' lang='lat' dir='ltr'><strong>nihil</strong></span> <span class='ocrx_word' id='word_1_819' title='bbox 3598 4062 3736 4109; x_wconf 64' lang='grc' dir='ltr'><strong>σταται</strong></span> 
     </span>
    </p>
   </div>
   <div class='ocr_carea' id='block_1_100' title="bbox 2266 4143 3736 4217">
    <p class='ocr_par' dir='ltr' id='par_1_100' title="bbox 2266 4143 3736 4217">
     <span class='ocr_line' id='line_1_100' title="bbox 2266 4143 3736 4217; baseline 0.003 -21"><span class='ocrx_word' id='word_1_820' title='bbox 2266 4143 2469 4197; x_wconf 89' lang='lat' dir='ltr'><strong>litteras</strong></span> <span class='ocrx_word' id='word_1_821' title='bbox 2495 4143 2677 4197; x_wconf 89' lang='lat' dir='ltr'><strong>didicit</strong></span> <span class='ocrx_word' id='word_1_822' title='bbox 2702 4185 2718 4210; x_wconf 95' lang='lat'><strong>,</strong></span> <span class='ocrx_word' id='word_1_823' title='bbox 2748 4155 2802 4199; x_wconf 83' lang='lat' dir='ltr'><strong>et</strong></span> <span class='ocrx_word' id='word_1_824' title='bbox 2825 4146 2893 4199; x_wconf 90' lang='lat' dir='ltr'><strong>ab</strong></span> <span class='ocrx_word' id='word_1_825' title='bbox 2924 4146 3154 4217; x_wconf 79' lang='lat' dir='ltr'><strong>Epicuro</strong></span> <span class='ocrx_word' id='word_1_826' title='bbox 3181 4151 3356 4203; x_wconf 81' lang='lat' dir='ltr'><strong>didicit</strong></span> <span class='ocrx_word' id='word_1_827' title='bbox 3387 4150 3494 4215; x_wconf 85' lang='lat' dir='ltr'><strong>hoc,</strong></span> <span class='ocrx_word' id='word_1_828' title='bbox 3522 4147 3736 4212; x_wconf 64' lang='lat' dir='ltr'><strong>uiscioqfo</strong></span> 
     </span>
    </p>
   </div>
   <div class='ocr_carea' id='block_1_101' title="bbox 2263 4232 3734 4306">
    <p class='ocr_par' dir='ltr' id='par_1_101' title="bbox 2263 4232 3734 4306">
     <span class='ocr_line' id='line_1_101' title="bbox 2263 4232 3734 4306; baseline 0.003 -22"><span class='ocrx_word' id='word_1_829' title='bbox 2263 4232 2434 4289; x_wconf 77' lang='lat' dir='ltr'><strong>delira</strong></span> <span class='ocrx_word' id='word_1_830' title='bbox 2465 4236 2780 4304; x_wconf 83' lang='lat' dir='ltr'><strong>philosnpho</strong></span> <span class='ocrx_word' id='word_1_831' title='bbox 2805 4280 2818 4299; x_wconf 84' lang='lat'><strong>,</strong></span> <span class='ocrx_word' id='word_1_832' title='bbox 2846 4239 2926 4293; x_wconf 85' lang='lat' dir='ltr'><strong>vel</strong></span> <span class='ocrx_word' id='word_1_833' title='bbox 2961 4239 3131 4306; x_wconf 84' lang='lat' dir='ltr'><strong>potius</strong></span> <span class='ocrx_word' id='word_1_834' title='bbox 3161 4252 3395 4295; x_wconf 83' lang='lat' dir='ltr'><strong>aumtore</strong></span> <span class='ocrx_word' id='word_1_835' title='bbox 3424 4238 3650 4298; x_wconf 68' lang='lat' dir='ltr'><strong>vanitatis,</strong></span> <span class='ocrx_word' id='word_1_836' title='bbox 3672 4247 3734 4286; x_wconf 78' lang='lat' dir='ltr'><strong>non</strong></span> 
     </span>
    </p>
   </div>
   <div class='ocr_carea' id='block_1_102' title="bbox 2266 4322 3734 4405">
    <p class='ocr_par' dir='ltr' id='par_1_102' title="bbox 2266 4322 3734 4405">
     <span class='ocr_line' id='line_1_102' title="bbox 2266 4322 3734 4405; baseline -0.016 -6"><span class='ocrx_word' id='word_1_837' title='bbox 2266 4330 2573 4398; x_wconf 66' lang='grc' dir='ltr'><strong>δεδβίθηιίωὶ</strong></span> <span class='ocrx_word' id='word_1_838' title='bbox 2605 4346 2762 4400; x_wconf 79' lang='lat' dir='ltr'><strong>quem</strong></span> <span class='ocrx_word' id='word_1_839' title='bbox 2793 4331 2889 4401; x_wconf 87' lang='lat' dir='ltr'><strong>ipsi</strong></span> <span class='ocrx_word' id='word_1_840' title='bbox 2921 4333 3077 4387; x_wconf 85' lang='lat' dir='ltr'><strong>etiam</strong></span> <span class='ocrx_word' id='word_1_841' title='bbox 3108 4333 3400 4405; x_wconf 61' lang='lat' dir='ltr'><strong>philosophi</strong></span> <span class='ocrx_word' id='word_1_842' title='bbox 3427 4346 3605 4404; x_wconf 88' lang='lat' dir='ltr'><strong>porcum</strong></span> <span class='ocrx_word' id='word_1_843' title='bbox 3626 4322 3734 4379; x_wconf 80' lang='lat' dir='ltr'><strong>numi-</strong></span> 
     </span>
    </p>
   </div>
   <div class='ocr_carea' id='block_1_103' title="bbox 2266 4422 3732 4496">
    <p class='ocr_par' dir='ltr' id='par_1_103' title="bbox 2266 4422 3732 4496">
     <span class='ocr_line' id='line_1_103' title="bbox 2266 4422 3732 4496; baseline -0.001 -22"><span class='ocrx_word' id='word_1_844' title='bbox 2266 4430 2571 4477; x_wconf 86' lang='lat' dir='ltr'><strong>naverunt:</strong></span> <span class='ocrx_word' id='word_1_845' title='bbox 2604 4422 2691 4491; x_wconf 90' lang='lat' dir='ltr'><strong>qui</strong></span> <span class='ocrx_word' id='word_1_846' title='bbox 2733 4423 3054 4493; x_wconf 79' lang='lat' dir='ltr'><strong>voluptatem</strong></span> <span class='ocrx_word' id='word_1_847' title='bbox 3082 4429 3322 4496; x_wconf 85' lang='lat' dir='ltr'><strong>corporis</strong></span> <span class='ocrx_word' id='word_1_848' title='bbox 3360 4440 3585 4480; x_wconf 84' lang='lat' dir='ltr'><strong>snmtmun</strong></span> <span class='ocrx_word' id='word_1_849' title='bbox 3611 4422 3732 4473; x_wconf 78' lang='lat' dir='ltr'><strong>bonum</strong></span> 
     </span>
    </p>
   </div>
   <div class='ocr_carea' id='block_1_104' title="bbox 2267 4512 3731 4586">
    <p class='ocr_par' dir='ltr' id='par_1_104' title="bbox 2267 4512 3731 4586">
     <span class='ocr_line' id='line_1_104' title="bbox 2267 4512 3731 4586; baseline 0.004 -19"><span class='ocrx_word' id='word_1_850' title='bbox 2267 4512 2404 4569; x_wconf 80' lang='lat' dir='ltr'><strong>dixit</strong></span> <span class='ocrx_word' id='word_1_851' title='bbox 2425 4552 2440 4579; x_wconf 85' lang='lat'><strong>,</strong></span> <span class='ocrx_word' id='word_1_852' title='bbox 2480 4513 2622 4569; x_wconf 86' lang='lat' dir='ltr'><strong>hunc</strong></span> <span class='ocrx_word' id='word_1_853' title='bbox 2650 4515 3019 4585; x_wconf 70' lang='lat' dir='ltr'><strong>philosolihtlm</strong></span> <span class='ocrx_word' id='word_1_854' title='bbox 3053 4534 3267 4586; x_wconf 84' lang='lat' dir='ltr'><strong>porcum</strong></span> <span class='ocrx_word' id='word_1_855' title='bbox 3297 4518 3653 4572; x_wconf 78' lang='lat' dir='ltr'><strong>nomittavernnh</strong></span> <span class='ocrx_word' id='word_1_856' title='bbox 3676 4522 3731 4554; x_wconf 62' lang='grc' dir='ltr'><strong>νίν</strong></span> 
     </span>
    </p>
   </div>
   <div class='ocr_carea' id='block_1_105' title="bbox 2266 4601 3732 4665">
    <p class='ocr_par' dir='ltr' id='par_1_105' title="bbox 2266 4601 3732 4665">
     <span class='ocr_line' id='line_1_105' title="bbox 2266 4601 3732 4665; baseline -0.009 -4"><span class='ocrx_word' id='word_1_857' title='bbox 2266 4607 2523 4661; x_wconf 81' lang='lat' dir='ltr'><strong>lntautem</strong></span> <span class='ocrx_word' id='word_1_858' title='bbox 2552 4622 2611 4661; x_wconf 87' lang='lat' dir='ltr'><strong>se</strong></span> <span class='ocrx_word' id='word_1_859' title='bbox 2642 4608 2694 4661; x_wconf 91' lang='lat' dir='ltr'><strong>in</strong></span> <span class='ocrx_word' id='word_1_860' title='bbox 2724 4624 2879 4662; x_wconf 78' lang='lat' dir='ltr'><strong>C(PIIO</strong></span> <span class='ocrx_word' id='word_1_861' title='bbox 2908 4610 3127 4664; x_wconf 84' lang='lat' dir='ltr'><strong>carnali.</strong></span> <span class='ocrx_word' id='word_1_862' title='bbox 3156 4610 3239 4665; x_wconf 79' lang='lat' dir='ltr'><strong>Ab</strong></span> <span class='ocrx_word' id='word_1_863' title='bbox 3267 4610 3354 4664; x_wconf 91' lang='lat' dir='ltr'><strong>illo</strong></span> <span class='ocrx_word' id='word_1_864' title='bbox 3383 4611 3502 4663; x_wconf 78' lang='lat' dir='ltr'><strong>forte</strong></span> <span class='ocrx_word' id='word_1_865' title='bbox 3523 4603 3655 4659; x_wconf 76' lang='lat' dir='ltr'><strong>didicit</strong></span> <span class='ocrx_word' id='word_1_866' title='bbox 3674 4601 3732 4651; x_wconf 71' lang='lat' dir='ltr'><strong>isu</strong></span> 
     </span>
    </p>
   </div>
   <div class='ocr_carea' id='block_1_106' title="bbox 2268 4698 3731 4772">
    <p class='ocr_par' dir='ltr' id='par_1_106' title="bbox 2268 4698 3731 4772">
     <span class='ocr_line' id='line_1_106' title="bbox 2268 4698 3731 4772; baseline -0.003 -21"><span class='ocrx_word' id='word_1_867' title='bbox 2268 4698 2531 4753; x_wconf 88' lang='lat' dir='ltr'><strong>litteratus</strong></span> <span class='ocrx_word' id='word_1_868' title='bbox 2584 4698 2802 4767; x_wconf 87' lang='lat' dir='ltr'><strong>dicere,</strong></span> <span class='ocrx_word' id='word_1_869' title='bbox 2860 4700 2976 4756; x_wconf 83' lang='lat' dir='ltr'><strong>Non</strong></span> <span class='ocrx_word' id='word_1_870' title='bbox 3045 4718 3137 4757; x_wconf 91' lang='lat' dir='ltr'><strong>ero</strong></span> <span class='ocrx_word' id='word_1_871' title='bbox 3209 4712 3525 4772; x_wconf 85' lang='lat' dir='ltr'><strong>posteaquam</strong></span> <span class='ocrx_word' id='word_1_872' title='bbox 3576 4701 3731 4748; x_wconf 69' lang='lat' dir='ltr'><strong>modum</strong></span> 
     </span>
    </p>
   </div>
   <div class='ocr_carea' id='block_1_107' title="bbox 2267 4780 3729 4862">
    <p class='ocr_par' dir='ltr' id='par_1_107' title="bbox 2267 4780 3729 4862">
     <span class='ocr_line' id='line_1_107' title="bbox 2267 4780 3729 4862; baseline -0.009 -18"><span class='ocrx_word' id='word_1_873' title='bbox 2267 4787 2438 4845; x_wconf 81' lang='lat' dir='ltr'><strong>fuero.</strong></span> <span class='ocrx_word' id='word_1_874' title='bbox 2479 4790 2754 4846; x_wconf 79' lang='lat' dir='ltr'><strong>Siccentur</strong></span> <span class='ocrx_word' id='word_1_875' title='bbox 2795 4790 3011 4847; x_wconf 79' lang='lat' dir='ltr'><strong>ﬂumina</strong></span> <span class='ocrx_word' id='word_1_876' title='bbox 3065 4794 3283 4858; x_wconf 82' lang='lat' dir='ltr'><strong>Etbam;</strong></span> <span class='ocrx_word' id='word_1_877' title='bbox 3332 4801 3527 4862; x_wconf 76' lang='lat' dir='ltr'><strong>pert-ant</strong></span> <span class='ocrx_word' id='word_1_878' title='bbox 3564 4780 3729 4838; x_wconf 64' lang='lat' dir='ltr'><strong>doctrinae</strong></span> 
     </span>
    </p>
   </div>
   <div class='ocr_carea' id='block_1_108' title="bbox 2270 4873 3730 4953">
    <p class='ocr_par' dir='ltr' id='par_1_108' title="bbox 2270 4873 3730 4953">
     <span class='ocr_line' id='line_1_108' title="bbox 2270 4873 3730 4953; baseline -0.01 -16"><span class='ocrx_word' id='word_1_879' title='bbox 2270 4883 2383 4938; x_wconf 75' lang='lat' dir='ltr'><strong>ista:</strong></span> <span class='ocrx_word' id='word_1_880' title='bbox 2412 4883 2693 4948; x_wconf 87' lang='lat' dir='ltr'><strong>Gentium,</strong></span> <span class='ocrx_word' id='word_1_881' title='bbox 2750 4885 3002 4953; x_wconf 85' lang='lat' dir='ltr'><strong>pullulent</strong></span> <span class='ocrx_word' id='word_1_882' title='bbox 3042 4885 3207 4941; x_wconf 83' lang='lat' dir='ltr'><strong>vireta</strong></span> <span class='ocrx_word' id='word_1_883' title='bbox 3251 4886 3519 4941; x_wconf 73' lang='lat' dir='ltr'><strong>Jerusalem</strong></span> <span class='ocrx_word' id='word_1_884' title='bbox 3557 4873 3730 4932; x_wconf 77' lang='lat' dir='ltr'><strong>:rideaul</strong></span> 
     </span>
    </p>
   </div>
   <div class='ocr_carea' id='block_1_109' title="bbox 2269 4974 3712 5047">
    <p class='ocr_par' dir='ltr' id='par_1_109' title="bbox 2269 4974 3712 5047">
     <span class='ocr_line' id='line_1_109' title="bbox 2269 4974 3712 5047; baseline -0.006 -16"><span class='ocrx_word' id='word_1_885' title='bbox 2269 4977 2407 5046; x_wconf 90' lang='lat' dir='ltr'><strong>quod</strong></span> <span class='ocrx_word' id='word_1_886' title='bbox 2438 4987 2690 5046; x_wconf 85' lang='lat' dir='ltr'><strong>possunt;</strong></span> <span class='ocrx_word' id='word_1_887' title='bbox 2721 4978 2883 5032; x_wconf 90' lang='lat' dir='ltr'><strong>corde</strong></span> <span class='ocrx_word' id='word_1_888' title='bbox 2921 4977 3139 5032; x_wconf 81' lang='lat' dir='ltr'><strong>erodant.</strong></span> <span class='ocrx_word' id='word_1_889' title='bbox 3178 4979 3315 5047; x_wconf 90' lang='lat' dir='ltr'><strong>quod</strong></span> <span class='ocrx_word' id='word_1_890' title='bbox 3358 4974 3519 5029; x_wconf 75' lang='lat' dir='ltr'><strong>videre</strong></span> <span class='ocrx_word' id='word_1_891' title='bbox 3556 4981 3632 5021; x_wconf 88' lang='lat' dir='ltr'><strong>non</strong></span> <span class='ocrx_word' id='word_1_892' title='bbox 3655 4974 3712 5023; x_wconf 64' lang='grc' dir='ltr'><strong>νῖνέ</strong></span> 
     </span>
    </p>
   </div>
   <div class='ocr_carea' id='block_1_110' title="bbox 2270 5048 3725 5138">
    <p class='ocr_par' dir='ltr' id='par_1_110' title="bbox 2270 5048 3725 5138">
     <span class='ocr_line' id='line_1_110' title="bbox 2270 5048 3725 5138; baseline -0.014 -9"><span class='ocrx_word' id='word_1_893' title='bbox 2270 5076 2412 5123; x_wconf 73' lang='grc' dir='ltr'><strong>Βυιιι-</strong></span> <span class='ocrx_word' id='word_1_894' title='bbox 2442 5070 2599 5124; x_wconf 77' lang='lat' dir='ltr'><strong>Certe</strong></span> <span class='ocrx_word' id='word_1_895' title='bbox 2625 5070 2720 5123; x_wconf 88' lang='lat' dir='ltr'><strong>ista</strong></span> <span class='ocrx_word' id='word_1_896' title='bbox 2744 5068 2921 5125; x_wconf 80' lang='lat' dir='ltr'><strong>omnia</strong></span> <span class='ocrx_word' id='word_1_897' title='bbox 2943 5085 3058 5138; x_wconf 80' lang='lat' dir='ltr'><strong>qua:</strong></span> <span class='ocrx_word' id='word_1_898' title='bbox 3087 5085 3179 5138; x_wconf 77' lang='lat' dir='ltr'><strong>per</strong></span> <span class='ocrx_word' id='word_1_899' title='bbox 3205 5066 3444 5122; x_wconf 81' lang='lat' dir='ltr'><strong>IllUtldlllll</strong></span> <span class='ocrx_word' id='word_1_900' title='bbox 3468 5059 3595 5117; x_wconf 85' lang='lat' dir='ltr'><strong>modo</strong></span> <span class='ocrx_word' id='word_1_901' title='bbox 3616 5048 3725 5104; x_wconf 52' lang='lat' dir='ltr'><strong>Vidn&quot;</strong></span> 
     </span>
    </p>
   </div>
   <div class='ocr_carea' id='block_1_111' title="bbox 2272 5150 3722 5233">
    <p class='ocr_par' dir='ltr' id='par_1_111' title="bbox 2272 5150 3722 5233">
     <span class='ocr_line' id='line_1_111' title="bbox 2272 5150 3722 5233; baseline -0.021 -17"><span class='ocrx_word' id='word_1_902' title='bbox 2272 5168 2376 5223; x_wconf 82' lang='lat' dir='ltr'><strong>tur.</strong></span> <span class='ocrx_word' id='word_1_903' title='bbox 2400 5160 2611 5233; x_wconf 89' lang='lat' dir='ltr'><strong>quando</strong></span> <span class='ocrx_word' id='word_1_904' title='bbox 2632 5162 2951 5230; x_wconf 86' lang='lat' dir='ltr'><strong>operabatur</strong></span> <span class='ocrx_word' id='word_1_905' title='bbox 2978 5163 3115 5216; x_wconf 84' lang='lat' dir='ltr'><strong>Deus</strong></span> <span class='ocrx_word' id='word_1_906' title='bbox 3142 5162 3359 5216; x_wconf 86' lang='lat' dir='ltr'><strong>salutem</strong></span> <span class='ocrx_word' id='word_1_907' title='bbox 3385 5156 3431 5211; x_wconf 90' lang='lat' dir='ltr'><strong>in</strong></span> <span class='ocrx_word' id='word_1_908' title='bbox 3456 5150 3722 5207; x_wconf 67' lang='lat' dir='ltr'><strong>medicinae.</strong></span> 
     </span>
    </p>
   </div>
   <div class='ocr_carea' id='block_1_112' title="bbox 2271 5235 3723 5317">
    <p class='ocr_par' dir='ltr' id='par_1_112' title="bbox 2271 5235 3723 5317">
     <span class='ocr_line' id='line_1_112' title="bbox 2271 5235 3723 5317; baseline -0.018 -9"><span class='ocrx_word' id='word_1_909' title='bbox 2271 5269 2390 5308; x_wconf 90' lang='lat' dir='ltr'><strong>cum</strong></span> <span class='ocrx_word' id='word_1_910' title='bbox 2441 5254 2542 5309; x_wconf 81' lang='lat' dir='ltr'><strong>ista</strong></span> <span class='ocrx_word' id='word_1_911' title='bbox 2587 5253 2897 5308; x_wconf 80' lang='lat' dir='ltr'><strong>dicebantur</strong></span> <span class='ocrx_word' id='word_1_912' title='bbox 2917 5296 2930 5317; x_wconf 91' lang='lat'><strong>,</strong></span> <span class='ocrx_word' id='word_1_913' title='bbox 2963 5253 3194 5307; x_wconf 87' lang='lat' dir='ltr'><strong>nondum</strong></span> <span class='ocrx_word' id='word_1_914' title='bbox 3237 5260 3380 5306; x_wconf 84' lang='lat' dir='ltr'><strong>erant</strong></span> <span class='ocrx_word' id='word_1_915' title='bbox 3412 5264 3424 5300; x_wconf 89' lang='lat'><strong>:</strong></span> <span class='ocrx_word' id='word_1_916' title='bbox 3452 5254 3497 5299; x_wconf 89' lang='lat' dir='ltr'><strong>et</strong></span> <span class='ocrx_word' id='word_1_917' title='bbox 3529 5251 3623 5294; x_wconf 64' lang='lat' dir='ltr'><strong>eme</strong></span> <span class='ocrx_word' id='word_1_918' title='bbox 3649 5235 3723 5282; x_wconf 71' lang='lat' dir='ltr'><strong>tunc</strong></span> 
     </span>
    </p>
   </div>
   <div class='ocr_carea' id='block_1_113' title="bbox 2272 5322 3722 5418">
    <p class='ocr_par' dir='ltr' id='par_1_113' title="bbox 2272 5322 3722 5418">
     <span class='ocr_line' id='line_1_113' title="bbox 2272 5322 3722 5418; baseline -0.012 -16"><span class='ocrx_word' id='word_1_919' title='bbox 2272 5349 2520 5418; x_wconf 65' lang='lat' dir='ltr'><strong>pra&#39;dicta</strong></span> <span class='ocrx_word' id='word_1_920' title='bbox 2564 5359 2724 5412; x_wconf 87' lang='lat' dir='ltr'><strong>sunt;</strong></span> <span class='ocrx_word' id='word_1_921' title='bbox 2757 5364 2895 5401; x_wconf 85' lang='lat' dir='ltr'><strong>nunc</strong></span> <span class='ocrx_word' id='word_1_922' title='bbox 2926 5346 3141 5413; x_wconf 86' lang='lat' dir='ltr'><strong>impleta</strong></span> <span class='ocrx_word' id='word_1_923' title='bbox 3183 5348 3530 5399; x_wconf 79' lang='lat' dir='ltr'><strong>meustrantur,</strong></span> <span class='ocrx_word' id='word_1_924' title='bbox 3554 5322 3722 5385; x_wconf 67' lang='lat' dir='ltr'><strong>cladhuc</strong></span> 
     </span>
    </p>
   </div>
   <div class='ocr_carea' id='block_1_114' title="bbox 2271 5418 3719 5501">
    <p class='ocr_par' dir='ltr' id='par_1_114' title="bbox 2271 5418 3719 5501">
     <span class='ocr_line' id='line_1_114' title="bbox 2271 5418 3719 5501; baseline -0.012 -7"><span class='ocrx_word' id='word_1_925' title='bbox 2271 5440 2401 5495; x_wconf 87' lang='lat' dir='ltr'><strong>dicit</strong></span> <span class='ocrx_word' id='word_1_926' title='bbox 2425 5439 2613 5494; x_wconf 53' lang='lat' dir='ltr'><strong>stultus</strong></span> <span class='ocrx_word' id='word_1_927' title='bbox 2651 5440 2701 5492; x_wconf 90' lang='lat' dir='ltr'><strong>in</strong></span> <span class='ocrx_word' id='word_1_928' title='bbox 2731 5438 2892 5493; x_wconf 87' lang='lat' dir='ltr'><strong>corde</strong></span> <span class='ocrx_word' id='word_1_929' title='bbox 2935 5453 3032 5491; x_wconf 89' lang='lat' dir='ltr'><strong>suo</strong></span> <span class='ocrx_word' id='word_1_930' title='bbox 3054 5478 3071 5501; x_wconf 90' lang='lat'><strong>,</strong></span> <span class='ocrx_word' id='word_1_931' title='bbox 3098 5434 3215 5491; x_wconf 83' lang='lat' dir='ltr'><strong>Non</strong></span> <span class='ocrx_word' id='word_1_932' title='bbox 3243 5444 3311 5488; x_wconf 76' lang='lat' dir='ltr'><strong>est</strong></span> <span class='ocrx_word' id='word_1_933' title='bbox 3346 5429 3466 5485; x_wconf 77' lang='lat' dir='ltr'><strong>Deus</strong></span> <span class='ocrx_word' id='word_1_934' title='bbox 3489 5418 3617 5490; x_wconf 71' lang='grc' dir='ltr'><strong>(Ρεηιι</strong></span> <span class='ocrx_word' id='word_1_935' title='bbox 3640 5421 3719 5466; x_wconf 63' lang='lat' dir='ltr'><strong>ll&quot;!</strong></span> 
     </span>
    </p>
   </div>
   <div class='ocr_carea' id='block_1_115' title="bbox 2274 5502 3719 5601">
    <p class='ocr_par' dir='ltr' id='par_1_115' title="bbox 2274 5502 3719 5601">
     <span class='ocr_line' id='line_1_115' title="bbox 2274 5502 3719 5601; baseline -0.038 10"><span class='ocrx_word' id='word_1_936' title='bbox 2274 5534 2298 5588; x_wconf 59' lang='grc' dir='ltr'>ί</span> <span class='ocrx_word' id='word_1_937' title='bbox 2324 5532 2365 5601; x_wconf 88' lang='grc'><strong>)·</strong></span> <span class='ocrx_word' id='word_1_938' title='bbox 2395 5531 2486 5587; x_wconf 61' lang='lat' dir='ltr'><strong>Vi”</strong></span> <span class='ocrx_word' id='word_1_939' title='bbox 2517 5530 2779 5601; x_wconf 62' lang='lat' dir='ltr'><strong>PBTVt‘I&#39;SiS</strong></span> <span class='ocrx_word' id='word_1_940' title='bbox 2798 5530 3047 5584; x_wconf 84' lang='lat' dir='ltr'><strong>cordibus</strong></span> <span class='ocrx_word' id='word_1_941' title='bbox 3071 5531 3084 5582; x_wconf 86' lang='lat'><strong>!</strong></span> <span class='ocrx_word' id='word_1_942' title='bbox 3115 5526 3351 5597; x_wconf 76' lang='lat' dir='ltr'><strong>quoniam</strong></span> <span class='ocrx_word' id='word_1_943' title='bbox 3380 5523 3439 5575; x_wconf 82' lang='lat' dir='ltr'><strong>ita</strong></span> <span class='ocrx_word' id='word_1_944' title='bbox 3460 5521 3626 5568; x_wconf 64' lang='lat' dir='ltr'><strong>ventum</strong></span> <span class='ocrx_word' id='word_1_945' title='bbox 3643 5502 3719 5601; x_wconf 61' lang='grc' dir='ltr'><strong>ξυυί</strong></span> 
     </span>
    </p>
   </div>
   <div class='ocr_carea' id='block_1_116' title="bbox 2272 5589 3717 5694">
    <p class='ocr_par' dir='ltr' id='par_1_116' title="bbox 2272 5589 3717 5694">
     <span class='ocr_line' id='line_1_116' title="bbox 2272 5589 3717 5694; baseline -0.021 -16"><span class='ocrx_word' id='word_1_946' title='bbox 2272 5638 2391 5694; x_wconf 68' lang='lat' dir='ltr'><strong>qum</strong></span> <span class='ocrx_word' id='word_1_947' title='bbox 2424 5633 2639 5685; x_wconf 81' lang='lat' dir='ltr'><strong>restant,</strong></span> <span class='ocrx_word' id='word_1_948' title='bbox 2673 5623 2810 5676; x_wconf 78' lang='lat' dir='ltr'><strong>sicut</strong></span> <span class='ocrx_word' id='word_1_949' title='bbox 2850 5631 3110 5675; x_wconf 84' lang='lat' dir='ltr'><strong>venerunt</strong></span> <span class='ocrx_word' id='word_1_950' title='bbox 3152 5620 3246 5672; x_wconf 87' lang='lat' dir='ltr'><strong>ista</strong></span> <span class='ocrx_word' id='word_1_951' title='bbox 3287 5630 3394 5685; x_wconf 69' lang='lat' dir='ltr'><strong>qtae</strong></span> <span class='ocrx_word' id='word_1_952' title='bbox 3421 5621 3523 5664; x_wconf 90' lang='lat' dir='ltr'><strong>tunc</strong></span> <span class='ocrx_word' id='word_1_953' title='bbox 3548 5589 3717 5694; x_wconf 51' lang='lat' dir='ltr'><strong>nurui&quot;:</strong></span> 
     </span>
    </p>
   </div>
   <div class='ocr_carea' id='block_1_117' title="bbox 2274 5680 3717 5784">
    <p class='ocr_par' dir='ltr' id='par_1_117' title="bbox 2274 5680 3717 5784">
     <span class='ocr_line' id='line_1_117' title="bbox 2274 5680 3717 5784; baseline -0.015 -14"><span class='ocrx_word' id='word_1_954' title='bbox 2274 5724 2417 5780; x_wconf 88' lang='lat' dir='ltr'><strong>runt,</strong></span> <span class='ocrx_word' id='word_1_955' title='bbox 2458 5725 2511 5771; x_wconf 90' lang='lat' dir='ltr'><strong>et</strong></span> <span class='ocrx_word' id='word_1_956' title='bbox 2546 5724 2763 5769; x_wconf 80' lang='lat' dir='ltr'><strong>ventura</strong></span> <span class='ocrx_word' id='word_1_957' title='bbox 2802 5712 3300 5784; x_wconf 68' lang='lat' dir='ltr'><strong>prmuuutiabantur.</strong></span> <span class='ocrx_word' id='word_1_958' title='bbox 3340 5707 3542 5760; x_wconf 68' lang='lat' dir='ltr'><strong>Ant‘ero</strong></span> <span class='ocrx_word' id='word_1_959' title='bbox 3558 5680 3717 5745; x_wconf 67' lang='grc' dir='ltr'><strong>ειιιιίἰιΙι</strong></span> 
     </span>
    </p>
   </div>
   <div class='ocr_carea' id='block_1_118' title="bbox 2339 5784 3717 5911">
    <p class='ocr_par' dir='ltr' id='par_1_118' title="bbox 2339 5784 3717 5911">
     <span class='ocr_line' id='line_1_118' title="bbox 2339 5784 3717 5911; baseline -0.015 -34"><span class='ocrx_word' id='word_1_960' title='bbox 2339 5826 2640 5911; x_wconf 62' lang='lat' dir='ltr'><strong>&#39;_Partieula,</strong></span> <span class='ocrx_word' id='word_1_961' title='bbox 2666 5834 2715 5877; x_wconf 79' lang='lat' dir='ltr'><strong>ut</strong></span> <span class='ocrx_word' id='word_1_962' title='bbox 2733 5860 2749 5885; x_wconf 88' lang='lat'><strong>,</strong></span> <span class='ocrx_word' id='word_1_963' title='bbox 2784 5824 2949 5911; x_wconf 43' lang='lat' dir='ltr'><strong>deest“</strong></span> <span class='ocrx_word' id='word_1_964' title='bbox 2967 5824 3090 5887; x_wconf 83' lang='lat' dir='ltr'><strong>apud</strong></span> <span class='ocrx_word' id='word_1_965' title='bbox 3126 5817 3353 5879; x_wconf 83' lang='lat' dir='ltr'><strong>t.ov.,sed</strong></span> <span class='ocrx_word' id='word_1_966' title='bbox 3382 5816 3427 5864; x_wconf 91' lang='lat' dir='ltr'><strong>in</strong></span> <span class='ocrx_word' id='word_1_967' title='bbox 3458 5799 3609 5861; x_wconf 63' lang='grc' dir='ltr'><strong>ωιεά</strong></span> <span class='ocrx_word' id='word_1_968' title='bbox 3630 5784 3717 5842; x_wconf 63' lang='grc' dir='ltr'><em>ω</em></span> 
     </span>
    </p>
   </div>
  </div>
