3966 6490
176 459 280 522 θιιι

167 575 315 635 nobis
339 571 484 629 Dens
500 567 679 624 omnia
704 578 824 637 quas
852 562 1120 635 promisit,
1146 567 1203 617 et
1226 557 1295 615 de
1323 558 1437 614 solo
1460 557 1548 615 die
1566 557 1751 630 judieii

166 683 263 729 nos
301 662 517 722 fefellit?
544 659 660 715 Non
708 668 823 713 erat
866 655 1110 711 Christus
1153 652 1204 706 in
1246 661 1424 715 terra;
1472 651 1749 719 protttisit,

169 759 399 819 exhibuit
431 772 444 808 :
477 769 583 808 non
609 752 756 820 virgo
799 758 1104 818 pepererat:
1155 744 1433 814 promisit,
1463 742 1702 797 exhibuit
1737 759 1750 795 :

167 870 267 914 non
289 859 405 907 erat
431 847 576 902 fusus
600 842 813 914 sanguis
838 840 1123 912 pretiosus,
1150 854 1256 907 quo
1279 836 1549 890 deleri-tur
1570 834 1751 888 chiro-

166 947 419 1022 graphum
445 941 631 997 mortis
658 949 885 998 nostrae;
919 932 1183 1006 promisit,
1212 929 1449 985 exhibuit
1478 946 1491 981 :
1518 927 1752 982 umidum

167 1019 529 1097 resurrexerat
556 1046 680 1086 caro
706 1030 757 1083 in
787 1028 945 1081 vitam
977 1033 1267 1083 attentam;
1297 1019 1573 1090 promisit,
1598 1019 1753 1074 exhi-

166 1132 314 1187 buit:
349 1125 582 1183 nondum
629 1120 968 1177 crediderant
1005 1115 1238 1176 Gentes;
1285 1113 1566 1183 promisit,
1598 1111 1752 1166 exhi-

165 1226 312 1283 buit:
343 1221 578 1277 nondum
604 1214 837 1270 llzl‘l‘clici
870 1211 1086 1266 nomine
1109 1206 1306 1262 Christi
1338 1204 1545 1269 armati,
1567 1213 1755 1259 eoatra

163 1319 431 1376 Christum
478 1311 812 1370 militabant;
866 1302 1147 1374 przrdixit,
1200 1296 1443 1354 exhibuit
1473 1314 1487 1351 :
1517 1296 1754 1350 nondum

164 1411 301 1469 idola
341 1406 591 1464 Gentium
642 1401 709 1456 de
761 1408 901 1453 terra
951 1396 969 1427 ¹
1014 1378 1184 1448 deleta
1232 1401 1422 1455 erant;
1469 1388 1751 1459 praedixit,

162 1503 408 1562 exhibuit
437 1517 452 1553 :
487 1500 582 1551 ista
613 1492 789 1548 omnia
820 1505 939 1545 cum
969 1485 1299 1557 pra-dixisset
1325 1493 1377 1538 et
1404 1481 1750 1546 exhibuisset,

159 1600 224 1655 de
251 1596 368 1652 solo
396 1593 483 1647 die
507 1586 690 1661 judicii
720 1583 971 1639 mentitus
992 1591 1071 1633 est
1088 1578 1113 1633 ’ἶ
1144 1575 1334 1631 Veniet
1358 1574 1595 1635 omnino,
1619 1588 1754 1643 quo-

159 1688 319 1745 modo
361 1687 463 1738 ista
496 1684 790 1740 venerunt;
822 1674 942 1744 quia
974 1679 1027 1724 et
1068 1669 1163 1723 ista
1196 1678 1480 1735 antequam
1513 1664 1757 1719 venirent

160 1780 330 1837 futura
370 1783 566 1839 erant,
607 1780 660 1825 et
707 1767 877 1822 futura
924 1764 1070 1834 prius
1117 1758 1462 1831 prauumtiata
1510 1770 1671 1817 sunt,
1703 1762 1758 1808 et

160 1885 341 1948 postea
378 1874 643 1924 venerunt
677 1878 689 1913 :
722 1859 898 1913 veniet
920 1898 936 1920 ,
981 1854 1171 1908 fratres
1215 1850 1339 1904 mei.
1376 1846 1541 1901 Nemo
1572 1846 1752 1907 dicat,

160 1937 272 2025 Non
303 1963 527 2021 veniet;
560 1966 669 2014 aut.
699 1952 911 2015 Veniet,
942 1946 1035 2001 sed
1068 1947 1221 2014 longe
1250 1950 1333 1995 est
1362 1939 1500 2009 quod
1532 1937 1703 1991 veniet
1740 1955 1752 1990 :

158 2058 249 2116 sed
279 2055 372 2111 tibi
409 2065 577 2124 prope
603 2055 685 2102 est
722 2052 778 2098 ut
805 2055 898 2096 eas
928 2039 1070 2092 hinc.
1114 2032 1353 2091 Sufﬁciat
1397 2030 1566 2100 prima
1597 2027 1757 2083 dere-

158 2153 267 2223 ptio
297 2166 311 2205 :
341 2147 386 2201 si
422 2159 526 2198 non
560 2137 825 2210 potuimus
850 2132 1021 2202 primo
1048 2137 1361 2196 permanere
1388 2124 1438 2174 in
1469 2126 1756 2223 praecepto,

158 2208 342 2299 saltem
372 2208 710 2304 corrigamnr
739 2222 1005 2284 exemplo.
1038 2216 1280 2273 Nondum
1313 2223 1427 2268 erat
1452 2208 1755 2278 exemplum

157 2346 309 2389 casus
338 2298 565 2383 humani
591 2365 605 2386 ,
636 2315 847 2389 quando
889 2312 1087 2367 dictum
1131 2318 1210 2361 cst
1239 2304 1304 2359 ad
1349 2303 1513 2357 Adam
1548 2316 1562 2353 :
1593 2298 1761 2353 Morte

157 2424 415 2488 morieris,
456 2419 498 2474 si
528 2411 784 2484 tetigeris;
814 2416 868 2462 et
894 2405 1040 2459 venit
1065 2400 1133 2456 de
1164 2409 1467 2453 transverso
1495 2406 1717 2461 serpens
1740 2432 1756 2456 ,

156 2527 209 2575 et
244 2516 378 2571 dixit
419 2530 433 2565 :
467 2508 584 2564 Non
616 2512 774 2558 morte
812 2494 1058 2552 morieris.
1090 2489 1335 2546 Creditus
1379 2493 1460 2540 est
1494 2496 1718 2553 serpens
1740 2523 1757 2549 ,

159 2613 509 2675 contemptus
549 2607 631 2653 est
673 2595 849 2656 Deus;
880 2587 1114 2643 creditus
1152 2591 1234 2635 est
1271 2592 1528 2675 serpens,
1561 2584 1759 2675 tactum

164 2667 245 2761 est
267 2667 495 2756 vetiitnu
522 2734 536 2759 ,
563 2696 801 2744 mortuus
840 2688 924 2736 est
948 2680 1108 2733 homo
1134 2673 1293 2743 (Gen.
1323 2687 1380 2733 ιι,
1411 2670 1497 2734 l7,
1526 2678 1572 2723 et
1602 2683 1678 2733 ιιι,
1702 2667 1757 2733 4,

165 2795 220 2861 6,
252 2792 377 2863 19).
405 2787 593 2843 Nonne
623 2778 896 2849 impletum
923 2779 1002 2825 est
1039 2769 1211 2838 potius
1239 2762 1379 2835 quod
1425 2761 1656 2814 minatus
1680 2765 1762 2814 est

166 2854 513 2953 Deus,'qttatn
542 2872 680 2946 quod
709 2867 1025 2940 promiserat
1054 2856 1332 2914 inimicus?
1354 2854 1443 2953 Sic
1471 2862 1553 2907 est
1576 2858 1719 2953 certe
1744 2868 1759 2905 :

164 2944 507 3051 agnoscimus
535 2944 674 3030 hoc;
705 2961 829 3017 inde
859 2968 1048 3011 omnes
1074 2953 1127 3006 in
1173 2960 1344 3004 morte
1377 2962 1389 2997 :
1421 2947 1530 3051 jam
1562 2944 1640 2998 vel
1670 2958 1767 2998 ex-

167 3039 300 3144 perti
334 3068 475 3123 cauti
507 3065 694 3119 simus.
724 3054 839 3112 Non
871 3050 1010 3106 enim
1055 3051 1231 3102 cessat
1270 3050 1323 3096 et
1360 3039 1517 3094 modo
1542 3050 1763 3105 serpens

168 3133 531 3224 insusurrare,
558 3165 611 3209 et
632 3152 812 3206 dicere
841 3161 855 3198 :
884 3136 1145 3208 Numquid
1174 3150 1295 3189 vere
1318 3133 1664 3224 damnaturus
1684 3134 1766 3181 est

171 3219 311 3313 licus
334 3219 724 3306 tantas'tm-has
743 3281 756 3303 ,
789 3238 1107 3292 liberaturus
1145 3237 1227 3281 est
1257 3221 1493 3295 paucas?
1521 3219 1656 3289 Quid
1683 3225 1765 3320 est

168 3346 309 3405 aliud
342 3356 506 3414 quam
528 3380 542 3402 .
573 3334 751 3391 Facite
791 3333 974 3382 conitra
1022 3329 1382 3392 praeceptum;
1413 3325 1535 3414 ‘non
1556 3323 1764 3414 .morte:

317 3436 343 3490 ‘i
363 3399 466 3488 sed
493 3399 761 3499 quomodo
789 3431 933 3481 tune,
960 3416 1037 3469 sic
1060 3420 1113 3467 et
1139 3424 1294 3464 noue.
1325 3406 1380 3459 Si
1410 3401 1599 3504 feceris
1625 3399 1768 3504 quod

174 3530 412 3602 suggerit
453 3497 741 3581 diabolus,
787 3521 843 3567 et
893 3500 1281 3573 contempseris
1328 3497 1469 3567 quod
1519 3497 1769 3602 prtccepit

377 3613 561 3672 veniet
584 3606 765 3680 judieii
798 3604 932 3662 dies.
956 3606 1010 3652 el
1039 3596 1277 3685 invenies
1297 3603 1481 3644 verum
1510 3584 1648 3685 quod
1669 3584 1771 3685 tui.

171 3678 434 3771 natns'est
466 3678 624 3767 licus,
652 3709 706 3756 et
736 3697 921 3751 falsum
949 3689 1086 3760 quod
1116 3684 1381 3757 pollicitus
1402 3688 1484 3732 est
1508 3678 1767 3732 diabolus.

173 3807 404 3876 Exurge,
431 3798 668 3856 Domine,
690 3788 869 3864 judica
898 3798 1103 3838 causam
1134 3792 1313 3830 meam.
1340 3773 1576 3828 Mortuus
1604 3784 1692 3876 es.
1719 3778 1773 3876 et

172 3861 517 3968 ἆζηιεῖιοριιι.
541 3904 632 3954 es;
655 3861 847 3940 dicitur
878 3876 1023 3937 mihi,
1050 3871 1149 3929 Ubi
1175 3877 1258 3925 est
1283 3867 1424 3921 Deus
1455 3872 1575 3967 tuus
1600 3861 1768 3928 (l’sal.

175 3956 282 4051 su.
308 3995 365 4046 ll
387 3956 439 4056 ’ἒ
464 3983 718 4050 Exsurge.
728 3974 907 4048 judica
928 3982 1132 4023 causam
1152 3977 1331 4016 meam.
1357 3958 1468 4013 Non
1487 3956 1627 4010 enim
1646 3969 1775 4056 len-

176 4044 421 4141 est
436 4077 506 4133 ad
520 4044 903 4143 judiciummisi
916 4060 1002 4131 qui
1020 4056 1317 4113 exsurrexit
1333 4067 1360 4103 a
1380 4046 1621 4148 mortuis.
1646 4044 1777 4148 Yen.

345 4136 831 4244 prmntiutiahatur;
852 4153 990 4208 venit
1002 4194 1015 4212 ,
1029 4160 1081 4203 et
1096 4152 1431 4244 contemptus
1442 4148 1522 4244 est
1534 4155 1560 4190 a
1574 4136 1776 4240 dudwis

176 4229 469 4325 ambulans
517 4258 568 4310 in
617 4264 796 4312 terra;
843 4240 1198 4298 contemnitur
1226 4252 1254 4288 a
1304 4229 1777 4325 lalsisgchristiauis

178 4323 376 4417 sedens
427 4353 481 4406 in
532 4346 688 4402 (mlo.
734 4339 997 4407 Exsurge,
1054 4329 1304 4391 Domine,-
1343 4323 1524 4395 judica
1574 4334 1778 4373 causam

179 4467 367 4507 meum.
398 4441 661 4513 Quoniam
692 4437 742 4488 in
776 4444 825 4488 te
852 4425 1074 4490 credidi,
1105 4437 1208 4477 non
1241 4431 1486 4515 pereant;
1514 4428 1633 4515 quia
1661 4426 1778 4514 cre-

177 4506 287 4597 didi
321 4506 470 4606 quo-il
500 4544 603 4583 ιιοιι
649 4525 755 4578 vidi
783 4565 795 4580 .
823 4536 917 4588 Spe
959 4531 1074 4572 mea
1119 4530 1222 4567 non
1263 4506 1495 4606 fallar",
1523 4506 1777 4571 accipiam

177 4631 323 4705 quod
344 4596 692 4697 promisisti;
735 4613 923 4668 Judica
949 4622 1150 4662 causam
1180 4617 1359 4657 meam.
1401 4596 1651 4705 Memento
1690 4609 1783 4662 op-

180 4687 511 4797 probribrum
557 4721 796 4767 tuorum;
836 4715 1005 4755 eorum
1051 4711 1164 4765 qua'
1205 4694 1267 4746 ab
1310 4687 1626 4760 imprudente
1664 4693 1782 4739 sunt

738 4796 741 4797 ,
848 4795 857 4797 _
967 4790 981 4797 -
1153 4783 1207 4797 η.
1262 4783 1274 4795 .
1442 4791 1518 4797 ν--
1564 4777 1781 4797 tum”.

180 4777 285 4870 iota
313 4811 418 4863 die.
450 4803 639 4859 Adhuc
663 4796 804 4852 enim
848 4790 1128 4848 insidiatur
1150 4783 1394 4847 Christo;
1420 4791 1521 4870 nec
1558 4777 1784 4870 deerunt

181 4867 289 4961 V1...“
323 4902 411 4954 ιιίυ
438 4939 451 4957 ,
485 4895 585 4947 huc
625 4899 701 4945 est
753 4900 916 4955 usque
967 4880 1017 4933 in
1069 4879 1224 4931 linem
1270 4868 1488 4933 saeculi,
1516 4882 1641 4947 vasa
1668 4867 1779 4919 iraa.

184 4957 380 5052 bnihnc
426 4988 621 5040 dicitur
662 5001 674 5035 :
712 4977 853 5034 Vana
905 4970 1191 5045 pra-dicant
1234 4961 1560 5024 Chri~tiani;
1611 4957 1788 5052 adhuc

182 5049 385 5143 dicitur
421 5099 435 5134 :
468 5078 645 5133 Inanis
687 5082 770 5127 e~t
824 5064 1141 5123 resurrectio
1193 5068 1548 5113 mortuorum.
1599 5049 1787 5143 Indica

184 5192 399 5234 causam
454 5185 615 5223 meam
646 5182 664 5220 :
698 5168 941 5217 memento
988 5152 1371 5225 opprobriorum
1420 5154 1640 5199 tuorum.
1681 5139 1787 5234 Sed

185 5285 419 5344 quorum
454 5261 554 5316 nisi
595 5272 764 5312 eorum
791 5267 902 5321 lﬂftB
926 5250 988 5303 ab
1034 5244 1348 5310 imprudente
1383 5246 1644 5344 suntptota
1669 5232 1790 5288 die?

186 5327 465 5419 Ιῖἱιιιιιιιιιίι]
496 5350 727 5422 prudens
748 5348 848 5399 hoc
867 5339 1034 5397 dicit?
1059 5335 1300 5392 Prudens
1322 5327 1667 5422 enimdictus
1683 5333 1787 5392 est,

190 5457 368 5511 p037.)
389 5420 584 5504 videns
611 5458 625 5495 :
658 5441 700 5495 si
734 5435 966 5509 prudens
1010 5446 1166 5501 porro
1204 5425 1426 5489 videns,
1453 5420 1559 5477 lide
1585 5420 1794 5474 videtur

191 5559 390 5618 porro;
423 5554 547 5593 nam
574 5533 744 5587 oculis
768 5529 852 5582 vix
884 5536 1007 5579 ante
1037 5520 1198 5593 pedes
1223 5517 1563 5618 videtur-tota
1583 5512 1682 5565 die.

261 5638 356 5693 275.
378 5603 548 5707 r[vers.
579 5622 695 5697 9.5.]
728 5619 808 5675 Ne
836 5614 1141 5671 obliviscaris
1169 5626 1338 5664 vocem
1367 5607 1388 5639 ³
1417 5603 1792 5676 deprecantium

192 5741 259 5785 ιε,
294 5694 790 5796 Ingemisceutiiun.
820 5718 874 5764 et
899 5703 1321 5776 esspecmntium
1347 5699 1457 5768 jam
1489 5694 1629 5765 quod
1663 5708 1791 5764 pro-

257 5848 276 5876 ι
305 5843 391 5891 Hic
412 5832 530 5885 edd.
554 5829 751 5883 addunt.
769 5822 862 5875 ita
890 5835 908 5872 :
931 5833 1049 5891 qu:e_
1066 5830 1156 5891 vos
1178 5828 1205 5865 a
1227 5820 1333 5863 Mss.
1357 5812 1515 5861 abest.

257 5907 280 5938 ί
295 5880 473 5953 iit};
646 5880 755 5953 spes
776 5898 885 5937 mea
905 5880 997 5953 non
1019 5880 1173 5953 (ulmi.

261 5939 837 6020 .gg'ﬁig‘aia'am.
864 5951 993 5994 cxx.
1017 5939 1071 5992 in
1094 5939 1226 6015 sum,
1251 5948 1400 5989 voces.

1227 444 1626 503 ENARRATIO
1666 446 1730 501 lN
1768 444 2089 505 PSALMUM
2125 449 2361 508 LXXIV.

3336 451 3440 511 946

1866 561 2054 617 misisti
2086 563 2155 619 de
2179 562 2328 619 Novo
2367 563 2730 632 Testamento.
2760 574 2815 622 et
2840 565 2905 621 ad
2936 564 3106 637 ipsam
3136 566 3296 623 fidem
3322 584 3443 625 am-

1860 652 2174 721 bulautium,
2217 672 2282 710 ne
2304 656 2612 712 obliviscaris
2641 673 2809 712 vocem
2835 656 3211 728 deprecantium
3237 669 3304 715 te.
3333 659 3444 718 Sed

1861 747 1933 801 illi
1961 749 2135 802 adhuc
2159 749 2343 805 dicunt
2368 771 2379 804 :
2405 748 2504 806 Uhi
2537 759 2619 807 est
2646 750 2784 805 Deus
2803 751 2971 806 tuus?
2998 751 3248 824 Superbia
3269 769 3444 809 eorum

1858 839 1945 910 qui
1972 849 2018 893 te
2038 841 2269 901 oderunt.
2294 842 2565 897 ascendat‘
2588 858 2785 913 semper
2808 844 2875 896 ad
2910 852 2958 897 te
2978 859 2998 900 .'
3026 843 3139 898 Noli
3172 852 3224 898 et
3252 859 3442 902 eorum

1859 932 2161 1002 Superbiam
2206 933 2467 989 oblivisci.
2518 933 2626 990 Nec
2674 934 3004 991 obliviscitur
3036 953 3049 990 :
3081 936 3300 991 omnino
3347 945 3446 994 aut

1860 1025 2030 1096 punit,
2072 1033 2165 1080 aut
2192 1026 2429 1096 Corrigit.

2266 1252 2349 1315 IN
2389 1251 2770 1316 PSALMUM
2812 1252 3082 1315 LXXIV

2462 1370 2882 1427 ENARRATIO.

2400 1498 2572 1540 εειιιιο
2602 1501 2670 1539 ΑΙ)
2698 1499 2922 1540 Ριειιειι.

1932 1601 1984 1656 1.
2012 1599 2162 1672 [rem
2197 1597 2273 1671 1.]
2300 1597 2549 1654 Psalmus
2578 1599 2678 1663 iste
2708 1598 2903 1653 tumori
2930 1598 3196 1668 superbiae
3227 1598 3453 1657 medici-

1859 1708 1982 1747 nam
2027 1692 2342 1747 humilitatis
2365 1699 2631 1761 apportat,
2665 1690 2890 1746 humiles
2917 1699 3096 1748 autem
3138 1692 3454 1749 consolatur

1862 1785 1913 1839 in
1949 1799 2044 1853 spe
2075 1801 2087 1837 :
2120 1784 2223 1837 hoc
2265 1797 2448 1853 agens.
2480 1792 2537 1836 ut
2579 1796 2648 1838 ne
2691 1782 2971 1853 quisquam
3001 1783 3231 1855 superbe
3275 1783 3347 1841 de
3393 1799 3454 1841 se

1862 1887 2168 1947 prirsumat,
2217 1894 2283 1934 nc
2307 1878 2586 1950 quisquam
2634 1877 2851 1933 humilis
2897 1877 2965 1934 de
2989 1878 3217 1934 Domino
3254 1877 3451 1951 despe-

1862 1979 1959 2025 ret.
2016 1970 2110 2025 Est
2150 1971 2290 2025 enim
2348 1970 2630 2041 promissio
2684 1969 2777 2025 Dei
2822 1979 2959 2036 rata,
3010 1978 3190 2037 certa,
3235 1969 3346 2025 lixa
3394 1981 3452 2028 et

1864 2067 2195 2127 inconcussa,
2239 2064 2409 2119 tldelis
2438 2074 2494 2120 et
2530 2066 2675 2119 omni
2720 2062 3054 2119 dubitatione
3079 2076 3301 2130 carens,
3331 2078 3453 2136 qua

1862 2156 2166 2210 Consolatur
2206 2154 2455 2209 aftlictos.
2501 2153 2635 2208 Tota
2679 2156 2821 2209 enim
2866 2154 2970 2208 vita
3031 2153 3257 2207 humana
3299 2170 3450 2225 super

1864 2256 2070 2313 terram,
2101 2249 2240 2304 sicut
2262 2248 2516 2319 scriptum
2562 2256 2661 2311 est,
2715 2247 2925 2302 tentatio
2958 2255 3031 2301 est
3070 2245 3203 2317 (Job
3231 2261 3326 2314 vn,
3358 2245 3452 2321 1).

1864 2338 1974 2395 Nec
1999 2341 2146 2410 quasi
2180 2354 2433 2410 prospera
2463 2338 2708 2407 eligenda
2737 2347 2842 2406 est,
2873 2345 2929 2392 et
2956 2336 3068 2392 sola
3094 2336 3321 2394 adversa
3351 2336 3454 2394 de-

1865 2432 2079 2489 vitanda
2108 2451 2121 2487 :
2146 2431 2239 2486 sed
2268 2442 2489 2501 utraque
2511 2430 2745 2486 cavenda
2766 2438 2887 2495 est;
2919 2429 3007 2483 illa
3030 2443 3098 2485 ne
3120 2439 3452 2501 corrumpat,

1864 2524 1965 2580 ista
1996 2538 2063 2578 ne
2092 2522 2339 2592 frangat;
2367 2534 2422 2576 ut
2451 2520 2735 2590 unicuique
2774 2520 3068 2584 hominum,
3101 2519 3154 2575 in
3190 2534 3453 2591 quocum-

1865 2634 1969 2690 que
1992 2623 2133 2672 sL-itu
2160 2630 2336 2671 rerum
2366 2615 2417 2669 in
2458 2614 2557 2668 hac
2582 2614 2687 2667 vita
2717 2613 2909 2683 egerit,
2958 2627 3064 2667 non
3093 2612 3164 2667 sit
3188 2611 3456 2685 refugium

1866 2710 1968 2766 nisi
1999 2709 2158 2773 Deus,
2204 2722 2301 2763 nec
2330 2706 2495 2761 ullum
2521 2705 2772 2776 gnidium
2801 2704 2900 2760 nisi
2929 2705 2979 2760 in
3006 2704 3284 2775 promissis
3313 2706 3453 2777 ejus.

1866 2800 1986 2857 Vita
2028 2800 2168 2855 enim
2198 2798 2312 2853 haec
2356 2797 2589 2867 qualibet
2634 2795 2939 2850 redundans
2966 2795 3217 2851 felicitate
3258 2796 3459 2853 multos

1867 2892 2039 2955 fallit;
2072 2892 2209 2946 Deus
2238 2888 2528 2946 neminem.
2567 2886 2701 2955 Quia
2744 2900 2875 2957 ergo
2902 2884 3049 2940 omni
3089 2885 3292 2941 homini
3320 2902 3457 2944 con-

1866 2992 2024 3033 verso
2052 2975 2119 3029 ad
2143 2974 2305 3029 Deum
2336 2979 2570 3026 mutatur
2594 2970 2879 3026 delectatio
2898 3011 2913 3034 ,
2941 2978 3212 3026 mutantur
3245 2971 3452 3028 deliciae

1869 3069 1999 3140 (non
2018 3066 2158 3123 enim
2176 3061 2581 3130 subtrahuntur,
2602 3062 2692 3116 sed
2716 3062 3011 3132 mutantur)
3033 3080 3046 3115 :
3065 3076 3253 3117 omnes
3279 3071 3460 3120 autem

1867 3160 2077 3217 delicia:
2115 3166 2311 3212 nostra:
2338 3157 2391 3210 in
2425 3155 2520 3209 hac
2550 3153 2676 3214 vita,
2720 3151 2957 3206 nondum
3000 3160 3126 3207 sunt
3153 3153 3205 3207 in
3237 3168 3333 3220 re;
3362 3153 3462 3214 sed

1870 3252 1984 3323 ipsa
2010 3264 2134 3320 spes
2159 3256 2264 3303 tam
2291 3254 2434 3302 certa
2461 3254 2562 3308 est,
2609 3253 2660 3297 ut
2688 3242 2932 3298 oumibus
2970 3242 3128 3313 hujus
3155 3242 3335 3298 smculi
3359 3243 3461 3301 de-

1870 3344 2006 3399 liciis
2030 3337 2390 3414 prieponenda
2420 3336 2510 3400 sit,
2537 3335 2674 3389 sicut
2702 3334 2958 3404 scriptum
2985 3344 3088 3400 εει,
3113 3333 3378 3389 Delectare
3407 3335 3465 3392 in

1872 3433 2112 3488 Domino.
2145 3432 2212 3487 Et
2238 3444 2305 3485 ne
2336 3436 2550 3498 putares
2579 3435 2631 3481 te
2655 3426 2764 3496 jam
2789 3425 2986 3482 habere
3011 3425 3151 3497 quod
3177 3427 3462 3496 promittit,

1874 3525 2098 3595 subjecit
2122 3522 2323 3587 statim,
2351 3518 2419 3574 Et
2445 3519 2583 3573 dabit
2607 3519 2694 3573 tibi
2720 3517 2982 3588 petitiones
3007 3518 3172 3573 cordis
3193 3519 3267 3573 tui
3290 3515 3461 3590 (Psal.

1875 3631 2060 3677 xxxvn,
2092 3615 2168 3684 4).
2206 3613 2263 3667 Si
2307 3626 2435 3681 ergo
2480 3610 2713 3665 nondum
2746 3608 2910 3663 habes
2956 3607 3239 3677 petitiones
3286 3607 3466 3666 cordis

1879 3708 1975 3772 tui,
2017 3704 2156 3761 unde
2184 3702 2467 3757 delectaris
2495 3701 2547 3754 in
2576 3699 2824 3765 Domino,
2870 3698 2972 3752 nisi
3015 3697 3139 3768 quia
3171 3707 3323 3755 tenes
3348 3713 3469 3756 cer-

1879 3811 1986 3857 tmn
2017 3797 2416 3869 promissorem,
2453 3794 2542 3861 qui
2586 3807 2647 3849 se
2674 3789 2846 3847 effecit
2870 3790 3232 3862 promittendo
3255 3790 3467 3848 debito-

1879 3891 2031 3950 rem?
2060 3888 2227 3960 Hujus
2252 3888 2414 3958 igitur
2437 3882 2826 3955 deprecationis
2856 3891 2914 3936 ut
2942 3889 3257 3953 permaneat
3284 3882 3469 3938 nobis-

1879 4001 1999 4043 cum
2020 3998 2146 4053 spes
2172 3990 2375 4045 nostra,
2406 3987 2459 4034 ct
2485 3975 2884 4031 iutroducamnr
2905 3975 2957 4029 in
2983 3973 3036 4029 id
3062 3973 3203 4045 quod
3225 3973 3470 4045 promisit

1883 4079 2041 4143 Deus,
2075 4074 2308 4144 loquitur
2334 4069 2516 4124 titulus
2544 4067 2699 4135 hujus
2723 4065 2911 4135 psalmi
2943 4081 2957 4118 :
2984 4063 3054 4119 In
3092 4065 3246 4134 ﬁnem
3268 4081 3330 4120 ne
3354 4080 3473 4121 cor-

1880 4183 2108 4238 rumpas.
2157 4162 2294 4232 Quid
2320 4171 2423 4227 est,
2477 4176 2540 4213 ne
2580 4155 3092 4228 corrumpas?de
3138 4152 3469 4226 promisisti,

1882 4261 2093 4317 exhibe.
2124 4255 2229 4313 Sed
2254 4248 2509 4324 quando?
2533 4248 2598 4303 In
2626 4249 2797 4316 ﬁnem.
2826 4247 2953 4302 Illuc
2978 4261 3107 4318 ergo
3127 4246 3320 4302 mentis
3345 4260 3474 4304 ocu-

1884 4354 1967 4408 lus
1986 4349 2277 4419 dirigatur;
2305 4346 2359 4398 iu
2386 4344 2537 4413 ﬁnem
2562 4356 2579 4396 :
2599 4339 2778 4394 omnia
2802 4338 2989 4408 quain
3013 4338 3092 4392 via
3116 4338 3470 4407 occurreriut,

1886 4450 2244 4506 transisautur,
2263 4447 2319 4491 ut
2333 4433 2673 4507 perveniatur
2692 4431 2742 4486 in
2760 4433 2941 4486 linem.
2962 4429 3237 4485 Exsultent
3254 4431 3474 4501 superbi

1885 4537 1952 4593 de
1998 4531 2244 4606 praesenti
2288 4528 2575 4591 felicitate;
2616 4530 2853 4578 tumeant
2900 4522 3211 4586 honoribus,
3240 4520 3477 4594 fulgeant

1885 4642 2038 4694 auro,
2083 4620 2381 4680 redundent
2409 4615 2643 4682 familiis,
2683 4613 2952 4684 obsequiis
2977 4612 3248 4669 clientium
3277 4613 3479 4671 consti.

1891 4727 2082 4789 pentur
2104 4734 2118 4770 :
2144 4717 2469 4786 praetereunt
2494 4708 2592 4762 ista
2619 4722 2635 4769 ;
2677 4713 2955 4761 transeunt
2984 4710 3232 4774 tanquam
3266 4704 3475 4761 umbra.

1889 4811 2019 4865 Cum
2044 4808 2132 4861 ille
2154 4804 2273 4859 linis
2298 4800 2523 4866 venerit,
2552 4797 2640 4852 ubi
2661 4810 2848 4852 omnes
2872 4795 2962 4866 qui
2990 4795 3150 4851 modo
3175 4795 3226 4850 iu
3252 4794 3478 4851 Domino

1889 4917 1950 4972 sp
1963 4907 2109 4958 grant
2134 4895 2423 4967 gaudeant,
2472 4900 2596 4945 tunc
2627 4888 2732 4943 illis
2762 4886 2939 4942 veniet
2965 4886 3081 4941 sine
3108 4886 3214 4942 line
3241 4885 3477 4941 tristitia.

1891 4992 2115 5060 Quando
2161 4986 2465 5057 acceperint
2507 4980 2737 5036 humiles
2779 4978 2921 5050 quod
2961 4978 3183 5035 irrident
3223 4977 3480 5049 superbi,

1896 5094 2020 5138 tunc
2043 5078 2391 5150 superborum
2420 5074 2614 5146 typhus
2632 5078 2973 5126 convertatur
3002 5068 3054 5123 in
3076 5071 3299 5124 luctum.
3331 5067 3484 5124 Tunc

1895 5176 1999 5232 erit
2022 5174 2107 5229 illa
2138 5186 2240 5227 vox
2264 5185 2422 5242 quam
2450 5168 2501 5223 in
2530 5166 2669 5222 libro
2697 5164 2984 5237 Sapientia:
3009 5164 3253 5218 novimus
3272 5180 3287 5216 :
3305 5162 3487 5217 dicent

1894 5270 2037 5324 enim
2068 5274 2193 5320 tunc
2216 5261 2457 5317 videntes
2483 5258 2705 5331 gloriam
2735 5264 3063 5320 sanctorum,
3109 5254 3200 5323 qui
3244 5267 3367 5308 eum
3398 5251 3486 5307 hic

1898 5358 2326 5419 humiliareutur,
2360 5352 2756 5414 toleraverunt;
2803 5346 2891 5418 qui
2935 5359 3054 5399 cum
3097 5344 3183 5399 hic
3228 5342 3496 5398 sublima-

1896 5462 2102 5513 remur,
2133 5462 2238 5503 non
2264 5450 2599 5507 annuerant;
2633 5450 2757 5495 tunc
2797 5451 2925 5506 ergo
2945 5435 3019 5489 illi
3041 5434 3220 5489 dicent
3245 5451 3258 5487 :
3287 5432 3356 5486 Ili
3371 5440 3488 5487 sunt

1898 5560 2025 5615 quos
2052 5537 2325 5611 aliquando
2357 5534 2620 5590 habuimus
2648 5532 2701 5585 in
2728 5531 2905 5583 risum.
2942 5525 3043 5583 Ubi
3074 5526 3235 5580 etiam
3263 5524 3488 5580 dicunt:

1839 5643 1854 5655 '
1904 5637 2040 5705 Quid
2086 5634 2229 5688 nobis
2274 5630 2464 5703 profuit
2507 5621 2781 5695 superbia?
2820 5629 2867 5674 et
2915 5619 3203 5673 divitiarum
3236 5617 3491 5688 jactantia

1901 5726 2025 5798 quid
2052 5723 2262 5779 contulit
2291 5718 2470 5776 nobis?
2494 5714 2822 5771 Transierunt
2844 5710 3012 5763 omnia
3044 5719 3285 5775 tanquam
3315 5707 3492 5761 umbra

1968 5862 1988 5894 ι
2012 5858 2146 5919 md“
2167 5855 2402 5909 αεαηάη,
2429 5859 2481 5901 At
2505 5849 2719 5911 potiores
2738 5841 3111 5911 Mss.,asrmtlal
3141 5850 3324 5895 ται-πο.
3363 5848 3492 5907 LXX,

1909 5919 2125 5976 αισθαιά
