  <div class='ocr_page' id='page_1' title='image "/cluster/home/n/w/nwhite01/storage/ocr_20150623/36/uva.x000827105/487.png"; bbox 0 0 3966 6512; ppageno 0'>
   <div class='ocr_carea' id='block_1_1' title="bbox 298 6048 341 6069">
    <p class='ocr_par' dir='ltr' id='par_1_1' title="bbox 298 6048 341 6069">
     <span class='ocr_line' id='line_1_1' title="bbox 298 6048 341 6069; baseline 0 -2"><span class='ocrx_word' id='word_1_1' title='bbox 298 6048 341 6069; x_wconf 61' lang='grc' dir='ltr'><strong>,Δ</strong></span> 
     </span>
    </p>
   </div>
   <div class='ocr_carea' id='block_1_2' title="bbox 466 6000 484 6043">
    <p class='ocr_par' dir='ltr' id='par_1_2' title="bbox 466 6000 484 6043">
     <span class='ocr_line' id='line_1_2' title="bbox 466 6000 484 6043; baseline 0 -33"><span class='ocrx_word' id='word_1_2' title='bbox 466 6000 484 6043; x_wconf 51' lang='grc' dir='ltr'>ί,</span> 
     </span>
    </p>
   </div>
   <div class='ocr_carea' id='block_1_3' title="bbox 522 486 623 543">
    <p class='ocr_par' dir='ltr' id='par_1_3' title="bbox 522 486 623 543">
     <span class='ocr_line' id='line_1_3' title="bbox 522 486 623 543; baseline -0.04 1"><span class='ocrx_word' id='word_1_3' title='bbox 522 486 623 543; x_wconf 63' lang='grc'><strong>947</strong></span> 
     </span>
    </p>
   </div>
   <div class='ocr_carea' id='block_1_4' title="bbox 524 582 2105 672">
    <p class='ocr_par' dir='ltr' id='par_1_4' title="bbox 524 582 2105 672">
     <span class='ocr_line' id='line_1_4' title="bbox 524 582 2105 672; baseline -0.004 -17"><span class='ocrx_word' id='word_1_4' title='bbox 524 600 679 672; x_wconf 84' lang='lat' dir='ltr'><strong>(Sap.</strong></span> <span class='ocrx_word' id='word_1_5' title='bbox 706 614 761 666; x_wconf 89' lang='lat' dir='ltr'><strong>v,</strong></span> <span class='ocrx_word' id='word_1_6' title='bbox 794 588 843 662; x_wconf 79' lang='lat'><strong>3,</strong></span> <span class='ocrx_word' id='word_1_7' title='bbox 873 595 924 666; x_wconf 87' lang='lat'><strong>8,</strong></span> <span class='ocrx_word' id='word_1_8' title='bbox 949 597 1025 669; x_wconf 88' lang='lat'><strong>9).</strong></span> <span class='ocrx_word' id='word_1_9' title='bbox 1050 592 1180 667; x_wconf 84' lang='lat' dir='ltr'><strong>Quia</strong></span> <span class='ocrx_word' id='word_1_10' title='bbox 1208 594 1273 652; x_wconf 87' lang='lat' dir='ltr'><strong>de</strong></span> <span class='ocrx_word' id='word_1_11' title='bbox 1294 582 1727 667; x_wconf 77' lang='lat' dir='ltr'><strong>corruptibilibus</strong></span> <span class='ocrx_word' id='word_1_12' title='bbox 1752 586 2105 666; x_wconf 67' lang='lat' dir='ltr'><strong>prmsu‘mpée-</strong></span> 
     </span>
    </p>
   </div>
   <div class='ocr_carea' id='block_1_5' title="bbox 518 686 2107 763">
    <p class='ocr_par' dir='ltr' id='par_1_5' title="bbox 518 686 2107 763">
     <span class='ocr_line' id='line_1_5' title="bbox 518 686 2107 763; baseline -0.002 -17"><span class='ocrx_word' id='word_1_13' title='bbox 518 698 666 753; x_wconf 85' lang='lat' dir='ltr'><strong>runt,</strong></span> <span class='ocrx_word' id='word_1_14' title='bbox 691 706 814 763; x_wconf 89' lang='lat' dir='ltr'><strong>spes</strong></span> <span class='ocrx_word' id='word_1_15' title='bbox 835 706 1015 745; x_wconf 88' lang='lat' dir='ltr'><strong>eorum</strong></span> <span class='ocrx_word' id='word_1_16' title='bbox 1042 686 1411 763; x_wconf 81' lang='lat' dir='ltr'><strong>corrumpetur</strong></span> <span class='ocrx_word' id='word_1_17' title='bbox 1434 707 1449 752; x_wconf 86' lang='lat'><strong>;</strong></span> <span class='ocrx_word' id='word_1_18' title='bbox 1480 696 1657 742; x_wconf 77' lang='lat' dir='ltr'><strong>nostra</strong></span> <span class='ocrx_word' id='word_1_19' title='bbox 1686 704 1811 742; x_wconf 87' lang='lat' dir='ltr'><strong>vero</strong></span> <span class='ocrx_word' id='word_1_20' title='bbox 1836 703 1958 756; x_wconf 84' lang='lat' dir='ltr'><strong>spes</strong></span> <span class='ocrx_word' id='word_1_21' title='bbox 1983 699 2107 743; x_wconf 83' lang='lat' dir='ltr'><strong>tttnc</strong></span> 
     </span>
    </p>
   </div>
   <div class='ocr_carea' id='block_1_6' title="bbox 519 770 2107 851">
    <p class='ocr_par' dir='ltr' id='par_1_6' title="bbox 519 770 2107 851">
     <span class='ocr_line' id='line_1_6' title="bbox 519 770 2107 851; baseline -0.003 -11"><span class='ocrx_word' id='word_1_22' title='bbox 519 784 623 840; x_wconf 86' lang='lat' dir='ltr'><strong>erit</strong></span> <span class='ocrx_word' id='word_1_23' title='bbox 645 799 748 838; x_wconf 90' lang='lat' dir='ltr'><strong>res.</strong></span> <span class='ocrx_word' id='word_1_24' title='bbox 779 770 1067 838; x_wconf 76' lang='lat' dir='ltr'><strong>Promissio</strong></span> <span class='ocrx_word' id='word_1_25' title='bbox 1091 780 1232 838; x_wconf 88' lang='lat' dir='ltr'><strong>enim</strong></span> <span class='ocrx_word' id='word_1_26' title='bbox 1263 774 1354 836; x_wconf 86' lang='lat' dir='ltr'><strong>Dei</strong></span> <span class='ocrx_word' id='word_1_27' title='bbox 1385 778 1440 837; x_wconf 87' lang='lat' dir='ltr'><strong>ut</strong></span> <span class='ocrx_word' id='word_1_28' title='bbox 1466 791 1674 836; x_wconf 71' lang='lat' dir='ltr'><strong>maneat</strong></span> <span class='ocrx_word' id='word_1_29' title='bbox 1706 782 1905 851; x_wconf 73' lang='lat' dir='ltr'><strong>integra</strong></span> <span class='ocrx_word' id='word_1_30' title='bbox 1937 793 1984 834; x_wconf 86' lang='lat' dir='ltr'><strong>et</strong></span> <span class='ocrx_word' id='word_1_31' title='bbox 2014 781 2107 836; x_wconf 82' lang='lat' dir='ltr'><strong>lir-</strong></span> 
     </span>
    </p>
   </div>
   <div class='ocr_carea' id='block_1_7' title="bbox 517 871 2107 949">
    <p class='ocr_par' dir='ltr' id='par_1_7' title="bbox 517 871 2107 949">
     <span class='ocr_line' id='line_1_7' title="bbox 517 871 2107 949; baseline -0.007 -11"><span class='ocrx_word' id='word_1_32' title='bbox 517 895 605 938; x_wconf 84' lang='lat' dir='ltr'><strong>ma</strong></span> <span class='ocrx_word' id='word_1_33' title='bbox 635 889 687 933; x_wconf 89' lang='lat' dir='ltr'><strong>et</strong></span> <span class='ocrx_word' id='word_1_34' title='bbox 730 886 874 934; x_wconf 87' lang='lat' dir='ltr'><strong>certa</strong></span> <span class='ocrx_word' id='word_1_35' title='bbox 917 892 1039 949; x_wconf 85' lang='lat' dir='ltr'><strong>erga</strong></span> <span class='ocrx_word' id='word_1_36' title='bbox 1088 892 1207 940; x_wconf 82' lang='lat' dir='ltr'><strong>nos,</strong></span> <span class='ocrx_word' id='word_1_37' title='bbox 1255 876 1484 931; x_wconf 84' lang='lat' dir='ltr'><strong>diximus</strong></span> <span class='ocrx_word' id='word_1_38' title='bbox 1521 893 1585 930; x_wconf 79' lang='lat' dir='ltr'><strong>ex</strong></span> <span class='ocrx_word' id='word_1_39' title='bbox 1616 874 1776 930; x_wconf 87' lang='lat' dir='ltr'><strong>corde</strong></span> <span class='ocrx_word' id='word_1_40' title='bbox 1810 876 1823 906; x_wconf 87' lang='grc'>¹</span> <span class='ocrx_word' id='word_1_41' title='bbox 1867 875 2007 938; x_wconf 75' lang='lat' dir='ltr'><strong>lidri,</strong></span> <span class='ocrx_word' id='word_1_42' title='bbox 2039 871 2107 928; x_wconf 87' lang='lat' dir='ltr'><strong>In</strong></span> 
     </span>
    </p>
   </div>
   <div class='ocr_carea' id='block_1_8' title="bbox 516 962 2110 1039">
    <p class='ocr_par' dir='ltr' id='par_1_8' title="bbox 516 962 2110 1039">
     <span class='ocr_line' id='line_1_8' title="bbox 516 962 2110 1039; baseline -0.001 -16"><span class='ocrx_word' id='word_1_43' title='bbox 516 972 690 1039; x_wconf 81' lang='lat' dir='ltr'><strong>ﬁnem,</strong></span> <span class='ocrx_word' id='word_1_44' title='bbox 719 985 783 1024; x_wconf 85' lang='lat' dir='ltr'><strong>nc</strong></span> <span class='ocrx_word' id='word_1_45' title='bbox 818 984 1134 1038; x_wconf 79' lang='lat' dir='ltr'><strong>corrumpas.</strong></span> <span class='ocrx_word' id='word_1_46' title='bbox 1172 962 1289 1023; x_wconf 86' lang='lat' dir='ltr'><strong>Noli</strong></span> <span class='ocrx_word' id='word_1_47' title='bbox 1319 982 1446 1036; x_wconf 83' lang='lat' dir='ltr'><strong>ergo</strong></span> <span class='ocrx_word' id='word_1_48' title='bbox 1473 968 1658 1022; x_wconf 79' lang='lat' dir='ltr'><strong>limere</strong></span> <span class='ocrx_word' id='word_1_49' title='bbox 1687 984 1753 1021; x_wconf 87' lang='lat' dir='ltr'><strong>tte</strong></span> <span class='ocrx_word' id='word_1_50' title='bbox 1799 965 2110 1035; x_wconf 87' lang='lat' dir='ltr'><strong>promissio-</strong></span> 
     </span>
    </p>
   </div>
   <div class='ocr_carea' id='block_1_9' title="bbox 514 1058 2105 1131">
    <p class='ocr_par' dir='ltr' id='par_1_9' title="bbox 514 1058 2105 1131">
     <span class='ocr_line' id='line_1_9' title="bbox 514 1058 2105 1131; baseline -0.003 -12"><span class='ocrx_word' id='word_1_51' title='bbox 514 1078 612 1119; x_wconf 86' lang='lat' dir='ltr'><strong>nes</strong></span> <span class='ocrx_word' id='word_1_52' title='bbox 640 1062 737 1119; x_wconf 97' lang='lat' dir='ltr'><strong>Dei</strong></span> <span class='ocrx_word' id='word_1_53' title='bbox 778 1069 1087 1128; x_wconf 89' lang='lat' dir='ltr'><strong>corrumpat</strong></span> <span class='ocrx_word' id='word_1_54' title='bbox 1116 1061 1303 1130; x_wconf 83' lang='lat' dir='ltr'><strong>al&#39;quis</strong></span> <span class='ocrx_word' id='word_1_55' title='bbox 1330 1063 1643 1131; x_wconf 81' lang='lat' dir='ltr'><strong>potentium.</strong></span> <span class='ocrx_word' id='word_1_56' title='bbox 1689 1058 1806 1128; x_wconf 86' lang='lat' dir='ltr'><strong>Ipse</strong></span> <span class='ocrx_word' id='word_1_57' title='bbox 1847 1075 1950 1113; x_wconf 90' lang='lat' dir='ltr'><strong>non</strong></span> <span class='ocrx_word' id='word_1_58' title='bbox 1981 1074 2105 1114; x_wconf 85' lang='lat' dir='ltr'><strong>cor-</strong></span> 
     </span>
    </p>
   </div>
   <div class='ocr_carea' id='block_1_10' title="bbox 514 1150 2109 1226">
    <p class='ocr_par' dir='ltr' id='par_1_10' title="bbox 514 1150 2109 1226">
     <span class='ocr_line' id='line_1_10' title="bbox 514 1150 2109 1226; baseline -0.003 -17"><span class='ocrx_word' id='word_1_59' title='bbox 514 1154 735 1226; x_wconf 96' lang='lat' dir='ltr'><strong>rumpit,</strong></span> <span class='ocrx_word' id='word_1_60' title='bbox 763 1153 883 1224; x_wconf 83' lang='lat' dir='ltr'><strong>quia</strong></span> <span class='ocrx_word' id='word_1_61' title='bbox 914 1166 1075 1206; x_wconf 79' lang='lat' dir='ltr'><strong>verax</strong></span> <span class='ocrx_word' id='word_1_62' title='bbox 1102 1160 1221 1211; x_wconf 87' lang='lat' dir='ltr'><strong>est;</strong></span> <span class='ocrx_word' id='word_1_63' title='bbox 1253 1152 1601 1222; x_wconf 84' lang='lat' dir='ltr'><strong>potentiorem</strong></span> <span class='ocrx_word' id='word_1_64' title='bbox 1634 1165 1740 1206; x_wconf 85' lang='lat' dir='ltr'><strong>non</strong></span> <span class='ocrx_word' id='word_1_65' title='bbox 1769 1150 1977 1206; x_wconf 84' lang='lat' dir='ltr'><strong>haheta</strong></span> <span class='ocrx_word' id='word_1_66' title='bbox 2002 1164 2109 1221; x_wconf 86' lang='lat' dir='ltr'><strong>quo</strong></span> 
     </span>
    </p>
   </div>
   <div class='ocr_carea' id='block_1_11' title="bbox 516 1242 2109 1317">
    <p class='ocr_par' dir='ltr' id='par_1_11' title="bbox 516 1242 2109 1317">
     <span class='ocr_line' id='line_1_11' title="bbox 516 1242 2109 1317; baseline -0.001 -18"><span class='ocrx_word' id='word_1_67' title='bbox 516 1245 631 1316; x_wconf 86' lang='lat' dir='ltr'><strong>ejus</strong></span> <span class='ocrx_word' id='word_1_68' title='bbox 682 1245 966 1317; x_wconf 82' lang='lat' dir='ltr'><strong>promissio</strong></span> <span class='ocrx_word' id='word_1_69' title='bbox 1020 1254 1434 1312; x_wconf 81' lang='lat' dir='ltr'><strong>corrumpatur:</strong></span> <span class='ocrx_word' id='word_1_70' title='bbox 1466 1244 1599 1300; x_wconf 79' lang='lat' dir='ltr'><strong>certi</strong></span> <span class='ocrx_word' id='word_1_71' title='bbox 1650 1246 1778 1313; x_wconf 78' lang='lat' dir='ltr'><strong>ergo</strong></span> <span class='ocrx_word' id='word_1_72' title='bbox 1826 1245 1991 1297; x_wconf 85' lang='lat' dir='ltr'><strong>simus</strong></span> <span class='ocrx_word' id='word_1_73' title='bbox 2042 1242 2109 1298; x_wconf 89' lang='lat' dir='ltr'><strong>de</strong></span> 
     </span>
    </p>
   </div>
   <div class='ocr_carea' id='block_1_12' title="bbox 514 1334 2102 1407">
    <p class='ocr_par' dir='ltr' id='par_1_12' title="bbox 514 1334 2102 1407">
     <span class='ocr_line' id='line_1_12' title="bbox 514 1334 2102 1407; baseline -0.002 -15"><span class='ocrx_word' id='word_1_74' title='bbox 514 1337 795 1407; x_wconf 81' lang='lat' dir='ltr'><strong>promissis</strong></span> <span class='ocrx_word' id='word_1_75' title='bbox 815 1338 906 1392; x_wconf 89' lang='lat' dir='ltr'><strong>Dei</strong></span> <span class='ocrx_word' id='word_1_76' title='bbox 928 1355 944 1402; x_wconf 82' lang='grc'>;</span> <span class='ocrx_word' id='word_1_77' title='bbox 974 1345 1028 1391; x_wconf 88' lang='lat' dir='ltr'><strong>et</strong></span> <span class='ocrx_word' id='word_1_78' title='bbox 1042 1343 1320 1392; x_wconf 74' lang='lat' dir='ltr'><strong>cantemus</strong></span> <span class='ocrx_word' id='word_1_79' title='bbox 1331 1336 1464 1403; x_wconf 87' lang='lat' dir='ltr'><strong>jam,</strong></span> <span class='ocrx_word' id='word_1_80' title='bbox 1482 1335 1620 1389; x_wconf 87' lang='lat' dir='ltr'><strong>unde</strong></span> <span class='ocrx_word' id='word_1_81' title='bbox 1643 1336 1823 1405; x_wconf 82' lang='lat' dir='ltr'><strong>Incipit</strong></span> <span class='ocrx_word' id='word_1_82' title='bbox 1843 1334 2102 1389; x_wconf 85' lang='lat' dir='ltr'><strong>Psalmns.</strong></span> 
     </span>
    </p>
   </div>
   <div class='ocr_carea' id='block_1_13' title="bbox 587 1426 2110 1501">
    <p class='ocr_par' dir='ltr' id='par_1_13' title="bbox 587 1426 2110 1501">
     <span class='ocr_line' id='line_1_13' title="bbox 587 1426 2110 1501; baseline 0 -18"><span class='ocrx_word' id='word_1_83' title='bbox 587 1428 644 1483; x_wconf 74' lang='lat'><strong>2.</strong></span> <span class='ocrx_word' id='word_1_84' title='bbox 691 1427 839 1501; x_wconf 64' lang='lat' dir='ltr'><strong>[rem</strong></span> <span class='ocrx_word' id='word_1_85' title='bbox 879 1427 960 1501; x_wconf 74' lang='lat'><strong>2.]</strong></span> <span class='ocrx_word' id='word_1_86' title='bbox 1002 1426 1364 1495; x_wconf 77' lang='lat' dir='ltr'><strong>Conﬁtebimur</strong></span> <span class='ocrx_word' id='word_1_87' title='bbox 1390 1427 1509 1490; x_wconf 85' lang='lat' dir='ltr'><strong>tibi,</strong></span> <span class='ocrx_word' id='word_1_88' title='bbox 1546 1427 1710 1493; x_wconf 72' lang='lat' dir='ltr'><strong>Dem,</strong></span> <span class='ocrx_word' id='word_1_89' title='bbox 1756 1427 2110 1497; x_wconf 69' lang='lat' dir='ltr'><strong>conﬁtebimur</strong></span> 
     </span>
    </p>
   </div>
   <div class='ocr_carea' id='block_1_14' title="bbox 522 1512 2110 1590">
    <p class='ocr_par' dir='ltr' id='par_1_14' title="bbox 522 1512 2110 1590">
     <span class='ocr_line' id='line_1_14' title="bbox 522 1512 2110 1590; baseline 0.002 -15"><span class='ocrx_word' id='word_1_90' title='bbox 522 1521 634 1589; x_wconf 85' lang='lat' dir='ltr'><strong>tibi,</strong></span> <span class='ocrx_word' id='word_1_91' title='bbox 665 1530 708 1575; x_wconf 84' lang='lat' dir='ltr'><strong>et</strong></span> <span class='ocrx_word' id='word_1_92' title='bbox 734 1520 1071 1575; x_wconf 81' lang='lat' dir='ltr'><strong>inrocabimtts</strong></span> <span class='ocrx_word' id='word_1_93' title='bbox 1097 1537 1275 1575; x_wconf 80' lang='lat' dir='ltr'><strong>nomen</strong></span> <span class='ocrx_word' id='word_1_94' title='bbox 1306 1516 1462 1574; x_wconf 78' lang='lat' dir='ltr'><strong>tuum.</strong></span> <span class='ocrx_word' id='word_1_95' title='bbox 1526 1512 1641 1575; x_wconf 66' lang='lat' dir='ltr'><strong>Noli</strong></span> <span class='ocrx_word' id='word_1_96' title='bbox 1668 1530 1951 1590; x_wconf 81' lang='lat' dir='ltr'><strong>antequam</strong></span> <span class='ocrx_word' id='word_1_97' title='bbox 1980 1537 2110 1578; x_wconf 89' lang='lat' dir='ltr'><strong>con-</strong></span> 
     </span>
    </p>
   </div>
   <div class='ocr_carea' id='block_1_15' title="bbox 521 1606 2108 1684">
    <p class='ocr_par' dir='ltr' id='par_1_15' title="bbox 521 1606 2108 1684">
     <span class='ocr_line' id='line_1_15' title="bbox 521 1606 2108 1684; baseline 0.001 -18"><span class='ocrx_word' id='word_1_98' title='bbox 521 1611 730 1666; x_wconf 82' lang='lat' dir='ltr'><strong>ﬁtearis</strong></span> <span class='ocrx_word' id='word_1_99' title='bbox 758 1611 1043 1677; x_wconf 84' lang='lat' dir='ltr'><strong>invocare;</strong></span> <span class='ocrx_word' id='word_1_100' title='bbox 1075 1609 1346 1678; x_wconf 79' lang='lat' dir='ltr'><strong>conﬁtere,</strong></span> <span class='ocrx_word' id='word_1_101' title='bbox 1379 1612 1432 1665; x_wconf 88' lang='lat' dir='ltr'><strong>et</strong></span> <span class='ocrx_word' id='word_1_102' title='bbox 1476 1606 1680 1666; x_wconf 79' lang='lat' dir='ltr'><strong>invoca.</strong></span> <span class='ocrx_word' id='word_1_103' title='bbox 1734 1610 1882 1665; x_wconf 87' lang='lat' dir='ltr'><strong>llimn</strong></span> <span class='ocrx_word' id='word_1_104' title='bbox 1914 1614 2108 1684; x_wconf 80' lang='lat' dir='ltr'><strong>quippe</strong></span> 
     </span>
    </p>
   </div>
   <div class='ocr_carea' id='block_1_16' title="bbox 519 1696 2105 1772">
    <p class='ocr_par' dir='ltr' id='par_1_16' title="bbox 519 1696 2105 1772">
     <span class='ocr_line' id='line_1_16' title="bbox 519 1696 2105 1772; baseline 0.003 -17"><span class='ocrx_word' id='word_1_105' title='bbox 519 1714 679 1772; x_wconf 89' lang='lat' dir='ltr'><strong>quem</strong></span> <span class='ocrx_word' id='word_1_106' title='bbox 710 1702 949 1768; x_wconf 79' lang='lat' dir='ltr'><strong>invocas,</strong></span> <span class='ocrx_word' id='word_1_107' title='bbox 982 1701 1033 1755; x_wconf 80' lang='lat' dir='ltr'><strong>in</strong></span> <span class='ocrx_word' id='word_1_108' title='bbox 1065 1706 1115 1756; x_wconf 89' lang='lat' dir='ltr'><strong>tc</strong></span> <span class='ocrx_word' id='word_1_109' title='bbox 1143 1712 1317 1755; x_wconf 84' lang='lat' dir='ltr'><strong>vacas.</strong></span> <span class='ocrx_word' id='word_1_110' title='bbox 1362 1696 1499 1768; x_wconf 87' lang='lat' dir='ltr'><strong>Quid</strong></span> <span class='ocrx_word' id='word_1_111' title='bbox 1524 1706 1605 1755; x_wconf 72' lang='lat' dir='ltr'><strong>est</strong></span> <span class='ocrx_word' id='word_1_112' title='bbox 1632 1700 1775 1756; x_wconf 80' lang='lat' dir='ltr'><strong>enim</strong></span> <span class='ocrx_word' id='word_1_113' title='bbox 1809 1703 2056 1759; x_wconf 80' lang='lat' dir='ltr'><strong>invocare</strong></span> <span class='ocrx_word' id='word_1_114' title='bbox 2087 1747 2105 1772; x_wconf 93' lang='lat'><strong>,</strong></span> 
     </span>
    </p>
   </div>
   <div class='ocr_carea' id='block_1_17' title="bbox 519 1792 2106 1865">
    <p class='ocr_par' dir='ltr' id='par_1_17' title="bbox 519 1792 2106 1865">
     <span class='ocr_line' id='line_1_17' title="bbox 519 1792 2106 1865; baseline 0.004 -17"><span class='ocrx_word' id='word_1_115' title='bbox 519 1794 619 1849; x_wconf 87' lang='lat' dir='ltr'><strong>nisi</strong></span> <span class='ocrx_word' id='word_1_116' title='bbox 650 1797 700 1849; x_wconf 87' lang='lat' dir='ltr'><strong>in</strong></span> <span class='ocrx_word' id='word_1_117' title='bbox 733 1794 958 1865; x_wconf 85' lang='lat' dir='ltr'><strong>teipsum</strong></span> <span class='ocrx_word' id='word_1_118' title='bbox 998 1794 1228 1850; x_wconf 75' lang='lat' dir='ltr'><strong>vocare?</strong></span> <span class='ocrx_word' id='word_1_119' title='bbox 1254 1794 1311 1850; x_wconf 86' lang='lat' dir='ltr'><strong>Si</strong></span> <span class='ocrx_word' id='word_1_120' title='bbox 1360 1796 1633 1849; x_wconf 74' lang='lat' dir='ltr'><strong>invocatur</strong></span> <span class='ocrx_word' id='word_1_121' title='bbox 1656 1812 1687 1850; x_wconf 90' lang='lat' dir='ltr'><strong>a</strong></span> <span class='ocrx_word' id='word_1_122' title='bbox 1729 1804 1800 1862; x_wconf 76' lang='lat' dir='ltr'><strong>te,</strong></span> <span class='ocrx_word' id='word_1_123' title='bbox 1836 1792 1886 1850; x_wconf 88' lang='lat' dir='ltr'><strong>id</strong></span> <span class='ocrx_word' id='word_1_124' title='bbox 1928 1809 2033 1864; x_wconf 81' lang='lat' dir='ltr'><strong>est,</strong></span> <span class='ocrx_word' id='word_1_125' title='bbox 2061 1801 2106 1854; x_wconf 86' lang='lat' dir='ltr'><strong>si</strong></span> 
     </span>
    </p>
   </div>
   <div class='ocr_carea' id='block_1_18' title="bbox 519 1878 2105 1956">
    <p class='ocr_par' dir='ltr' id='par_1_18' title="bbox 519 1878 2105 1956">
     <span class='ocr_line' id='line_1_18' title="bbox 519 1878 2105 1956; baseline 0.003 -15"><span class='ocrx_word' id='word_1_126' title='bbox 519 1890 735 1941; x_wconf 80' lang='lat' dir='ltr'><strong>Vocatur</strong></span> <span class='ocrx_word' id='word_1_127' title='bbox 764 1886 815 1940; x_wconf 86' lang='lat' dir='ltr'><strong>in</strong></span> <span class='ocrx_word' id='word_1_128' title='bbox 863 1886 934 1952; x_wconf 90' lang='lat' dir='ltr'><strong>le,</strong></span> <span class='ocrx_word' id='word_1_129' title='bbox 967 1878 1033 1940; x_wconf 76' lang='lat' dir='ltr'><strong>ad</strong></span> <span class='ocrx_word' id='word_1_130' title='bbox 1063 1892 1221 1956; x_wconf 82' lang='lat' dir='ltr'><strong>quem</strong></span> <span class='ocrx_word' id='word_1_131' title='bbox 1270 1886 1512 1941; x_wconf 76' lang='lat' dir='ltr'><strong>accedit?</strong></span> <span class='ocrx_word' id='word_1_132' title='bbox 1556 1885 1637 1941; x_wconf 67' lang='lat' dir='ltr'><strong>Ad</strong></span> <span class='ocrx_word' id='word_1_133' title='bbox 1662 1890 1949 1956; x_wconf 70' lang='lat' dir='ltr'><strong>Superbam</strong></span> <span class='ocrx_word' id='word_1_134' title='bbox 2002 1905 2105 1945; x_wconf 85' lang='lat' dir='ltr'><strong>non</strong></span> 
     </span>
    </p>
   </div>
   <div class='ocr_carea' id='block_1_19' title="bbox 518 1976 2104 2050">
    <p class='ocr_par' dir='ltr' id='par_1_19' title="bbox 518 1976 2104 2050">
     <span class='ocr_line' id='line_1_19' title="bbox 518 1976 2104 2050; baseline 0.005 -19"><span class='ocrx_word' id='word_1_135' title='bbox 518 1977 738 2031; x_wconf 77' lang='lat' dir='ltr'><strong>accedit.</strong></span> <span class='ocrx_word' id='word_1_136' title='bbox 794 1976 948 2032; x_wconf 74' lang='lat' dir='ltr'><strong>Cet-te</strong></span> <span class='ocrx_word' id='word_1_137' title='bbox 985 1977 1123 2032; x_wconf 78' lang='lat' dir='ltr'><strong>altus</strong></span> <span class='ocrx_word' id='word_1_138' title='bbox 1173 1982 1291 2043; x_wconf 80' lang='lat' dir='ltr'><strong>est;</strong></span> <span class='ocrx_word' id='word_1_139' title='bbox 1340 1980 1446 2032; x_wconf 77' lang='lat' dir='ltr'><strong>non</strong></span> <span class='ocrx_word' id='word_1_140' title='bbox 1490 1990 1609 2033; x_wconf 89' lang='lat' dir='ltr'><strong>cum</strong></span> <span class='ocrx_word' id='word_1_141' title='bbox 1654 1980 1863 2050; x_wconf 81' lang='lat' dir='ltr'><strong>attingit</strong></span> <span class='ocrx_word' id='word_1_142' title='bbox 1912 1981 2104 2040; x_wconf 84' lang='lat' dir='ltr'><strong>elatus.</strong></span> 
     </span>
    </p>
   </div>
   <div class='ocr_carea' id='block_1_20' title="bbox 522 2062 2106 2144">
    <p class='ocr_par' dir='ltr' id='par_1_20' title="bbox 522 2062 2106 2144">
     <span class='ocr_line' id='line_1_20' title="bbox 522 2062 2106 2144; baseline 0.006 -19"><span class='ocrx_word' id='word_1_143' title='bbox 522 2070 711 2125; x_wconf 88' lang='lat' dir='ltr'><strong>Omnia</strong></span> <span class='ocrx_word' id='word_1_144' title='bbox 744 2070 986 2125; x_wconf 78' lang='lat' dir='ltr'><strong>sublimia</strong></span> <span class='ocrx_word' id='word_1_145' title='bbox 1016 2081 1071 2126; x_wconf 89' lang='lat' dir='ltr'><strong>ut</strong></span> <span class='ocrx_word' id='word_1_146' title='bbox 1099 2073 1485 2144; x_wconf 78' lang='lat' dir='ltr'><strong>contingamus,</strong></span> <span class='ocrx_word' id='word_1_147' title='bbox 1517 2062 1803 2130; x_wconf 80' lang='lat' dir='ltr'><strong>attollimus</strong></span> <span class='ocrx_word' id='word_1_148' title='bbox 1823 2092 1918 2131; x_wconf 79' lang='lat' dir='ltr'><strong>nos</strong></span> <span class='ocrx_word' id='word_1_149' title='bbox 1940 2093 1957 2143; x_wconf 89' lang='lat'><strong>;</strong></span> <span class='ocrx_word' id='word_1_150' title='bbox 1982 2086 2038 2132; x_wconf 86' lang='lat' dir='ltr'><strong>et</strong></span> <span class='ocrx_word' id='word_1_151' title='bbox 2059 2076 2106 2135; x_wconf 85' lang='lat' dir='ltr'><strong>si</strong></span> 
     </span>
    </p>
   </div>
   <div class='ocr_carea' id='block_1_21' title="bbox 519 2162 2105 2239">
    <p class='ocr_par' dir='ltr' id='par_1_21' title="bbox 519 2162 2105 2239">
     <span class='ocr_line' id='line_1_21' title="bbox 519 2162 2105 2239; baseline 0.007 -24"><span class='ocrx_word' id='word_1_152' title='bbox 519 2162 779 2232; x_wconf 85' lang='lat' dir='ltr'><strong>attingere</strong></span> <span class='ocrx_word' id='word_1_153' title='bbox 827 2178 929 2216; x_wconf 88' lang='lat' dir='ltr'><strong>non</strong></span> <span class='ocrx_word' id='word_1_154' title='bbox 981 2178 1281 2233; x_wconf 85' lang='lat' dir='ltr'><strong>possumus,</strong></span> <span class='ocrx_word' id='word_1_155' title='bbox 1335 2163 1756 2220; x_wconf 85' lang='lat' dir='ltr'><strong>machinamenta</strong></span> <span class='ocrx_word' id='word_1_156' title='bbox 1800 2167 1975 2239; x_wconf 86' lang='lat' dir='ltr'><strong>aliqua</strong></span> <span class='ocrx_word' id='word_1_157' title='bbox 2022 2170 2105 2227; x_wconf 87' lang='lat' dir='ltr'><strong>vel</strong></span> 
     </span>
    </p>
   </div>
   <div class='ocr_carea' id='block_1_22' title="bbox 522 2254 2103 2331">
    <p class='ocr_par' dir='ltr' id='par_1_22' title="bbox 522 2254 2103 2331">
     <span class='ocr_line' id='line_1_22' title="bbox 522 2254 2103 2331; baseline 0.006 -21"><span class='ocrx_word' id='word_1_158' title='bbox 522 2255 694 2310; x_wconf 82' lang='lat' dir='ltr'><strong>scalas</strong></span> <span class='ocrx_word' id='word_1_159' title='bbox 719 2257 1027 2326; x_wconf 71' lang='lat' dir='ltr'><strong>qnzerimus,</strong></span> <span class='ocrx_word' id='word_1_160' title='bbox 1066 2264 1123 2311; x_wconf 93' lang='lat' dir='ltr'><strong>ut</strong></span> <span class='ocrx_word' id='word_1_161' title='bbox 1164 2254 1429 2313; x_wconf 88' lang='lat' dir='ltr'><strong>sublimati</strong></span> <span class='ocrx_word' id='word_1_162' title='bbox 1451 2259 1564 2313; x_wconf 90' lang='lat' dir='ltr'><strong>subl</strong></span> <span class='ocrx_word' id='word_1_163' title='bbox 1591 2260 1692 2312; x_wconf 91' lang='lat' dir='ltr'><strong>mia</strong></span> <span class='ocrx_word' id='word_1_164' title='bbox 1718 2263 2103 2331; x_wconf 78' lang='lat' dir='ltr'><strong>rontingamos:</strong></span> 
     </span>
    </p>
   </div>
   <div class='ocr_carea' id='block_1_23' title="bbox 520 2348 2104 2424">
    <p class='ocr_par' dir='ltr' id='par_1_23' title="bbox 520 2348 2104 2424">
     <span class='ocr_line' id='line_1_23' title="bbox 520 2348 2104 2424; baseline 0.006 -21"><span class='ocrx_word' id='word_1_165' title='bbox 520 2355 704 2403; x_wconf 88' lang='lat' dir='ltr'><strong>contra</strong></span> <span class='ocrx_word' id='word_1_166' title='bbox 739 2348 912 2414; x_wconf 80' lang='lat' dir='ltr'><strong>Dens;</strong></span> <span class='ocrx_word' id='word_1_167' title='bbox 944 2359 995 2404; x_wconf 92' lang='lat' dir='ltr'><strong>et</strong></span> <span class='ocrx_word' id='word_1_168' title='bbox 1028 2349 1166 2404; x_wconf 87' lang='lat' dir='ltr'><strong>altus</strong></span> <span class='ocrx_word' id='word_1_169' title='bbox 1191 2356 1293 2416; x_wconf 86' lang='lat' dir='ltr'><strong>est,</strong></span> <span class='ocrx_word' id='word_1_170' title='bbox 1325 2360 1378 2405; x_wconf 89' lang='lat' dir='ltr'><strong>et</strong></span> <span class='ocrx_word' id='word_1_171' title='bbox 1420 2348 1488 2405; x_wconf 88' lang='lat' dir='ltr'><strong>ab</strong></span> <span class='ocrx_word' id='word_1_172' title='bbox 1534 2350 1817 2407; x_wconf 82' lang='lat' dir='ltr'><strong>humilibus</strong></span> <span class='ocrx_word' id='word_1_173' title='bbox 1843 2357 2104 2424; x_wconf 77' lang='lat' dir='ltr'><strong>contingi-</strong></span> 
     </span>
    </p>
   </div>
   <div class='ocr_carea' id='block_1_24' title="bbox 522 2438 2108 2516">
    <p class='ocr_par' dir='ltr' id='par_1_24' title="bbox 522 2438 2108 2516">
     <span class='ocr_line' id='line_1_24' title="bbox 522 2438 2108 2516; baseline 0.006 -23"><span class='ocrx_word' id='word_1_174' title='bbox 522 2449 625 2494; x_wconf 91' lang='lat' dir='ltr'><strong>tur.</strong></span> <span class='ocrx_word' id='word_1_175' title='bbox 660 2438 924 2510; x_wconf 85' lang='lat' dir='ltr'><strong>Scriptum</strong></span> <span class='ocrx_word' id='word_1_176' title='bbox 955 2450 1056 2507; x_wconf 86' lang='lat' dir='ltr'><strong>est,</strong></span> <span class='ocrx_word' id='word_1_177' title='bbox 1092 2438 1262 2509; x_wconf 85' lang='lat' dir='ltr'><strong>Prape</strong></span> <span class='ocrx_word' id='word_1_178' title='bbox 1290 2450 1360 2495; x_wconf 87' lang='lat' dir='ltr'><strong>est</strong></span> <span class='ocrx_word' id='word_1_179' title='bbox 1389 2440 1638 2497; x_wconf 81' lang='lat' dir='ltr'><strong>Dominus</strong></span> <span class='ocrx_word' id='word_1_180' title='bbox 1664 2443 1742 2498; x_wconf 83' lang='lat' dir='ltr'><strong>Itis</strong></span> <span class='ocrx_word' id='word_1_181' title='bbox 1773 2446 1861 2516; x_wconf 81' lang='lat' dir='ltr'><strong>qui</strong></span> <span class='ocrx_word' id='word_1_182' title='bbox 1897 2446 2108 2503; x_wconf 73' lang='lat' dir='ltr'><strong>obtrive-</strong></span> 
     </span>
    </p>
   </div>
   <div class='ocr_carea' id='block_1_25' title="bbox 520 2528 2107 2604">
    <p class='ocr_par' dir='ltr' id='par_1_25' title="bbox 520 2528 2107 2604">
     <span class='ocr_line' id='line_1_25' title="bbox 520 2528 2107 2604; baseline 0.007 -22"><span class='ocrx_word' id='word_1_183' title='bbox 520 2538 640 2582; x_wconf 83' lang='lat' dir='ltr'><strong>runt</strong></span> <span class='ocrx_word' id='word_1_184' title='bbox 662 2544 749 2583; x_wconf 88' lang='lat' dir='ltr'><strong>cor</strong></span> <span class='ocrx_word' id='word_1_185' title='bbox 772 2528 944 2597; x_wconf 82' lang='lat' dir='ltr'><strong>(I’sal.</strong></span> <span class='ocrx_word' id='word_1_186' title='bbox 972 2536 1163 2596; x_wconf 64' lang='lat' dir='ltr'><strong>ixxm,</strong></span> <span class='ocrx_word' id='word_1_187' title='bbox 1186 2530 1273 2590; x_wconf 74' lang='lat' dir='ltr'><strong>l9)</strong></span> <span class='ocrx_word' id='word_1_188' title='bbox 1307 2547 1320 2584; x_wconf 93' lang='lat'>:</span> <span class='ocrx_word' id='word_1_189' title='bbox 1350 2531 1532 2586; x_wconf 75' lang='lat' dir='ltr'><strong>tritura</strong></span> <span class='ocrx_word' id='word_1_190' title='bbox 1558 2534 1754 2593; x_wconf 82' lang='lat' dir='ltr'><strong>cordis.</strong></span> <span class='ocrx_word' id='word_1_191' title='bbox 1787 2535 1975 2604; x_wconf 80' lang='lat' dir='ltr'><strong>pietas.</strong></span> <span class='ocrx_word' id='word_1_192' title='bbox 2004 2534 2107 2593; x_wconf 78' lang='lat' dir='ltr'><strong>bu—</strong></span> 
     </span>
    </p>
   </div>
   <div class='ocr_carea' id='block_1_26' title="bbox 523 2616 2109 2689">
    <p class='ocr_par' dir='ltr' id='par_1_26' title="bbox 523 2616 2109 2689">
     <span class='ocr_line' id='line_1_26' title="bbox 523 2616 2109 2689; baseline 0.008 -15"><span class='ocrx_word' id='word_1_193' title='bbox 523 2618 737 2674; x_wconf 87' lang='lat' dir='ltr'><strong>militas.</strong></span> <span class='ocrx_word' id='word_1_194' title='bbox 778 2616 879 2689; x_wconf 86' lang='lat' dir='ltr'><strong>Qui</strong></span> <span class='ocrx_word' id='word_1_195' title='bbox 933 2636 992 2676; x_wconf 89' lang='lat' dir='ltr'><strong>se</strong></span> <span class='ocrx_word' id='word_1_196' title='bbox 1040 2622 1303 2689; x_wconf 87' lang='lat' dir='ltr'><strong>conterit,</strong></span> <span class='ocrx_word' id='word_1_197' title='bbox 1350 2621 1594 2677; x_wconf 72' lang='lat' dir='ltr'><strong>irascitur</strong></span> <span class='ocrx_word' id='word_1_198' title='bbox 1638 2624 1868 2681; x_wconf 72' lang='lat' dir='ltr'><strong>sihi:8e</strong></span> <span class='ocrx_word' id='word_1_199' title='bbox 1917 2620 2109 2687; x_wconf 80' lang='lat' dir='ltr'><strong>habeat</strong></span> 
     </span>
    </p>
   </div>
   <div class='ocr_carea' id='block_1_27' title="bbox 523 2712 2108 2791">
    <p class='ocr_par' dir='ltr' id='par_1_27' title="bbox 523 2712 2108 2791">
     <span class='ocr_line' id='line_1_27' title="bbox 523 2712 2108 2791; baseline 0.008 -25"><span class='ocrx_word' id='word_1_200' title='bbox 523 2712 735 2779; x_wconf 86' lang='lat' dir='ltr'><strong>iratum,</strong></span> <span class='ocrx_word' id='word_1_201' title='bbox 770 2720 825 2767; x_wconf 91' lang='lat' dir='ltr'><strong>ut</strong></span> <span class='ocrx_word' id='word_1_202' title='bbox 870 2712 1016 2768; x_wconf 89' lang='lat' dir='ltr'><strong>illum</strong></span> <span class='ocrx_word' id='word_1_203' title='bbox 1049 2713 1240 2769; x_wconf 84' lang='lat' dir='ltr'><strong>habeat</strong></span> <span class='ocrx_word' id='word_1_204' title='bbox 1289 2714 1609 2784; x_wconf 73' lang='lat' dir='ltr'><strong>proltitittm;</strong></span> <span class='ocrx_word' id='word_1_205' title='bbox 1644 2730 1702 2773; x_wconf 87' lang='lat' dir='ltr'><strong>se</strong></span> <span class='ocrx_word' id='word_1_206' title='bbox 1750 2717 2108 2791; x_wconf 56' lang='lat' dir='ltr'><strong>habeatjudh</strong></span> 
     </span>
    </p>
   </div>
   <div class='ocr_carea' id='block_1_28' title="bbox 522 2802 2107 2879">
    <p class='ocr_par' dir='ltr' id='par_1_28' title="bbox 522 2802 2107 2879">
     <span class='ocr_line' id='line_1_28' title="bbox 522 2802 2107 2879; baseline 0.009 -21"><span class='ocrx_word' id='word_1_207' title='bbox 522 2817 662 2873; x_wconf 90' lang='lat' dir='ltr'><strong>cem,</strong></span> <span class='ocrx_word' id='word_1_208' title='bbox 684 2816 740 2858; x_wconf 92' lang='lat' dir='ltr'><strong>ut</strong></span> <span class='ocrx_word' id='word_1_209' title='bbox 763 2805 908 2860; x_wconf 90' lang='lat' dir='ltr'><strong>illum</strong></span> <span class='ocrx_word' id='word_1_210' title='bbox 931 2805 1119 2861; x_wconf 86' lang='lat' dir='ltr'><strong>haheat</strong></span> <span class='ocrx_word' id='word_1_211' title='bbox 1147 2804 1501 2863; x_wconf 77' lang='lat' dir='ltr'><strong>defensorem.</strong></span> <span class='ocrx_word' id='word_1_212' title='bbox 1521 2802 1662 2879; x_wconf 77' lang='lat' dir='ltr'><strong>Ergo</strong></span> <span class='ocrx_word' id='word_1_213' title='bbox 1677 2810 1947 2868; x_wconf 86' lang='lat' dir='ltr'><strong>invocatus</strong></span> <span class='ocrx_word' id='word_1_214' title='bbox 1967 2812 2107 2872; x_wconf 66' lang='lat' dir='ltr'><strong>Deus</strong></span> 
     </span>
    </p>
   </div>
   <div class='ocr_carea' id='block_1_29' title="bbox 519 2891 2105 2970">
    <p class='ocr_par' dir='ltr' id='par_1_29' title="bbox 519 2891 2105 2970">
     <span class='ocr_line' id='line_1_29' title="bbox 519 2891 2105 2970; baseline 0.008 -21"><span class='ocrx_word' id='word_1_215' title='bbox 519 2895 684 2950; x_wconf 84' lang='lat' dir='ltr'><strong>venit.</strong></span> <span class='ocrx_word' id='word_1_216' title='bbox 712 2891 791 2951; x_wconf 79' lang='lat' dir='ltr'><strong>Ad</strong></span> <span class='ocrx_word' id='word_1_217' title='bbox 817 2911 973 2965; x_wconf 86' lang='lat' dir='ltr'><strong>quem</strong></span> <span class='ocrx_word' id='word_1_218' title='bbox 1003 2896 1188 2951; x_wconf 80' lang='lat' dir='ltr'><strong>venit?</strong></span> <span class='ocrx_word' id='word_1_219' title='bbox 1217 2894 1296 2952; x_wconf 82' lang='lat' dir='ltr'><strong>Ad</strong></span> <span class='ocrx_word' id='word_1_220' title='bbox 1320 2900 1605 2970; x_wconf 86' lang='lat' dir='ltr'><strong>superbum</strong></span> <span class='ocrx_word' id='word_1_221' title='bbox 1636 2915 1741 2957; x_wconf 93' lang='lat' dir='ltr'><strong>non</strong></span> <span class='ocrx_word' id='word_1_222' title='bbox 1767 2904 1933 2959; x_wconf 88' lang='lat' dir='ltr'><strong>venit.</strong></span> <span class='ocrx_word' id='word_1_223' title='bbox 1967 2894 2105 2962; x_wconf 83' lang='lat' dir='ltr'><strong>Audi</strong></span> 
     </span>
    </p>
   </div>
   <div class='ocr_carea' id='block_1_30' title="bbox 519 2986 2104 3056">
    <p class='ocr_par' dir='ltr' id='par_1_30' title="bbox 519 2986 2104 3056">
     <span class='ocr_line' id='line_1_30' title="bbox 519 2986 2104 3056; baseline 0.008 -16"><span class='ocrx_word' id='word_1_224' title='bbox 519 2986 661 3041; x_wconf 82' lang='lat' dir='ltr'><strong>aliud</strong></span> <span class='ocrx_word' id='word_1_225' title='bbox 687 2986 1041 3042; x_wconf 88' lang='lat' dir='ltr'><strong>testimonium</strong></span> <span class='ocrx_word' id='word_1_226' title='bbox 1073 3004 1085 3041; x_wconf 92' lang='lat'><strong>:</strong></span> <span class='ocrx_word' id='word_1_227' title='bbox 1118 2986 1360 3044; x_wconf 67' lang='lat' dir='ltr'><strong>Excelsa:</strong></span> <span class='ocrx_word' id='word_1_228' title='bbox 1394 2988 1659 3056; x_wconf 78' lang='lat' dir='ltr'><strong>Dominus,</strong></span> <span class='ocrx_word' id='word_1_229' title='bbox 1705 3000 1750 3045; x_wconf 76' lang='lat' dir='ltr'><strong>et</strong></span> <span class='ocrx_word' id='word_1_230' title='bbox 1776 2988 1988 3050; x_wconf 77' lang='lat' dir='ltr'><strong>[tantilla</strong></span> <span class='ocrx_word' id='word_1_231' title='bbox 2021 2990 2104 3052; x_wconf 68' lang='lat' dir='ltr'><strong>rc-</strong></span> 
     </span>
    </p>
   </div>
   <div class='ocr_carea' id='block_1_31' title="bbox 519 3074 2099 3157">
    <p class='ocr_par' dir='ltr' id='par_1_31' title="bbox 519 3074 2099 3157">
     <span class='ocr_line' id='line_1_31' title="bbox 519 3074 2099 3157; baseline 0.007 -23"><span class='ocrx_word' id='word_1_232' title='bbox 519 3076 701 3149; x_wconf 83' lang='lat' dir='ltr'><strong>spicit;</strong></span> <span class='ocrx_word' id='word_1_233' title='bbox 726 3078 918 3133; x_wconf 63' lang='lat' dir='ltr'><strong>excelsa</strong></span> <span class='ocrx_word' id='word_1_234' title='bbox 948 3086 1117 3133; x_wconf 85' lang='lat' dir='ltr'><strong>autem</strong></span> <span class='ocrx_word' id='word_1_235' title='bbox 1140 3094 1171 3133; x_wconf 91' lang='lat' dir='ltr'><strong>a</strong></span> <span class='ocrx_word' id='word_1_236' title='bbox 1197 3079 1343 3153; x_wconf 84' lang='lat' dir='ltr'><strong>longe</strong></span> <span class='ocrx_word' id='word_1_237' title='bbox 1372 3074 1624 3154; x_wconf 77' lang='lat' dir='ltr'><strong>cognoscit</strong></span> <span class='ocrx_word' id='word_1_238' title='bbox 1664 3074 1835 3153; x_wconf 80' lang='lat' dir='ltr'><strong>(Psttl.</strong></span> <span class='ocrx_word' id='word_1_239' title='bbox 1868 3098 2099 3157; x_wconf 66' lang='lat' dir='ltr'><strong>catum,</strong></span> 
     </span>
    </p>
   </div>
   <div class='ocr_carea' id='block_1_32' title="bbox 521 3162 2098 3252">
    <p class='ocr_par' dir='ltr' id='par_1_32' title="bbox 521 3162 2098 3252">
     <span class='ocr_line' id='line_1_32' title="bbox 521 3162 2098 3252; baseline 0.008 -29"><span class='ocrx_word' id='word_1_240' title='bbox 521 3168 599 3239; x_wconf 77' lang='grc' dir='ltr'><strong>ϐ).</strong></span> <span class='ocrx_word' id='word_1_241' title='bbox 631 3162 875 3225; x_wconf 74' lang='lat' dir='ltr'><strong>Excelsus</strong></span> <span class='ocrx_word' id='word_1_242' title='bbox 898 3167 1162 3237; x_wconf 78' lang='lat' dir='ltr'><strong>Dominus,</strong></span> <span class='ocrx_word' id='word_1_243' title='bbox 1183 3181 1230 3228; x_wconf 85' lang='lat' dir='ltr'><strong>et</strong></span> <span class='ocrx_word' id='word_1_244' title='bbox 1259 3173 1471 3228; x_wconf 85' lang='lat' dir='ltr'><strong>Immilia</strong></span> <span class='ocrx_word' id='word_1_245' title='bbox 1492 3176 1712 3247; x_wconf 80' lang='lat' dir='ltr'><strong>respicit,</strong></span> <span class='ocrx_word' id='word_1_246' title='bbox 1735 3190 1842 3233; x_wconf 89' lang='lat' dir='ltr'><strong>non</strong></span> <span class='ocrx_word' id='word_1_247' title='bbox 1867 3193 1896 3234; x_wconf 88' lang='lat' dir='ltr'><strong>a</strong></span> <span class='ocrx_word' id='word_1_248' title='bbox 1920 3180 2098 3252; x_wconf 78' lang='lat' dir='ltr'><strong>longe;</strong></span> 
     </span>
    </p>
   </div>
   <div class='ocr_carea' id='block_1_33' title="bbox 519 3260 2101 3335">
    <p class='ocr_par' dir='ltr' id='par_1_33' title="bbox 519 3260 2101 3335">
     <span class='ocr_line' id='line_1_33' title="bbox 519 3260 2101 3335; baseline 0.007 -18"><span class='ocrx_word' id='word_1_249' title='bbox 519 3260 727 3317; x_wconf 78' lang='lat' dir='ltr'><strong>excelsa</strong></span> <span class='ocrx_word' id='word_1_250' title='bbox 770 3270 1001 3318; x_wconf 86' lang='lat' dir='ltr'><strong>antema</strong></span> <span class='ocrx_word' id='word_1_251' title='bbox 1051 3264 1206 3334; x_wconf 86' lang='lat' dir='ltr'><strong>longe</strong></span> <span class='ocrx_word' id='word_1_252' title='bbox 1252 3268 1542 3335; x_wconf 78' lang='lat' dir='ltr'><strong>cognoscit.</strong></span> <span class='ocrx_word' id='word_1_253' title='bbox 1593 3266 1660 3322; x_wconf 85' lang='lat' dir='ltr'><strong>Et</strong></span> <span class='ocrx_word' id='word_1_254' title='bbox 1687 3284 1754 3324; x_wconf 88' lang='lat' dir='ltr'><strong>ne</strong></span> <span class='ocrx_word' id='word_1_255' title='bbox 1800 3266 1933 3327; x_wconf 79' lang='lat' dir='ltr'><strong>forte</strong></span> <span class='ocrx_word' id='word_1_256' title='bbox 1979 3274 2101 3329; x_wconf 80' lang='lat' dir='ltr'><strong>cura</strong></span> 
     </span>
    </p>
   </div>
   <div class='ocr_carea' id='block_1_34' title="bbox 520 3346 2106 3434">
    <p class='ocr_par' dir='ltr' id='par_1_34' title="bbox 520 3346 2106 3434">
     <span class='ocr_line' id='line_1_34' title="bbox 520 3346 2106 3434; baseline 0.008 -26"><span class='ocrx_word' id='word_1_257' title='bbox 520 3353 717 3408; x_wconf 86' lang='lat' dir='ltr'><strong>dictum</strong></span> <span class='ocrx_word' id='word_1_258' title='bbox 744 3358 888 3409; x_wconf 84' lang='lat' dir='ltr'><strong>esset</strong></span> <span class='ocrx_word' id='word_1_259' title='bbox 914 3352 1033 3424; x_wconf 83' lang='lat' dir='ltr'><strong>quia</strong></span> <span class='ocrx_word' id='word_1_260' title='bbox 1062 3346 1283 3410; x_wconf 81' lang='lat' dir='ltr'><strong>humilia</strong></span> <span class='ocrx_word' id='word_1_261' title='bbox 1315 3357 1552 3426; x_wconf 88' lang='lat' dir='ltr'><strong>respicit,</strong></span> <span class='ocrx_word' id='word_1_262' title='bbox 1602 3358 1815 3428; x_wconf 87' lang='lat' dir='ltr'><strong>superbi</strong></span> <span class='ocrx_word' id='word_1_263' title='bbox 1839 3352 1906 3417; x_wconf 86' lang='lat' dir='ltr'><strong>de</strong></span> <span class='ocrx_word' id='word_1_264' title='bbox 1934 3362 2106 3434; x_wconf 79' lang='lat' dir='ltr'><strong>impu-</strong></span> 
     </span>
    </p>
   </div>
   <div class='ocr_carea' id='block_1_35' title="bbox 521 3444 2105 3523">
    <p class='ocr_par' dir='ltr' id='par_1_35' title="bbox 521 3444 2105 3523">
     <span class='ocr_line' id='line_1_35' title="bbox 521 3444 2105 3523; baseline 0.008 -24"><span class='ocrx_word' id='word_1_265' title='bbox 521 3445 685 3500; x_wconf 81' lang='lat' dir='ltr'><strong>nitate</strong></span> <span class='ocrx_word' id='word_1_266' title='bbox 708 3444 1015 3515; x_wconf 79' lang='lat' dir='ltr'><strong>gauderent,</strong></span> <span class='ocrx_word' id='word_1_267' title='bbox 1038 3445 1184 3516; x_wconf 86' lang='lat' dir='ltr'><strong>quasi</strong></span> <span class='ocrx_word' id='word_1_268' title='bbox 1212 3461 1304 3501; x_wconf 90' lang='lat' dir='ltr'><strong>eos</strong></span> <span class='ocrx_word' id='word_1_269' title='bbox 1330 3447 1697 3516; x_wconf 80' lang='lat' dir='ltr'><strong>superbientes</strong></span> <span class='ocrx_word' id='word_1_270' title='bbox 1720 3464 1826 3505; x_wconf 93' lang='lat' dir='ltr'><strong>non</strong></span> <span class='ocrx_word' id='word_1_271' title='bbox 1853 3452 2105 3523; x_wconf 76' lang='lat' dir='ltr'><strong>agnoscat</strong></span> 
     </span>
    </p>
   </div>
   <div class='ocr_carea' id='block_1_36' title="bbox 522 3534 2105 3607">
    <p class='ocr_par' dir='ltr' id='par_1_36' title="bbox 522 3534 2105 3607">
     <span class='ocr_line' id='line_1_36' title="bbox 522 3534 2105 3607; baseline 0.008 -16"><span class='ocrx_word' id='word_1_272' title='bbox 522 3536 612 3607; x_wconf 89' lang='lat' dir='ltr'><strong>qui</strong></span> <span class='ocrx_word' id='word_1_273' title='bbox 642 3534 692 3591; x_wconf 91' lang='lat' dir='ltr'><strong>in</strong></span> <span class='ocrx_word' id='word_1_274' title='bbox 743 3534 969 3592; x_wconf 79' lang='lat' dir='ltr'><strong>excelsis</strong></span> <span class='ocrx_word' id='word_1_275' title='bbox 1008 3534 1248 3603; x_wconf 81' lang='lat' dir='ltr'><strong>habitat;</strong></span> <span class='ocrx_word' id='word_1_276' title='bbox 1281 3537 1448 3593; x_wconf 86' lang='lat' dir='ltr'><strong>territi</strong></span> <span class='ocrx_word' id='word_1_277' title='bbox 1501 3546 1625 3594; x_wconf 90' lang='lat' dir='ltr'><strong>sunt</strong></span> <span class='ocrx_word' id='word_1_278' title='bbox 1667 3549 1722 3597; x_wconf 89' lang='lat' dir='ltr'><strong>et</strong></span> <span class='ocrx_word' id='word_1_279' title='bbox 1766 3540 1964 3599; x_wconf 89' lang='lat' dir='ltr'><strong>dictum</strong></span> <span class='ocrx_word' id='word_1_280' title='bbox 2022 3554 2105 3603; x_wconf 87' lang='lat' dir='ltr'><strong>est</strong></span> 
     </span>
    </p>
   </div>
   <div class='ocr_carea' id='block_1_37' title="bbox 521 3618 2106 3707">
    <p class='ocr_par' dir='ltr' id='par_1_37' title="bbox 521 3618 2106 3707">
     <span class='ocr_line' id='line_1_37' title="bbox 521 3618 2106 3707; baseline 0.006 -21"><span class='ocrx_word' id='word_1_281' title='bbox 521 3630 598 3686; x_wconf 80' lang='lat' dir='ltr'><strong>cis</strong></span> <span class='ocrx_word' id='word_1_282' title='bbox 630 3649 643 3685; x_wconf 94' lang='lat'>:</span> <span class='ocrx_word' id='word_1_283' title='bbox 676 3618 830 3685; x_wconf 72' lang='lat' dir='ltr'><strong>Videt</strong></span> <span class='ocrx_word' id='word_1_284' title='bbox 855 3638 965 3694; x_wconf 87' lang='lat' dir='ltr'><strong>vos,</strong></span> <span class='ocrx_word' id='word_1_285' title='bbox 996 3636 1050 3685; x_wconf 85' lang='lat' dir='ltr'><strong>et</strong></span> <span class='ocrx_word' id='word_1_286' title='bbox 1076 3630 1343 3702; x_wconf 81' lang='lat' dir='ltr'><strong>cognoscit</strong></span> <span class='ocrx_word' id='word_1_287' title='bbox 1370 3645 1481 3697; x_wconf 91' lang='lat' dir='ltr'><strong>vos,</strong></span> <span class='ocrx_word' id='word_1_288' title='bbox 1515 3630 1606 3687; x_wconf 88' lang='lat' dir='ltr'><strong>sed</strong></span> <span class='ocrx_word' id='word_1_289' title='bbox 1635 3648 1662 3687; x_wconf 88' lang='lat' dir='ltr'><strong>a</strong></span> <span class='ocrx_word' id='word_1_290' title='bbox 1692 3633 1865 3707; x_wconf 84' lang='lat' dir='ltr'><strong>longe.</strong></span> <span class='ocrx_word' id='word_1_291' title='bbox 1897 3630 2003 3692; x_wconf 86' lang='lat' dir='ltr'><strong>llos</strong></span> <span class='ocrx_word' id='word_1_292' title='bbox 2026 3634 2106 3695; x_wconf 79' lang='lat' dir='ltr'><strong>fa-</strong></span> 
     </span>
    </p>
   </div>
   <div class='ocr_carea' id='block_1_38' title="bbox 521 3718 2104 3800">
    <p class='ocr_par' dir='ltr' id='par_1_38' title="bbox 521 3718 2104 3800">
     <span class='ocr_line' id='line_1_38' title="bbox 521 3718 2104 3800; baseline 0.008 -25"><span class='ocrx_word' id='word_1_293' title='bbox 521 3718 595 3776; x_wconf 82' lang='lat' dir='ltr'><strong>cit</strong></span> <span class='ocrx_word' id='word_1_294' title='bbox 635 3720 817 3777; x_wconf 85' lang='lat' dir='ltr'><strong>beatos</strong></span> <span class='ocrx_word' id='word_1_295' title='bbox 857 3720 1048 3792; x_wconf 81' lang='lat' dir='ltr'><strong>quibus</strong></span> <span class='ocrx_word' id='word_1_296' title='bbox 1090 3723 1406 3794; x_wconf 86' lang='lat' dir='ltr'><strong>propinquat</strong></span> <span class='ocrx_word' id='word_1_297' title='bbox 1439 3742 1453 3779; x_wconf 90' lang='lat'><strong>:</strong></span> <span class='ocrx_word' id='word_1_298' title='bbox 1484 3739 1577 3780; x_wconf 86' lang='lat' dir='ltr'><strong>vos</strong></span> <span class='ocrx_word' id='word_1_299' title='bbox 1616 3735 1815 3793; x_wconf 88' lang='lat' dir='ltr'><strong>autem,</strong></span> <span class='ocrx_word' id='word_1_300' title='bbox 1850 3728 2039 3800; x_wconf 87' lang='lat' dir='ltr'><strong>inquit,</strong></span> <span class='ocrx_word' id='word_1_301' title='bbox 2070 3745 2104 3787; x_wconf 93' lang='lat'><strong>0</strong></span> 
     </span>
    </p>
   </div>
   <div class='ocr_carea' id='block_1_39' title="bbox 521 3806 2100 3893">
    <p class='ocr_par' dir='ltr' id='par_1_39' title="bbox 521 3806 2100 3893">
     <span class='ocr_line' id='line_1_39' title="bbox 521 3806 2100 3893; baseline 0.007 -25"><span class='ocrx_word' id='word_1_302' title='bbox 521 3806 753 3884; x_wconf 84' lang='lat' dir='ltr'><strong>superbi.</strong></span> <span class='ocrx_word' id='word_1_303' title='bbox 780 3828 813 3868; x_wconf 92' lang='grc' dir='ltr'>ο</span> <span class='ocrx_word' id='word_1_304' title='bbox 833 3813 1048 3880; x_wconf 83' lang='lat' dir='ltr'><strong>excelsi,</strong></span> <span class='ocrx_word' id='word_1_305' title='bbox 1077 3830 1181 3869; x_wconf 89' lang='lat' dir='ltr'><strong>non</strong></span> <span class='ocrx_word' id='word_1_306' title='bbox 1202 3815 1349 3870; x_wconf 90' lang='lat' dir='ltr'><strong>eritis</strong></span> <span class='ocrx_word' id='word_1_307' title='bbox 1372 3814 1635 3887; x_wconf 90' lang='lat' dir='ltr'><strong>impuniti,</strong></span> <span class='ocrx_word' id='word_1_308' title='bbox 1660 3821 1781 3889; x_wconf 87' lang='lat' dir='ltr'><strong>quia</strong></span> <span class='ocrx_word' id='word_1_309' title='bbox 1809 3824 2100 3893; x_wconf 80' lang='lat' dir='ltr'><strong>cognoscit;</strong></span> 
     </span>
    </p>
   </div>
   <div class='ocr_carea' id='block_1_40' title="bbox 523 3904 2104 3985">
    <p class='ocr_par' dir='ltr' id='par_1_40' title="bbox 523 3904 2104 3985">
     <span class='ocr_line' id='line_1_40' title="bbox 523 3904 2104 3985; baseline 0.005 -24"><span class='ocrx_word' id='word_1_310' title='bbox 523 3922 625 3961; x_wconf 88' lang='lat' dir='ltr'><strong>non</strong></span> <span class='ocrx_word' id='word_1_311' title='bbox 657 3905 802 3961; x_wconf 91' lang='lat' dir='ltr'><strong>eritis</strong></span> <span class='ocrx_word' id='word_1_312' title='bbox 829 3906 986 3972; x_wconf 85' lang='lat' dir='ltr'><strong>beati,</strong></span> <span class='ocrx_word' id='word_1_313' title='bbox 1015 3907 1136 3978; x_wconf 85' lang='lat' dir='ltr'><strong>quia</strong></span> <span class='ocrx_word' id='word_1_314' title='bbox 1183 3921 1211 3960; x_wconf 88' lang='lat' dir='ltr'><strong>a</strong></span> <span class='ocrx_word' id='word_1_315' title='bbox 1242 3904 1397 3978; x_wconf 83' lang='lat' dir='ltr'><strong>longe</strong></span> <span class='ocrx_word' id='word_1_316' title='bbox 1440 3910 1730 3980; x_wconf 81' lang='lat' dir='ltr'><strong>cognoscit.</strong></span> <span class='ocrx_word' id='word_1_317' title='bbox 1765 3909 1951 3969; x_wconf 76' lang='lat' dir='ltr'><strong>Videte</strong></span> <span class='ocrx_word' id='word_1_318' title='bbox 1976 3926 2104 3985; x_wconf 85' lang='lat' dir='ltr'><strong>ergo</strong></span> 
     </span>
    </p>
   </div>
   <div class='ocr_carea' id='block_1_41' title="bbox 521 3997 2103 4079">
    <p class='ocr_par' dir='ltr' id='par_1_41' title="bbox 521 3997 2103 4079">
     <span class='ocr_line' id='line_1_41' title="bbox 521 3997 2103 4079; baseline 0.006 -27"><span class='ocrx_word' id='word_1_319' title='bbox 521 3997 644 4070; x_wconf 80' lang='lat' dir='ltr'><strong>quid</strong></span> <span class='ocrx_word' id='word_1_320' title='bbox 666 3998 859 4070; x_wconf 82' lang='lat' dir='ltr'><strong>agatis;</strong></span> <span class='ocrx_word' id='word_1_321' title='bbox 888 4001 1007 4071; x_wconf 87' lang='lat' dir='ltr'><strong>quia</strong></span> <span class='ocrx_word' id='word_1_322' title='bbox 1029 4000 1071 4054; x_wconf 93' lang='lat' dir='ltr'><strong>si</strong></span> <span class='ocrx_word' id='word_1_323' title='bbox 1096 4002 1354 4071; x_wconf 82' lang='lat' dir='ltr'><strong>agnoscit,</strong></span> <span class='ocrx_word' id='word_1_324' title='bbox 1381 4018 1482 4056; x_wconf 91' lang='lat' dir='ltr'><strong>non</strong></span> <span class='ocrx_word' id='word_1_325' title='bbox 1503 4002 1745 4073; x_wconf 79' lang='lat' dir='ltr'><strong>ignoscit.</strong></span> <span class='ocrx_word' id='word_1_326' title='bbox 1770 3998 1954 4060; x_wconf 81' lang='lat' dir='ltr'><strong>Melius</strong></span> <span class='ocrx_word' id='word_1_327' title='bbox 1976 4022 2103 4079; x_wconf 83' lang='lat' dir='ltr'><strong>ergo</strong></span> 
     </span>
    </p>
   </div>
   <div class='ocr_carea' id='block_1_42' title="bbox 517 4088 2101 4170">
    <p class='ocr_par' dir='ltr' id='par_1_42' title="bbox 517 4088 2101 4170">
     <span class='ocr_line' id='line_1_42' title="bbox 517 4088 2101 4170; baseline 0.008 -27"><span class='ocrx_word' id='word_1_328' title='bbox 517 4088 762 4160; x_wconf 82' lang='lat' dir='ltr'><strong>ignoscit,</strong></span> <span class='ocrx_word' id='word_1_329' title='bbox 795 4107 951 4160; x_wconf 87' lang='lat' dir='ltr'><strong>quam</strong></span> <span class='ocrx_word' id='word_1_330' title='bbox 998 4093 1254 4163; x_wconf 80' lang='lat' dir='ltr'><strong>agnoscit.</strong></span> <span class='ocrx_word' id='word_1_331' title='bbox 1293 4093 1426 4160; x_wconf 83' lang='lat' dir='ltr'><strong>Quid</strong></span> <span class='ocrx_word' id='word_1_332' title='bbox 1452 4102 1536 4149; x_wconf 90' lang='lat' dir='ltr'><strong>est</strong></span> <span class='ocrx_word' id='word_1_333' title='bbox 1576 4094 1715 4150; x_wconf 88' lang='lat' dir='ltr'><strong>enim</strong></span> <span class='ocrx_word' id='word_1_334' title='bbox 1749 4095 1918 4165; x_wconf 89' lang='lat' dir='ltr'><strong>ipsum</strong></span> <span class='ocrx_word' id='word_1_335' title='bbox 1950 4099 2101 4170; x_wconf 82' lang='lat' dir='ltr'><strong>igno-</strong></span> 
     </span>
    </p>
   </div>
   <div class='ocr_carea' id='block_1_43' title="bbox 521 4176 2106 4254">
    <p class='ocr_par' dir='ltr' id='par_1_43' title="bbox 521 4176 2106 4254">
     <span class='ocr_line' id='line_1_43' title="bbox 521 4176 2106 4254; baseline 0.009 -18"><span class='ocrx_word' id='word_1_336' title='bbox 521 4180 709 4245; x_wconf 67' lang='lat' dir='ltr'><strong>sterc‘,</strong></span> <span class='ocrx_word' id='word_1_337' title='bbox 762 4176 859 4237; x_wconf 82' lang='lat' dir='ltr'><strong>nisi</strong></span> <span class='ocrx_word' id='word_1_338' title='bbox 912 4200 1015 4238; x_wconf 92' lang='lat' dir='ltr'><strong>non</strong></span> <span class='ocrx_word' id='word_1_339' title='bbox 1065 4184 1330 4240; x_wconf 82' lang='lat' dir='ltr'><strong>noscere?</strong></span> <span class='ocrx_word' id='word_1_340' title='bbox 1378 4184 1513 4254; x_wconf 89' lang='lat' dir='ltr'><strong>Quid</strong></span> <span class='ocrx_word' id='word_1_341' title='bbox 1558 4186 1640 4242; x_wconf 80' lang='lat' dir='ltr'><strong>est</strong></span> <span class='ocrx_word' id='word_1_342' title='bbox 1688 4192 1791 4242; x_wconf 85' lang='lat' dir='ltr'><strong>non</strong></span> <span class='ocrx_word' id='word_1_343' title='bbox 1839 4188 2106 4250; x_wconf 78' lang='lat' dir='ltr'><strong>noscere?</strong></span> 
     </span>
    </p>
   </div>
   <div class='ocr_carea' id='block_1_44' title="bbox 517 4266 2104 4338">
    <p class='ocr_par' dir='ltr' id='par_1_44' title="bbox 517 4266 2104 4338">
     <span class='ocr_line' id='line_1_44' title="bbox 517 4266 2104 4338; baseline 0.008 -12"><span class='ocrx_word' id='word_1_344' title='bbox 517 4266 631 4326; x_wconf 78' lang='lat' dir='ltr'><strong>Non</strong></span> <span class='ocrx_word' id='word_1_345' title='bbox 651 4270 1070 4328; x_wconf 84' lang='lat' dir='ltr'><strong>animadvertere</strong></span> <span class='ocrx_word' id='word_1_346' title='bbox 1093 4290 1109 4329; x_wconf 91' lang='lat'><strong>:</strong></span> <span class='ocrx_word' id='word_1_347' title='bbox 1132 4290 1251 4329; x_wconf 90' lang='lat' dir='ltr'><strong>nam</strong></span> <span class='ocrx_word' id='word_1_348' title='bbox 1272 4287 1323 4332; x_wconf 89' lang='lat' dir='ltr'><strong>et</strong></span> <span class='ocrx_word' id='word_1_349' title='bbox 1342 4270 1652 4333; x_wconf 80' lang='lat' dir='ltr'><strong>vindicantis</strong></span> <span class='ocrx_word' id='word_1_350' title='bbox 1667 4268 1797 4333; x_wconf 89' lang='lat' dir='ltr'><strong>solet</strong></span> <span class='ocrx_word' id='word_1_351' title='bbox 1815 4276 1916 4336; x_wconf 88' lang='lat' dir='ltr'><strong>diei</strong></span> <span class='ocrx_word' id='word_1_352' title='bbox 1933 4284 2104 4338; x_wconf 84' lang='lat' dir='ltr'><strong>anim-</strong></span> 
     </span>
    </p>
   </div>
   <div class='ocr_carea' id='block_1_45' title="bbox 517 4360 2103 4444">
    <p class='ocr_par' dir='ltr' id='par_1_45' title="bbox 517 4360 2103 4444">
     <span class='ocr_line' id='line_1_45' title="bbox 517 4360 2103 4444; baseline 0.008 -26"><span class='ocrx_word' id='word_1_353' title='bbox 517 4360 780 4421; x_wconf 87' lang='lat' dir='ltr'><strong>adversio.</strong></span> <span class='ocrx_word' id='word_1_354' title='bbox 840 4364 973 4422; x_wconf 84' lang='lat' dir='ltr'><strong>Audi</strong></span> <span class='ocrx_word' id='word_1_355' title='bbox 1025 4372 1263 4423; x_wconf 88' lang='lat' dir='ltr'><strong>orantem</strong></span> <span class='ocrx_word' id='word_1_356' title='bbox 1312 4378 1368 4423; x_wconf 90' lang='lat' dir='ltr'><strong>ut</strong></span> <span class='ocrx_word' id='word_1_357' title='bbox 1408 4370 1684 4440; x_wconf 77' lang='lat' dir='ltr'><strong>ignoscat:</strong></span> <span class='ocrx_word' id='word_1_358' title='bbox 1720 4373 1895 4427; x_wconf 78' lang='lat' dir='ltr'><strong>Averlc</strong></span> <span class='ocrx_word' id='word_1_359' title='bbox 1922 4376 2103 4444; x_wconf 79' lang='lat' dir='ltr'><strong>faciem</strong></span> 
     </span>
    </p>
   </div>
   <div class='ocr_carea' id='block_1_46' title="bbox 520 4448 2098 4535">
    <p class='ocr_par' dir='ltr' id='par_1_46' title="bbox 520 4448 2098 4535">
     <span class='ocr_line' id='line_1_46' title="bbox 520 4448 2098 4535; baseline 0.008 -25"><span class='ocrx_word' id='word_1_360' title='bbox 520 4468 658 4511; x_wconf 86' lang='lat' dir='ltr'><strong>tuam</strong></span> <span class='ocrx_word' id='word_1_361' title='bbox 686 4477 715 4512; x_wconf 90' lang='lat' dir='ltr'><strong>a</strong></span> <span class='ocrx_word' id='word_1_362' title='bbox 742 4461 956 4529; x_wconf 76' lang='lat' dir='ltr'><strong>peccatis</strong></span> <span class='ocrx_word' id='word_1_363' title='bbox 986 4461 1107 4514; x_wconf 83' lang='lat' dir='ltr'><strong>meis</strong></span> <span class='ocrx_word' id='word_1_364' title='bbox 1141 4448 1308 4529; x_wconf 66' lang='lat' dir='ltr'><strong>(Psal.</strong></span> <span class='ocrx_word' id='word_1_365' title='bbox 1343 4477 1392 4523; x_wconf 78' lang='grc' dir='ltr'><strong>ι,</strong></span> <span class='ocrx_word' id='word_1_366' title='bbox 1427 4450 1537 4530; x_wconf 77' lang='grc' dir='ltr'><strong>Η).</strong></span> <span class='ocrx_word' id='word_1_367' title='bbox 1565 4448 1699 4529; x_wconf 80' lang='lat' dir='ltr'><strong>Quid</strong></span> <span class='ocrx_word' id='word_1_368' title='bbox 1732 4462 1892 4535; x_wconf 78' lang='lat' dir='ltr'><strong>igitur</strong></span> <span class='ocrx_word' id='word_1_369' title='bbox 1918 4458 2098 4532; x_wconf 64' lang='lat' dir='ltr'><strong>iacies,</strong></span> 
     </span>
    </p>
   </div>
   <div class='ocr_carea' id='block_1_47' title="bbox 518 4542 2101 4620">
    <p class='ocr_par' dir='ltr' id='par_1_47' title="bbox 518 4542 2101 4620">
     <span class='ocr_line' id='line_1_47' title="bbox 518 4542 2101 4620; baseline 0.004 -16"><span class='ocrx_word' id='word_1_370' title='bbox 518 4550 562 4604; x_wconf 87' lang='lat' dir='ltr'><strong>si</strong></span> <span class='ocrx_word' id='word_1_371' title='bbox 593 4553 842 4605; x_wconf 77' lang='lat' dir='ltr'><strong>averterit</strong></span> <span class='ocrx_word' id='word_1_372' title='bbox 866 4550 1049 4607; x_wconf 84' lang='lat' dir='ltr'><strong>faciem</strong></span> <span class='ocrx_word' id='word_1_373' title='bbox 1075 4554 1220 4606; x_wconf 82' lang='lat' dir='ltr'><strong>suam</strong></span> <span class='ocrx_word' id='word_1_374' title='bbox 1243 4568 1271 4605; x_wconf 88' lang='lat' dir='ltr'><strong>a</strong></span> <span class='ocrx_word' id='word_1_375' title='bbox 1298 4551 1382 4607; x_wconf 88' lang='lat' dir='ltr'><strong>te?</strong></span> <span class='ocrx_word' id='word_1_376' title='bbox 1409 4542 1684 4607; x_wconf 74' lang='lat' dir='ltr'><strong>Molestum</strong></span> <span class='ocrx_word' id='word_1_377' title='bbox 1709 4542 1810 4620; x_wconf 77' lang='lat' dir='ltr'><strong>est,</strong></span> <span class='ocrx_word' id='word_1_378' title='bbox 1835 4552 1885 4609; x_wconf 75' lang='lat' dir='ltr'><strong>at</strong></span> <span class='ocrx_word' id='word_1_379' title='bbox 1909 4549 2101 4611; x_wconf 86' lang='lat' dir='ltr'><strong>timen-</strong></span> 
     </span>
    </p>
   </div>
   <div class='ocr_carea' id='block_1_48' title="bbox 518 4634 2104 4712">
    <p class='ocr_par' dir='ltr' id='par_1_48' title="bbox 518 4634 2104 4712">
     <span class='ocr_line' id='line_1_48' title="bbox 518 4634 2104 4712; baseline 0.005 -18"><span class='ocrx_word' id='word_1_380' title='bbox 518 4637 642 4694; x_wconf 87' lang='lat' dir='ltr'><strong>dum</strong></span> <span class='ocrx_word' id='word_1_381' title='bbox 663 4655 727 4694; x_wconf 90' lang='lat' dir='ltr'><strong>ne</strong></span> <span class='ocrx_word' id='word_1_382' title='bbox 750 4640 956 4696; x_wconf 81' lang='lat' dir='ltr'><strong>deserat</strong></span> <span class='ocrx_word' id='word_1_383' title='bbox 981 4650 1052 4698; x_wconf 87' lang='lat' dir='ltr'><strong>te.</strong></span> <span class='ocrx_word' id='word_1_384' title='bbox 1084 4634 1284 4696; x_wconf 78' lang='lat' dir='ltr'><strong>Rursus</strong></span> <span class='ocrx_word' id='word_1_385' title='bbox 1309 4643 1353 4697; x_wconf 88' lang='lat' dir='ltr'><strong>si</strong></span> <span class='ocrx_word' id='word_1_386' title='bbox 1383 4639 1565 4697; x_wconf 78' lang='lat' dir='ltr'><strong>faciem</strong></span> <span class='ocrx_word' id='word_1_387' title='bbox 1589 4648 1693 4700; x_wconf 79' lang='lat' dir='ltr'><strong>hOn</strong></span> <span class='ocrx_word' id='word_1_388' title='bbox 1708 4636 1918 4712; x_wconf 79' lang='lat' dir='ltr'><strong>avertit,</strong></span> <span class='ocrx_word' id='word_1_389' title='bbox 1936 4647 2104 4701; x_wconf 53' lang='lat' dir='ltr'><strong>anima</strong></span> 
     </span>
    </p>
   </div>
   <div class='ocr_carea' id='block_1_49' title="bbox 517 4731 2104 4803">
    <p class='ocr_par' dir='ltr' id='par_1_49' title="bbox 517 4731 2104 4803">
     <span class='ocr_line' id='line_1_49' title="bbox 517 4731 2104 4803; baseline 0.007 -19"><span class='ocrx_word' id='word_1_390' title='bbox 517 4731 765 4787; x_wconf 84' lang='lat' dir='ltr'><strong>advertit.</strong></span> <span class='ocrx_word' id='word_1_391' title='bbox 817 4731 969 4788; x_wconf 86' lang='lat' dir='ltr'><strong>Novit</strong></span> <span class='ocrx_word' id='word_1_392' title='bbox 1001 4732 1101 4788; x_wconf 89' lang='lat' dir='ltr'><strong>hoc</strong></span> <span class='ocrx_word' id='word_1_393' title='bbox 1133 4732 1301 4799; x_wconf 89' lang='lat' dir='ltr'><strong>Deus,</strong></span> <span class='ocrx_word' id='word_1_394' title='bbox 1349 4742 1518 4803; x_wconf 79' lang='lat' dir='ltr'><strong>potest</strong></span> <span class='ocrx_word' id='word_1_395' title='bbox 1549 4732 1648 4790; x_wconf 88' lang='lat' dir='ltr'><strong>hoc</strong></span> <span class='ocrx_word' id='word_1_396' title='bbox 1673 4737 1827 4798; x_wconf 82' lang='lat' dir='ltr'><strong>Deus.</strong></span> <span class='ocrx_word' id='word_1_397' title='bbox 1870 4749 1920 4793; x_wconf 92' lang='lat' dir='ltr'><strong>et</strong></span> <span class='ocrx_word' id='word_1_398' title='bbox 1951 4748 2104 4795; x_wconf 84' lang='lat' dir='ltr'><strong>aver-</strong></span> 
     </span>
    </p>
   </div>
   <div class='ocr_carea' id='block_1_50' title="bbox 519 4822 2098 4895">
    <p class='ocr_par' dir='ltr' id='par_1_50' title="bbox 519 4822 2098 4895">
     <span class='ocr_line' id='line_1_50' title="bbox 519 4822 2098 4895; baseline 0.006 -17"><span class='ocrx_word' id='word_1_399' title='bbox 519 4832 635 4878; x_wconf 89' lang='lat' dir='ltr'><strong>tere</strong></span> <span class='ocrx_word' id='word_1_400' title='bbox 664 4823 850 4880; x_wconf 81' lang='lat' dir='ltr'><strong>faciem</strong></span> <span class='ocrx_word' id='word_1_401' title='bbox 880 4841 908 4878; x_wconf 90' lang='lat' dir='ltr'><strong>a</strong></span> <span class='ocrx_word' id='word_1_402' title='bbox 941 4836 1211 4895; x_wconf 76' lang='lat' dir='ltr'><strong>peCCanle,</strong></span> <span class='ocrx_word' id='word_1_403' title='bbox 1243 4834 1294 4881; x_wconf 85' lang='lat' dir='ltr'><strong>et</strong></span> <span class='ocrx_word' id='word_1_404' title='bbox 1336 4841 1440 4881; x_wconf 90' lang='lat' dir='ltr'><strong>non</strong></span> <span class='ocrx_word' id='word_1_405' title='bbox 1471 4836 1711 4883; x_wconf 84' lang='lat' dir='ltr'><strong>avertere</strong></span> <span class='ocrx_word' id='word_1_406' title='bbox 1735 4844 1763 4883; x_wconf 89' lang='lat' dir='ltr'><strong>a</strong></span> <span class='ocrx_word' id='word_1_407' title='bbox 1793 4822 2098 4888; x_wconf 79' lang='lat' dir='ltr'><strong>coitlltettte.</strong></span> 
     </span>
    </p>
   </div>
   <div class='ocr_carea' id='block_1_51' title="bbox 520 4916 2103 4996">
    <p class='ocr_par' dir='ltr' id='par_1_51' title="bbox 520 4916 2103 4996">
     <span class='ocr_line' id='line_1_51' title="bbox 520 4916 2103 4996; baseline 0.007 -26"><span class='ocrx_word' id='word_1_408' title='bbox 520 4916 703 4988; x_wconf 85' lang='lat' dir='ltr'><strong>itaque</strong></span> <span class='ocrx_word' id='word_1_409' title='bbox 732 4917 854 4971; x_wconf 88' lang='lat' dir='ltr'><strong>alibi</strong></span> <span class='ocrx_word' id='word_1_410' title='bbox 887 4918 935 4972; x_wconf 91' lang='lat' dir='ltr'><strong>ei</strong></span> <span class='ocrx_word' id='word_1_411' title='bbox 975 4918 1169 4975; x_wconf 89' lang='lat' dir='ltr'><strong>dicitur</strong></span> <span class='ocrx_word' id='word_1_412' title='bbox 1198 4937 1212 4973; x_wconf 92' lang='lat'><strong>:</strong></span> <span class='ocrx_word' id='word_1_413' title='bbox 1240 4919 1417 4975; x_wconf 77' lang='lat' dir='ltr'><strong>Averte</strong></span> <span class='ocrx_word' id='word_1_414' title='bbox 1444 4920 1624 4994; x_wconf 77' lang='lat' dir='ltr'><strong>faciem</strong></span> <span class='ocrx_word' id='word_1_415' title='bbox 1655 4932 1789 4977; x_wconf 82' lang='lat' dir='ltr'><strong>tuam</strong></span> <span class='ocrx_word' id='word_1_416' title='bbox 1828 4936 1860 4978; x_wconf 83' lang='grc' dir='ltr'><em>α</em></span> <span class='ocrx_word' id='word_1_417' title='bbox 1887 4927 2103 4996; x_wconf 67' lang='lat' dir='ltr'><strong>peccatis</strong></span> 
     </span>
    </p>
   </div>
   <div class='ocr_carea' id='block_1_52' title="bbox 519 5006 2105 5086">
    <p class='ocr_par' dir='ltr' id='par_1_52' title="bbox 519 5006 2105 5086">
     <span class='ocr_line' id='line_1_52' title="bbox 519 5006 2105 5086; baseline 0.007 -23"><span class='ocrx_word' id='word_1_418' title='bbox 519 5012 678 5078; x_wconf 62' lang='lat' dir='ltr'><strong>mais,‘</strong></span> <span class='ocrx_word' id='word_1_419' title='bbox 706 5019 760 5066; x_wconf 91' lang='lat' dir='ltr'><strong>et</strong></span> <span class='ocrx_word' id='word_1_420' title='bbox 785 5006 908 5065; x_wconf 88' lang='lat' dir='ltr'><strong>alibi</strong></span> <span class='ocrx_word' id='word_1_421' title='bbox 938 5011 984 5065; x_wconf 85' lang='lat' dir='ltr'><strong>ei</strong></span> <span class='ocrx_word' id='word_1_422' title='bbox 1016 5010 1208 5067; x_wconf 85' lang='lat' dir='ltr'><strong>dicitur</strong></span> <span class='ocrx_word' id='word_1_423' title='bbox 1234 5032 1248 5067; x_wconf 86' lang='lat'><strong>:</strong></span> <span class='ocrx_word' id='word_1_424' title='bbox 1281 5012 1363 5069; x_wconf 80' lang='lat' dir='ltr'><strong>Ne</strong></span> <span class='ocrx_word' id='word_1_425' title='bbox 1390 5025 1587 5070; x_wconf 76' lang='lat' dir='ltr'><strong>avertas</strong></span> <span class='ocrx_word' id='word_1_426' title='bbox 1613 5016 1791 5086; x_wconf 77' lang='lat' dir='ltr'><strong>facient</strong></span> <span class='ocrx_word' id='word_1_427' title='bbox 1812 5024 1949 5072; x_wconf 83' lang='lat' dir='ltr'><strong>tuam</strong></span> <span class='ocrx_word' id='word_1_428' title='bbox 1974 5034 2005 5070; x_wconf 90' lang='lat' dir='ltr'><strong>a</strong></span> <span class='ocrx_word' id='word_1_429' title='bbox 2026 5026 2105 5073; x_wconf 80' lang='lat' dir='ltr'><strong>me</strong></span> 
     </span>
    </p>
   </div>
   <div class='ocr_carea' id='block_1_53' title="bbox 518 5096 2103 5177">
    <p class='ocr_par' dir='ltr' id='par_1_53' title="bbox 518 5096 2103 5177">
     <span class='ocr_line' id='line_1_53' title="bbox 518 5096 2103 5177; baseline 0.006 -21"><span class='ocrx_word' id='word_1_430' title='bbox 518 5102 689 5174; x_wconf 71' lang='grc' dir='ltr'><strong>(Ρδαι.</strong></span> <span class='ocrx_word' id='word_1_431' title='bbox 724 5120 879 5170; x_wconf 81' lang='lat' dir='ltr'><strong>xxvi,</strong></span> <span class='ocrx_word' id='word_1_432' title='bbox 905 5104 982 5177; x_wconf 87' lang='lat'><strong>9).</strong></span> <span class='ocrx_word' id='word_1_433' title='bbox 1013 5102 1107 5171; x_wconf 91' lang='lat' dir='ltr'><strong>lbi,</strong></span> <span class='ocrx_word' id='word_1_434' title='bbox 1138 5102 1179 5159; x_wconf 81' lang='grc' dir='ltr'><strong>Ᾱ</strong></span> <span class='ocrx_word' id='word_1_435' title='bbox 1221 5096 1447 5176; x_wconf 82' lang='lat' dir='ltr'><strong>peccatis</strong></span> <span class='ocrx_word' id='word_1_436' title='bbox 1474 5110 1605 5163; x_wconf 89' lang='lat' dir='ltr'><strong>meis</strong></span> <span class='ocrx_word' id='word_1_437' title='bbox 1631 5120 1813 5165; x_wconf 86' lang='lat' dir='ltr'><strong>averte</strong></span> <span class='ocrx_word' id='word_1_438' title='bbox 1841 5127 1855 5176; x_wconf 92' lang='lat'><strong>;</strong></span> <span class='ocrx_word' id='word_1_439' title='bbox 1891 5110 1975 5165; x_wconf 89' lang='lat' dir='ltr'><strong>hic</strong></span> <span class='ocrx_word' id='word_1_440' title='bbox 2002 5124 2103 5166; x_wconf 78' lang='lat' dir='ltr'><strong>au-</strong></span> 
     </span>
    </p>
   </div>
   <div class='ocr_carea' id='block_1_54' title="bbox 518 5194 2097 5272">
    <p class='ocr_par' dir='ltr' id='par_1_54' title="bbox 518 5194 2097 5272">
     <span class='ocr_line' id='line_1_54' title="bbox 518 5194 2097 5272; baseline 0.005 -23"><span class='ocrx_word' id='word_1_441' title='bbox 518 5204 646 5254; x_wconf 83' lang='lat' dir='ltr'><strong>tem.</strong></span> <span class='ocrx_word' id='word_1_442' title='bbox 681 5196 719 5250; x_wconf 86' lang='lat' dir='ltr'><strong>A</strong></span> <span class='ocrx_word' id='word_1_443' title='bbox 753 5213 835 5252; x_wconf 87' lang='lat' dir='ltr'><strong>tne</strong></span> <span class='ocrx_word' id='word_1_444' title='bbox 864 5194 971 5252; x_wconf 90' lang='lat' dir='ltr'><strong>noli</strong></span> <span class='ocrx_word' id='word_1_445' title='bbox 1000 5206 1260 5252; x_wconf 85' lang='lat' dir='ltr'><strong>avertere.</strong></span> <span class='ocrx_word' id='word_1_446' title='bbox 1288 5197 1554 5257; x_wconf 75' lang='lat' dir='ltr'><strong>Confitere</strong></span> <span class='ocrx_word' id='word_1_447' title='bbox 1579 5215 1725 5272; x_wconf 84' lang='lat' dir='ltr'><strong>ergo,</strong></span> <span class='ocrx_word' id='word_1_448' title='bbox 1771 5206 1825 5258; x_wconf 90' lang='lat' dir='ltr'><strong>et</strong></span> <span class='ocrx_word' id='word_1_449' title='bbox 1869 5201 2052 5258; x_wconf 87' lang='lat' dir='ltr'><strong>invoca</strong></span> <span class='ocrx_word' id='word_1_450' title='bbox 2085 5220 2097 5257; x_wconf 91' lang='lat'><strong>:</strong></span> 
     </span>
    </p>
   </div>
   <div class='ocr_carea' id='block_1_55' title="bbox 519 5288 2103 5363">
    <p class='ocr_par' dir='ltr' id='par_1_55' title="bbox 519 5288 2103 5363">
     <span class='ocr_line' id='line_1_55' title="bbox 519 5288 2103 5363; baseline 0.003 -19"><span class='ocrx_word' id='word_1_451' title='bbox 519 5289 822 5344; x_wconf 80' lang='lat' dir='ltr'><strong>conﬁtendo</strong></span> <span class='ocrx_word' id='word_1_452' title='bbox 847 5291 986 5345; x_wconf 85' lang='lat' dir='ltr'><strong>enim</strong></span> <span class='ocrx_word' id='word_1_453' title='bbox 1017 5288 1240 5345; x_wconf 80' lang='lat' dir='ltr'><strong>mundus</strong></span> <span class='ocrx_word' id='word_1_454' title='bbox 1264 5293 1514 5361; x_wconf 82' lang='lat' dir='ltr'><strong>templum</strong></span> <span class='ocrx_word' id='word_1_455' title='bbox 1556 5309 1661 5363; x_wconf 91' lang='lat' dir='ltr'><strong>quo</strong></span> <span class='ocrx_word' id='word_1_456' title='bbox 1686 5294 1862 5349; x_wconf 80' lang='lat' dir='ltr'><strong>veniat</strong></span> <span class='ocrx_word' id='word_1_457' title='bbox 1890 5292 2103 5349; x_wconf 69' lang='lat' dir='ltr'><strong>inruen-</strong></span> 
     </span>
    </p>
   </div>
   <div class='ocr_carea' id='block_1_56' title="bbox 521 5380 2101 5455">
    <p class='ocr_par' dir='ltr' id='par_1_56' title="bbox 521 5380 2101 5455">
     <span class='ocr_line' id='line_1_56' title="bbox 521 5380 2101 5455; baseline 0.004 -21"><span class='ocrx_word' id='word_1_458' title='bbox 521 5388 623 5435; x_wconf 87' lang='lat' dir='ltr'><strong>tus.</strong></span> <span class='ocrx_word' id='word_1_459' title='bbox 656 5380 941 5443; x_wconf 79' lang='lat' dir='ltr'><strong>Conﬁtere,</strong></span> <span class='ocrx_word' id='word_1_460' title='bbox 992 5390 1046 5437; x_wconf 90' lang='lat' dir='ltr'><strong>et</strong></span> <span class='ocrx_word' id='word_1_461' title='bbox 1084 5382 1287 5437; x_wconf 88' lang='lat' dir='ltr'><strong>invoca.</strong></span> <span class='ocrx_word' id='word_1_462' title='bbox 1322 5386 1538 5439; x_wconf 83' lang='lat' dir='ltr'><strong>Avertat</strong></span> <span class='ocrx_word' id='word_1_463' title='bbox 1582 5382 1765 5440; x_wconf 84' lang='lat' dir='ltr'><strong>faciem</strong></span> <span class='ocrx_word' id='word_1_464' title='bbox 1810 5401 1841 5441; x_wconf 88' lang='lat' dir='ltr'><strong>a</strong></span> <span class='ocrx_word' id='word_1_465' title='bbox 1869 5380 2101 5455; x_wconf 77' lang='lat' dir='ltr'><strong>peccatis</strong></span> 
     </span>
    </p>
   </div>
   <div class='ocr_carea' id='block_1_57' title="bbox 518 5474 2098 5545">
    <p class='ocr_par' dir='ltr' id='par_1_57' title="bbox 518 5474 2098 5545">
     <span class='ocr_line' id='line_1_57' title="bbox 518 5474 2098 5545; baseline 0.004 -18"><span class='ocrx_word' id='word_1_466' title='bbox 518 5474 620 5527; x_wconf 77' lang='lat' dir='ltr'><strong>tuis</strong></span> <span class='ocrx_word' id='word_1_467' title='bbox 646 5491 661 5537; x_wconf 87' lang='lat'><strong>;</strong></span> <span class='ocrx_word' id='word_1_468' title='bbox 693 5488 793 5528; x_wconf 85' lang='lat' dir='ltr'><strong>nOn</strong></span> <span class='ocrx_word' id='word_1_469' title='bbox 822 5484 1026 5528; x_wconf 81' lang='lat' dir='ltr'><strong>avertat</strong></span> <span class='ocrx_word' id='word_1_470' title='bbox 1050 5491 1079 5529; x_wconf 90' lang='lat' dir='ltr'><strong>a</strong></span> <span class='ocrx_word' id='word_1_471' title='bbox 1112 5485 1162 5529; x_wconf 90' lang='lat' dir='ltr'><strong>te</strong></span> <span class='ocrx_word' id='word_1_472' title='bbox 1194 5495 1210 5532; x_wconf 87' lang='lat'><strong>:</strong></span> <span class='ocrx_word' id='word_1_473' title='bbox 1238 5484 1443 5529; x_wconf 85' lang='lat' dir='ltr'><strong>avertat</strong></span> <span class='ocrx_word' id='word_1_474' title='bbox 1469 5477 1650 5531; x_wconf 80' lang='lat' dir='ltr'><strong>faciem</strong></span> <span class='ocrx_word' id='word_1_475' title='bbox 1682 5477 1746 5532; x_wconf 87' lang='lat' dir='ltr'><strong>ah</strong></span> <span class='ocrx_word' id='word_1_476' title='bbox 1774 5494 1838 5533; x_wconf 90' lang='lat' dir='ltr'><strong>eo</strong></span> <span class='ocrx_word' id='word_1_477' title='bbox 1865 5478 2003 5545; x_wconf 82' lang='lat' dir='ltr'><strong>quod</strong></span> <span class='ocrx_word' id='word_1_478' title='bbox 2045 5485 2098 5533; x_wconf 90' lang='lat' dir='ltr'><strong>tu</strong></span> 
     </span>
    </p>
   </div>
   <div class='ocr_carea' id='block_1_58' title="bbox 519 5558 2097 5639">
    <p class='ocr_par' dir='ltr' id='par_1_58' title="bbox 519 5558 2097 5639">
     <span class='ocr_line' id='line_1_58' title="bbox 519 5558 2097 5639; baseline 0.003 -21"><span class='ocrx_word' id='word_1_479' title='bbox 519 5565 729 5622; x_wconf 79' lang='lat' dir='ltr'><strong>fecisti:</strong></span> <span class='ocrx_word' id='word_1_480' title='bbox 768 5582 869 5620; x_wconf 89' lang='lat' dir='ltr'><strong>non</strong></span> <span class='ocrx_word' id='word_1_481' title='bbox 898 5575 1102 5621; x_wconf 62' lang='lat' dir='ltr'><strong>avertit</strong></span> <span class='ocrx_word' id='word_1_482' title='bbox 1145 5565 1212 5621; x_wconf 89' lang='lat' dir='ltr'><strong>ab</strong></span> <span class='ocrx_word' id='word_1_483' title='bbox 1251 5584 1315 5621; x_wconf 87' lang='lat' dir='ltr'><strong>eo</strong></span> <span class='ocrx_word' id='word_1_484' title='bbox 1344 5567 1481 5639; x_wconf 87' lang='lat' dir='ltr'><strong>quod</strong></span> <span class='ocrx_word' id='word_1_485' title='bbox 1516 5570 1627 5636; x_wconf 86' lang='lat' dir='ltr'><strong>ipse</strong></span> <span class='ocrx_word' id='word_1_486' title='bbox 1657 5569 1795 5623; x_wconf 75' lang='lat' dir='ltr'><strong>fecit.</strong></span> <span class='ocrx_word' id='word_1_487' title='bbox 1843 5558 1918 5624; x_wconf 83' lang='lat' dir='ltr'><strong>Te</strong></span> <span class='ocrx_word' id='word_1_488' title='bbox 1958 5569 2097 5623; x_wconf 84' lang='lat' dir='ltr'><strong>enim</strong></span> 
     </span>
    </p>
   </div>
   <div class='ocr_carea' id='block_1_59' title="bbox 523 5657 2096 5730">
    <p class='ocr_par' dir='ltr' id='par_1_59' title="bbox 523 5657 2096 5730">
     <span class='ocr_line' id='line_1_59' title="bbox 523 5657 2096 5730; baseline 0.001 -17"><span class='ocrx_word' id='word_1_489' title='bbox 523 5659 793 5713; x_wconf 78' lang='lat' dir='ltr'><strong>hominem</strong></span> <span class='ocrx_word' id='word_1_490' title='bbox 826 5660 937 5730; x_wconf 79' lang='lat' dir='ltr'><strong>ipso</strong></span> <span class='ocrx_word' id='word_1_491' title='bbox 988 5657 1147 5723; x_wconf 74' lang='lat' dir='ltr'><strong>fecit;</strong></span> <span class='ocrx_word' id='word_1_492' title='bbox 1180 5671 1390 5729; x_wconf 79' lang='lat' dir='ltr'><strong>peccata</strong></span> <span class='ocrx_word' id='word_1_493' title='bbox 1446 5671 1527 5714; x_wconf 86' lang='lat' dir='ltr'><strong>tua</strong></span> <span class='ocrx_word' id='word_1_494' title='bbox 1557 5661 1667 5728; x_wconf 69' lang='lat' dir='ltr'><strong>ipse</strong></span> <span class='ocrx_word' id='word_1_495' title='bbox 1699 5659 1885 5716; x_wconf 88' lang='lat' dir='ltr'><strong>fecisti.</strong></span> <span class='ocrx_word' id='word_1_496' title='bbox 1915 5660 2096 5715; x_wconf 85' lang='lat' dir='ltr'><strong>Conli-</strong></span> 
     </span>
    </p>
   </div>
   <div class='ocr_carea' id='block_1_60' title="bbox 523 5751 2099 5824">
    <p class='ocr_par' dir='ltr' id='par_1_60' title="bbox 523 5751 2099 5824">
     <span class='ocr_line' id='line_1_60' title="bbox 523 5751 2099 5824; baseline 0.004 -18"><span class='ocrx_word' id='word_1_497' title='bbox 523 5760 634 5804; x_wconf 72' lang='grc' dir='ltr'><strong>ιρι-θ</strong></span> <span class='ocrx_word' id='word_1_498' title='bbox 681 5768 826 5819; x_wconf 67' lang='lat' dir='ltr'><strong>ergo.</strong></span> <span class='ocrx_word' id='word_1_499' title='bbox 869 5763 921 5807; x_wconf 89' lang='lat' dir='ltr'><strong>et</strong></span> <span class='ocrx_word' id='word_1_500' title='bbox 954 5755 1136 5809; x_wconf 74' lang='lat' dir='ltr'><strong>inVoca</strong></span> <span class='ocrx_word' id='word_1_501' title='bbox 1162 5770 1177 5819; x_wconf 89' lang='lat'><strong>;</strong></span> <span class='ocrx_word' id='word_1_502' title='bbox 1205 5754 1292 5810; x_wconf 77' lang='lat' dir='ltr'><strong>dic</strong></span> <span class='ocrx_word' id='word_1_503' title='bbox 1320 5772 1333 5811; x_wconf 89' lang='lat'><strong>:</strong></span> <span class='ocrx_word' id='word_1_504' title='bbox 1364 5751 1720 5824; x_wconf 80' lang='lat' dir='ltr'><strong>Conﬁtebimar</strong></span> <span class='ocrx_word' id='word_1_505' title='bbox 1758 5754 1873 5823; x_wconf 84' lang='lat' dir='ltr'><strong>tibi,</strong></span> <span class='ocrx_word' id='word_1_506' title='bbox 1918 5754 2050 5812; x_wconf 85' lang='lat' dir='ltr'><strong>Dcus</strong></span> <span class='ocrx_word' id='word_1_507' title='bbox 2080 5772 2099 5811; x_wconf 91' lang='lat'><strong><em>:</em></strong></span> 
     </span>
    </p>
   </div>
   <div class='ocr_carea' id='block_1_61' title="bbox 523 5840 1005 5907">
    <p class='ocr_par' dir='ltr' id='par_1_61' title="bbox 523 5840 1005 5907">
     <span class='ocr_line' id='line_1_61' title="bbox 523 5840 1005 5907; baseline 0.015 -16"><span class='ocrx_word' id='word_1_508' title='bbox 523 5840 869 5907; x_wconf 78' lang='lat' dir='ltr'><strong>conﬁtebimur</strong></span> <span class='ocrx_word' id='word_1_509' title='bbox 898 5845 1005 5898; x_wconf 86' lang='lat' dir='ltr'><strong>tibi.</strong></span> 
     </span>
    </p>
   </div>
   <div class='ocr_carea' id='block_1_62' title="bbox 590 5954 1108 6021">
    <p class='ocr_par' dir='ltr' id='par_1_62' title="bbox 590 5954 1108 6021">
     <span class='ocr_line' id='line_1_62' title="bbox 590 5954 1108 6021; baseline 0.017 -20"><span class='ocrx_word' id='word_1_510' title='bbox 590 5954 606 5984; x_wconf 76' lang='grc' dir='ltr'>ί</span> <span class='ocrx_word' id='word_1_511' title='bbox 633 5960 837 6011; x_wconf 83' lang='lat' dir='ltr'><strong>Quatuor</strong></span> <span class='ocrx_word' id='word_1_512' title='bbox 859 5964 986 6021; x_wconf 71' lang='lat' dir='ltr'><strong>Mss,</strong></span> <span class='ocrx_word' id='word_1_513' title='bbox 1010 5972 1108 6010; x_wconf 86' lang='lat' dir='ltr'><strong>ore.</strong></span> 
     </span>
    </p>
   </div>
   <div class='ocr_carea' id='block_1_63' title="bbox 1722 460 2103 556">
    <p class='ocr_par' dir='ltr' id='par_1_63' title="bbox 1722 460 2103 537">
     <span class='ocr_line' id='line_1_63' title="bbox 1722 460 2103 537; baseline -0.026 0"><span class='ocrx_word' id='word_1_514' title='bbox 1722 462 1777 537; x_wconf 73' lang='grc' dir='ltr'><strong>ς.</strong></span> <span class='ocrx_word' id='word_1_515' title='bbox 1817 460 2103 535; x_wconf 60' lang='lat' dir='ltr'><strong>sucosa</strong></span> 
     </span>
    </p>
   </div>
   <div class='ocr_carea' id='block_1_64' title="bbox 2213 460 3706 556">
    <p class='ocr_par' dir='ltr' id='par_1_64' title="bbox 2224 468 3706 556">
     <span class='ocr_line' id='line_1_64' title="bbox 2224 468 3706 556; baseline 0 -26"><span class='ocrx_word' id='word_1_516' title='bbox 2224 468 2533 532; x_wconf 82' lang='lat' dir='ltr'><strong>EPlSCOPl</strong></span> <span class='ocrx_word' id='word_1_517' title='bbox 3634 470 3706 556; x_wconf 56' lang='grc' dir='ltr'><strong>ω)</strong></span> 
     </span>
    </p>
   </div>
   <div class='ocr_carea' id='block_1_65' title="bbox 2288 576 3707 667">
    <p class='ocr_par' dir='ltr' id='par_1_65' title="bbox 2288 576 3707 667">
     <span class='ocr_line' id='line_1_65' title="bbox 2288 576 3707 667; baseline 0.002 -21"><span class='ocrx_word' id='word_1_518' title='bbox 2288 590 2323 645; x_wconf 82' lang='lat'><strong>&#39;5</strong></span> <span class='ocrx_word' id='word_1_519' title='bbox 2374 588 2487 657; x_wconf 79' lang='lat' dir='ltr'><strong>Ipsa</strong></span> <span class='ocrx_word' id='word_1_520' title='bbox 2516 578 2785 659; x_wconf 83' lang='lat' dir='ltr'><strong>repetitio,</strong></span> <span class='ocrx_word' id='word_1_521' title='bbox 2815 576 3153 650; x_wconf 55' lang='lat' dir='ltr'><strong>conamini)</strong></span> <span class='ocrx_word' id='word_1_522' title='bbox 3181 596 3280 660; x_wconf 75' lang='lat' dir='ltr'><strong>est.</strong></span> <span class='ocrx_word' id='word_1_523' title='bbox 3311 616 3374 658; x_wconf 88' lang='lat' dir='ltr'><strong>ne</strong></span> <span class='ocrx_word' id='word_1_524' title='bbox 3398 608 3444 663; x_wconf 77' lang='lat' dir='ltr'><strong>te</strong></span> <span class='ocrx_word' id='word_1_525' title='bbox 3478 588 3707 667; x_wconf 57' lang='grc' dir='ltr'><strong>ὀὸἠῆξειιω</strong></span> 
     </span>
    </p>
   </div>
   <div class='ocr_carea' id='block_1_66' title="bbox 2221 673 3707 769">
    <p class='ocr_par' dir='ltr' id='par_1_66' title="bbox 2221 673 3707 769">
     <span class='ocr_line' id='line_1_66' title="bbox 2221 673 3707 769; baseline 0.014 -36"><span class='ocrx_word' id='word_1_526' title='bbox 2221 695 2339 738; x_wconf 73' lang='lat' dir='ltr'><strong>esse</strong></span> <span class='ocrx_word' id='word_1_527' title='bbox 2363 682 2637 752; x_wconf 62' lang='lat' dir='ltr'><strong>paeniteat.</strong></span> <span class='ocrx_word' id='word_1_528' title='bbox 2687 682 2799 736; x_wconf 67' lang='lat' dir='ltr'><strong>Non</strong></span> <span class='ocrx_word' id='word_1_529' title='bbox 2828 684 2968 738; x_wconf 84' lang='lat' dir='ltr'><strong>enim</strong></span> <span class='ocrx_word' id='word_1_530' title='bbox 3000 673 3373 747; x_wconf 22' lang='lat' dir='ltr'><strong>alieuilet‘ndcii</strong></span> <span class='ocrx_word' id='word_1_531' title='bbox 3399 695 3633 754; x_wconf 70' lang='lat' dir='ltr'><strong>confessus</strong></span> <span class='ocrx_word' id='word_1_532' title='bbox 3654 716 3707 769; x_wconf 80' lang='lat' dir='ltr'><strong>es;</strong></span> 
     </span>
    </p>
   </div>
   <div class='ocr_carea' id='block_1_67' title="bbox 2220 773 3710 849">
    <p class='ocr_par' dir='ltr' id='par_1_67' title="bbox 2220 773 3710 849">
     <span class='ocr_line' id='line_1_67' title="bbox 2220 773 3710 849; baseline 0.011 -25"><span class='ocrx_word' id='word_1_533' title='bbox 2220 790 2325 829; x_wconf 83' lang='lat' dir='ltr'><strong>non</strong></span> <span class='ocrx_word' id='word_1_534' title='bbox 2357 774 2532 837; x_wconf 87' lang='lat' dir='ltr'><strong>ultori,</strong></span> <span class='ocrx_word' id='word_1_535' title='bbox 2570 789 2672 828; x_wconf 90' lang='lat' dir='ltr'><strong>non</strong></span> <span class='ocrx_word' id='word_1_536' title='bbox 2705 773 3008 832; x_wconf 88' lang='lat' dir='ltr'><strong>ittsultatori</strong></span> <span class='ocrx_word' id='word_1_537' title='bbox 3039 796 3052 832; x_wconf 93' lang='lat'>:</span> <span class='ocrx_word' id='word_1_538' title='bbox 3082 780 3333 836; x_wconf 87' lang='lat' dir='ltr'><strong>confitere</strong></span> <span class='ocrx_word' id='word_1_539' title='bbox 3374 800 3579 842; x_wconf 82' lang='lat' dir='ltr'><strong>securus.</strong></span> <span class='ocrx_word' id='word_1_540' title='bbox 3615 784 3710 849; x_wconf 63' lang='lat' dir='ltr'><strong>Audi</strong></span> 
     </span>
    </p>
   </div>
   <div class='ocr_carea' id='block_1_68' title="bbox 2220 864 3713 948">
    <p class='ocr_par' dir='ltr' id='par_1_68' title="bbox 2220 864 3713 948">
     <span class='ocr_line' id='line_1_68' title="bbox 2220 864 3713 948; baseline 0.014 -28"><span class='ocrx_word' id='word_1_541' title='bbox 2220 869 2376 921; x_wconf 88' lang='lat' dir='ltr'><strong>aliam</strong></span> <span class='ocrx_word' id='word_1_542' title='bbox 2424 884 2605 921; x_wconf 84' lang='lat' dir='ltr'><strong>vocem</strong></span> <span class='ocrx_word' id='word_1_543' title='bbox 2651 869 2835 938; x_wconf 74' lang='lat' dir='ltr'><strong>psalmi</strong></span> <span class='ocrx_word' id='word_1_544' title='bbox 2876 864 3251 928; x_wconf 80' lang='lat' dir='ltr'><strong>adhortantem</strong></span> <span class='ocrx_word' id='word_1_545' title='bbox 3282 894 3292 928; x_wconf 91' lang='lat'><strong>:</strong></span> <span class='ocrx_word' id='word_1_546' title='bbox 3320 872 3598 948; x_wconf 64' lang='grc' dir='ltr'><strong>(Σουρήνιηὶιή</strong></span> <span class='ocrx_word' id='word_1_547' title='bbox 3636 878 3713 941; x_wconf 80' lang='lat' dir='ltr'><strong>flu-</strong></span> 
     </span>
    </p>
   </div>
   <div class='ocr_carea' id='block_1_69' title="bbox 2220 954 3713 1044">
    <p class='ocr_par' dir='ltr' id='par_1_69' title="bbox 2220 954 3713 1044">
     <span class='ocr_line' id='line_1_69' title="bbox 2220 954 3713 1044; baseline 0.009 -31"><span class='ocrx_word' id='word_1_548' title='bbox 2220 959 2374 1022; x_wconf 84' lang='lat' dir='ltr'><strong>mino,</strong></span> <span class='ocrx_word' id='word_1_549' title='bbox 2407 961 2645 1030; x_wconf 87' lang='lat' dir='ltr'><strong>quoniam</strong></span> <span class='ocrx_word' id='word_1_550' title='bbox 2673 961 2830 1015; x_wconf 78' lang='lat' dir='ltr'><strong>bonus</strong></span> <span class='ocrx_word' id='word_1_551' title='bbox 2851 972 2924 1017; x_wconf 77' lang='lat' dir='ltr'><strong>est</strong></span> <span class='ocrx_word' id='word_1_552' title='bbox 2956 954 3125 1033; x_wconf 73' lang='lat' dir='ltr'><strong>(Psal.</strong></span> <span class='ocrx_word' id='word_1_553' title='bbox 3159 974 3244 1032; x_wconf 67' lang='grc' dir='ltr'><strong>εν,</strong></span> <span class='ocrx_word' id='word_1_554' title='bbox 3277 963 3322 1032; x_wconf 89' lang='lat' dir='ltr'><strong>l,</strong></span> <span class='ocrx_word' id='word_1_555' title='bbox 3348 979 3392 1022; x_wconf 85' lang='lat' dir='ltr'><strong>et</strong></span> <span class='ocrx_word' id='word_1_556' title='bbox 3411 982 3506 1036; x_wconf 88' lang='lat' dir='ltr'><strong>cvl,</strong></span> <span class='ocrx_word' id='word_1_557' title='bbox 3529 972 3592 1042; x_wconf 88' lang='lat' dir='ltr'><strong>l).</strong></span> <span class='ocrx_word' id='word_1_558' title='bbox 3615 974 3713 1044; x_wconf 82' lang='lat' dir='ltr'><strong>Quid</strong></span> 
     </span>
    </p>
   </div>
   <div class='ocr_carea' id='block_1_70' title="bbox 2219 1048 3715 1125">
    <p class='ocr_par' dir='ltr' id='par_1_70' title="bbox 2219 1048 3715 1125">
     <span class='ocr_line' id='line_1_70' title="bbox 2219 1048 3715 1125; baseline 0.01 -17"><span class='ocrx_word' id='word_1_559' title='bbox 2219 1062 2319 1113; x_wconf 86' lang='lat' dir='ltr'><strong>est.</strong></span> <span class='ocrx_word' id='word_1_560' title='bbox 2348 1054 2582 1122; x_wconf 84' lang='lat' dir='ltr'><strong>quoniam</strong></span> <span class='ocrx_word' id='word_1_561' title='bbox 2618 1050 2776 1107; x_wconf 85' lang='lat' dir='ltr'><strong>bonas</strong></span> <span class='ocrx_word' id='word_1_562' title='bbox 2805 1048 2917 1110; x_wconf 76' lang='lat' dir='ltr'><strong>est?</strong></span> <span class='ocrx_word' id='word_1_563' title='bbox 2951 1055 3089 1124; x_wconf 79' lang='lat' dir='ltr'><strong>Quid</strong></span> <span class='ocrx_word' id='word_1_564' title='bbox 3116 1055 3309 1114; x_wconf 82' lang='lat' dir='ltr'><strong>lim‘etis</strong></span> <span class='ocrx_word' id='word_1_565' title='bbox 3326 1061 3715 1125; x_wconf 83' lang='lat' dir='ltr'><strong>ccttlitcri?bonus</strong></span> 
     </span>
    </p>
   </div>
   <div class='ocr_carea' id='block_1_71' title="bbox 2218 1144 3714 1229">
    <p class='ocr_par' dir='ltr' id='par_1_71' title="bbox 2218 1144 3714 1229">
     <span class='ocr_line' id='line_1_71' title="bbox 2218 1144 3714 1229; baseline 0.01 -28"><span class='ocrx_word' id='word_1_566' title='bbox 2218 1158 2297 1201; x_wconf 89' lang='lat' dir='ltr'><strong>est</strong></span> <span class='ocrx_word' id='word_1_567' title='bbox 2323 1163 2339 1213; x_wconf 91' lang='lat'><strong>;</strong></span> <span class='ocrx_word' id='word_1_568' title='bbox 2369 1145 2594 1216; x_wconf 83' lang='lat' dir='ltr'><strong>ignoscit</strong></span> <span class='ocrx_word' id='word_1_569' title='bbox 2621 1146 2913 1205; x_wconf 78' lang='lat' dir='ltr'><strong>conﬁtenti.</strong></span> <span class='ocrx_word' id='word_1_570' title='bbox 2947 1144 3097 1205; x_wconf 70' lang='lat' dir='ltr'><strong>&#39;l‘ime</strong></span> <span class='ocrx_word' id='word_1_571' title='bbox 3122 1149 3522 1224; x_wconf 80' lang='lat' dir='ltr'><strong>conﬁterijndici</strong></span> <span class='ocrx_word' id='word_1_572' title='bbox 3548 1156 3714 1229; x_wconf 84' lang='lat' dir='ltr'><strong>homini,</strong></span> 
     </span>
    </p>
   </div>
   <div class='ocr_carea' id='block_1_72' title="bbox 2226 1232 3717 1309">
    <p class='ocr_par' dir='ltr' id='par_1_72' title="bbox 2226 1232 3717 1309">
     <span class='ocr_line' id='line_1_72' title="bbox 2226 1232 3717 1309; baseline 0.009 -16"><span class='ocrx_word' id='word_1_573' title='bbox 2226 1254 2293 1293; x_wconf 86' lang='lat' dir='ltr'><strong>ne</strong></span> <span class='ocrx_word' id='word_1_574' title='bbox 2338 1234 2474 1293; x_wconf 90' lang='lat' dir='ltr'><strong>forte</strong></span> <span class='ocrx_word' id='word_1_575' title='bbox 2503 1234 2804 1294; x_wconf 75' lang='lat' dir='ltr'><strong>confessum</strong></span> <span class='ocrx_word' id='word_1_576' title='bbox 2839 1241 3058 1309; x_wconf 85' lang='lat' dir='ltr'><strong>puniat;</strong></span> <span class='ocrx_word' id='word_1_577' title='bbox 3090 1232 3197 1296; x_wconf 85' lang='lat' dir='ltr'><strong>Deo</strong></span> <span class='ocrx_word' id='word_1_578' title='bbox 3227 1242 3330 1299; x_wconf 91' lang='lat' dir='ltr'><strong>noli</strong></span> <span class='ocrx_word' id='word_1_579' title='bbox 3359 1263 3371 1297; x_wconf 92' lang='lat'><strong>:</strong></span> <span class='ocrx_word' id='word_1_580' title='bbox 3396 1244 3470 1301; x_wconf 87' lang='lat' dir='ltr'><strong>fac</strong></span> <span class='ocrx_word' id='word_1_581' title='bbox 3486 1248 3717 1307; x_wconf 74' lang='lat' dir='ltr'><strong>ccullteutlo</strong></span> 
     </span>
    </p>
   </div>
   <div class='ocr_carea' id='block_1_73' title="bbox 2218 1331 3716 1412">
    <p class='ocr_par' dir='ltr' id='par_1_73' title="bbox 2218 1331 3716 1412">
     <span class='ocr_line' id='line_1_73' title="bbox 2218 1331 3716 1412; baseline 0.008 -26"><span class='ocrx_word' id='word_1_582' title='bbox 2218 1331 2527 1402; x_wconf 84' lang='lat' dir='ltr'><strong>propitium,</strong></span> <span class='ocrx_word' id='word_1_583' title='bbox 2555 1347 2710 1401; x_wconf 87' lang='lat' dir='ltr'><strong>quem</strong></span> <span class='ocrx_word' id='word_1_584' title='bbox 2738 1331 2978 1403; x_wconf 84' lang='lat' dir='ltr'><strong>negando</strong></span> <span class='ocrx_word' id='word_1_585' title='bbox 3008 1349 3115 1390; x_wconf 87' lang='lat' dir='ltr'><strong>non</strong></span> <span class='ocrx_word' id='word_1_586' title='bbox 3146 1332 3273 1391; x_wconf 87' lang='lat' dir='ltr'><strong>facis</strong></span> <span class='ocrx_word' id='word_1_587' title='bbox 3300 1337 3535 1394; x_wconf 85' lang='lat' dir='ltr'><strong>nescium.</strong></span> <span class='ocrx_word' id='word_1_588' title='bbox 3553 1339 3716 1412; x_wconf 72' lang='lat' dir='ltr'><strong>Con/ite-</strong></span> 
     </span>
    </p>
   </div>
   <div class='ocr_carea' id='block_1_74' title="bbox 2219 1421 3715 1499">
    <p class='ocr_par' dir='ltr' id='par_1_74' title="bbox 2219 1421 3715 1499">
     <span class='ocr_line' id='line_1_74' title="bbox 2219 1421 3715 1499; baseline 0.008 -22"><span class='ocrx_word' id='word_1_589' title='bbox 2219 1423 2382 1477; x_wconf 75' lang='lat' dir='ltr'><strong>bit&#39;nur</strong></span> <span class='ocrx_word' id='word_1_590' title='bbox 2409 1424 2516 1485; x_wconf 80' lang='lat' dir='ltr'><strong>tibi,</strong></span> <span class='ocrx_word' id='word_1_591' title='bbox 2546 1421 2683 1478; x_wconf 82' lang='lat' dir='ltr'><strong>Dens</strong></span> <span class='ocrx_word' id='word_1_592' title='bbox 2698 1439 2720 1488; x_wconf 86' lang='lat'><strong><em>;</em></strong></span> <span class='ocrx_word' id='word_1_593' title='bbox 2747 1422 3116 1493; x_wconf 78' lang='lat' dir='ltr'><strong>conﬁtebimur,</strong></span> <span class='ocrx_word' id='word_1_594' title='bbox 3146 1436 3192 1481; x_wconf 82' lang='lat' dir='ltr'><strong>et</strong></span> <span class='ocrx_word' id='word_1_595' title='bbox 3218 1429 3385 1485; x_wconf 82' lang='lat' dir='ltr'><strong>securi</strong></span> <span class='ocrx_word' id='word_1_596' title='bbox 3405 1430 3504 1499; x_wconf 84' lang='lat' dir='ltr'><strong>jam</strong></span> <span class='ocrx_word' id='word_1_597' title='bbox 3526 1432 3715 1489; x_wconf 68' lang='lat' dir='ltr'><strong>invocabi-</strong></span> 
     </span>
    </p>
   </div>
   <div class='ocr_carea' id='block_1_75' title="bbox 2216 1513 3717 1581">
    <p class='ocr_par' dir='ltr' id='par_1_75' title="bbox 2216 1513 3717 1581">
     <span class='ocr_line' id='line_1_75' title="bbox 2216 1513 3717 1581; baseline 0.007 -12"><span class='ocrx_word' id='word_1_598' title='bbox 2216 1520 2329 1569; x_wconf 71' lang='lat' dir='ltr'><strong>mt&#39;ts</strong></span> <span class='ocrx_word' id='word_1_599' title='bbox 2349 1531 2528 1570; x_wconf 84' lang='lat' dir='ltr'><strong>nomen</strong></span> <span class='ocrx_word' id='word_1_600' title='bbox 2558 1522 2720 1573; x_wconf 82' lang='lat' dir='ltr'><strong>tuum.</strong></span> <span class='ocrx_word' id='word_1_601' title='bbox 2744 1513 3097 1572; x_wconf 73' lang='lat' dir='ltr'><strong>Exhausimus</strong></span> <span class='ocrx_word' id='word_1_602' title='bbox 3116 1519 3275 1574; x_wconf 82' lang='lat' dir='ltr'><strong>corda</strong></span> <span class='ocrx_word' id='word_1_603' title='bbox 3300 1528 3465 1578; x_wconf 84' lang='lat' dir='ltr'><strong>nostra</strong></span> <span class='ocrx_word' id='word_1_604' title='bbox 3488 1525 3717 1581; x_wconf 84' lang='lat' dir='ltr'><strong>confessio-</strong></span> 
     </span>
    </p>
   </div>
   <div class='ocr_carea' id='block_1_76' title="bbox 2218 1606 3715 1685">
    <p class='ocr_par' dir='ltr' id='par_1_76' title="bbox 2218 1606 3715 1685">
     <span class='ocr_line' id='line_1_76' title="bbox 2218 1606 3715 1685; baseline 0.008 -24"><span class='ocrx_word' id='word_1_605' title='bbox 2218 1625 2324 1675; x_wconf 87' lang='lat' dir='ltr'><strong>ne;</strong></span> <span class='ocrx_word' id='word_1_606' title='bbox 2356 1608 2611 1671; x_wconf 87' lang='lat' dir='ltr'><strong>terrnisti,</strong></span> <span class='ocrx_word' id='word_1_607' title='bbox 2645 1606 2932 1663; x_wconf 88' lang='lat' dir='ltr'><strong>mundasti.</strong></span> <span class='ocrx_word' id='word_1_608' title='bbox 2962 1607 3243 1665; x_wconf 79' lang='lat' dir='ltr'><strong>Confessio</strong></span> <span class='ocrx_word' id='word_1_609' title='bbox 3267 1624 3360 1667; x_wconf 92' lang='lat' dir='ltr'><strong>nos</strong></span> <span class='ocrx_word' id='word_1_610' title='bbox 3384 1611 3583 1671; x_wconf 80' lang='lat' dir='ltr'><strong>humiles</strong></span> <span class='ocrx_word' id='word_1_611' title='bbox 3601 1615 3715 1685; x_wconf 78' lang='lat' dir='ltr'><strong>facit,</strong></span> 
     </span>
    </p>
   </div>
   <div class='ocr_carea' id='block_1_77' title="bbox 2219 1698 3719 1772">
    <p class='ocr_par' dir='ltr' id='par_1_77' title="bbox 2219 1698 3719 1772">
     <span class='ocr_line' id='line_1_77' title="bbox 2219 1698 3719 1772; baseline 0.006 -18"><span class='ocrx_word' id='word_1_612' title='bbox 2219 1702 2509 1771; x_wconf 69' lang='lat' dir='ltr'><strong>propinqua</strong></span> <span class='ocrx_word' id='word_1_613' title='bbox 2543 1699 2849 1766; x_wconf 88' lang='lat' dir='ltr'><strong>humilibus,</strong></span> <span class='ocrx_word' id='word_1_614' title='bbox 2879 1700 2966 1772; x_wconf 88' lang='lat' dir='ltr'><strong>qui</strong></span> <span class='ocrx_word' id='word_1_615' title='bbox 2997 1702 3206 1759; x_wconf 83' lang='lat' dir='ltr'><strong>recedis</strong></span> <span class='ocrx_word' id='word_1_616' title='bbox 3230 1702 3297 1757; x_wconf 86' lang='lat' dir='ltr'><strong>ab</strong></span> <span class='ocrx_word' id='word_1_617' title='bbox 3322 1703 3543 1762; x_wconf 76' lang='lat' dir='ltr'><strong>excelsis.</strong></span> <span class='ocrx_word' id='word_1_618' title='bbox 3569 1698 3719 1763; x_wconf 74' lang='lat' dir='ltr'><strong>Firma-</strong></span> 
     </span>
    </p>
   </div>
   <div class='ocr_carea' id='block_1_78' title="bbox 2220 1786 3719 1859">
    <p class='ocr_par' dir='ltr' id='par_1_78' title="bbox 2220 1786 3719 1859">
     <span class='ocr_line' id='line_1_78' title="bbox 2220 1786 3719 1859; baseline 0.008 -22"><span class='ocrx_word' id='word_1_619' title='bbox 2220 1794 2456 1839; x_wconf 89' lang='lat' dir='ltr'><strong>mentum</strong></span> <span class='ocrx_word' id='word_1_620' title='bbox 2483 1793 2658 1839; x_wconf 89' lang='lat' dir='ltr'><strong>autem</strong></span> <span class='ocrx_word' id='word_1_621' title='bbox 2701 1798 2819 1839; x_wconf 88' lang='lat' dir='ltr'><strong>esse</strong></span> <span class='ocrx_word' id='word_1_622' title='bbox 2865 1786 3146 1840; x_wconf 70' lang='lat' dir='ltr'><strong>sententiae</strong></span> <span class='ocrx_word' id='word_1_623' title='bbox 3173 1786 3226 1841; x_wconf 92' lang='lat' dir='ltr'><strong>in</strong></span> <span class='ocrx_word' id='word_1_624' title='bbox 3265 1791 3566 1859; x_wconf 86' lang='lat' dir='ltr'><strong>repetitione,</strong></span> <span class='ocrx_word' id='word_1_625' title='bbox 3589 1793 3719 1849; x_wconf 79' lang='lat' dir='ltr'><strong>multis</strong></span> 
     </span>
    </p>
   </div>
   <div class='ocr_carea' id='block_1_79' title="bbox 2217 1877 3720 1954">
    <p class='ocr_par' dir='ltr' id='par_1_79' title="bbox 2217 1877 3720 1954">
     <span class='ocr_line' id='line_1_79' title="bbox 2217 1877 3720 1954; baseline 0.005 -19"><span class='ocrx_word' id='word_1_626' title='bbox 2217 1877 2608 1949; x_wconf 82' lang='lat' dir='ltr'><strong>Scripturarum</strong></span> <span class='ocrx_word' id='word_1_627' title='bbox 2653 1878 2783 1933; x_wconf 93' lang='lat' dir='ltr'><strong>locis</strong></span> <span class='ocrx_word' id='word_1_628' title='bbox 2811 1878 3085 1934; x_wconf 83' lang='lat' dir='ltr'><strong>docemur.</strong></span> <span class='ocrx_word' id='word_1_629' title='bbox 3117 1879 3243 1935; x_wconf 86' lang='lat' dir='ltr'><strong>Inde</strong></span> <span class='ocrx_word' id='word_1_630' title='bbox 3267 1892 3347 1937; x_wconf 86' lang='lat' dir='ltr'><strong>est</strong></span> <span class='ocrx_word' id='word_1_631' title='bbox 3370 1880 3499 1954; x_wconf 84' lang='lat' dir='ltr'><strong>quod</strong></span> <span class='ocrx_word' id='word_1_632' title='bbox 3525 1883 3720 1942; x_wconf 82' lang='lat' dir='ltr'><strong>Dominus</strong></span> 
     </span>
    </p>
   </div>
   <div class='ocr_carea' id='block_1_80' title="bbox 2216 1966 3722 2047">
    <p class='ocr_par' dir='ltr' id='par_1_80' title="bbox 2216 1966 3722 2047">
     <span class='ocr_line' id='line_1_80' title="bbox 2216 1966 3722 2047; baseline 0.002 -20"><span class='ocrx_word' id='word_1_633' title='bbox 2216 1973 2309 2037; x_wconf 80' lang='lat' dir='ltr'><strong>ait,</strong></span> <span class='ocrx_word' id='word_1_634' title='bbox 2336 1970 2496 2026; x_wconf 81' lang='lat' dir='ltr'><strong>Antea</strong></span> <span class='ocrx_word' id='word_1_635' title='bbox 2526 1988 2669 2025; x_wconf 88' lang='lat' dir='ltr'><strong>amen</strong></span> <span class='ocrx_word' id='word_1_636' title='bbox 2699 1966 2875 2044; x_wconf 79' lang='lat' dir='ltr'><strong>(Joan.</strong></span> <span class='ocrx_word' id='word_1_637' title='bbox 2905 1987 2942 2038; x_wconf 83' lang='grc' dir='ltr'><strong>ι,</strong></span> <span class='ocrx_word' id='word_1_638' title='bbox 2972 1966 3085 2041; x_wconf 78' lang='lat' dir='ltr'><strong>5t).</strong></span> <span class='ocrx_word' id='word_1_639' title='bbox 3136 1969 3263 2028; x_wconf 80' lang='lat' dir='ltr'><strong>Inde</strong></span> <span class='ocrx_word' id='word_1_640' title='bbox 3290 1972 3340 2028; x_wconf 89' lang='lat' dir='ltr'><strong>in</strong></span> <span class='ocrx_word' id='word_1_641' title='bbox 3364 1973 3595 2045; x_wconf 82' lang='lat' dir='ltr'><strong>aliquibus</strong></span> <span class='ocrx_word' id='word_1_642' title='bbox 3619 1977 3722 2047; x_wconf 74' lang='lat' dir='ltr'><strong>psal-</strong></span> 
     </span>
    </p>
   </div>
   <div class='ocr_carea' id='block_1_81' title="bbox 2217 2050 3721 2135">
    <p class='ocr_par' dir='ltr' id='par_1_81' title="bbox 2217 2050 3721 2135">
     <span class='ocr_line' id='line_1_81' title="bbox 2217 2050 3721 2135; baseline 0.004 -20"><span class='ocrx_word' id='word_1_643' title='bbox 2217 2063 2339 2128; x_wconf 86' lang='lat' dir='ltr'><strong>mis,</strong></span> <span class='ocrx_word' id='word_1_644' title='bbox 2373 2058 2511 2127; x_wconf 75' lang='lat' dir='ltr'><strong>Fiat,</strong></span> <span class='ocrx_word' id='word_1_645' title='bbox 2544 2062 2634 2130; x_wconf 80' lang='lat' dir='ltr'><strong>ﬁat</strong></span> <span class='ocrx_word' id='word_1_646' title='bbox 2672 2050 2844 2124; x_wconf 71' lang='lat' dir='ltr'><strong>(Psal.</strong></span> <span class='ocrx_word' id='word_1_647' title='bbox 2878 2071 3031 2127; x_wconf 73' lang='lat' dir='ltr'><strong>Lm,</strong></span> <span class='ocrx_word' id='word_1_648' title='bbox 3066 2060 3156 2127; x_wconf 86' lang='lat' dir='ltr'><strong>l9,</strong></span> <span class='ocrx_word' id='word_1_649' title='bbox 3202 2066 3251 2115; x_wconf 77' lang='lat' dir='ltr'><strong>et</strong></span> <span class='ocrx_word' id='word_1_650' title='bbox 3288 2077 3518 2131; x_wconf 76' lang='lat' dir='ltr'><strong>mxvtu,</strong></span> <span class='ocrx_word' id='word_1_651' title='bbox 3543 2064 3617 2135; x_wconf 80' lang='lat'><strong>53)</strong></span> <span class='ocrx_word' id='word_1_652' title='bbox 3640 2083 3650 2119; x_wconf 94' lang='lat'>:</span> <span class='ocrx_word' id='word_1_653' title='bbox 3672 2066 3721 2121; x_wconf 73' lang='lat' dir='ltr'><strong>ad</strong></span> 
     </span>
    </p>
   </div>
   <div class='ocr_carea' id='block_1_82' title="bbox 2216 2150 3721 2227">
    <p class='ocr_par' dir='ltr' id='par_1_82' title="bbox 2216 2150 3721 2227">
     <span class='ocr_line' id='line_1_82' title="bbox 2216 2150 3721 2227; baseline 0.003 -19"><span class='ocrx_word' id='word_1_654' title='bbox 2216 2154 2656 2224; x_wconf 75' lang='lat' dir='ltr'><strong>signiﬁcationem</strong></span> <span class='ocrx_word' id='word_1_655' title='bbox 2687 2153 2759 2207; x_wconf 85' lang='lat' dir='ltr'><strong>rei</strong></span> <span class='ocrx_word' id='word_1_656' title='bbox 2788 2150 3059 2208; x_wconf 87' lang='lat' dir='ltr'><strong>sul‘liceret</strong></span> <span class='ocrx_word' id='word_1_657' title='bbox 3102 2164 3263 2207; x_wconf 89' lang='lat' dir='ltr'><strong>unum</strong></span> <span class='ocrx_word' id='word_1_658' title='bbox 3295 2155 3418 2223; x_wconf 76' lang='lat' dir='ltr'><strong>ﬁat;</strong></span> <span class='ocrx_word' id='word_1_659' title='bbox 3438 2155 3497 2210; x_wconf 82' lang='lat' dir='ltr'><strong>ad</strong></span> <span class='ocrx_word' id='word_1_660' title='bbox 3518 2154 3721 2227; x_wconf 72' lang='lat' dir='ltr'><strong>signiﬁca-</strong></span> 
     </span>
    </p>
   </div>
   <div class='ocr_carea' id='block_1_83' title="bbox 2217 2240 3720 2319">
    <p class='ocr_par' dir='ltr' id='par_1_83' title="bbox 2217 2240 3720 2319">
     <span class='ocr_line' id='line_1_83' title="bbox 2217 2240 3720 2319; baseline 0.001 -20"><span class='ocrx_word' id='word_1_661' title='bbox 2217 2245 2415 2300; x_wconf 88' lang='lat' dir='ltr'><strong>tionem</strong></span> <span class='ocrx_word' id='word_1_662' title='bbox 2466 2243 2729 2298; x_wconf 87' lang='lat' dir='ltr'><strong>lirmitatis</strong></span> <span class='ocrx_word' id='word_1_663' title='bbox 2774 2242 2997 2299; x_wconf 71' lang='lat' dir='ltr'><strong>acceSsit</strong></span> <span class='ocrx_word' id='word_1_664' title='bbox 3040 2240 3267 2298; x_wconf 84' lang='lat' dir='ltr'><strong>alterum</strong></span> <span class='ocrx_word' id='word_1_665' title='bbox 3293 2244 3397 2314; x_wconf 77' lang='lat' dir='ltr'><strong>ﬁat.</strong></span> <span class='ocrx_word' id='word_1_666' title='bbox 3440 2243 3537 2300; x_wconf 74' lang='lat' dir='ltr'><strong>lies</strong></span> <span class='ocrx_word' id='word_1_667' title='bbox 3564 2244 3720 2319; x_wconf 63' lang='lat' dir='ltr'><strong>Egypt</strong></span> 
     </span>
    </p>
   </div>
   <div class='ocr_carea' id='block_1_84' title="bbox 2216 2330 3722 2409">
    <p class='ocr_par' dir='ltr' id='par_1_84' title="bbox 2216 2330 3722 2409">
     <span class='ocr_line' id='line_1_84' title="bbox 2216 2330 3722 2409; baseline 0.001 -17"><span class='ocrx_word' id='word_1_668' title='bbox 2216 2335 2446 2403; x_wconf 81' lang='lat' dir='ltr'><strong>Pharao,</strong></span> <span class='ocrx_word' id='word_1_669' title='bbox 2475 2335 2641 2391; x_wconf 88' lang='lat' dir='ltr'><strong>nostis</strong></span> <span class='ocrx_word' id='word_1_670' title='bbox 2660 2334 2801 2405; x_wconf 87' lang='lat' dir='ltr'><strong>quod</strong></span> <span class='ocrx_word' id='word_1_671' title='bbox 2827 2351 2947 2389; x_wconf 90' lang='lat' dir='ltr'><strong>cum</strong></span> <span class='ocrx_word' id='word_1_672' title='bbox 2972 2330 3043 2390; x_wconf 86' lang='lat' dir='ltr'><strong>ibi</strong></span> <span class='ocrx_word' id='word_1_673' title='bbox 3066 2333 3176 2405; x_wconf 86' lang='lat' dir='ltr'><strong>jam</strong></span> <span class='ocrx_word' id='word_1_674' title='bbox 3202 2344 3341 2391; x_wconf 88' lang='lat' dir='ltr'><strong>esset</strong></span> <span class='ocrx_word' id='word_1_675' title='bbox 3359 2335 3536 2409; x_wconf 77' lang='lat' dir='ltr'><strong>.loseph</strong></span> <span class='ocrx_word' id='word_1_676' title='bbox 3562 2348 3722 2409; x_wconf 82' lang='lat' dir='ltr'><strong>pmpter</strong></span> 
     </span>
    </p>
   </div>
   <div class='ocr_carea' id='block_1_85' title="bbox 2216 2424 3719 2501">
    <p class='ocr_par' dir='ltr' id='par_1_85' title="bbox 2216 2424 3719 2501">
     <span class='ocr_line' id='line_1_85' title="bbox 2216 2424 3719 2501; baseline 0.001 -17"><span class='ocrx_word' id='word_1_677' title='bbox 2216 2424 2481 2501; x_wconf 69' lang='lat' dir='ltr'><strong>pudicitiae</strong></span> <span class='ocrx_word' id='word_1_678' title='bbox 2509 2442 2745 2484; x_wconf 89' lang='lat' dir='ltr'><strong>amorem</strong></span> <span class='ocrx_word' id='word_1_679' title='bbox 2772 2427 3006 2483; x_wconf 88' lang='lat' dir='ltr'><strong>inclusus</strong></span> <span class='ocrx_word' id='word_1_680' title='bbox 3032 2425 3083 2481; x_wconf 90' lang='lat' dir='ltr'><strong>in</strong></span> <span class='ocrx_word' id='word_1_681' title='bbox 3116 2442 3346 2495; x_wconf 82' lang='lat' dir='ltr'><strong>carcere,</strong></span> <span class='ocrx_word' id='word_1_682' title='bbox 3375 2430 3491 2483; x_wconf 88' lang='lat' dir='ltr'><strong>vidit</strong></span> <span class='ocrx_word' id='word_1_683' title='bbox 3515 2431 3719 2485; x_wconf 80' lang='lat' dir='ltr'><strong>somnium</strong></span> 
     </span>
    </p>
   </div>
   <div class='ocr_carea' id='block_1_86' title="bbox 2217 2520 3720 2591">
    <p class='ocr_par' dir='ltr' id='par_1_86' title="bbox 2217 2520 3720 2591">
     <span class='ocr_line' id='line_1_86' title="bbox 2217 2520 3720 2591; baseline 0.001 -15"><span class='ocrx_word' id='word_1_684' title='bbox 2217 2521 2357 2576; x_wconf 88' lang='lat' dir='ltr'><strong>idem</strong></span> <span class='ocrx_word' id='word_1_685' title='bbox 2386 2520 2591 2576; x_wconf 86' lang='lat' dir='ltr'><strong>Pharao</strong></span> <span class='ocrx_word' id='word_1_686' title='bbox 2621 2527 2803 2575; x_wconf 90' lang='lat' dir='ltr'><strong>notum</strong></span> <span class='ocrx_word' id='word_1_687' title='bbox 2830 2520 3077 2575; x_wconf 88' lang='lat' dir='ltr'><strong>omnibus</strong></span> <span class='ocrx_word' id='word_1_688' title='bbox 3104 2521 3259 2577; x_wconf 88' lang='lat' dir='ltr'><strong>nobis</strong></span> <span class='ocrx_word' id='word_1_689' title='bbox 3281 2534 3295 2577; x_wconf 82' lang='lat'><strong>:</strong></span> <span class='ocrx_word' id='word_1_690' title='bbox 3316 2535 3345 2576; x_wconf 88' lang='lat' dir='ltr'><strong>a</strong></span> <span class='ocrx_word' id='word_1_691' title='bbox 3371 2524 3553 2591; x_wconf 82' lang='lat' dir='ltr'><strong>septem</strong></span> <span class='ocrx_word' id='word_1_692' title='bbox 3576 2523 3720 2578; x_wconf 78' lang='lat' dir='ltr'><strong>macris</strong></span> 
     </span>
    </p>
   </div>
   <div class='ocr_carea' id='block_1_87' title="bbox 2215 2610 3717 2687">
    <p class='ocr_par' dir='ltr' id='par_1_87' title="bbox 2215 2610 3717 2687">
     <span class='ocr_line' id='line_1_87' title="bbox 2215 2610 3717 2687; baseline 0 -16"><span class='ocrx_word' id='word_1_693' title='bbox 2215 2623 2556 2684; x_wconf 87' lang='lat' dir='ltr'><strong>consumptas</strong></span> <span class='ocrx_word' id='word_1_694' title='bbox 2583 2630 2703 2670; x_wconf 89' lang='lat' dir='ltr'><strong>esse</strong></span> <span class='ocrx_word' id='word_1_695' title='bbox 2731 2621 2934 2683; x_wconf 88' lang='lat' dir='ltr'><strong>septem</strong></span> <span class='ocrx_word' id='word_1_696' title='bbox 2977 2610 3142 2670; x_wconf 87' lang='lat' dir='ltr'><strong>boves</strong></span> <span class='ocrx_word' id='word_1_697' title='bbox 3174 2615 3423 2687; x_wconf 88' lang='lat' dir='ltr'><strong>pingues;</strong></span> <span class='ocrx_word' id='word_1_698' title='bbox 3447 2622 3494 2671; x_wconf 81' lang='lat' dir='ltr'><strong>et</strong></span> <span class='ocrx_word' id='word_1_699' title='bbox 3518 2624 3717 2684; x_wconf 56' lang='lat' dir='ltr'><strong>rursus:</strong></span> 
     </span>
    </p>
   </div>
   <div class='ocr_carea' id='block_1_88' title="bbox 2213 2706 3717 2780">
    <p class='ocr_par' dir='ltr' id='par_1_88' title="bbox 2213 2706 3717 2780">
     <span class='ocr_line' id='line_1_88' title="bbox 2213 2706 3717 2780; baseline 0.003 -19"><span class='ocrx_word' id='word_1_700' title='bbox 2213 2717 2418 2777; x_wconf 86' lang='lat' dir='ltr'><strong>septem</strong></span> <span class='ocrx_word' id='word_1_701' title='bbox 2447 2707 2608 2777; x_wconf 88' lang='lat' dir='ltr'><strong>spicis</strong></span> <span class='ocrx_word' id='word_1_702' title='bbox 2628 2706 2855 2763; x_wconf 81' lang='lat' dir='ltr'><strong>exilibus</strong></span> <span class='ocrx_word' id='word_1_703' title='bbox 2880 2716 3228 2778; x_wconf 86' lang='lat' dir='ltr'><strong>consumptas</strong></span> <span class='ocrx_word' id='word_1_704' title='bbox 3250 2722 3366 2764; x_wconf 86' lang='lat' dir='ltr'><strong>esse</strong></span> <span class='ocrx_word' id='word_1_705' title='bbox 3388 2720 3567 2780; x_wconf 84' lang='lat' dir='ltr'><strong>septem</strong></span> <span class='ocrx_word' id='word_1_706' title='bbox 3592 2708 3717 2765; x_wconf 78' lang='lat' dir='ltr'><strong>fecun-</strong></span> 
     </span>
    </p>
   </div>
   <div class='ocr_carea' id='block_1_89' title="bbox 2214 2798 3712 2871">
    <p class='ocr_par' dir='ltr' id='par_1_89' title="bbox 2214 2798 3712 2871">
     <span class='ocr_line' id='line_1_89' title="bbox 2214 2798 3712 2871; baseline -0.001 -14"><span class='ocrx_word' id='word_1_707' title='bbox 2214 2800 2329 2857; x_wconf 88' lang='lat' dir='ltr'><strong>das.</strong></span> <span class='ocrx_word' id='word_1_708' title='bbox 2362 2801 2425 2857; x_wconf 85' lang='lat' dir='ltr'><strong>Et</strong></span> <span class='ocrx_word' id='word_1_709' title='bbox 2452 2798 2574 2871; x_wconf 88' lang='lat' dir='ltr'><strong>quid</strong></span> <span class='ocrx_word' id='word_1_710' title='bbox 2602 2811 2684 2856; x_wconf 91' lang='lat' dir='ltr'><strong>est</strong></span> <span class='ocrx_word' id='word_1_711' title='bbox 2711 2802 3085 2870; x_wconf 85' lang='lat' dir='ltr'><strong>interpretatus</strong></span> <span class='ocrx_word' id='word_1_712' title='bbox 3108 2798 3350 2871; x_wconf 56' lang='lat' dir='ltr'><strong>lost-pb?</strong></span> <span class='ocrx_word' id='word_1_713' title='bbox 3375 2800 3424 2856; x_wconf 88' lang='lat' dir='ltr'><strong>Si</strong></span> <span class='ocrx_word' id='word_1_714' title='bbox 3452 2802 3712 2868; x_wconf 81' lang='lat' dir='ltr'><strong>meministis,</strong></span> 
     </span>
    </p>
   </div>
   <div class='ocr_carea' id='block_1_90' title="bbox 2214 2890 3714 2959">
    <p class='ocr_par' dir='ltr' id='par_1_90' title="bbox 2214 2890 3714 2959">
     <span class='ocr_line' id='line_1_90' title="bbox 2214 2890 3714 2959; baseline -0.003 -9"><span class='ocrx_word' id='word_1_715' title='bbox 2214 2910 2321 2950; x_wconf 92' lang='lat' dir='ltr'><strong>non</strong></span> <span class='ocrx_word' id='word_1_716' title='bbox 2365 2892 2473 2949; x_wconf 90' lang='lat' dir='ltr'><strong>duo</strong></span> <span class='ocrx_word' id='word_1_717' title='bbox 2514 2901 2637 2948; x_wconf 89' lang='lat' dir='ltr'><strong>sunt</strong></span> <span class='ocrx_word' id='word_1_718' title='bbox 2680 2897 2781 2949; x_wconf 90' lang='lat' dir='ltr'><strong>ista</strong></span> <span class='ocrx_word' id='word_1_719' title='bbox 2812 2892 3038 2959; x_wconf 89' lang='lat' dir='ltr'><strong>somnia,</strong></span> <span class='ocrx_word' id='word_1_720' title='bbox 3084 2892 3183 2948; x_wconf 85' lang='lat' dir='ltr'><strong>sed</strong></span> <span class='ocrx_word' id='word_1_721' title='bbox 3214 2893 3377 2949; x_wconf 85' lang='lat' dir='ltr'><strong>visum</strong></span> <span class='ocrx_word' id='word_1_722' title='bbox 3407 2904 3569 2949; x_wconf 84' lang='lat' dir='ltr'><strong>unum.</strong></span> <span class='ocrx_word' id='word_1_723' title='bbox 3599 2890 3714 2949; x_wconf 70' lang='grc' dir='ltr'><strong>«θυι</strong></span> 
     </span>
    </p>
   </div>
   <div class='ocr_carea' id='block_1_91' title="bbox 2213 2982 3716 3055">
    <p class='ocr_par' dir='ltr' id='par_1_91' title="bbox 2213 2982 3716 3055">
     <span class='ocr_line' id='line_1_91' title="bbox 2213 2982 3716 3055; baseline -0.004 -12"><span class='ocrx_word' id='word_1_724' title='bbox 2213 2994 2314 3052; x_wconf 87' lang='lat' dir='ltr'><strong>est,</strong></span> <span class='ocrx_word' id='word_1_725' title='bbox 2351 3004 2371 3039; x_wconf 72' lang='grc' dir='ltr'><strong><em>ι</em></strong></span> <span class='ocrx_word' id='word_1_726' title='bbox 2403 2985 2587 3055; x_wconf 88' lang='lat' dir='ltr'><strong>inquit,</strong></span> <span class='ocrx_word' id='word_1_727' title='bbox 2627 3001 2648 3035; x_wconf 75' lang='grc' dir='ltr'>ι</span> <span class='ocrx_word' id='word_1_728' title='bbox 2678 2982 3042 3054; x_wconf 88' lang='lat' dir='ltr'><strong>interpretatio</strong></span> <span class='ocrx_word' id='word_1_729' title='bbox 3071 2998 3259 3040; x_wconf 89' lang='lat' dir='ltr'><strong>eorum</strong></span> <span class='ocrx_word' id='word_1_730' title='bbox 3292 2983 3416 3040; x_wconf 81' lang='lat' dir='ltr'><strong>:sed</strong></span> <span class='ocrx_word' id='word_1_731' title='bbox 3436 2984 3558 3055; x_wconf 88' lang='lat' dir='ltr'><strong>quod</strong></span> <span class='ocrx_word' id='word_1_732' title='bbox 3584 2990 3716 3039; x_wconf 72' lang='lat' dir='ltr'><strong>rursus</strong></span> 
     </span>
    </p>
   </div>
   <div class='ocr_carea' id='block_1_92' title="bbox 2213 3072 3717 3148">
    <p class='ocr_par' dir='ltr' id='par_1_92' title="bbox 2213 3072 3717 3148">
     <span class='ocr_line' id='line_1_92' title="bbox 2213 3072 3717 3148; baseline -0.002 -16"><span class='ocrx_word' id='word_1_733' title='bbox 2213 3078 2411 3143; x_wconf 88' lang='lat' dir='ltr'><strong>vidisti,</strong></span> <span class='ocrx_word' id='word_1_734' title='bbox 2443 3098 2463 3130; x_wconf 76' lang='grc' dir='ltr'><strong><em>ι</em></strong></span> <span class='ocrx_word' id='word_1_735' title='bbox 2490 3076 2614 3140; x_wconf 76' lang='lat' dir='ltr'><strong>ait,t</strong></span> <span class='ocrx_word' id='word_1_736' title='bbox 2649 3074 2714 3130; x_wconf 86' lang='lat' dir='ltr'><strong>ad</strong></span> <span class='ocrx_word' id='word_1_737' title='bbox 2734 3072 3206 3132; x_wconf 77' lang='lat' dir='ltr'><strong>confirmationem</strong></span> <span class='ocrx_word' id='word_1_738' title='bbox 3228 3077 3365 3132; x_wconf 77' lang='lat' dir='ltr'><strong>valet</strong></span> <span class='ocrx_word' id='word_1_739' title='bbox 3390 3094 3408 3130; x_wconf 74' lang='grc' dir='ltr'><strong><em>ι</em></strong></span> <span class='ocrx_word' id='word_1_740' title='bbox 3431 3076 3563 3148; x_wconf 73' lang='lat' dir='ltr'><strong>(Gen.</strong></span> <span class='ocrx_word' id='word_1_741' title='bbox 3591 3075 3717 3137; x_wconf 55' lang='lat' dir='ltr'><strong>xtul-</strong></span> 
     </span>
    </p>
   </div>
   <div class='ocr_carea' id='block_1_93' title="bbox 2213 3155 3717 3245">
    <p class='ocr_par' dir='ltr' id='par_1_93' title="bbox 2213 3155 3717 3245">
     <span class='ocr_line' id='line_1_93' title="bbox 2213 3155 3717 3245; baseline -0.005 -19"><span class='ocrx_word' id='word_1_742' title='bbox 2213 3168 2327 3245; x_wconf 76' lang='lat'><strong>52).</strong></span> <span class='ocrx_word' id='word_1_743' title='bbox 2353 3155 2479 3224; x_wconf 61' lang='lat' dir='ltr'><strong>ilice</strong></span> <span class='ocrx_word' id='word_1_744' title='bbox 2490 3168 2594 3223; x_wconf 78' lang='lat' dir='ltr'><strong>dixi</strong></span> <span class='ocrx_word' id='word_1_745' title='bbox 2620 3176 2796 3222; x_wconf 91' lang='lat' dir='ltr'><strong>utnon</strong></span> <span class='ocrx_word' id='word_1_746' title='bbox 2816 3170 3008 3238; x_wconf 83' lang='lat' dir='ltr'><strong>putetis</strong></span> <span class='ocrx_word' id='word_1_747' title='bbox 3024 3169 3389 3240; x_wconf 79' lang='lat' dir='ltr'><strong>repetitionem</strong></span> <span class='ocrx_word' id='word_1_748' title='bbox 3410 3170 3455 3223; x_wconf 87' lang='lat' dir='ltr'><strong>itt</strong></span> <span class='ocrx_word' id='word_1_749' title='bbox 3477 3169 3622 3223; x_wconf 72' lang='lat' dir='ltr'><strong>verbis</strong></span> <span class='ocrx_word' id='word_1_750' title='bbox 3634 3180 3717 3221; x_wconf 73' lang='lat' dir='ltr'><strong>san—</strong></span> 
     </span>
    </p>
   </div>
   <div class='ocr_carea' id='block_1_94' title="bbox 2211 3254 3716 3331">
    <p class='ocr_par' dir='ltr' id='par_1_94' title="bbox 2211 3254 3716 3331">
     <span class='ocr_line' id='line_1_94' title="bbox 2211 3254 3716 3331; baseline -0.006 -12"><span class='ocrx_word' id='word_1_751' title='bbox 2211 3271 2311 3319; x_wconf 70' lang='lat' dir='ltr'><strong>ctaa</strong></span> <span class='ocrx_word' id='word_1_752' title='bbox 2334 3261 2545 3331; x_wconf 73' lang='lat' dir='ltr'><strong>linguae,</strong></span> <span class='ocrx_word' id='word_1_753' title='bbox 2566 3259 2714 3331; x_wconf 85' lang='lat' dir='ltr'><strong>quasi</strong></span> <span class='ocrx_word' id='word_1_754' title='bbox 2739 3254 3069 3331; x_wconf 84' lang='lat' dir='ltr'><strong>loquacitatis</strong></span> <span class='ocrx_word' id='word_1_755' title='bbox 3086 3266 3209 3315; x_wconf 75' lang='lat' dir='ltr'><strong>esSe</strong></span> <span class='ocrx_word' id='word_1_756' title='bbox 3230 3261 3520 3330; x_wconf 79' lang='lat' dir='ltr'><strong>appetitum.</strong></span> <span class='ocrx_word' id='word_1_757' title='bbox 3538 3255 3716 3328; x_wconf 64' lang='lat' dir='ltr'><strong>Sirpeiiti</strong></span> 
     </span>
    </p>
   </div>
   <div class='ocr_carea' id='block_1_95' title="bbox 2211 3348 3716 3426">
    <p class='ocr_par' dir='ltr' id='par_1_95' title="bbox 2211 3348 3716 3426">
     <span class='ocr_line' id='line_1_95' title="bbox 2211 3348 3716 3426; baseline -0.004 -17"><span class='ocrx_word' id='word_1_758' title='bbox 2211 3352 2455 3426; x_wconf 89' lang='lat' dir='ltr'><strong>repetitio</strong></span> <span class='ocrx_word' id='word_1_759' title='bbox 2478 3350 2797 3407; x_wconf 78' lang='lat' dir='ltr'><strong>ﬁrmamenti</strong></span> <span class='ocrx_word' id='word_1_760' title='bbox 2820 3350 2978 3405; x_wconf 87' lang='lat' dir='ltr'><strong>habet</strong></span> <span class='ocrx_word' id='word_1_761' title='bbox 3008 3352 3133 3406; x_wconf 89' lang='lat' dir='ltr'><strong>vim.</strong></span> <span class='ocrx_word' id='word_1_762' title='bbox 3170 3368 3190 3406; x_wconf 72' lang='grc' dir='ltr'>α</span> <span class='ocrx_word' id='word_1_763' title='bbox 3218 3348 3453 3408; x_wconf 85' lang='lat' dir='ltr'><strong>Paratum</strong></span> <span class='ocrx_word' id='word_1_764' title='bbox 3473 3366 3552 3405; x_wconf 80' lang='lat' dir='ltr'><strong>t-or</strong></span> <span class='ocrx_word' id='word_1_765' title='bbox 3569 3358 3716 3413; x_wconf 83' lang='lat' dir='ltr'><strong>meum,</strong></span> 
     </span>
    </p>
   </div>
   <div class='ocr_carea' id='block_1_96' title="bbox 2212 3441 3715 3518">
    <p class='ocr_par' dir='ltr' id='par_1_96' title="bbox 2212 3441 3715 3518">
     <span class='ocr_line' id='line_1_96' title="bbox 2212 3441 3715 3518; baseline -0.006 -12"><span class='ocrx_word' id='word_1_766' title='bbox 2212 3449 2373 3513; x_wconf 87' lang='lat' dir='ltr'><strong>Deus,</strong></span> <span class='ocrx_word' id='word_1_767' title='bbox 2408 3466 2429 3500; x_wconf 75' lang='grc' dir='ltr'><strong><em>ι</em></strong></span> <span class='ocrx_word' id='word_1_768' title='bbox 2464 3446 2670 3518; x_wconf 88' lang='lat' dir='ltr'><strong>inquit;</strong></span> <span class='ocrx_word' id='word_1_769' title='bbox 2722 3464 2742 3497; x_wconf 73' lang='grc' dir='ltr'><strong><em>ι</em></strong></span> <span class='ocrx_word' id='word_1_770' title='bbox 2790 3452 3032 3515; x_wconf 88' lang='lat' dir='ltr'><strong>paratum</strong></span> <span class='ocrx_word' id='word_1_771' title='bbox 3078 3456 3179 3500; x_wconf 86' lang='lat' dir='ltr'><strong>cor</strong></span> <span class='ocrx_word' id='word_1_772' title='bbox 3206 3458 3376 3501; x_wconf 86' lang='lat' dir='ltr'><strong>meum</strong></span> <span class='ocrx_word' id='word_1_773' title='bbox 3410 3462 3429 3497; x_wconf 84' lang='grc' dir='ltr'><strong><em>ι</em></strong></span> <span class='ocrx_word' id='word_1_774' title='bbox 3461 3441 3601 3509; x_wconf 70' lang='lat' dir='ltr'><strong>(Paul.</strong></span> <span class='ocrx_word' id='word_1_775' title='bbox 3627 3450 3715 3505; x_wconf 81' lang='lat' dir='ltr'><strong>tu,</strong></span> 
     </span>
    </p>
   </div>
   <div class='ocr_carea' id='block_1_97' title="bbox 2212 3530 3714 3613">
    <p class='ocr_par' dir='ltr' id='par_1_97' title="bbox 2212 3530 3714 3613">
     <span class='ocr_line' id='line_1_97' title="bbox 2212 3530 3714 3613; baseline -0.007 -15"><span class='ocrx_word' id='word_1_776' title='bbox 2212 3541 2291 3613; x_wconf 92' lang='lat'><strong>8).</strong></span> <span class='ocrx_word' id='word_1_777' title='bbox 2316 3541 2432 3596; x_wconf 84' lang='lat' dir='ltr'><strong>Alio</strong></span> <span class='ocrx_word' id='word_1_778' title='bbox 2449 3539 2567 3593; x_wconf 90' lang='lat' dir='ltr'><strong>loco</strong></span> <span class='ocrx_word' id='word_1_779' title='bbox 2591 3535 2755 3592; x_wconf 90' lang='lat' dir='ltr'><strong>dicit:</strong></span> <span class='ocrx_word' id='word_1_780' title='bbox 2790 3553 2810 3587; x_wconf 76' lang='grc' dir='ltr'>ι</span> <span class='ocrx_word' id='word_1_781' title='bbox 2844 3530 3058 3592; x_wconf 87' lang='lat' dir='ltr'><strong>Sustine</strong></span> <span class='ocrx_word' id='word_1_782' title='bbox 3085 3534 3384 3601; x_wconf 88' lang='lat' dir='ltr'><strong>Dominum,</strong></span> <span class='ocrx_word' id='word_1_783' title='bbox 3406 3536 3600 3591; x_wconf 84' lang='lat' dir='ltr'><strong>viriliter</strong></span> <span class='ocrx_word' id='word_1_784' title='bbox 3618 3543 3714 3601; x_wconf 69' lang='lat' dir='ltr'><strong>age;</strong></span> 
     </span>
    </p>
   </div>
   <div class='ocr_carea' id='block_1_98' title="bbox 2211 3621 3713 3696">
    <p class='ocr_par' dir='ltr' id='par_1_98' title="bbox 2211 3621 3713 3696">
     <span class='ocr_line' id='line_1_98' title="bbox 2211 3621 3713 3696; baseline -0.008 -6"><span class='ocrx_word' id='word_1_785' title='bbox 2211 3642 2268 3690; x_wconf 89' lang='lat' dir='ltr'><strong>et</strong></span> <span class='ocrx_word' id='word_1_786' title='bbox 2292 3630 2621 3690; x_wconf 81' lang='lat' dir='ltr'><strong>contortetur</strong></span> <span class='ocrx_word' id='word_1_787' title='bbox 2648 3643 2741 3683; x_wconf 92' lang='lat' dir='ltr'><strong>cor</strong></span> <span class='ocrx_word' id='word_1_788' title='bbox 2770 3634 2937 3690; x_wconf 89' lang='lat' dir='ltr'><strong>tuum,</strong></span> <span class='ocrx_word' id='word_1_789' title='bbox 2965 3638 3019 3682; x_wconf 90' lang='lat' dir='ltr'><strong>et</strong></span> <span class='ocrx_word' id='word_1_790' title='bbox 3048 3627 3255 3684; x_wconf 83' lang='lat' dir='ltr'><strong>Sustine</strong></span> <span class='ocrx_word' id='word_1_791' title='bbox 3278 3627 3532 3683; x_wconf 85' lang='lat' dir='ltr'><strong>Dominum</strong></span> <span class='ocrx_word' id='word_1_792' title='bbox 3553 3638 3570 3681; x_wconf 65' lang='grc' dir='ltr'><strong><em>ι</em></strong></span> <span class='ocrx_word' id='word_1_793' title='bbox 3594 3621 3713 3696; x_wconf 68' lang='lat' dir='ltr'><strong>(Ptol.</strong></span> 
     </span>
    </p>
   </div>
   <div class='ocr_carea' id='block_1_99' title="bbox 2212 3716 3715 3795">
    <p class='ocr_par' dir='ltr' id='par_1_99' title="bbox 2212 3716 3715 3795">
     <span class='ocr_line' id='line_1_99' title="bbox 2212 3716 3715 3795; baseline -0.011 -13"><span class='ocrx_word' id='word_1_794' title='bbox 2212 3742 2359 3792; x_wconf 71' lang='lat' dir='ltr'><strong>nm,</strong></span> <span class='ocrx_word' id='word_1_795' title='bbox 2380 3722 2492 3795; x_wconf 67' lang='grc'><strong>14).</strong></span> <span class='ocrx_word' id='word_1_796' title='bbox 2522 3716 2923 3776; x_wconf 85' lang='lat' dir='ltr'><strong>innumerabilia</strong></span> <span class='ocrx_word' id='word_1_797' title='bbox 2954 3716 3071 3774; x_wconf 85' lang='lat' dir='ltr'><strong>talia</strong></span> <span class='ocrx_word' id='word_1_798' title='bbox 3098 3729 3224 3774; x_wconf 75' lang='lat' dir='ltr'><strong>stittt</strong></span> <span class='ocrx_word' id='word_1_799' title='bbox 3247 3732 3337 3788; x_wconf 89' lang='lat' dir='ltr'><strong>per</strong></span> <span class='ocrx_word' id='word_1_800' title='bbox 3354 3734 3523 3775; x_wconf 84' lang='lat' dir='ltr'><strong>omnes</strong></span> <span class='ocrx_word' id='word_1_801' title='bbox 3539 3718 3715 3784; x_wconf 65' lang='lat' dir='ltr'><strong>Scripta</strong></span> 
     </span>
    </p>
   </div>
   <div class='ocr_carea' id='block_1_100' title="bbox 2209 3798 3713 3877">
    <p class='ocr_par' dir='ltr' id='par_1_100' title="bbox 2209 3798 3713 3877">
     <span class='ocr_line' id='line_1_100' title="bbox 2209 3798 3713 3877; baseline -0.01 -3"><span class='ocrx_word' id='word_1_802' title='bbox 2209 3835 2318 3875; x_wconf 87' lang='lat' dir='ltr'><strong>ras.</strong></span> <span class='ocrx_word' id='word_1_803' title='bbox 2372 3814 2465 3871; x_wconf 78' lang='lat' dir='ltr'><strong>llis</strong></span> <span class='ocrx_word' id='word_1_804' title='bbox 2510 3811 2703 3869; x_wconf 89' lang='lat' dir='ltr'><strong>suflicit</strong></span> <span class='ocrx_word' id='word_1_805' title='bbox 2751 3811 3157 3868; x_wconf 80' lang='lat' dir='ltr'><strong>Commentlasse</strong></span> <span class='ocrx_word' id='word_1_806' title='bbox 3212 3822 3308 3866; x_wconf 83' lang='lat' dir='ltr'><strong>nus</strong></span> <span class='ocrx_word' id='word_1_807' title='bbox 3355 3814 3490 3865; x_wconf 78' lang='lat' dir='ltr'><strong>vobis</strong></span> <span class='ocrx_word' id='word_1_808' title='bbox 3530 3798 3713 3877; x_wconf 81' lang='lat' dir='ltr'><strong>loquendi</strong></span> 
     </span>
    </p>
   </div>
   <div class='ocr_carea' id='block_1_101' title="bbox 2209 3897 3713 3983">
    <p class='ocr_par' dir='ltr' id='par_1_101' title="bbox 2209 3897 3713 3983">
     <span class='ocr_line' id='line_1_101' title="bbox 2209 3897 3713 3983; baseline -0.007 -18"><span class='ocrx_word' id='word_1_809' title='bbox 2209 3925 2398 3983; x_wconf 83' lang='lat' dir='ltr'><strong>genus,</strong></span> <span class='ocrx_word' id='word_1_810' title='bbox 2425 3900 2566 3980; x_wconf 86' lang='lat' dir='ltr'><strong>quod</strong></span> <span class='ocrx_word' id='word_1_811' title='bbox 2595 3905 2889 3961; x_wconf 90' lang='lat' dir='ltr'><strong>observetis</strong></span> <span class='ocrx_word' id='word_1_812' title='bbox 2930 3904 2979 3958; x_wconf 91' lang='lat' dir='ltr'><strong>in</strong></span> <span class='ocrx_word' id='word_1_813' title='bbox 3009 3905 3257 3959; x_wconf 87' lang='lat' dir='ltr'><strong>omnilms</strong></span> <span class='ocrx_word' id='word_1_814' title='bbox 3288 3905 3528 3960; x_wconf 72' lang='lat' dir='ltr'><strong>similibus</strong></span> <span class='ocrx_word' id='word_1_815' title='bbox 3557 3918 3568 3956; x_wconf 89' lang='lat'><strong>:</strong></span> <span class='ocrx_word' id='word_1_816' title='bbox 3602 3897 3713 3955; x_wconf 83' lang='lat' dir='ltr'><strong>modo</strong></span> 
     </span>
    </p>
   </div>
   <div class='ocr_carea' id='block_1_102' title="bbox 2209 3993 3713 4067">
    <p class='ocr_par' dir='ltr' id='par_1_102' title="bbox 2209 3993 3713 4067">
     <span class='ocr_line' id='line_1_102' title="bbox 2209 3993 3713 4067; baseline -0.009 -8"><span class='ocrx_word' id='word_1_817' title='bbox 2209 4003 2276 4059; x_wconf 86' lang='lat' dir='ltr'><strong>ad</strong></span> <span class='ocrx_word' id='word_1_818' title='bbox 2308 4018 2417 4058; x_wconf 83' lang='lat' dir='ltr'><strong>rem</strong></span> <span class='ocrx_word' id='word_1_819' title='bbox 2442 3999 2720 4054; x_wconf 87' lang='lat' dir='ltr'><strong>advertite.</strong></span> <span class='ocrx_word' id='word_1_820' title='bbox 2752 3993 3110 4066; x_wconf 80' lang='lat' dir='ltr'><strong>Con/ileblnmr</strong></span> <span class='ocrx_word' id='word_1_821' title='bbox 3148 3998 3257 4061; x_wconf 82' lang='lat' dir='ltr'><strong>tibi,</strong></span> <span class='ocrx_word' id='word_1_822' title='bbox 3304 3996 3476 4067; x_wconf 83' lang='lat' dir='ltr'><strong>inquit,</strong></span> <span class='ocrx_word' id='word_1_823' title='bbox 3501 4004 3542 4049; x_wconf 79' lang='lat' dir='ltr'><strong>et</strong></span> <span class='ocrx_word' id='word_1_824' title='bbox 3565 3993 3713 4046; x_wconf 65' lang='lat' dir='ltr'><strong>invoce-</strong></span> 
     </span>
    </p>
   </div>
   <div class='ocr_carea' id='block_1_103' title="bbox 2210 4083 3710 4162">
    <p class='ocr_par' dir='ltr' id='par_1_103' title="bbox 2210 4083 3710 4162">
     <span class='ocr_line' id='line_1_103' title="bbox 2210 4083 3710 4162; baseline -0.008 -12"><span class='ocrx_word' id='word_1_825' title='bbox 2210 4095 2387 4151; x_wconf 76' lang='lat' dir='ltr'><strong>binms.</strong></span> <span class='ocrx_word' id='word_1_826' title='bbox 2411 4092 2527 4148; x_wconf 82' lang='lat' dir='ltr'><strong>Dixi</strong></span> <span class='ocrx_word' id='word_1_827' title='bbox 2556 4106 2721 4162; x_wconf 88' lang='lat' dir='ltr'><strong>quare</strong></span> <span class='ocrx_word' id='word_1_828' title='bbox 2745 4098 2867 4145; x_wconf 87' lang='lat' dir='ltr'><strong>ante</strong></span> <span class='ocrx_word' id='word_1_829' title='bbox 2894 4084 3281 4145; x_wconf 78' lang='lat' dir='ltr'><strong>invneationem</strong></span> <span class='ocrx_word' id='word_1_830' title='bbox 3313 4087 3539 4158; x_wconf 79' lang='lat' dir='ltr'><strong>pra-cedit</strong></span> <span class='ocrx_word' id='word_1_831' title='bbox 3558 4083 3710 4139; x_wconf 45' lang='lat' dir='ltr'><strong>confes.</strong></span> 
     </span>
    </p>
   </div>
   <div class='ocr_carea' id='block_1_104' title="bbox 2209 4178 3710 4257">
    <p class='ocr_par' dir='ltr' id='par_1_104' title="bbox 2209 4178 3710 4257">
     <span class='ocr_line' id='line_1_104' title="bbox 2209 4178 3710 4257; baseline -0.011 -12"><span class='ocrx_word' id='word_1_832' title='bbox 2209 4188 2290 4245; x_wconf 90' lang='lat' dir='ltr'><strong>sio</strong></span> <span class='ocrx_word' id='word_1_833' title='bbox 2323 4206 2337 4245; x_wconf 90' lang='lat'><strong>:</strong></span> <span class='ocrx_word' id='word_1_834' title='bbox 2366 4187 2485 4257; x_wconf 89' lang='lat' dir='ltr'><strong>quia</strong></span> <span class='ocrx_word' id='word_1_835' title='bbox 2515 4199 2671 4256; x_wconf 88' lang='lat' dir='ltr'><strong>quem</strong></span> <span class='ocrx_word' id='word_1_836' title='bbox 2704 4184 2950 4248; x_wconf 70' lang='lat' dir='ltr'><strong>invocas,</strong></span> <span class='ocrx_word' id='word_1_837' title='bbox 3004 4183 3214 4238; x_wconf 70' lang='lat' dir='ltr'><strong>invitas.</strong></span> <span class='ocrx_word' id='word_1_838' title='bbox 3252 4178 3436 4236; x_wconf 73' lang='lat' dir='ltr'><strong>Venire</strong></span> <span class='ocrx_word' id='word_1_839' title='bbox 3463 4188 3608 4234; x_wconf 78' lang='lat' dir='ltr'><strong>autem</strong></span> <span class='ocrx_word' id='word_1_840' title='bbox 3637 4186 3710 4229; x_wconf 81' lang='lat' dir='ltr'><strong>non</strong></span> 
     </span>
    </p>
   </div>
   <div class='ocr_carea' id='block_1_105' title="bbox 2210 4265 3708 4341">
    <p class='ocr_par' dir='ltr' id='par_1_105' title="bbox 2210 4265 3708 4341">
     <span class='ocr_line' id='line_1_105' title="bbox 2210 4265 3708 4341; baseline -0.011 -6"><span class='ocrx_word' id='word_1_841' title='bbox 2210 4280 2323 4335; x_wconf 92' lang='lat' dir='ltr'><strong>vult</strong></span> <span class='ocrx_word' id='word_1_842' title='bbox 2367 4279 2662 4341; x_wconf 88' lang='lat' dir='ltr'><strong>invocatus,</strong></span> <span class='ocrx_word' id='word_1_843' title='bbox 2692 4273 2738 4330; x_wconf 83' lang='lat' dir='ltr'><strong>si</strong></span> <span class='ocrx_word' id='word_1_844' title='bbox 2783 4281 2835 4328; x_wconf 93' lang='lat' dir='ltr'><strong>tu</strong></span> <span class='ocrx_word' id='word_1_845' title='bbox 2866 4272 3025 4328; x_wconf 89' lang='lat' dir='ltr'><strong>lucris</strong></span> <span class='ocrx_word' id='word_1_846' title='bbox 3056 4271 3229 4328; x_wconf 86' lang='lat' dir='ltr'><strong>elatus</strong></span> <span class='ocrx_word' id='word_1_847' title='bbox 3270 4289 3285 4327; x_wconf 90' lang='lat'><strong>:</strong></span> <span class='ocrx_word' id='word_1_848' title='bbox 3313 4273 3472 4327; x_wconf 81' lang='lat' dir='ltr'><strong>elatus</strong></span> <span class='ocrx_word' id='word_1_849' title='bbox 3496 4272 3532 4325; x_wconf 92' lang='lat' dir='ltr'><strong>si</strong></span> <span class='ocrx_word' id='word_1_850' title='bbox 3564 4265 3708 4329; x_wconf 86' lang='lat' dir='ltr'><strong>htcrls,</strong></span> 
     </span>
    </p>
   </div>
   <div class='ocr_carea' id='block_1_106' title="bbox 2208 4357 3708 4448">
    <p class='ocr_par' dir='ltr' id='par_1_106' title="bbox 2208 4357 3708 4448">
     <span class='ocr_line' id='line_1_106' title="bbox 2208 4357 3708 4448; baseline -0.014 -18"><span class='ocrx_word' id='word_1_851' title='bbox 2208 4373 2449 4430; x_wconf 83' lang='lat' dir='ltr'><strong>confiteri</strong></span> <span class='ocrx_word' id='word_1_852' title='bbox 2481 4388 2584 4426; x_wconf 91' lang='lat' dir='ltr'><strong>non</strong></span> <span class='ocrx_word' id='word_1_853' title='bbox 2616 4370 2853 4443; x_wconf 89' lang='lat' dir='ltr'><strong>poteris;</strong></span> <span class='ocrx_word' id='word_1_854' title='bbox 2903 4384 3000 4423; x_wconf 87' lang='lat' dir='ltr'><strong>nec</strong></span> <span class='ocrx_word' id='word_1_855' title='bbox 3032 4382 3091 4423; x_wconf 90' lang='lat' dir='ltr'><strong>ea</strong></span> <span class='ocrx_word' id='word_1_856' title='bbox 3124 4374 3286 4438; x_wconf 81' lang='lat' dir='ltr'><strong>negas</strong></span> <span class='ocrx_word' id='word_1_857' title='bbox 3322 4369 3425 4448; x_wconf 81' lang='lat' dir='ltr'><strong>Deo</strong></span> <span class='ocrx_word' id='word_1_858' title='bbox 3449 4376 3551 4435; x_wconf 60' lang='lat' dir='ltr'><strong>qua?</strong></span> <span class='ocrx_word' id='word_1_859' title='bbox 3570 4357 3708 4417; x_wconf 79' lang='lat' dir='ltr'><strong>nescit.</strong></span> 
     </span>
    </p>
   </div>
   <div class='ocr_carea' id='block_1_107' title="bbox 2209 4454 3710 4538">
    <p class='ocr_par' dir='ltr' id='par_1_107' title="bbox 2209 4454 3710 4538">
     <span class='ocr_line' id='line_1_107' title="bbox 2209 4454 3710 4538; baseline -0.013 -17"><span class='ocrx_word' id='word_1_860' title='bbox 2209 4467 2391 4538; x_wconf 86' lang='lat' dir='ltr'><strong>Itaque</strong></span> <span class='ocrx_word' id='word_1_861' title='bbox 2426 4456 2693 4519; x_wconf 74' lang='lat' dir='ltr'><strong>confessio</strong></span> <span class='ocrx_word' id='word_1_862' title='bbox 2740 4469 2825 4516; x_wconf 82' lang='lat' dir='ltr'><strong>tua</strong></span> <span class='ocrx_word' id='word_1_863' title='bbox 2872 4462 2977 4515; x_wconf 79' lang='lat' dir='ltr'><strong>non</strong></span> <span class='ocrx_word' id='word_1_864' title='bbox 3021 4454 3167 4515; x_wconf 88' lang='lat' dir='ltr'><strong>iliutu</strong></span> <span class='ocrx_word' id='word_1_865' title='bbox 3200 4457 3374 4527; x_wconf 89' lang='lat' dir='ltr'><strong>docet,</strong></span> <span class='ocrx_word' id='word_1_866' title='bbox 3412 4456 3495 4514; x_wconf 79' lang='lat' dir='ltr'><strong>sed</strong></span> <span class='ocrx_word' id='word_1_867' title='bbox 3534 4462 3575 4511; x_wconf 81' lang='lat' dir='ltr'><strong>te</strong></span> <span class='ocrx_word' id='word_1_868' title='bbox 3598 4465 3710 4507; x_wconf 73' lang='lat' dir='ltr'><strong>ututi-</strong></span> 
     </span>
    </p>
   </div>
   <div class='ocr_carea' id='block_1_108' title="bbox 2209 4560 2319 4617">
    <p class='ocr_par' dir='ltr' id='par_1_108' title="bbox 2209 4560 2319 4617">
     <span class='ocr_line' id='line_1_108' title="bbox 2209 4560 2319 4617; baseline -0.009 -2"><span class='ocrx_word' id='word_1_869' title='bbox 2209 4560 2319 4617; x_wconf 85' lang='lat' dir='ltr'><strong>dat.</strong></span> 
     </span>
    </p>
   </div>
   <div class='ocr_carea' id='block_1_109' title="bbox 2278 4630 3708 4721">
    <p class='ocr_par' dir='ltr' id='par_1_109' title="bbox 2278 4630 3708 4721">
     <span class='ocr_line' id='line_1_109' title="bbox 2278 4630 3708 4721; baseline -0.01 -13"><span class='ocrx_word' id='word_1_870' title='bbox 2278 4656 2333 4710; x_wconf 75' lang='grc'><strong>4.</strong></span> <span class='ocrx_word' id='word_1_871' title='bbox 2374 4651 2442 4707; x_wconf 86' lang='grc' dir='ltr'><strong>Ει</strong></span> <span class='ocrx_word' id='word_1_872' title='bbox 2465 4650 2572 4721; x_wconf 86' lang='lat' dir='ltr'><strong>jam</strong></span> <span class='ocrx_word' id='word_1_873' title='bbox 2614 4648 2893 4705; x_wconf 83' lang='lat' dir='ltr'><strong>confessus</strong></span> <span class='ocrx_word' id='word_1_874' title='bbox 2936 4658 3037 4715; x_wconf 90' lang='lat' dir='ltr'><strong>est,</strong></span> <span class='ocrx_word' id='word_1_875' title='bbox 3080 4647 3341 4703; x_wconf 85' lang='lat' dir='ltr'><strong>invocavit</strong></span> <span class='ocrx_word' id='word_1_876' title='bbox 3372 4664 3386 4702; x_wconf 88' lang='lat'><strong>:</strong></span> <span class='ocrx_word' id='word_1_877' title='bbox 3415 4658 3511 4700; x_wconf 85' lang='lat' dir='ltr'><strong>uno</strong></span> <span class='ocrx_word' id='word_1_878' title='bbox 3537 4630 3708 4697; x_wconf 75' lang='lat' dir='ltr'><strong>confessi</strong></span> 
     </span>
    </p>
   </div>
   <div class='ocr_carea' id='block_1_110' title="bbox 2209 4730 3706 4812">
    <p class='ocr_par' dir='ltr' id='par_1_110' title="bbox 2209 4730 3706 4812">
     <span class='ocr_line' id='line_1_110' title="bbox 2209 4730 3706 4812; baseline -0.013 -12"><span class='ocrx_word' id='word_1_879' title='bbox 2209 4754 2352 4809; x_wconf 87' lang='lat' dir='ltr'><strong>sunt,</strong></span> <span class='ocrx_word' id='word_1_880' title='bbox 2411 4745 2821 4807; x_wconf 87' lang='lat' dir='ltr'><strong>invocaverunt;</strong></span> <span class='ocrx_word' id='word_1_881' title='bbox 2870 4750 2924 4796; x_wconf 87' lang='lat' dir='ltr'><strong>et</strong></span> <span class='ocrx_word' id='word_1_882' title='bbox 2975 4739 3168 4795; x_wconf 87' lang='lat' dir='ltr'><strong>dicitur</strong></span> <span class='ocrx_word' id='word_1_883' title='bbox 3208 4748 3272 4795; x_wconf 79' lang='lat' dir='ltr'><strong>ex</strong></span> <span class='ocrx_word' id='word_1_884' title='bbox 3316 4748 3527 4812; x_wconf 74' lang='lat' dir='ltr'><strong>persona</strong></span> <span class='ocrx_word' id='word_1_885' title='bbox 3566 4730 3706 4789; x_wconf 82' lang='lat' dir='ltr'><strong>unius.</strong></span> 
     </span>
    </p>
   </div>
   <div class='ocr_carea' id='block_1_111' title="bbox 2209 4822 3708 4894">
    <p class='ocr_par' dir='ltr' id='par_1_111' title="bbox 2209 4822 3708 4894">
     <span class='ocr_line' id='line_1_111' title="bbox 2209 4822 3708 4894; baseline -0.011 0"><span class='ocrx_word' id='word_1_886' title='bbox 2209 4837 2476 4894; x_wconf 84' lang='lat' dir='ltr'><strong>Euarrabo</strong></span> <span class='ocrx_word' id='word_1_887' title='bbox 2499 4832 2668 4892; x_wconf 88' lang='lat' dir='ltr'><strong>ontnia</strong></span> <span class='ocrx_word' id='word_1_888' title='bbox 2686 4835 2934 4890; x_wconf 85' lang='lat' dir='ltr'><strong>mirabilia</strong></span> <span class='ocrx_word' id='word_1_889' title='bbox 2960 4844 3067 4887; x_wconf 86' lang='lat' dir='ltr'><strong>tua.</strong></span> <span class='ocrx_word' id='word_1_890' title='bbox 3107 4831 3388 4888; x_wconf 82' lang='lat' dir='ltr'><strong>Confessus</strong></span> <span class='ocrx_word' id='word_1_891' title='bbox 3412 4822 3650 4885; x_wconf 68' lang='lat' dir='ltr'><strong>exinaniri!</strong></span> <span class='ocrx_word' id='word_1_892' title='bbox 3668 4830 3708 4871; x_wconf 72' lang='grc' dir='ltr'><strong>δα</strong></span> 
     </span>
    </p>
   </div>
   <div class='ocr_carea' id='block_1_112' title="bbox 2210 4907 3707 4997">
    <p class='ocr_par' dir='ltr' id='par_1_112' title="bbox 2210 4907 3707 4997">
     <span class='ocr_line' id='line_1_112' title="bbox 2210 4907 3707 4997; baseline -0.013 -10"><span class='ocrx_word' id='word_1_893' title='bbox 2210 4933 2381 4994; x_wconf 87' lang='lat' dir='ltr'><strong>malis,</strong></span> <span class='ocrx_word' id='word_1_894' title='bbox 2412 4932 2663 4985; x_wconf 86' lang='lat' dir='ltr'><strong>invocans</strong></span> <span class='ocrx_word' id='word_1_895' title='bbox 2689 4926 2927 4997; x_wconf 89' lang='lat' dir='ltr'><strong>implevit</strong></span> <span class='ocrx_word' id='word_1_896' title='bbox 2952 4941 3009 4981; x_wconf 87' lang='lat' dir='ltr'><strong>se</strong></span> <span class='ocrx_word' id='word_1_897' title='bbox 3033 4924 3203 4990; x_wconf 87' lang='lat' dir='ltr'><strong>bonis,</strong></span> <span class='ocrx_word' id='word_1_898' title='bbox 3239 4935 3481 4979; x_wconf 75' lang='lat' dir='ltr'><strong>enarratis</strong></span> <span class='ocrx_word' id='word_1_899' title='bbox 3512 4907 3707 4973; x_wconf 75' lang='lat' dir='ltr'><strong>cruciavit</strong></span> 
     </span>
    </p>
   </div>
   <div class='ocr_carea' id='block_1_113' title="bbox 2210 5006 3707 5101">
    <p class='ocr_par' dir='ltr' id='par_1_113' title="bbox 2210 5006 3707 5101">
     <span class='ocr_line' id='line_1_113' title="bbox 2210 5006 3707 5101; baseline -0.008 -26"><span class='ocrx_word' id='word_1_900' title='bbox 2210 5038 2315 5095; x_wconf 86' lang='lat' dir='ltr'><strong>quo</strong></span> <span class='ocrx_word' id='word_1_901' title='bbox 2333 5037 2393 5078; x_wconf 88' lang='lat' dir='ltr'><strong>se</strong></span> <span class='ocrx_word' id='word_1_902' title='bbox 2421 5018 2676 5091; x_wconf 84' lang='lat' dir='ltr'><strong>implevit.</strong></span> <span class='ocrx_word' id='word_1_903' title='bbox 2709 5019 2774 5074; x_wconf 88' lang='lat' dir='ltr'><strong>Et</strong></span> <span class='ocrx_word' id='word_1_904' title='bbox 2797 5014 2988 5083; x_wconf 90' lang='lat' dir='ltr'><strong>videte,</strong></span> <span class='ocrx_word' id='word_1_905' title='bbox 3022 5015 3243 5081; x_wconf 81' lang='lat' dir='ltr'><strong>fratres;</strong></span> <span class='ocrx_word' id='word_1_906' title='bbox 3271 5026 3387 5070; x_wconf 86' lang='lat' dir='ltr'><strong>cum</strong></span> <span class='ocrx_word' id='word_1_907' title='bbox 3406 5006 3707 5101; x_wconf 31' lang='lat' dir='ltr'><strong>enumerent-lt?</strong></span> 
     </span>
    </p>
   </div>
   <div class='ocr_carea' id='block_1_114' title="bbox 2210 5094 3704 5180">
    <p class='ocr_par' dir='ltr' id='par_1_114' title="bbox 2210 5094 3704 5180">
     <span class='ocr_line' id='line_1_114' title="bbox 2210 5094 3704 5180; baseline -0.013 -10"><span class='ocrx_word' id='word_1_908' title='bbox 2210 5094 2358 5170; x_wconf 85' lang='lat' dir='ltr'><strong>multi</strong></span> <span class='ocrx_word' id='word_1_909' title='bbox 2386 5122 2535 5170; x_wconf 85' lang='lat' dir='ltr'><strong>erant</strong></span> <span class='ocrx_word' id='word_1_910' title='bbox 2564 5130 2578 5167; x_wconf 90' lang='lat'><strong>:</strong></span> <span class='ocrx_word' id='word_1_911' title='bbox 2610 5108 2968 5180; x_wconf 79' lang='lat' dir='ltr'><strong>Conﬁtebinmr</strong></span> <span class='ocrx_word' id='word_1_912' title='bbox 2991 5110 3100 5177; x_wconf 85' lang='lat' dir='ltr'><strong>tibi,</strong></span> <span class='ocrx_word' id='word_1_913' title='bbox 3124 5106 3291 5173; x_wconf 85' lang='lat' dir='ltr'><strong>Deus;</strong></span> <span class='ocrx_word' id='word_1_914' title='bbox 3310 5094 3704 5174; x_wconf 60' lang='lat' dir='ltr'><strong>conﬁteblmartibii</strong></span> 
     </span>
    </p>
   </div>
   <div class='ocr_carea' id='block_1_115' title="bbox 2209 5182 3704 5263">
    <p class='ocr_par' dir='ltr' id='par_1_115' title="bbox 2209 5182 3704 5263">
     <span class='ocr_line' id='line_1_115' title="bbox 2209 5182 3704 5263; baseline -0.015 0"><span class='ocrx_word' id='word_1_915' title='bbox 2209 5220 2255 5263; x_wconf 73' lang='lat' dir='ltr'><strong>et</strong></span> <span class='ocrx_word' id='word_1_916' title='bbox 2281 5206 2617 5262; x_wconf 73' lang='lat' dir='ltr'><strong>incumbimus</strong></span> <span class='ocrx_word' id='word_1_917' title='bbox 2653 5220 2833 5259; x_wconf 76' lang='lat' dir='ltr'><strong>nautea</strong></span> <span class='ocrx_word' id='word_1_918' title='bbox 2867 5214 3025 5257; x_wconf 83' lang='lat' dir='ltr'><strong>tuum.</strong></span> <span class='ocrx_word' id='word_1_919' title='bbox 3076 5197 3230 5256; x_wconf 77' lang='lat' dir='ltr'><strong>Multa</strong></span> <span class='ocrx_word' id='word_1_920' title='bbox 3274 5200 3410 5255; x_wconf 89' lang='lat' dir='ltr'><strong>enint</strong></span> <span class='ocrx_word' id='word_1_921' title='bbox 3452 5201 3555 5249; x_wconf 85' lang='lat' dir='ltr'><strong>sunt</strong></span> <span class='ocrx_word' id='word_1_922' title='bbox 3589 5182 3704 5242; x_wconf 74' lang='lat' dir='ltr'><strong>mnia</strong></span> 
     </span>
    </p>
   </div>
   <div class='ocr_carea' id='block_1_116' title="bbox 2208 5279 3704 5365">
    <p class='ocr_par' dir='ltr' id='par_1_116' title="bbox 2208 5279 3704 5365">
     <span class='ocr_line' id='line_1_116' title="bbox 2208 5279 3704 5365; baseline -0.012 -10"><span class='ocrx_word' id='word_1_923' title='bbox 2208 5299 2594 5365; x_wconf 88' lang='lat' dir='ltr'><strong>conlitentium,</strong></span> <span class='ocrx_word' id='word_1_924' title='bbox 2622 5313 2782 5352; x_wconf 90' lang='lat' dir='ltr'><strong>unum</strong></span> <span class='ocrx_word' id='word_1_925' title='bbox 2830 5292 3179 5351; x_wconf 83' lang='lat' dir='ltr'><strong>credentium.</strong></span> <span class='ocrx_word' id='word_1_926' title='bbox 3232 5292 3404 5360; x_wconf 86' lang='lat' dir='ltr'><strong>Quare</strong></span> <span class='ocrx_word' id='word_1_927' title='bbox 3443 5282 3579 5343; x_wconf 83' lang='lat' dir='ltr'><strong>multa</strong></span> <span class='ocrx_word' id='word_1_928' title='bbox 3618 5279 3704 5365; x_wconf 59' lang='grc' dir='ltr'>διξηι</span> 
     </span>
    </p>
   </div>
   <div class='ocr_carea' id='block_1_117' title="bbox 2208 5362 3701 5456">
    <p class='ocr_par' dir='ltr' id='par_1_117' title="bbox 2208 5362 3701 5456">
     <span class='ocr_line' id='line_1_117' title="bbox 2208 5362 3701 5456; baseline -0.019 -8"><span class='ocrx_word' id='word_1_929' title='bbox 2208 5392 2367 5448; x_wconf 87' lang='lat' dir='ltr'><strong>corda</strong></span> <span class='ocrx_word' id='word_1_930' title='bbox 2394 5390 2782 5456; x_wconf 85' lang='lat' dir='ltr'><strong>c0nlitcntittm,</strong></span> <span class='ocrx_word' id='word_1_931' title='bbox 2814 5403 2974 5442; x_wconf 90' lang='lat' dir='ltr'><strong>untun</strong></span> <span class='ocrx_word' id='word_1_932' title='bbox 3006 5381 3370 5441; x_wconf 85' lang='lat' dir='ltr'><strong>credentium?</strong></span> <span class='ocrx_word' id='word_1_933' title='bbox 3400 5380 3579 5434; x_wconf 79' lang='lat' dir='ltr'><strong>Diversa</strong></span> <span class='ocrx_word' id='word_1_934' title='bbox 3599 5362 3701 5423; x_wconf 78' lang='lat' dir='ltr'><strong>enim</strong></span> 
     </span>
    </p>
   </div>
   <div class='ocr_carea' id='block_1_118' title="bbox 2209 5464 3700 5565">
    <p class='ocr_par' dir='ltr' id='par_1_118' title="bbox 2209 5464 3700 5565">
     <span class='ocr_line' id='line_1_118' title="bbox 2209 5464 3700 5565; baseline -0.016 -22"><span class='ocrx_word' id='word_1_935' title='bbox 2209 5496 2422 5561; x_wconf 79' lang='lat' dir='ltr'><strong>peccata</strong></span> <span class='ocrx_word' id='word_1_936' title='bbox 2461 5466 2707 5540; x_wconf 84' lang='lat' dir='ltr'><strong>homines</strong></span> <span class='ocrx_word' id='word_1_937' title='bbox 2744 5482 3099 5545; x_wconf 81' lang='lat' dir='ltr'><strong>conﬁtentur;</strong></span> <span class='ocrx_word' id='word_1_938' title='bbox 3149 5492 3300 5532; x_wconf 87' lang='lat' dir='ltr'><strong>unam</strong></span> <span class='ocrx_word' id='word_1_939' title='bbox 3342 5473 3482 5528; x_wconf 84' lang='lat' dir='ltr'><strong>tidem</strong></span> <span class='ocrx_word' id='word_1_940' title='bbox 3509 5464 3700 5565; x_wconf 42' lang='lat' dir='ltr'><strong>cretati&quot;:</strong></span> 
     </span>
    </p>
   </div>
   <div class='ocr_carea' id='block_1_119' title="bbox 2206 5559 3700 5658">
    <p class='ocr_par' dir='ltr' id='par_1_119' title="bbox 2206 5559 3700 5658">
     <span class='ocr_line' id='line_1_119' title="bbox 2206 5559 3700 5658; baseline -0.015 -17"><span class='ocrx_word' id='word_1_941' title='bbox 2206 5559 2322 5641; x_wconf 52' lang='lat' dir='ltr'><strong>iam</strong></span> <span class='ocrx_word' id='word_1_942' title='bbox 2348 5596 2475 5651; x_wconf 85' lang='lat' dir='ltr'><strong>ergo</strong></span> <span class='ocrx_word' id='word_1_943' title='bbox 2504 5596 2624 5635; x_wconf 91' lang='lat' dir='ltr'><strong>cum</strong></span> <span class='ocrx_word' id='word_1_944' title='bbox 2655 5579 2879 5647; x_wconf 62' lang='lat' dir='ltr'><strong>coeperit</strong></span> <span class='ocrx_word' id='word_1_945' title='bbox 2913 5570 3156 5629; x_wconf 78' lang='lat' dir='ltr'><strong>Christus</strong></span> <span class='ocrx_word' id='word_1_946' title='bbox 3184 5571 3408 5626; x_wconf 83' lang='lat' dir='ltr'><strong>habitare</strong></span> <span class='ocrx_word' id='word_1_947' title='bbox 3435 5565 3481 5619; x_wconf 90' lang='lat' dir='ltr'><strong>in</strong></span> <span class='ocrx_word' id='word_1_948' title='bbox 3509 5559 3700 5658; x_wconf 54' lang='grc' dir='ltr'><strong>ἰῆπςτίυτθ</strong></span> 
     </span>
    </p>
   </div>
   <div class='ocr_carea' id='block_1_120' title="bbox 2209 5655 3698 5742">
    <p class='ocr_par' dir='ltr' id='par_1_120' title="bbox 2209 5655 3698 5742">
     <span class='ocr_line' id='line_1_120' title="bbox 2209 5655 3698 5742; baseline -0.025 -13"><span class='ocrx_word' id='word_1_949' title='bbox 2209 5676 2423 5729; x_wconf 88' lang='lat' dir='ltr'><strong>homine</strong></span> <span class='ocrx_word' id='word_1_950' title='bbox 2456 5687 2548 5742; x_wconf 86' lang='lat' dir='ltr'><strong>per</strong></span> <span class='ocrx_word' id='word_1_951' title='bbox 2589 5670 2745 5725; x_wconf 85' lang='lat' dir='ltr'><strong>iidem</strong></span> <span class='ocrx_word' id='word_1_952' title='bbox 2782 5667 2996 5740; x_wconf 84' lang='lat' dir='ltr'><strong>(Ep/tes.</strong></span> <span class='ocrx_word' id='word_1_953' title='bbox 3027 5682 3106 5727; x_wconf 81' lang='lat' dir='ltr'><strong>lli.</strong></span> <span class='ocrx_word' id='word_1_954' title='bbox 3137 5664 3245 5735; x_wconf 84' lang='lat' dir='ltr'><strong>l7),</strong></span> <span class='ocrx_word' id='word_1_955' title='bbox 3274 5656 3566 5729; x_wconf 77' lang='lat' dir='ltr'><strong>cmperitque</strong></span> <span class='ocrx_word' id='word_1_956' title='bbox 3589 5655 3698 5742; x_wconf 66' lang='lat' dir='ltr'><strong>tutuo</strong></span> 
     </span>
    </p>
   </div>
   <div class='ocr_carea' id='block_1_121' title="bbox 2206 5738 3696 5836">
    <p class='ocr_par' dir='ltr' id='par_1_121' title="bbox 2206 5738 3696 5836">
     <span class='ocr_line' id='line_1_121' title="bbox 2206 5738 3696 5836; baseline -0.018 -15"><span class='ocrx_word' id='word_1_957' title='bbox 2206 5777 2355 5821; x_wconf 82' lang='lat' dir='ltr'><strong>catus</strong></span> <span class='ocrx_word' id='word_1_958' title='bbox 2388 5738 2658 5836; x_wconf 78' lang='lat' dir='ltr'><strong>possidere</strong></span> <span class='ocrx_word' id='word_1_959' title='bbox 2686 5738 2987 5817; x_wconf 80' lang='lat' dir='ltr'><strong>confessum</strong></span> <span class='ocrx_word' id='word_1_960' title='bbox 3014 5775 3028 5821; x_wconf 84' lang='lat'>;</span> <span class='ocrx_word' id='word_1_961' title='bbox 3061 5756 3115 5812; x_wconf 86' lang='lat' dir='ltr'><strong>lit</strong></span> <span class='ocrx_word' id='word_1_962' title='bbox 3144 5764 3277 5811; x_wconf 85' lang='lat' dir='ltr'><strong>totus</strong></span> <span class='ocrx_word' id='word_1_963' title='bbox 3304 5750 3538 5836; x_wconf 79' lang='lat' dir='ltr'><strong>Christus,</strong></span> <span class='ocrx_word' id='word_1_964' title='bbox 3564 5738 3696 5836; x_wconf 49' lang='lat' dir='ltr'><strong>illiilli,</strong></span> 
     </span>
    </p>
   </div>
   <div class='ocr_carea' id='block_1_122' title="bbox 2206 5825 3698 5930">
    <p class='ocr_par' dir='ltr' id='par_1_122' title="bbox 2206 5825 3698 5930">
     <span class='ocr_line' id='line_1_122' title="bbox 2206 5825 3698 5930; baseline -0.017 -15"><span class='ocrx_word' id='word_1_965' title='bbox 2206 5870 2258 5915; x_wconf 91' lang='lat' dir='ltr'><strong>et</strong></span> <span class='ocrx_word' id='word_1_966' title='bbox 2281 5825 2496 5930; x_wconf 78' lang='lat' dir='ltr'><strong>corpus,</strong></span> <span class='ocrx_word' id='word_1_967' title='bbox 2525 5864 2577 5911; x_wconf 89' lang='lat' dir='ltr'><strong>et</strong></span> <span class='ocrx_word' id='word_1_968' title='bbox 2602 5871 2668 5911; x_wconf 77' lang='lat' dir='ltr'><strong>ex</strong></span> <span class='ocrx_word' id='word_1_969' title='bbox 2697 5853 2879 5910; x_wconf 82' lang='lat' dir='ltr'><strong>multis</strong></span> <span class='ocrx_word' id='word_1_970' title='bbox 2902 5862 3056 5907; x_wconf 86' lang='lat' dir='ltr'><strong>unus.</strong></span> <span class='ocrx_word' id='word_1_971' title='bbox 3090 5836 3274 5904; x_wconf 75' lang='lat' dir='ltr'><strong>Audite</strong></span> <span class='ocrx_word' id='word_1_972' title='bbox 3299 5842 3400 5914; x_wconf 74' lang='lat' dir='ltr'><strong>iam</strong></span> <span class='ocrx_word' id='word_1_973' title='bbox 3428 5834 3561 5930; x_wconf 63' lang='lat' dir='ltr'><strong>verba</strong></span> 
     </span>
    </p>
   </div>
   <div class='ocr_carea' id='block_1_123' title="bbox 2211 5914 3695 6023">
    <p class='ocr_par' dir='ltr' id='par_1_123' title="bbox 2211 5914 3695 6023">
     <span class='ocr_line' id='line_1_123' title="bbox 2211 5914 3695 6023; baseline -0.012 -13"><span class='ocrx_word' id='word_1_974' title='bbox 2211 5952 2301 6010; x_wconf 86' lang='lat' dir='ltr'><strong>sti.</strong></span> <span class='ocrx_word' id='word_1_975' title='bbox 2328 5914 2459 6011; x_wconf 65' lang='lat' dir='ltr'><strong>Nam</strong></span> <span class='ocrx_word' id='word_1_976' title='bbox 2484 5914 2637 6023; x_wconf 71' lang='lat' dir='ltr'><strong>quasi</strong></span> <span class='ocrx_word' id='word_1_977' title='bbox 2660 5958 2770 6007; x_wconf 84' lang='lat' dir='ltr'><strong>non</strong></span> <span class='ocrx_word' id='word_1_978' title='bbox 2789 5942 2907 6019; x_wconf 68' lang='lat' dir='ltr'><strong>eius</strong></span> <span class='ocrx_word' id='word_1_979' title='bbox 2938 5943 3102 6003; x_wconf 74' lang='lat' dir='ltr'><strong>verba</strong></span> <span class='ocrx_word' id='word_1_980' title='bbox 3140 5938 3464 6004; x_wconf 69' lang='lat' dir='ltr'><strong>videbantur,</strong></span> <span class='ocrx_word' id='word_1_981' title='bbox 3487 5914 3695 5993; x_wconf 50' lang='grc' dir='ltr'><strong>ἀκμαί·</strong></span> 
     </span>
    </p>
   </div>
  </div>
