3966 6448
157 362 269 424 949

159 503 281 543 mur
306 486 422 555 tibi,
467 482 636 550 Deus;
670 479 1017 550 conﬁtebimur
1056 476 1163 543 tibi,
1203 482 1249 530 et
1281 473 1619 530 invocabimus
1644 486 1752 555 ino-

161 596 286 638 mea
313 564 480 634 luunt.
499 573 618 633 iam
642 573 820 646 incipit
849 589 912 629 ex
942 586 1164 642 persona
1192 567 1377 639 capitis
1403 580 1600 622 sermo.
1630 554 1752 621 Sive

163 682 351 728 autem
379 676 538 740 caput
560 666 823 739 loquatur,
847 665 956 720 sive
988 660 1223 718 membra
1253 662 1559 733 loquantur,
1587 656 1752 713 Chri-

163 772 287 821 stus
314 754 552 832 loquitur
573 774 588 814 :
620 758 851 830 loquitur
868 772 930 811 ex
960 768 1182 826 persona
1202 753 1410 824 capitis,
1434 750 1665 821 loquitur
1684 764 1750 805 ex

163 862 404 929 persona
424 851 682 924 corporis.
713 849 817 905 Sed
839 847 963 920 quid
993 847 1187 903 dictum
1214 845 1332 900 est?
1358 840 1522 898 Erunt
1563 841 1663 897 duo
1699 840 1752 895 in

162 946 325 1005 carne
343 964 468 1003 una.
503 943 885 1003 Sacramentum
914 941 1008 997 hoc
1031 956 1268 1014 magnum
1293 947 1396 1005 est;
1421 954 1532 1009 ego,
1560 936 1750 1009 inquit,

161 1038 304 1106 dico,
329 1034 386 1093 in
416 1036 614 1093 Christo
635 1046 680 1091 et
701 1037 753 1090 in
782 1032 1006 1090 Ecclesia
1034 1026 1185 1107 (Gen.
1217 1029 1380 1097 "ﬁt,
1410 1040 1456 1085 et
1474 1022 1663 1100 Ephes.
1693 1044 1750 1097 ν,

160 1130 253 1195 3i.
276 1129 396 1203 32).
433 1118 494 1185 Et
528 1122 640 1201 ipse
669 1125 719 1182 in
750 1124 1032 1196 Evangelio
1060 1140 1074 1178 :
1105 1118 1273 1193 Igitur
1301 1121 1415 1194 jam
1460 1137 1561 1175 non
1608 1120 1709 1174 duo
1731 1161 1748 1186 ,

160 1222 253 1281 sed
270 1202 379 1280 una
402 1240 523 1280 caro
561 1218 774 1294 (Matth.
812 1236 921 1286 xIx,
960 1214 1039 1288 6).
1082 1202 1214 1272 Nam
1260 1225 1319 1272 ut
1356 1214 1611 1270 noveritis
1654 1212 1752 1268 has

158 1317 298 1375 duas
324 1313 720 1388 quodammodo
757 1324 877 1368 esse
920 1323 1197 1382 personas,
1251 1314 1306 1363 et
1354 1322 1541 1363 rursus
1575 1321 1750 1361 .unam

158 1407 512 1479 copulatidne
548 1400 802 1475 conjugii,
851 1411 1099 1471 tanquam
1157 1414 1294 1453 nitus
1345 1392 1576 1467 loquitur
1613 1393 1751 1466 apud

160 1498 383 1566 lsaiam,
420 1507 475 1553 et
492 1495 622 1553 dicit
651 1514 663 1551 :
697 1492 844 1552 Sicut
868 1508 1053 1565 sponso
1095 1486 1323 1562 alligavit
1352 1487 1475 1543 mihi
1518 1489 1749 1554 mitram,

158 1603 205 1649 et
230 1590 365 1648 sicut
405 1606 642 1661 sponsam
669 1584 834 1643 induit
869 1604 947 1642 me
978 1594 1272 1641 ornamento
1312 1580 1462 1655 (lsai.
1495 1598 1601 1645 ut,
1636 1581 1749 1654 10).

156 1684 436 1755 Sponsum
464 1698 524 1741 se
552 1680 684 1739 dixit
725 1696 792 1737 ex
835 1679 1028 1750 capite,
1079 1691 1329 1750 sponsam
1383 1691 1449 1733 ex
1505 1664 1748 1746 corpore.

157 1779 429 1851 Loquitur
454 1792 582 1851 ergo
628 1791 799 1844 unus;
847 1772 1122 1829 audiamus
1150 1787 1292 1834 eum,
1345 1778 1399 1826 et
1441 1769 1492 1825 in
1542 1784 1608 1823 eo
1655 1783 1754 1825 nos

156 1886 380 1944 quoque
415 1862 693 1941 loquamur
722 1885 736 1921 :
774 1864 943 1921 simus
972 1863 1208 1919 membra
1236 1854 1350 1933 ejus
1370 1902 1385 1926 ,
1413 1870 1469 1915 ut
1510 1856 1626 1915 lucc
1651 1875 1751 1915 vox

157 1975 206 2020 et
240 1971 433 2020 nostra
459 1975 579 2018 esse
604 1944 788 2032 possit.
818 1950 1102 2022 Enarrabo,
1130 1950 1320 2026 inquit,
1349 1951 1517 2007 omnia
1551 1948 1754 2005 mirabi-

155 2055 228 2110 lis
255 2065 368 2111 tua.
406 2048 746 2124 Evangelizat
772 2044 1016 2105 Christus
1042 2044 1275 2115 seipsum
1297 2086 1313 2114 ,
1341 2041 1666 2116 evangelizal
1694 2058 1755 2100 se

157 2147 318 2205 etiam
353 2147 415 2201 in
440 2124 695 2213 membris
725 2136 837 2197 suis
854 2138 962 2213 jam
1005 2136 1374 2202 existentibus,
1422 2143 1483 2190 ut
1531 2142 1582 2189 et
1621 2133 1755 2189 alios

155 2240 424 2317 adducat,
450 2246 507 2317 et
556 2232 810 2294 accedant
845 2228 933 2306 qui
978 2248 1082 2299 non
1132 2226 1303 2317 eratut,
1345 2236 1399 2284 et
1440 2222 1755 2296 copulentur

157 2314 429 2393 membris
450 2316 587 2406 ejus,
619 2316 714 2407 per
738 2322 856 2403 quae
883 2324 1120 2411 membra
1147 2314 1264 2398 ejus
1301 2320 1643 2395 prmdicatum
1673 2328 1756 2376 est

154 2416 517 2505 Evangetium
542 2442 561 2494 ί
586 2435 643 2483 et
662 2425 935 2505 ﬁatunum
965 2432 1159 2495 corpus
1181 2418 1280 2476 sub
1312 2431 1419 2473 uno
1455 2413 1657 2490 capite,
1699 2412 1756 2470 in

158 2538 263 2581 uno
290 2523 515 2595 Spiritu,
543 2506 595 2576 in
622 2534 722 2576 una
745 2504 872 2573 vita.

234 2616 292 2673 5.
335 2596 609 2693 [cereri]
651 2609 716 2667 Et
759 2609 885 2682 quid
925 2606 1036 2663 ait?
1077 2600 1204 2663 Cum
1253 2621 1514 2675 accepero,
1565 2603 1754 2675 inquit.

167 2716 366 2779 tempus
394 2721 483 2779 ego
494 2698 983 2777 justitiasjudicabo.
1001 2695 1756 2769 Quando]udicabitjnstitias?

166 2798 301 2855 Cum
324 2794 594 2863 acceperit
621 2802 847 2865 tempus.
893 2788 1135 2848 Nondum
1179 2796 1261 2844 est
1300 2789 1472 2861 ipsum
1524 2798 1750 2857 tempus.

168 2889 387 2947 Gratias
408 2884 789 2944 misericordias
816 2883 931 2955 ejus
962 2901 973 2937 :
1003 2881 1151 2956 prius
1170 2879 1760 2953 pnedimtjustitias,et

170 2980 251 3055 sic
275 2976 485 3052 iudicat
506 2974 736 3049 justitias
758 2977 799 3031 ³.
822 2974 953 3030 Nam
973 2974 1017 3031 si
1038 2981 1160 3061 ante
1176 2971 1334 3028 vellet
1343 2970 1583 3042 judicare
1599 2986 1758 3043 quam

170 3073 495 3148 prtedicare,
520 3071 641 3145 quis
668 3069 994 3127 inveniretur
1036 3066 1374 3123 liberandus?
1421 3067 1541 3139 quis
1581 3065 1761 3121 absol-

171 3164 383 3225 vendus
407 3161 758 3220 occurreret?
793 3159 948 3217 Modo
973 3173 1101 3230 ergo
1129 3156 1515 3229 prtedicationis
1553 3165 1760 3227 tempus

172 3268 293 3318 est;
324 3256 588 3320 Narrabo.
615 3255 817 3328 inquit,
844 3254 1011 3309 omnia
1037 3250 1291 3308 mirabilia
1317 3260 1427 3306 tua.
1459 3250 1596 3306 Audi
1634 3264 1759 3305 nar-

172 3360 406 3415 rantem,
452 3346 576 3404 audi
616 3346 1031 3419 pra-dicentem;
1080 3358 1202 3400 nam
1254 3343 1300 3399 si
1352 3342 1757 3413 contempseris,

172 3443 303 3515 Cum
329 3457 575 3513 accepero
604 3449 818 3511 tempus,
862 3436 1053 3510 inquit,
1107 3452 1197 3509 ego
1223 3435 1454 3508 justitias
1495 3430 1757 3505 judicabo.

173 3535 355 3600 Dono,
396 3531 592 3604 inquit,
627 3545 770 3587 nunc
806 3542 1021 3601 peccata
1054 3527 1352 3593 conﬁtenti;
1394 3541 1497 3581 non
1547 3538 1761 3596 parcam

172 3640 359 3699 postea
387 3623 772 3682 contemnenti.
803 3619 1204 3677 Misericordiam
1225 3628 1270 3673 et
1299 3617 1556 3690 judicium
1580 3626 1761 3672 canta-

173 3721 235 3777 bo
253 3718 590 3788 tibi,Domine
611 3714 776 3792 (Psal.
791 3730 845 3782 c,
864 3712 1133 3786 l),dicitnr
1159 3710 1212 3768 in
1230 3711 1452 3783 psalmo.
1473 3709 1761 3765 Misericor-

174 3814 314 3870 diam
332 3824 379 3870 et
384 3811 642 3888 judicium
659 3825 680 3867 :
698 3808 855 3867 modo
870 3798 1467 3877 misericordiam,postea
1476 3802 1763 3874 judicium;

175 3906 227 3963 in
245 3922 349 3979 qua
362 3902 727 3962 misericordia
739 3909 952 3971 peccata
969 3896 1308 3962 donantur-,in
1325 3912 1430 3968 quo
1436 3894 1637 3967 judicio
1651 3908 1767 3966 per.

177 4007 292 4055 cata
307 3993 721 4069 puniuntur.\lis
735 4008 840 4049 non
870 3992 1057 4047 timere
1079 3997 1414 4061 peccatorum
1431 3984 1765 4059 portitorem?

182 4092 313 4147 Ama
342 4091 658 4146 donatorem
683 4104 699 4152 ;
727 4085 833 4141 noli
862 4097 1134 4154 respuere.
1154 4081 1257 4136 noli
1278 4090 1328 4136 te
1349 4080 1627 4145 extollere,
1651 4079 1760 4140 noli

180 4181 380 4252 dicere,
404 4180 529 4240 Non
556 4178 729 4235 habeo
756 4177 895 4249 quod
922 4174 1047 4233 mihi
1078 4173 1277 4241 donet;
1306 4171 1429 4227 audi
1457 4173 1598 4229 enim
1623 4170 1764 4242 quod

180 4275 423 4347 sequitur
452 4291 466 4327 :
494 4271 619 4329 Cum
638 4287 874 4342 accepero
897 4279 1110 4338 tempus,
1134 4283 1225 4338 ego
1247 4265 1473 4338 jnstitias
1500 4262 1761 4333 judirubo.

185 4370 404 4440 Accepit
429 4375 636 4439 tempus
654 4361 944 4421 Christus?
971 4361 1174 4432 accepit
1197 4373 1403 4429 tempus
1434 4352 1599 4413 Filius
1631 4355 1766 4411 Dei?

183 4446 353 4516 Filius
383 4450 477 4514 Dei
503 4472 612 4517 non
654 4455 859 4524 accepit
903 4465 1145 4525 tempus;
1195 4458 1287 4508 sed
1327 4450 1493 4507 Filius
1538 4448 1766 4505 hominis

184 4550 395 4621 accepit
424 4558 650 4619 tempus.
672 4545 815 4603 Idem
859 4548 971 4613 ipse
1003 4557 1178 4602 autem
1221 4554 1276 4601 et
1320 4542 1484 4600 Filius
1538 4543 1627 4598 Dei
1674 4558 1767 4613 per

184 4632 346 4716 quem
372 4639 494 4697 lacti
520 4653 726 4705 sumus,
757 4649 808 4693 et
836 4636 1002 4692 Filius
1034 4636 1263 4693 hominis
1303 4653 1396 4707 per
1418 4650 1580 4706 quem
1623 4635 1766 4691 refe~

186 4730 258 4793 cli
285 4746 493 4791 sumus.
520 4730 748 4788 Homine
786 4738 1081 4799 asstnnpto.
1128 4729 1239 4798 ipse
1281 4743 1385 4783 non
1432 4737 1763 4799 assumptus;

188 4810 406 4883 homine
435 4831 638 4897 mutato
664 4821 719 4879 in
749 4819 959 4888 melius,
987 4818 1134 4875 nullo
1158 4818 1314 4874 modo
1332 4816 1443 4889 ipse
1464 4818 1516 4872 in
1535 4818 1767 4874 deterius

187 4923 568 4980 commutatus.
599 4904 704 4970 non
728 4911 933 4968 destitit
961 4925 1081 4965 esse
1109 4908 1248 4982 quod
1278 4918 1412 4972 erat,
1441 4902 1534 4963 sed
1564 4907 1769 4977 accepit

192 5006 333 5080 quod
363 5022 469 5069 non
494 5012 629 5061 erat.
678 5000 816 5072 Quid
856 4994 1151 5057 eratiCum
1188 5001 1241 5054 in
1279 4999 1444 5067 [arma
1480 4996 1572 5055 Dei
1618 5008 1765 5069 esset,

193 5117 290 5155 non
312 5102 546 5172 rapinam
571 5097 842 5155 arbitratus
867 5106 939 5153 est
968 5112 1073 5152 esse
1108 5094 1314 5167 (aqualis
1341 5094 1448 5150 Deo
1482 5110 1501 5151 :
1532 5095 1767 5166 Apostoli

196 5194 352 5247 verba
383 5201 528 5247 sunt.
557 5174 623 5247 Et
642 5189 768 5262 quid
794 5188 1036 5259 accepit?
1067 5186 1172 5242 Sed
1191 5188 1505 5258 semetipsum
1536 5187 1769 5243 exinani-

195 5284 278 5342 rit.
309 5288 528 5357 formam
555 5281 685 5337 servi
726 5280 974 5352 accipiens
1014 5279 1271 5352 (Philipp.
1305 5294 1363 5347 ιι,
1412 5278 1465 5342 6,
1506 5281 1580 5351 7)-
1623 5279 1770 5336 Sicut

196 5374 418 5430 formam
445 5373 587 5432 servi
610 5373 845 5442 accepit.
877 5372 948 5428 ita
976 5381 1029 5428 et
1058 5384 1268 5441 tempus
1307 5371 1530 5440 accepit.
1580 5373 1772 5427 Demu-

200 5476 336 5523 tatus
357 5483 441 5526 est
484 5465 647 5540 ergo?
674 5465 975 5521 deminnus
1012 5464 1130 5521 est?
1166 5464 1355 5519 exilior
1396 5463 1672 5518 redditus?
1717 5465 1770 5520 in

201 5556 457 5617 delectum
483 5556 701 5632 lapsus?
746 5555 912 5612 Absn.
945 5555 1080 5624 Quid
1107 5570 1234 5627 ergo
1263 5555 1578 5625 semetipsum
1598 5556 1772 5611 exina-

267 5775 379 5841 ‘__sic
400 5774 583 5841 aliquot
603 5781 785 5839 At
807 5780 898 5841 ξτες
927 5772 1068 5823 Prius
1104 5773 1612 5841 prgediretjustitiam,
1636 5783 1681 5828 et
1703 5778 1773 5831 sic

202 5832 622 5902 Micetjust'ttt'as.
641 5834 773 5889 ων
803 5832 946 5891 Mus
964 5832 1199 5902 praetulit
1224 5834 1434 5899 iustitia,
1476 5843 1570 5890 ctc.

1222 346 1621 410 ΕΝΔΒΒΔΤΙΟ
1657 344 1722 404 IN
1760 344 2084 407 PSALMUM
2122 350 2358 408 LXXIV.

3334 352 3442 411 950

1857 470 1998 536 nivit,
2025 473 2239 540 formam
2282 473 2411 526 servi
2458 473 2752 545 accipiens?
2802 472 3119 530 Exinanisse
3165 485 3224 529 se
3264 471 3443 531 dictus

1858 570 1939 616 est
1959 562 2269 631 accipiendo
2300 563 2623 629 inferiorem.
2643 580 2747 620 non
2777 564 3149 637 degenerando
3171 564 3239 620 ab
3262 580 3443 636 aequa-

1858 656 1913 711 li.
1948 657 2106 727 Ergo,
2137 657 2342 725 fratres,
2371 658 2494 729 quid
2520 670 2600 714 est
2643 659 2742 713 hoc
2764 702 2778 723 ,
2811 658 2936 713 Cum
2959 675 3196 730 accepero
3219 667 3439 727 tempus,

1858 768 1950 825 ego
1965 753 2194 823 jnstitius
2208 753 2452 824 judicabo
2470 754 2494 807 ?
2515 755 2730 823 Accepit
2757 762 2967 824 tempus
2996 761 3051 808 ut
3078 752 3243 808 Filius
3264 752 3440 806 homi-

1859 844 1942 898 nis
1967 863 1982 908 ;
2012 846 2272 914 gubernat
2310 856 2554 917 tempora
2581 854 2639 900 ut
2668 844 2834 900 Filius
2872 845 2986 901 Dei.
3032 844 3169 899 Audi
3207 844 3331 914 quia
3382 852 3443 899 ut

1858 933 2026 991 Filius
2056 936 2282 991 hominis
2330 939 2532 1008 accepit
2590 949 2797 1009 tempus
2845 937 3138 1009 judicandi.
3197 936 3332 992 Dicit
3385 935 3441 993 in

1858 1025 2150 1098 Evangelia
2174 1048 2187 1084 :
2214 1029 2364 1082 Dedit
2406 1031 2450 1083 ei
2489 1040 2780 1100 potestatem
2802 1030 2991 1101 judicii
3027 1029 3280 1101 faciendi,
3315 1044 3443 1100 quo-

1858 1119 1995 1173 niam
2026 1117 2074 1172 Ρ
2075 1120 2194 1174 ilius
2220 1119 2436 1175 hominis
2456 1131 2526 1175 est
2550 1120 2729 1192 (Joan.
2752 1138 2805 1186 v,
2831 1121 2946 1192 27).
2974 1121 3274 1176 Secundum
3296 1118 3441 1191 quod

1861 1209 2026 1266 Filius
2068 1211 2181 1280 Dei,
2228 1229 2495 1284 nunquam
2533 1216 2737 1285 accepit
2786 1224 3099 1284 potestatem
3128 1213 3437 1285 judicandi;

1858 1301 1979 1370 quia
2022 1318 2288 1373 nunquam
2311 1304 2481 1359 caruit
2509 1315 2768 1374 potestate
2800 1307 3067 1375 judicandi
3101 1323 3115 1359 :
3146 1303 3437 1364 smundum

1857 1394 1997 1462 quod
2028 1392 2066 1449 F
2072 1394 2189 1448 ilius
2216 1393 2467 1459 hominis,
2499 1399 2703 1467 accepit
2749 1406 2957 1467 tempus
3004 1399 3138 1451 sicut
3186 1395 3440 1452 nascendi

1857 1494 1911 1540 ct
1933 1486 2186 1553 patiendi,
2219 1486 2353 1540 sicut
2381 1486 2636 1541 moriendi
2660 1497 2713 1543 et
2741 1487 3119 1558 resurgendiet
3144 1486 3439 1542 ascendeno

1856 1577 1933 1644 di,
1964 1579 2031 1633 ita
2064 1577 2307 1636 veniendi
2345 1589 2393 1635 et
2421 1578 2712 1649 judicaudi.
2745 1581 2878 1635 Dicit
2906 1580 2955 1634 in
2995 1581 3085 1634 illo
3112 1579 3209 1634 ista
3241 1588 3294 1635 et
3322 1595 3441 1635 cor-

1857 1682 1955 1740 pus
1981 1669 2135 1738 ejus;
2176 1686 2279 1724 non
2320 1671 2459 1723 enim
2503 1670 2618 1725 sine
2645 1670 2746 1725 illis
2770 1669 3029 1740 judicabit
3058 1669 3222 1723 :dicit
3245 1670 3440 1739 quippe

1857 1744 1910 1816 in
1938 1761 2245 1833 Emugelio,
2280 1761 2525 1816 Scdcbitis
2551 1779 2703 1831 super
2721 1761 2986 1816 duodecim
3014 1762 3172 1819 sedes.
3192 1761 3443 1831 judicans
3521 1826 3525 1831 ε

1857 1852 1929 1906 les
1962 1850 2224 1906 duodecim
2245 1853 2401 1908 tribus
2422 1850 2588 1908 Israel
2608 1852 2820 1926 (Matth.
2852 1870 2958 1918 XIX,
2989 1854 3103 1921 9.8).
3137 1854 3275 1923 Ergo
3299 1863 3441 1910 totus

1856 1938 2098 1999 Christus
2144 1943 2291 2010 (Ιιρίι,
2349 1942 2399 1999 id
2448 1956 2527 1999 est
2565 1956 2723 2015 caput
2769 1955 2820 1998 et
2874 1960 3069 2014 corpus
3109 1946 3162 2000 in
3205 1945 3438 2016 sanctis,

1856 2024 1982 2090 Cum
2006 2053 2242 2107 accepero
2267 2047 2481 2108 (corpus,
2514 2054 2603 2107 ego
2616 2034 2846 2107 justitias
2866 2036 3130 2108 jutlicabo.

1929 2120 1981 2179 li.
2013 2118 2159 2198 [vers
2185 2125 2218 2181 4
2244 2122 2266 2199 ]
2296 2124 2449 2182 Modo
2478 2136 2652 2181 autem
2700 2124 2861 2196 quiti?
2910 2125 3136 2197 Ite/luxit
3185 2137 3338 2183 terra.
3384 2127 3441 2187 Si

1856 2204 2077 2270 deﬂuxit
2108 2224 2267 2283 terra,
2320 2215 2458 2271 unde
2499 2215 2719 2271 deﬂuxit
2752 2216 2849 2271 nisi
2901 2218 3173 2287 peccatis?
3223 2220 3345 2276 ldeo
3386 2230 3442 2278 et

1858 2307 2046 2364 delicta
2068 2308 2332 2364 dicuntur.
2367 2309 2686 2381 Deliuqnere
2706 2322 2807 2379 est,
2839 2319 3085 2381 tanquam
3115 2313 3180 2369 de
3199 2314 3397 2386 liquido
3421 2317 3441 2349 ³

1859 2398 2085 2473 quodam
2129 2400 2362 2458 deﬂuere
2430 2418 2460 2456 ιι
2507 2403 2796 2459 stabilitate
2873 2404 3187 2463 firmamenti
3233 2409 3445 2468 virtutis

1857 2505 2017 2568 atque
2042 2497 2280 2567 justiti-.0.
2331 2494 2630 2567 Cupiditate
2672 2496 2814 2553 enim
2862 2497 3167 2557 inferiorum
3221 2503 3445 2575 quisque

1860 2596 2043 2660 peccat
2072 2607 2086 2642 :
2121 2587 2256 2643 sicut
2285 2587 2570 2644 roboratur
2596 2587 2853 2646 cbaritate
2870 2592 3222 2661 superiorum,
3250 2594 3328 2651 sic
3352 2595 3447 2653 de-

1862 2680 1991 2746 licit,
2011 2688 2066 2735 et
2102 2679 2253 2750 quasi
2306 2678 2556 2750 liquescit
2598 2680 2887 2751 cupiditate
2916 2681 3244 2740 inferiorum.
3293 2685 3446 2745 llunc

1860 2771 2060 2829 ﬂuxum
2088 2787 2264 2827 rerum
2297 2771 2348 2826 in
2394 2772 2627 2843 peccatis
2658 2773 2930 2829 hominum
2957 2777 3237 2834 attendens
3279 2778 3446 2836 dona-

1861 2874 1946 2923 tor
1973 2865 2296 2930 misericors.
2319 2864 2546 2922 donator
2575 2875 2933 2936 peccatorum,
2964 2870 3199 2927 nondum
3230 2883 3446 2932 exactor

1863 2957 2264 3028 suppliciorum,
2293 2955 2520 3014 attendit
2543 2967 2596 3014 et
2624 2958 2697 3014 ait
2729 2977 2743 3015 :
2768 2956 2994 3030 Deﬂuxit
3018 2970 3180 3029 terra,
3209 2972 3255 3018 et
3277 2980 3447 3022 onmes

1861 3049 2195 3115 inhabitantes
2221 3048 2372 3104 inea.
2406 3051 2524 3122 ipsa
2548 3052 2729 3122 utique
2752 3058 2894 3107 terra
2922 3051 3146 3109 deﬂuxit
3189 3055 3243 3110 in
3292 3056 3448 3113 habi-

1866 3140 2097 3213 tantibus
2132 3156 2211 3197 se.
2237 3140 2519 3210 Expositio
2563 3150 2646 3197 est
2684 3157 3052 3215 consequens,
3089 3160 3191 3201 non
3226 3146 3446 3204 additio.

1865 3230 2139 3303 Tanquam
2170 3231 2214 3285 si
2240 3229 2448 3285 diceres
2490 3249 2503 3285 :
2537 3231 2816 3299 Quomodo
2856 3232 3075 3289 deﬂuxit
3104 3236 3290 3291 terra?
3326 3239 3450 3294 sub-

1867 3326 2033 3377 tracta
2054 3332 2177 3379 sunt
2209 3321 2570 3389 fuudamenta,
2598 3331 2653 3378 et
2672 3324 2871 3395 aliquid
2897 3323 2948 3380 in
2972 3341 3032 3380 ea
3052 3325 3197 3382 hiatu
3218 3328 3452 3400 quodam

1865 3405 2169 3471 demersum
2194 3417 2310 3471 est?
2334 3412 2489 3483 Quod
2514 3414 2634 3471 dico
2664 3423 2881 3483 terram,
2905 3434 3079 3474 omnes
3116 3420 3451 3477 inhabitantes

1864 3502 1917 3562 in
1958 3526 2038 3563 ea.
2071 3507 2273 3576 Inveni,
2302 3506 2489 3580 inquit,
2545 3517 2740 3564 terram
2787 3511 3166 3580 peccatricem;
3216 3521 3270 3569 et
3324 3512 3452 3586 quid

1866 3598 2008 3657 feci?
2037 3600 2146 3673 Ego
2180 3603 2478 3669 conﬁrmavi
2510 3602 2770 3657 columnas
2803 3605 2929 3676 ejus.
2981 3605 3123 3672 Quas
3175 3606 3452 3667 columnas

1866 3691 2243 3750 conﬁrmavit?
2271 3690 2560 3747 Columnas
2581 3694 2867 3762 Apostolos
2887 3693 3015 3748 dicit
3044 3713 3058 3749 :
3082 3695 3157 3750 sic
3179 3699 3453 3769 apostolus

1870 3783 2064 3841 Paulus
2103 3782 2172 3839 de
2209 3781 2531 3855 conpostolis
2574 3784 2704 3850 suis,
2757 3781 2857 3850 Qui
2903 3784 3216 3853 videbantur,
3259 3786 3450 3858 inquit,

1867 3875 2115 3931 columna:
2142 3892 2247 3929 esse
2277 3868 2415 3946 (Gal.
2437 3889 2507 3938 tt,
2537 3872 2617 3943 9).
2650 3871 2715 3928 Et
2765 3873 2889 3945 quid
2927 3886 3109 3931 cs~ent
3159 3876 3264 3933 illa:
3305 3878 3453 3934 colu-

1869 3984 2028 4033 mnas,
2048 3960 2147 4022 nisi
2170 3965 2234 4021 ab
2256 3965 2343 4022 illo
2362 3960 2695 4037 ﬁrmarentur
2712 3964 2733 4017 't
2750 3964 2871 4035 quia
2883 3964 3108 4036 quodam
3134 3977 3287 4023 terra:
3304 3977 3453 4026 motu

1868 4058 2028 4119 etiam
2057 4060 2182 4130 ipsa!
2208 4058 2470 4114 columine
2500 4064 2853 4119 nutavm'unt;
2884 4056 2934 4110 in
2967 4056 3213 4128 passione
3238 4058 3453 4118 Domini

1869 4169 2056 4211 omnes
2103 4151 2337 4222 Apostoli
2370 4149 2804 4220 deSperaverunt.
2851 4148 2990 4221 Ergo
3033 4150 3295 4208 columna:
3348 4152 3453 4211 illa:

1868 4264 1987 4319 qme
2018 4244 2261 4316 passione
2305 4242 2514 4299 Domini
2542 4249 2893 4307 notaverunt,
2924 4244 3314 4299 resurrectione
3354 4243 3451 4301 lir-

1870 4350 2027 4395 mata:
2052 4348 2191 4393 sunt.
2236 4334 2490 4391 Clamavit
2523 4334 2728 4389 initium
2780 4334 2987 4390 :cdillcii
3034 4350 3129 4406 per
3178 4337 3454 4395 columnas

1870 4448 2017 4499 suas,
2074 4440 2127 4487 et
2164 4430 2215 4485 in
2244 4428 2322 4484 eis
2361 4428 2607 4483 omnibus
2660 4426 2926 4481 columnis
2973 4427 3294 4484 architectus
3340 4430 3454 4502 ipse

1871 4516 2141 4579 clamavit.
2197 4521 2451 4577 Columna
2498 4518 2637 4575 enim
2666 4533 2768 4573 una
2820 4528 2937 4575 erat
2984 4536 3050 4575 ex
3096 4520 3202 4577 illis
3257 4522 3455 4581 Paulus

1871 4618 2165 4691 apostolus,
2197 4630 2317 4671 cum
2345 4612 2549 4668 diceret
2580 4629 2593 4665 :
2625 4610 2705 4665 An
2732 4610 2880 4666 vultis
2907 4613 3301 4687 experimentum
3321 4616 3456 4671 acci-

1873 4726 1988 4779 pere
2008 4709 2135 4779 ejus,
2162 4705 2248 4778 qui
2266 4705 2317 4759 in
2343 4720 2421 4758 me
2447 4702 2668 4773 loquitur
2688 4699 2915 4756 Christus
2949 4701 3014 4776 (ll
3053 4701 3169 4759 Cor.
3202 4719 3318 4775 χιιι,
3347 4705 3402 4777 3)
3430 4706 3455 4761 τ

1872 4794 2034 4871 Ergo,
2071 4794 2199 4869 Ego,
2238 4797 2425 4867 inquit,
2453 4793 2749 4864 conﬁrmavi
2787 4792 3045 4849 columnas
3086 4797 3198 4867 ejus
3227 4815 3246 4852 :
3280 4815 3457 4854 resur-

1874 4893 2022 4955 resi;
2056 4890 2267 4947 ostendi
2296 4897 2522 4944 mortem
2549 4902 2653 4944 non
2685 4903 2804 4943 esse
2837 4888 3212 4958 metuendam,
3248 4891 3456 4951 ostendi

1875 4982 2180 5039 timentibus
2214 4996 2311 5036 nec
2339 4974 2512 5050 ipsum
2542 4994 2736 5052 corpus
2765 4979 2939 5050 perire
2983 4981 3036 5035 in
3087 4982 3454 5040 morientibus.

1874 5072 2311 5132 Terruerunteos
2343 5071 2600 5140 vulnera;
2632 5071 2977 5129 ﬁrmaverunt
3004 5073 3296 5129 cicatrices.
3321 5073 3456 5131 Pos-

1874 5168 1957 5223 set
1986 5164 2237 5220 Dominus
2261 5163 2414 5220 Jesus
2440 5161 2682 5219 Christus
2711 5162 2827 5220 sine
2863 5164 2967 5219 ulla
2996 5165 3243 5220 cicatrice
3273 5182 3457 5223 resur-

1874 5276 2036 5333 gere:
2069 5258 2193 5331 quid
2221 5252 2363 5314 enim
2393 5255 2467 5313 illi
2494 5258 2742 5330 potestati
2766 5274 3013 5329 magnum
3051 5266 3192 5326 erat,
3223 5257 3290 5314 ad
3342 5268 3459 5316 tan-

1878 5362 1984 5410 tam
2018 5353 2374 5424 integritatem
2426 5367 2737 5423 compagem
2792 5351 3033 5421 corporis
3078 5366 3352 5421 revocare,
3400 5362 3459 5412 ut

1876 5445 2078 5502 nullum
2109 5445 2325 5499 omnino
2355 5444 2631 5513 vestigium
2675 5441 2929 5513 praeteriti
2965 5440 3199 5496 vulneris
3238 5458 3456 5513 appare-

1878 5536 2002 5594 ret?
2028 5536 2267 5592 llabebat
2294 5547 2608 5607 potestatem
2649 5533 2788 5588 unde
2818 5531 2947 5587 illud
2973 5534 3131 5587 etiam
3168 5534 3283 5589 sine
3315 5536 3458 5593 cica-

1879 5632 2009 5687 trice
2036 5630 2397 5696 sanaret;scd
2437 5630 2634 5684 habere
2677 5627 2844 5683 voluit
2893 5628 3032 5685 unde
3077 5639 3324 5688 nutantes
3371 5650 3458 5692 eo.

1879 5725 2088 5781 lumnas
2109 5724 2361 5779 (innaret.

1948 5839 1965 5874 ⁸
1991 5835 2298 5900 “meum,
2315 5832 2657 5899 locoquodant.
