3966 6458
559 389 652 446 951

625 504 678 558 7.
727 500 880 574 [verm
903 496 984 574 5.]
1010 498 1319 556 Audivlmus
1337 497 1469 568 jam.
1497 493 1709 556 fratres.
1740 491 1880 566 quod
1903 489 2138 564 quotidie

554 602 662 643 non
691 596 928 650 tacetur;
957 584 1232 640 audiamus
1251 582 1376 654 quid
1407 580 1721 637 clamaverit
1748 595 1841 649 per
1865 577 2140 633 columnas

551 681 671 738 has.
695 680 927 750 Tempus
973 677 1216 733 audiendi
1247 687 1330 731 est
1379 684 1595 746 propter
1637 681 1892 728 terrorem
1947 669 2136 725 illum:

557 773 668 847 Ego
683 771 1187 844 justitiusjudicabo,
1217 786 1332 824 cum
1353 785 1593 837 accepero
1619 778 1833 838 tempus.
1867 763 1960 819 Ille
1989 776 2141 817 accc-

560 877 741 939 pturus
769 873 850 919 est
877 875 1087 933 tempus
1113 861 1349 931 justitias
1381 857 1693 930 iudicandi;
1727 870 1820 910 vos
1849 853 1960 924 jam
2002 866 2143 907 nunc

552 958 761 1012 habetis
789 966 995 1025 tempus
1031 953 1262 1023 justitias
1291 949 1537 1006 faciendi.
1563 949 1616 1004 Si
1659 956 1876 1012 taceret,
1907 960 2012 999 non
2050 941 2144 996 ha-

553 1051 757 1108 beretis
782 1049 908 1120 quid
936 1050 1138 1111 facere;
1171 1045 1265 1102 sed
1291 1043 1621 1101 confirmatis
1635 1039 1899 1097 columnis
1921 1036 2138 1091 clamat.

559 1145 694 1214 Quid
721 1142 951 1199 clamat?
978 1139 1103 1194 Dixi
1127 1139 1310 1209 iniquis
1339 1155 1358 1193 :
1398 1135 1573 1191 Nolite
1599 1134 1769 1206 inique
1789 1132 1972 1202 facere.
2014 1127 2142 1182 fila-

555 1247 686 1298 mat.
715 1235 908 1290 fratres
936 1233 1036 1286 mei
1059 1249 1074 1296 ;
1097 1242 1241 1286 certe
1265 1229 1529 1292 clamatis,
1557 1224 1790 1281 delectat
1815 1236 1908 1276 vos
1925 1261 1940 1284 .
1963 1218 2144 1275 audite

553 1332 892 1387 clamantem.
921 1328 1020 1382 Per
1043 1327 1214 1394 ipsum
1235 1324 1482 1386 obsecro,
1515 1328 1708 1374 terreat
1737 1333 1832 1372 vos
1863 1315 1961 1370 ista
1991 1328 2096 1368 Vox
2123 1328 2138 1366 :

554 1441 661 1479 non
703 1433 809 1478 tam
857 1435 956 1475 nos
1006 1429 1198 1472 vestrae
1238 1418 1353 1470 istae
1398 1428 1559 1470 voces
1594 1412 1859 1466 delectare
1907 1408 2142 1471 debent,

556 1532 714 1586 quam
747 1530 842 1566 vos
875 1514 990 1566 istm
1013 1523 1233 1564 terrere.
1268 1507 1392 1563 Dixi
1416 1505 1599 1577 iniquis
1619 1519 1638 1558 :
1658 1501 1834 1558 Nolite
1851 1501 2023 1569 inique
2066 1499 2147 1570 fa-

557 1624 686 1663 cere.
717 1605 822 1659 Sed
851 1604 958 1672 jam
977 1603 1234 1663 fecerunt.
1261 1609 1315 1654 et
1331 1599 1408 1653 rei
1437 1606 1595 1661 sunt;
1616 1595 1727 1666 jam
1754 1592 1967 1660 deﬂuxit
1988 1601 2144 1658 terra,

558 1710 607 1756 et
627 1715 799 1753 omnes
819 1695 1154 1750 inhabitantes
1191 1694 1243 1746 iu
1266 1708 1347 1746 ea.
1371 1688 1684 1760 Compuncti
1725 1695 1850 1741 sunt
1867 1683 2030 1740 corde
2056 1681 2148 1752 qui

559 1791 834 1847 Christum
861 1785 1270 1849 crucifixcrunt;
1299 1790 1631 1854 agnoverunt
1659 1787 1937 1850 peccatum
1967 1789 2147 1842 suum,

557 1889 861 1945 didicerunt
906 1882 1103 1954 aliqttid
1152 1880 1220 1934 ab
1254 1878 1547 1950 Apostolis,
1582 1891 1651 1931 ne
1695 1874 2046 1943 desperarent
2081 1867 2151 1922 de

560 1981 886 2050 indulgentia
918 1974 1283 2046 prmdicatnris
1310 1975 1324 2005 ⁸
1375 1970 1510 2043 (Act.
1544 1985 1604 2034 tt,
1631 1968 1721 2032 37,
1754 1965 1871 2036 38).
1914 1962 2152 2019 Medicus

558 2076 701 2132 enim
720 2080 959 2136 venerat,
988 2082 1041 2125 et
1068 2069 1188 2124 ideo
1210 2081 1314 2122 non
1343 2066 1409 2120 ad
1436 2078 1598 2119 sanos
1614 2068 1836 2118 venerat
1863 2078 1878 2114 :
1909 2056 2029 2113 Non
2055 2065 2148 2120 est,

558 2168 750 2238 inquit,
779 2181 904 2235 aptis
933 2165 1073 2218 sanis
1098 2159 1341 2222 medicus,
1388 2157 1478 2212 sed
1501 2155 1634 2210 male
1659 2152 1994 2213 habentibus;
2049 2161 2153 2202 non

557 2261 669 2315 veni
691 2259 1062 2326 vocarejustos,
1081 2253 1169 2306 sed
1187 2259 1468 2319 peccatores
1487 2247 1556 2302 ad
1575 2245 1918 2320 ptenitentiam
1938 2239 2149 2313 (Matth.

569 2366 645 2415 tv,
679 2351 804 2404 latet
833 2347 946 2415 15).
980 2345 1142 2415 Ergo.
1180 2342 1304 2396 Dixi
1329 2341 1516 2404 iniquis
1543 2360 1559 2394 :
1591 2336 1951 2406 Noliteinique
1965 2337 2150 2405 facere.

564 2442 682 2497 Non
709 2440 1011 2494 audit-runt.
1039 2436 1177 2490 Olim
1204 2435 1348 2488 enim
1375 2432 1528 2486 nobis
1553 2429 1755 2485 dictum
1773 2437 1855 2484 est
1883 2443 1899 2492 ;
1927 2440 2033 2480 non
2060 2439 2154 2478 att-

564 2535 817 2593 divimus,
846 2530 978 2598 lapsi
1001 2542 1206 2590 sumus.
1229 2524 1479 2579 mortales
1507 2521 1648 2588 facti,
1679 2518 1936 2575 mortales
1954 2515 2150 2587 geniti:

564 2625 779 2695 deﬂuxit
821 2630 954 2675 terra
1021 2617 1253 2673 Audiam
1283 2616 1365 2670 vel
1402 2613 1582 2678 modo.
1614 2621 1670 2666 nt
1704 2617 1945 2680 surgant,
1989 2606 2157 2662 rnedi-

563 2731 686 2772 cum
705 2713 793 2785 qui
822 2713 965 2766 venit
989 2709 1055 2764 ad
1084 2706 1390 2779 languidum
1435 2722 1448 2758 :
1483 2719 1642 2773 quem
1670 2700 2156 2758 nolueruntaudire

563 2808 697 2868 sani,
731 2813 790 2859 ut
829 2819 932 2857 non
979 2801 1268 2859 caderent;
1297 2796 1800 2865 audiantjacentes,
1823 2804 1880 2848 ut
1910 2799 2153 2863 surgant.

565 2898 691 2952 Dixi
715 2896 901 2965 iniquis
937 2910 954 2947 :
991 2891 1163 2946 Nolite
1185 2891 1355 2958 inique
1375 2887 1560 2958 facere.
1591 2883 1727 2954 Quid
1758 2883 1966 2954 agimus
1994 2899 2008 2936 :
2035 2880 2153 2937 Jam

561 2990 804 3046 fecimus.
839 2986 905 3041 Et
933 2984 1335 3052 delinquentibus
1367 2997 1385 3036 :
1416 2979 1592 3035 Nolite
1632 2977 1859 3034 exaltare
1883 2991 2042 3030 cornu
2067 2989 2155 3029 tte-

559 3092 721 3138 strum
757 3083 800 3134 ².
842 3077 977 3148 Quid
1031 3085 1113 3133 est
1173 3073 1310 3131 hoc?
1353 3073 1408 3128 Si
1441 3071 1642 3128 fecistis
1686 3069 2014 3140 iniquitatem
2057 3080 2157 3138 per

559 3173 924 3243 cupiditatem,
973 3169 1138 3223 nolite
1177 3182 1295 3221 eam
1345 3163 1636 3220 defendere
1681 3175 1778 3231 per
1819 3159 2151 3216 elationem:

562 3263 913 3328 confitemini,
946 3262 991 3317 si
1023 3261 1243 3316 fecistis.
1285 3258 1386 3326 Qui
1415 3257 1560 3313 enim
1606 3271 1711 3311 non
1747 3252 2051 3320 confitetur,
2100 3259 2158 3308 et

562 3358 778 3426 iniquus
803 3365 905 3418 est,
937 3354 957 3384 ³
983 3353 1182 3407 exultat
1200 3365 1389 3404 ('Ol'llll.
1440 3347 1560 3401 Dixi
1596 3345 1784 3416 iniquis
1804 3360 1824 3400 :
1850 3342 2023 3399 Nolite
2049 3343 2154 3399 ini-

562 3465 660 3521 que
683 3452 884 3519 facere;
920 3455 964 3497 et
1000 3439 1404 3512 delinquentibus
1440 3454 1461 3492 :
1517 3435 1694 3492 Nolite
1719 3436 1944 3490 exaltare
1994 3451 2155 3490 cornu

561 3549 800 3593 oestrum.
855 3533 1185 3589 Exaltabitur
1213 3533 1265 3585 in
1308 3530 1460 3586 vobis
1497 3543 1664 3584 cornu
1707 3525 1926 3590 Christi,
1965 3527 2010 3581 si
2047 3541 2154 3582 non

563 3630 829 3686 exaltetur
861 3640 1026 3681 cornu
1068 3634 1321 3679 vestrum.
1357 3617 1533 3674 Cornu
1573 3627 1810 3674 vestrum
1851 3617 1919 3672 de
1957 3616 2154 3688 iniqui-

562 3730 673 3776 tate
721 3727 804 3773 est
831 3736 844 3783 ;
877 3732 1043 3773 cornu
1072 3715 1264 3769 Christi
1292 3714 1358 3768 de
1386 3712 1687 3778 majestate.

641 3811 692 3866 8.
726 3809 874 3883 [vers.
903 3805 1050 3879 6-8.]
1097 3804 1270 3860 Nolite
1288 3819 1406 3874 ergo
1425 3801 1597 3869 efferri
1621 3815 1642 3856 :
1666 3817 1729 3856 ne
1753 3799 2032 3869 loquamini
2053 3800 2153 3855 ad-

561 3921 735 3960 versus
762 3903 921 3956 Deum
947 3901 1279 3970 iniquitatem.
1313 3897 1506 3952 Audite
1519 3895 1632 3967 jam
1653 3909 1815 3951 voces
1830 3895 2150 3962 multorum;

571 3995 753 4050 au..iat
784 3992 1173 4061 unusquisque.
1203 3999 1258 4044 et
1286 3998 1570 4059 pungatur.
1601 3984 1737 4055 Quid
1769 3986 1945 4042 solent
1973 3985 2150 4042 homi-

566 4103 664 4142 nes
690 4086 866 4140 dicere
887 4084 912 4138 ?
935 4083 1070 4137 Vere
1087 4081 1292 4151 judicat
1334 4080 1474 4134 Deus
1501 4076 1571 4133 de
1590 4077 1752 4133 rebus
1792 4076 2072 4132 humanis?
2099 4085 2156 4132 et

567 4188 652 4234 est
687 4177 812 4232 illud
832 4175 1089 4245 judicium
1125 4173 1216 4229 Dei
1237 4171 1297 4225 δῖ’
1335 4181 1426 4226 aut
1453 4185 1585 4226 vero
1615 4179 1770 4225 curat
1797 4168 1922 4241 quid
1966 4177 2154 4240 agatur

569 4274 622 4327 in
651 4271 827 4326 terra?
858 4269 986 4323 ’l‘am
1017 4267 1168 4322 multi
1213 4263 1376 4335 iniqui
1421 4261 1722 4318 redundant
1768 4261 2148 4326 felicitatibus;

571 4366 885 4419 innocentes
931 4367 1242 4430 premuntur
1310 4354 1613 4410 laboribus!
1683 4352 1788 4408 Sed
1845 4351 1919 4406 illi
1959 4351 2156 4408 accidit

567 4456 750 4512 nescio
778 4451 902 4523 quid
948 4451 1097 4516 mali,
1125 4449 1419 4519 castig-nte
1465 4447 1576 4502 Deo
1625 4453 1680 4500 et
1725 4443 2070 4512 adtnouente,
2101 4453 2156 4498 et

571 4547 715 4602 novit
744 4543 1125 4600 conscientiam
1160 4555 1308 4594 suam
1331 4555 1346 4602 ;
1381 4537 1528 4591 novit
1555 4550 1652 4606 pro
1680 4536 1871 4589 merito
1899 4543 2152 4608 peceato-

565 4653 684 4693 rum
711 4651 925 4690 suorum
968 4632 1163 4702 aliquid
1217 4645 1275 4683 se
1324 4628 1525 4697 perpeti
1577 4642 1734 4696 posse
1765 4644 1782 4682 :
1811 4627 1952 4682 unde
1989 4642 2153 4698 argu-

564 4736 836 4783 mentatur
860 4726 1120 4778 adversus
1164 4720 1367 4777 Deum?
1417 4717 1547 4787 Quia
1578 4735 1682 4773 non
1717 4727 1893 4788 potest
1931 4718 2112 4774 dicere
2134 4761 2150 4788 ,

561 4821 746 4878 Justus
776 4833 928 4882 sum;
960 4815 1089 4886 quid
1116 4824 1365 4885 putamus
1394 4827 1514 4868 eum
1538 4810 1760 4868 dicere?
1789 4810 1926 4868 Sunt
1946 4815 2155 4884 pejores

565 4915 751 4984 iniqui.
782 4923 830 4966 et
865 4921 1038 4963 tamen
1072 4909 1172 4963 ista
1203 4924 1304 4962 non
1325 4907 1618 4977 patiuntur.
1653 4903 1777 4960 Ilarc
1799 4915 1882 4962 est
1906 4906 2154 4977 iniquitas

563 5022 722 5077 quam
748 5005 1042 5074 loquuntur
1073 4999 1317 5054 homines
1338 4999 1597 5053 adversus
1628 4998 1814 5052 Deum.
1843 4996 2031 5054 Videte
2058 5015 2155 5054 au-

567 5111 673 5156 tem
702 5114 861 5169 quam
899 5096 1137 5166 iniquum
1179 5095 1246 5147 sit
1281 5093 1445 5146 :dmu
1490 5107 1549 5147 se
1574 5090 1688 5146 vult
1723 5093 1927 5160 justum
1961 5091 2151 5161 videri,

567 5193 714 5248 illum
751 5191 876 5246 facit
914 5191 1192 5257 injustam.
1224 5185 1322 5253 Qui
1366 5186 1507 5239 enim
1553 5185 1702 5249 dicit,
1752 5183 1936 5252 Inique
1981 5186 2154 5254 patior

575 5285 713 5357 quod
745 5285 954 5353 patior;
994 5283 1138 5336 illum
1169 5280 1404 5349 iniquum
1431 5277 1556 5332 facil.
1595 5277 1750 5346 cujus
1785 5277 1986 5346 judicio
2013 5278 2152 5350 pati-

569 5389 676 5442 tur,
723 5393 780 5432 se
809 5384 985 5428 autem
1015 5376 1215 5441 justum
1253 5371 1340 5439 qui
1367 5372 1543 5438 inique
1596 5378 1813 5439 patitur.
1865 5368 2013 5440 Rogo
2033 5385 2150 5438 vos,

569 5475 762 5530 fratres
795 5472 922 5532 mei,
958 5483 1165 5536 aequum
1196 5464 1424 5530 esthoc,
1455 5472 1512 5516 ut
1556 5462 1696 5518 Deus
1724 5462 1973 5518 credatur
2017 5462 2154 5531 inju-

627 5631 642 5663 ί
673 5627 861 5689 Aliquot
885 5632 1011 5675 Mss.
1034 5627 1322 5689 peceatores.

628 5695 648 5723 ¹
673 5675 791 5744 tm}.
821 5675 1044 5740 rcstrrm.’
1070 5686 1145 5733 hic
1165 5691 1214 5732 ct
1241 5680 1359 5730 infra
1383 5681 1524 5730 abest
1541 5675 1836 5744 arrlct'isque
1856 5683 1965 5728 Mss.

629 5755 650 5784 ³
674 5739 806 5809 [(Μξ,
833 5757 877 5798 et
900 5749 1080 5799 exultat
1107 5758 1272 5795 conm.
1299 5745 1443 5809 abest
1462 5739 1851 5809 partimia,_et,‘_a

627 5813 745 5897 :sic
767 5799 996 5881 meliores
1017 5815 1123 5859 Mss.
1165 5816 1218 5856 At.
1255 5804 1366 5855 edd.
1386 5816 1416 5876 ε.
1447 5799 1565 5854 fere
1580 5813 1680 5874 pou
1698 5801 1904 5897 Iudicat
1929 5809 2058 5854 Deus
2088 5799 2152 5853 de

654 5887 708 5897 ..-
736 5873 951 5897 summm-
1003 5877 1050 5897 ιιι
1071 5876 1139 5897 η...
1160 5867 1311 5897 ..Μυκη
1337 5874 1414 5897 nm
1437 5863 1674 5897 δηιηηυ..

564 5872 708 5925 rebus
733 5872 968 5922 humanis.
995 5877 1050 5922 et
1069 5876 1139 5919 est
1160 5867 1312 5918 ullum
1329 5865 1416 5916 Dei
1427 5863 1675 5926 judicium
1696 5863 1706 5914 Ξ

1759 380 1818 437 8.
1858 367 2227 436 AUGUS’I‘lM
2267 371 2564 430 EPISCUI’I
3665 394 3735 452 εδ

2248 499 2383 555 stus,
2413 499 2468 546 tu
2489 491 2707 563 justus?
2749 491 2885 549 Cum
2923 501 3104 552 autem
3131 494 3245 553 haec
3268 493 3420 564 dicis,
3461 497 3654 572 loqueris
3677 505 3723 560 ad

2251 597 2441 638 versus
2469 583 2634 640 Deum
2666 584 3022 655 iniquitatem.

2319 675 2354 731 9
2402 673 2537 742 Quid
2575 675 2703 731 dicit
2743 675 2794 730 in
2839 676 2948 731 alio
2978 674 3226 747 psalmo?
3256 678 3382 735 Hice
3409 679 3747 746 fecistimmne-

2247 767 2377 822 ratis
2402 767 2716 837 quibusdam
2748 770 2997 838 peccatis.
3027 769 3172 834 Ha'c,
3203 771 3398 842 inquit.
3419 774 3582 845 fecisti,
3625 788 3661 832 et
3694 789 3748 833 ts-

2248 857 2350 912 cui.
2396 857 2530 926 Quid
2557 867 2662 925 est,
2689 860 2826 914 tacui
2840 859 2868 914 .’
2912 859 3190 932 Nunquam
3237 872 3379 919 tacet
3405 876 3655 936 prtecepto,
3682 873 3749 927 sed

2249 948 2462 1006 interim
2495 959 2631 1005 tacet
2660 950 2958 1020 supplicio;
2985 951 3210 1022 quiescit
3235 967 3266 1006 a
3298 953 3537 1021 vindicta,
3561 972 3645 1012 non
3665 974 3748 1028 pro-

2249 1042 2353 1097 fert
2375 1043 2428 1098 in
2443 1042 2752 1097 damnatum
2779 1051 3118 1098 sententiam.
3141 1041 3247 1100 Sed
3280 1043 3384 1100 hoc
3403 1044 3487 1100 ille
3507 1045 3645 1102 dicit:
3666 1049 3751 1106 lit-ci

2251 1135 2336 1190 illa
2367 1145 2423 1191 et
2449 1136 2557 1200 illa,
2587 1145 2642 1191 et
2668 1150 2774 1190 non
2805 1133 3094 1192 vindicavit
3133 1136 3307 1203 Deus;
3358 1152 3480 1194 ecce
3497 1152 3634 1197 sanus
3652 1157 3749 1208 su,

2249 1226 2383 1282 nihil
2411 1228 2534 1282 mali
2562 1227 2784 1296 contigit
2809 1227 2962 1285 mihi.
3001 1225 3130 1283 Haec
3164 1229 3352 1300 fecisti,
3381 1239 3430 1285 et
3463 1233 3582 1286 tacui
3601 1235 3750 1303 :saspi-

2248 1329 2394 1374 cattts
2420 1334 2472 1373 es
2496 1318 2826 1389 iniquitatem.
2875 1318 3014 1389 quod
3045 1335 3131 1374 ero
3172 1320 3263 1373 tibi
3300 1319 3492 1376 similis.
3532 1321 3644 1390 Quid
3683 1334 3750 1392 est,

2249 1411 2387 1482 quod
2427 1426 2514 1465 ero
2541 1409 2630 1465 tibi
2647 1409 2870 1465 similis?
2906 1409 3038 1480 Quia
3066 1419 3120 1466 tu
3147 1410 3363 1482 iniquus
3388 1427 3466 1478 es,
3507 1422 3558 1468 et
3592 1429 3659 1468 me
3685 1415 3750 1468 iui-

2251 1517 2416 1574 quum
2441 1503 2634 1574 putasti
2657 1521 2672 1563 ;
2696 1513 2946 1574 tanquam
2973 1505 3382 1575 approbatorem
3405 1503 3660 1562 facinorum
3678 1517 3738 1563 tuo

2252 1609 2395 1660 rum,
2424 1611 2528 1650 non
2559 1595 2956 1652 adversatoreut
2982 1596 3022 1662 ⁸,
3043 1611 3149 1651 non
3176 1596 3504 1654 ultorem.Et
3523 1599 3632 1670 quid
3651 1610 3754 1670 post.

2252 1703 2317 1744 ea
2367 1687 2458 1744 tibi
2489 1688 2660 1743 dicit?
2715 1689 2938 1759 Arguitur
2963 1699 3032 1754 te,
3058 1698 3105 1744 et
3119 1689 3423 1743 constituam
3445 1699 3489 1743 te
3511 1699 3612 1744 ante
3631 1692 3752 1761 [arias

2255 1792 2396 1836 tuoin
2420 1780 2591 1852 (Psal.
2619 1797 2766 1848 ms,
2786 1780 2900 1856 2|).
2932 1781 3067 1852 Quid
3089 1780 3342 1837 esthoc?
3366 1781 3492 1849 Quia
3518 1781 3651 1838 modo
3671 1799 3749 1854 pec-

2253 1874 2426 1930 cando
2448 1882 2568 1944 post
2591 1883 2738 1944 terga
2768 1883 2820 1931 te
2846 1874 3021 1945 ponis,
3049 1888 3156 1930 nou
3178 1881 3235 1930 te
3264 1872 3433 1937 vides,
3460 1888 3556 1931 non
3575 1883 3619 1931 te
3641 1874 3754 1944 insui.

2254 1965 2363 2031 eis;
2396 1980 2497 2035 ego
2517 1974 2570 2021 te
2611 1981 2803 2036 ponam
2835 1976 2960 2022 ante
2977 1974 3050 2031 te,
3095 1973 3150 2022 et
3178 1964 3371 2020 faciam
3397 1965 3488 2020 tibi
3512 1964 3758 2036 supplicium

2254 2054 2325 2112 de
2351 2066 2423 2110 te.
2450 2055 2541 2112 Sic
2562 2066 2614 2113 et
2644 2057 2747 2112 hic.
2777 2054 2864 2112 Ne
2885 2057 3164 2129 loquamini
3189 2057 3436 2112 adversus
3463 2055 3603 2111 Densi
3623 2049 3758 2127 litigii-

2255 2158 2429 2205 tatem.
2454 2148 2748 2206 Attendite.
2779 2147 2930 2206 Ilulti
2955 2158 3134 2206 autem
3160 2148 3451 2221 loquuntur
3467 2147 3603 2204 isIIIII
3625 2147 3758 2219 iniqui-

2258 2248 2419 2296 tatem
2444 2255 2462 2308 ;
2501 2241 2596 2296 sed
2625 2255 2732 2296 non
2761 2239 2963 2297 audent
2986 2240 3182 2313 palam,
3213 2256 3284 2296 ne
3314 2239 3592 2312 blasphemi
3621 2239 3758 2295 exhor-

2257 2343 2479 2388 reantur
2503 2332 2572 2388 ab
2598 2332 2903 2388 hominibus
2927 2333 3029 2404 piis
3056 2348 3073 2387 :
3103 2332 3155 2388 in
3175 2332 3345 2389 corde
3367 2347 3463 2388 suo
3488 2330 3577 2387 ista
3604 2329 3759 2394 rodunt,

2258 2423 2402 2482 intus
2429 2424 2518 2480 tali
2549 2424 2754 2480 nefario
2791 2425 2914 2481 cibo
2936 2434 3265 2496 pascuntur;
3301 2424 3520 2481 delectat
3551 2436 3630 2479 eos
3662 2419 3758 2492 loqu'

2257 2520 2517 2576 adversus
2561 2519 2752 2584 Deum,
2793 2526 2851 2575 et
2883 2518 2928 2574 si
2973 2533 3080 2574 non
3107 2526 3399 2589 erumpunt
3439 2516 3611 2588 lingu,
3650 2513 3756 2570 cordi

2259 2625 2364 2666 non
2389 2619 2583 2666 tacent.
2615 2609 2766 2666 Unde
2788 2609 2841 2664 in
2869 2609 2978 2664 alio
3003 2608 3210 2680 psalmo
3232 2607 3425 2664 dicitur
3446 2624 3461 2662 :
3489 2605 3617 2662 Dixit
3637 2606 3755 2660 stulta

2257 2703 2314 2758 in
2338 2703 2490 2758 corde
2510 2719 2624 2768 suo,
2671 2701 2794 2759 Non
2821 2713 2894 2758 est
2917 2701 3054 2757 Deus
3075 2700 3252 2775 (Psal.
3281 2717 3399 2768 xm.
3427 2700 3498 2772 l).
3537 2698 3658 2754 Dixit
3675 2697 3753 2753 stri-

2260 2803 2379 2856 tus;
2427 2795 2522 2848 sed
2549 2793 2797 2850 homines
2824 2794 3001 2848 timuit
3024 2810 3039 2848 :
3062 2793 3239 2849 noluit
3265 2793 3442 2848 dicere
3471 2790 3553 2846 ubi
3585 2788 3752 2846 audirent

2261 2884 2507 2940 homines
2528 2900 2544 2950 ;
2589 2894 2644 2939 et
2671 2885 2742 2940 ibi
2770 2884 2924 2951 dixit,
2971 2884 3060 2940 ubi
3085 2884 3304 2940 audiret
3331 2885 3440 2956 ipse
3461 2881 3524 2937 de
3545 2897 3635 2952 quo
3652 2878 3752 2934 dixit.

2261 2976 2548 3048 Propterea
2573 2986 2630 3032 et
2657 2976 2742 3032 hic
2765 2977 2815 3031 in
2835 2976 2937 3031 isto
2958 2973 3517 3048 psalmo,charissimi,
3546 2971 3752 3034 intendite,

2259 3070 2510 3140 quoniam
2540 3067 2644 3124 hoc
2671 3066 2813 3139 quod
2833 3067 2996 3150 dixit,
3043 3065 3215 3122 Nolite
3248 3067 3385 3138 loqui
3407 3065 3618 3122 adversus
3645 3061 3753 3117 Dan

2257 3159 2590 3232 iniquitatem,
2636 3160 2763 3216 vidit
2795 3160 2990 3233 multos
3032 3157 3135 3214 hoc
3163 3159 3217 3214 in
3248 3158 3410 3215 corde
3447 3171 3606 3230 agere,
3638 3165 3680 3210 et
3698 3153 3755 3208 ad.

2257 3253 2469 3324 iunxit:
2504 3251 2757 3320 Quoniam
2775 3267 2934 3325 neque
2952 3251 3015 3306 ab
3044 3252 3263 3319 oriente,
3307 3267 3459 3323 neque
3483 3251 3539 3304 ab
3555 3248 3754 3308 occidenti,

2259 3363 2418 3419 neque
2440 3363 2474 3400 a
2515 3345 2725 3400 desertis
2753 3346 3045 3413 montium;
3087 3346 3330 3414 quoniam
3368 3341 3500 3399 Deus
3532 3340 3666 3414 inde:
3693 3347 3753 3393 at.

2259 3436 2603 3510 lniquitatum
2633 3446 2843 3494 tuarum
2867 3436 3030 3507 judex
3058 3437 3200 3492 Deus
3224 3446 3336 3494 est.
3361 3433 3418 3493 Si
3441 3436 3567 3492 Deus
3582 3442 3662 3497 est.
3678 3430 3753 3486 ubi-

2257 3545 2365 3602 que
2390 3544 2626 3602 praesens
2653 3538 2757 3585 est.
2797 3527 2916 3597 Quo
2941 3539 2994 3585 te
3019 3527 3232 3585 auferes
3263 3529 3333 3584 ab
3352 3526 3513 3584 oculis
3537 3525 3631 3590 Dei,
3662 3521 3752 3578 utin

2257 3634 2412 3695 parte
2456 3624 2634 3694 aliqua
2677 3623 2913 3696 loquaris
2949 3623 3090 3694 quod
3139 3623 3229 3679 ille
3272 3637 3377 3680 non
3424 3619 3615 3678 audiat?
3653 3614 3752 3672 Siti

2257 3717 2467 3772 oriente
2490 3715 2694 3786 iudicat
2740 3715 2902 3782 Deus,
2947 3713 3140 3771 secede
3178 3715 3233 3771 in
3277 3714 3602 3775 occidentem,
3634 3705 3752 3763 etlic

2256 3806 2514 3878 quidquid
2558 3807 2638 3862 vis
2663 3805 2923 3861 adversus
2952 3806 3116 3860 Deum
3141 3823 3158 3869 ;
3201 3805 3248 3862 si
3278 3805 3349 3862 ab
3373 3803 3632 3866 occidente,
3664 3796 3752 3852 ni!

2257 3897 2314 3953 in
2339 3898 2623 3963 orientem,
2668 3906 2723 3952 et
2751 3897 2822 3953 ibi
2867 3897 3120 3968 loquere;
3171 3897 3282 3953 sia
3319 3895 3536 3953 desertis
3568 3889 3750 3948 mention

2253 3989 2480 4062 iudicat,
2497 3989 2632 4044 vade
2647 3990 2698 4044 in
2731 3987 2964 4045 medium
2989 3988 3334 4060 populorum,
3360 3988 3444 4044 ubi
3472 3986 3555 4042 tibi
3574 3983 3748 4040 subaur-

2257 4099 2458 4140 mures.
2500 4082 2577 4138 De
2615 4081 2765 4138 nullo
2805 4082 2964 4138 loco'
2986 4081 3209 4153 iudicat,
3242 4083 3334 4153 qui
3369 4080 3550 4152 ubique
3585 4081 3750 4136 secula

2257 4185 2361 4239 est,
2394 4175 2591 4247 ubique
2617 4173 2903 4245 publicus;
2947 4189 3106 4246 quem
3135 4173 3266 4229 nulli
3305 4174 3425 4230 licet
3457 4179 3508 4226 ut
3524 4177 3596 4226 est
3611 4175 3746 4236 cmo-

2257 4285 2428 4336 scere,
2460 4279 2515 4326 et
2540 4286 2699 4341 quem
2731 4286 2890 4326 nemo
2915 4269 3242 4341 permittitur
3264 4271 3522 4343 ignorare.
3550 4265 3653 4321 Vide
3665 4255 3748 4332 qlid

2257 4380 2404 4436 τιμε.
2450 4364 2709 4436 Loqueris
2737 4365 2994 4420 adversus
3022 4364 3188 4420 Deum
3221 4365 3557 4437 iniquitatem.
3589 4354 3747 4429 Spirim

2259 4457 2470 4514 Domini
2494 4458 2702 4530 repleuit
2727 4457 2894 4512 orbem
2934 4467 3186 4512 terrarum
3218 4457 3360 4526 (alia
3400 4455 3633 4524 Scriptura
3662 4442 3748 4501 didi

2259 4551 2418 4622 hoc);
2441 4563 2488 4607 et
2514 4553 2608 4607 hoc
2625 4553 2764 4624 quod
2787 4551 3004 4606 continet
3019 4554 3190 4606 omnia
3207 4550 3462 4606 scientiam
3485 4545 3608 4601 liabet
3627 4536 3744 4595 urit:

2259 4655 2467 4717 propter
2494 4644 2590 4699 hoc
2612 4645 2702 4714 qui
2724 4644 2950 4714 loquitur
2971 4644 3167 4710 iniqua,
3195 4659 3298 4698 non
3324 4650 3476 4714 potest
3493 4628 3743 4705 (utdel-W-

2257 4751 2298 4803 ι,
2315 4736 2349 4791 7
2365 4746 2413 4790 et
2429 4735 2510 4808 8).
2541 4734 2658 4792 Noli
2681 4751 2808 4805 ergo
2823 4734 3059 4806 cogitare
3088 4734 3258 4790 Deum
3284 4734 3336 4790 in
3367 4731 3514 4795 locis;
3537 4726 3612 4782 ille
3626 4731 3746 4778 ternm

2259 4837 2344 4884 est
2367 4827 2512 4893 talis,
2558 4826 2730 4897 qualis
2759 4825 2946 4882 fueris.
2973 4823 3112 4892 Quid
3137 4835 3222 4880 est
3243 4823 3380 4890 talis,
3420 4819 3572 4894 qualis
3604 4809 3748 4871 inuisi

2261 4920 2471 4984 Bonus.
2514 4920 2560 4974 si
2589 4920 2763 4974 bonus
2795 4916 2986 4978 lueris:
3033 4926 3089 4973 et
3127 4915 3299 4971 malus
3337 4914 3428 4970 tibi
3468 4897 3741 4967 videbitur,si

2257 5014 2433 5070 malus
2466 5013 2628 5069 fueris
2651 5011 2775 5067 :sed
2801 5011 3091 5082 opitulator
3114 5010 3160 5065 si
3191 5009 3361 5066 boans
3379 5005 3556 5069 fueris;
3595 4991 3741 5054 ultorsi

2259 5105 2430 5161 malus
2448 5104 2632 5160 lueris.
2657 5101 2732 5157 lbi
2757 5102 2923 5158 habes
2946 5101 3180 5172 iudicem
3198 5101 3252 5155 in
3272 5105 3471 5156 secreto
3482 5105 3574 5151 tuo.
3608 5086 3740 5141 Valens

2259 5197 2438 5254 facere
2464 5194 2662 5267 aliquid
2689 5193 2837 5262 mali,
2882 5192 2949 5248 de
2989 5190 3202 5264 puhlico
3223 5189 3413 5262 recipis
3435 5196 3484 5244 te
3516 5185 3560 5240 in
3587 5179 3737 5235 domum

2257 5300 2427 5357 tuam,
2459 5289 2548 5345 ubi
2587 5302 2743 5342 nemo
2769 5285 3106 5342 inimicorum
3132 5283 3345 5347 videat;
3391 5279 3454 5336 de
3480 5273 3590 5332 locis
3607 5268 3733 5357 domiti

2257 5393 2365 5440 tua:
2395 5353 2655 5453 promptis
2680 5387 2735 5433 et
2759 5378 2813 5432 in
2839 5375 3028 5431 faciem
3069 5371 3387 5436 constitutis,
3423 5353 3733 5453 reinoves‘tciII

2259 5472 2594 5537 cubiculum;
2632 5470 2790 5526 times
2812 5477 2867 5522 et
2905 5466 2960 5522 in
2993 5465 3239 5522 cubiculo
3282 5458 3484 5519 aliunde
3517 5445 3727 5537 conﬁdunt

2263 5567 2475 5625 secedis
2499 5566 2550 5620 in
2581 5573 2858 5623 cortuum,
2891 5559 2962 5615 ibi
2988 5556 3262 5614 meditaris
3289 5571 3304 5610 :
3334 5545 3568 5611 illecorde
3587 5551 3657 5594 tuo
3675 5535 3729 5585 inv

2261 5661 2425 5717 terior
2443 5666 2548 5714 est.
2577 5656 2923 5724 Quocumque
2946 5665 3074 5723 ergo
3099 5649 3314 5722 fugeris.
3349 5644 3416 5703 ibi
3437 5649 3526 5698 est.
3549 5630 3726 5699 τείρεσθ’

2322 5800 2338 5832 ί
2365 5796 2588 5860 Plerique
2611 5800 2741 5860 διες,
2763 5803 2859 5860 non
2887 5787 3336 5860 Μικίωνα-ψει.

2319 5864 2340 5894 ³
2507 5844 2606 5905 itan
2620 5844 2832 5916 judicia.
2854 5851 3018 5913 Abest,
3037 5862 3148 5909 non,
3175 5849 3238 5898 ab
3257 5852 3328 5896 llr.
3351 5851 3438 5895 ets
3455 5844 3546 5890 IS.
