3966 6460
208 418 320 480 965

212 552 323 611 quo
353 532 562 609 fugies?
601 534 789 592 Nonne
808 547 1142 606 quocumque
1168 531 1365 602 fugeris
1387 573 1402 594 ,
1429 541 1479 586 te
1504 530 1748 603 sequeris
1774 528 1798 585 t

213 630 443 700 Quando
480 640 656 685 autem
702 638 756 685 et
798 628 968 697 teipso
1010 628 1230 682 interior
1259 636 1362 690 est,
1415 642 1521 681 non
1565 638 1641 681 est
1690 643 1795 696 quo

212 724 386 790 fugias
423 738 451 777 a
485 723 595 778 Deo
616 724 771 787 irato,
820 722 919 777 nisi
948 721 1011 775 ad
1046 722 1209 775 Deum
1240 720 1504 791 plut‘alttnl
1532 740 1544 773 :
1576 736 1795 791 prorsus

218 831 330 872 non
357 824 436 870 est
462 832 567 884 qtto
590 815 777 885 fugias.
813 813 904 866 Vis
930 813 1111 884 fugere
1136 814 1203 867 ab
1241 812 1394 881 ipso?
1439 814 1580 881 Fuge
1606 814 1670 866 ad
1716 814 1795 883 ip-

209 924 353 963 sum.
385 907 609 976 Ergone
637 905 924 976 loquamini
950 906 1209 962 adversus
1238 907 1403 961 Deum
1438 906 1791 972 iniquitatem,

214 1015 321 1055 nec.
348 999 454 1054 illic
484 999 570 1053 ubi
601 999 898 1069 loquimini.
930 997 1274 1067 Iniquitatem.
1303 1000 1488 1070 inquit,
1526 999 1796 1055 meditatus

208 1103 285 1148 est
309 1093 360 1146 in
389 1092 541 1147 cnbili
570 1109 662 1146 suo
685 1090 858 1151 (Psal.
891 1108 1060 1152 xxxv,
1087 1092 1166 1161 5).
1212 1090 1349 1160 Quid
1405 1091 1690 1146 meditatus
1711 1101 1794 1147 est

209 1182 264 1239 in
320 1184 478 1237 cul‘ili
517 1183 658 1237 suo?
685 1182 871 1237 Cubile
916 1197 1011 1236 cor
1049 1182 1186 1248 ejus,
1232 1181 1420 1236 dicens
1451 1201 1465 1235 :
1497 1180 1797 1249 Sacri/icate

208 1277 520 1345 sacriﬁcium
551 1277 753 1337 iustitia
772 1318 787 1338 ,
830 1286 876 1329 et
914 1285 1112 1347 sperate
1137 1276 1189 1328 in
1218 1273 1460 1329 Domino.
1501 1274 1604 1331 Sed
1636 1290 1794 1343 supra

209 1366 367 1423 dixit.
398 1365 567 1420 Dicite
585 1367 636 1418 in
657 1366 889 1420 cordibus
918 1366 1112 1431 vestris,
1164 1377 1211 1420 et
1252 1367 1305 1420 in
1331 1366 1580 1420 cubilibus
1622 1368 1795 1422 reatris

207 1458 612 1530 compnngimini
638 1456 790 1529 (Psnl
810 1500 821 1511 .
856 1473 929 1519 tv.
960 1458 1014 1515 6.
1040 1458 1120 1527 5).
1165 1457 1301 1525 Quot
1338 1458 1502 1513 habes
1550 1460 1620 1513 ibi
1661 1475 1795 1530 pun-

205 1551 417 1605 etioues
443 1551 754 1612 facinorum,
791 1558 868 1603 tot
887 1550 1151 1604 liabeillic
1192 1552 1628 1621 compunctiones
1666 1567 1795 1605 eon-

209 1640 529 1697 fessionutn.
563 1640 661 1697 Ubi
692 1657 819 1712 ergo
845 1642 1073 1712 loqueris
1110 1644 1366 1699 adversus
1399 1645 1562 1700 Deum
1603 1645 1796 1716 iniqui-

205 1741 400 1799 tatem,
432 1734 499 1787 ibi
526 1744 579 1791 te
609 1734 811 1803 judicat
844 1753 856 1788 :
887 1751 990 1789 non
1014 1736 1269 1805 judicium
1306 1737 1502 1803 differt,
1552 1738 1644 1795 sed
1678 1755 1792 1809 pm-

207 1839 357 1880 nam.
413 1823 528 1879 ιη...
556 1825 776 1894 judicat,
801 1825 909 1895 jam
939 1828 1104 1893 novit,
1142 1828 1251 1895 jam
1280 1828 1425 1884 videt
1457 1847 1470 1882 :
1503 1844 1656 1899 ptena
1703 1846 1790 1884 rc-

204 1926 313 1971 stat
339 1932 356 1977 ;
378 1929 500 1971 cum
525 1916 680 1971 fuerit
707 1926 1042 1985 pmtseutata,
1068 1918 1284 1975 habebis
1309 1927 1367 1975 et
1394 1936 1625 1990 poenam,
1669 1936 1788 1976 cum

208 2008 511 2076 apparuerit
541 2007 699 2062 facies
730 2009 866 2063 illius
896 2010 1123 2064 hominis
1142 2012 1229 2082 qui
1260 2011 1343 2065 hic
1366 2013 1551 2068 irrisus
1576 2024 1672 2077 est,
1699 2016 1789 2083 qui

205 2098 607 2171 judicatus,qui
634 2100 937 2163 crucilixus,
966 2102 1055 2171 qui
1082 2102 1183 2157 sub
1214 2102 1393 2171 judice
1438 2104 1623 2169 stetit;
1669 2119 1789 2159 cum

210 2191 515 2262 apparuerit
538 2190 783 2259 judicans
822 2191 874 2245 iu
906 2194 1187 2261 pnrsentia
1234 2208 1350 2257 sua,
1398 2202 1524 2248 tunc
1572 2195 1791 2250 habebis

207 2297 448 2354 poenam,
476 2282 523 2337 si
555 2290 606 2337 te
632 2297 736 2336 non
758 2284 1077 2339 correxeris.
1125 2284 1259 2350 Quid
1290 2299 1417 2355 ergo
1444 2285 1603 2341 modo
1629 2286 1790 2342 facie-

208 2388 332 2429 mus
350 2374 376 2428 ?
403 2374 795 2431 l‘ra'veniamns
820 2376 1003 2432 faciem
1034 2376 1170 2445 ejus,
1198 2384 1243 2432 tv
1261 2383 1589 2446 ἕξομο).ο7ήσει
1615 2379 1786 2435 (Paul.

207 2478 356 2530 χειν,
384 2464 465 2532 2).
500 2464 736 2521 Pneveui
769 2467 819 2519 in
842 2467 1175 2523 confessione
1204 2485 1216 2521 :
1246 2471 1420 2524 veniet
1464 2471 1603 2524 mitis
1631 2486 1789 2540 quem

207 2555 414 2610 fccems
445 2556 659 2611 iratum.
705 2555 884 2626 Neque
922 2574 953 2610 a
992 2560 1198 2613 desertis
1231 2561 1510 2627 montium;
1553 2564 1791 2631 quoniam

208 2644 354 2701 Deus
379 2647 547 2719 judca:
582 2658 653 2701 est
680 2662 699 2702 :
725 2664 829 2702 uott
867 2647 935 2701 ab
963 2648 1192 2712 oriente,
1243 2665 1347 2703 non
1391 2651 1457 2704 ab
1491 2652 1785 2719 occidente,

208 2753 320 2796 non
351 2754 380 2793 a
410 2738 637 2793 desertis
659 2738 936 2792 montium.
968 2737 1184 2806 Quare?
1235 2739 1487 2806 Quoniam
1530 2741 1665 2795 bene
1699 2742 1791 2813 ju-

210 2831 311 2887 ἄεξε
347 2841 438 2885 est.
488 2830 543 2885 Si
573 2831 625 2885 in
661 2830 839 2901 aliquo
866 2831 883 2862 ‘
914 2831 1029 2885 loco
1078 2839 1242 2894 esset,
1290 2845 1393 2885 non
1422 2841 1565 2887 esset
1612 2833 1790 2890 Deus:

210 2923 335 2993 quia
368 2936 495 2976 vero
519 2922 654 2975 Deus
674 2920 836 2991 judex
857 2929 959 2983 est,
990 2935 1094 2975 non
1127 2922 1286 2975 homo
1308 2963 1324 2987 ,
1356 2923 1460 2976 nuli
1500 2923 1646 2977 illum
1693 2938 1789 2979 ex-

210 3022 458 3081 spectare
491 3012 558 3067 de
587 3012 736 3068 locis.
790 3010 966 3067 Locus
1009 3013 1123 3082 ejus
1153 3022 1205 3067 tu
1234 3014 1362 3078 eris,
1386 3014 1432 3069 si
1457 3018 1479 3047 ³
1507 3014 1697 3083 bonus,
1744 3017 1789 3072 si

208 3102 492 3160 confessus
513 3103 839 3158 invocaveris
867 3119 1012 3158 eum.

283 3195 532 3251 10.11am
561 3195 811 3259 Itumiliat,
848 3206 894 3250 et
923 3197 1057 3251 hunc
1085 3197 1290 3253 exultat.
1329 3198 1497 3265 Quem
1526 3199 1788 3268 humiliat,

210 3302 367 3359 quem
394 3288 590 3341 exultat
610 3285 770 3356 judex
805 3285 931 3341 ille?
966 3287 1235 3344 Attendite
1257 3288 1390 3343 duos
1416 3289 1533 3344 illos
1570 3290 1621 3344 in
1654 3301 1789 3345 tem-

210 3378 323 3449 plo,
339 3389 394 3432 et
409 3378 598 3433 videtis
621 3393 780 3446 quem
801 3377 1059 3441 humiliat,
1074 3390 1127 3433 et
1148 3394 1303 3450 quem
1322 3382 1542 3435 exaltat.
1558 3399 1578 3434 ι
1591 3383 1790 3437 Ascen-

212 3468 405 3524 derunt
463 3468 514 3521 itt
568 3468 767 3539 templo
819 3484 975 3522 orare
997 3511 1013 3535 ,
1049 3488 1069 3521 ι
1111 3470 1177 3523 ait
1206 3487 1220 3534 ;
1249 3488 1270 3522 ι
1304 3487 1439 3525 unus
1465 3471 1785 3539 Pharisa‘us,

212 3569 269 3616 et
295 3561 429 3615 alter
458 3558 799 3614 Publicanus.
836 3578 854 3610 ι
904 3559 1204 3614 Pharis-atus
1243 3561 1496 3616 dicebat:
1532 3582 1552 3616 ς
1580 3564 1789 3621 Gratias

212 3652 305 3707 tibi
336 3667 455 3723 ago,
498 3652 621 3722 quia
650 3666 753 3706 non
775 3666 893 3706 sum
919 3653 1055 3707 sicut
1081 3654 1259 3709 caueri
1293 3653 1556 3720 homines,
1586 3657 1785 3724 iujusti,

211 3753 480 3813 raptores.
525 3742 771 3806 adulteri,
834 3744 972 3797 sicut
1002 3752 1057 3797 et
1098 3742 1183 3798 hic
1224 3744 1542 3801 Publicauus
1568 3764 1581 3801 :
1600 3746 1786 3818 jejuno

212 3835 295 3891 bis
319 3836 370 3890 in
400 3834 657 3899 sabbato;
687 3834 922 3890 decimas
946 3834 1017 3889 do
1036 3835 1270 3890 omnium
1298 3851 1415 3907 qua:
1453 3838 1721 3908 possideo.
1761 3858 1782 3893 ο

211 3929 293 3983 Ad
338 3927 599 3983 medicum
628 3926 961 3994 ascenderat,
1009 3938 1063 3982 et
1112 3928 1347 3983 membra
1373 3945 1498 3985 sana
1537 3932 1788 3988 ostende-

213 4019 297 4075 bat
325 4036 341 4085 ;
369 4019 588 4075 vulnera
611 4020 840 4091 tegebat.
887 4018 1021 4087 Quid
1064 4034 1194 4089 ergo
1237 4021 1322 4075 ille
1351 4022 1441 4092 qui
1472 4023 1660 4079 melius
1687 4040 1787 4080 no-

212 4122 359 4167 verat
387 4110 529 4166 unde
552 4111 864 4166 sanaretur?
896 4110 1202 4168 Publicamts
1225 4123 1391 4168 autem
1428 4114 1492 4169 de
1517 4116 1788 4188 longinquo

211 4202 398 4267 stabat,
439 4212 486 4258 et
528 4202 833 4273 percutiebat
875 4213 1047 4273 pectus
1084 4220 1248 4259 suum.
1304 4204 1505 4261 Videtis
1549 4223 1671 4261 eum
1718 4208 1788 4265 de

212 4296 497 4366 longinquo
511 4305 738 4352 stantem
768 4312 783 4349 :
812 4294 886 4349 illi
911 4295 1464 4368 propinquabatquem
1487 4299 1785 4357 invocabat.

219 4407 239 4441 α
268 4389 329 4443 Et
352 4388 678 4458 percntiebat
699 4397 883 4457 pectus
902 4403 1079 4453 suum,
1096 4386 1313 4444 dicens:
1337 4390 1497 4453 Dens.
1532 4393 1789 4461 propitius

212 4488 329 4534 esto
356 4477 482 4532 mihi
511 4479 793 4545 peccaturi.
823 4481 993 4534 Amen
1005 4478 1127 4535 dico
1150 4480 1319 4544 vobis;
1338 4480 1613 4537 descendit
1632 4483 1789 4551 justi-

213 4569 399 4624 llcatus
445 4567 757 4623 Publicanus
787 4568 897 4633 ille,
928 4571 1093 4639 magis
1131 4587 1290 4642 quam
1330 4571 1629 4629 Pharisazus
1653 4575 1784 4632 ille:

210 4658 329 4730 quia
343 4658 518 4711 omnis
536 4657 624 4726 qui
647 4657 933 4724 seexaltat,
952 4658 1340 4725 humiliabitur;
1363 4673 1417 4718 et
1432 4665 1520 4732 qui
1541 4678 1600 4719 se
1617 4664 1791 4721 humi-

212 4752 322 4811 liat.
342 4750 659 4806 exaltabitur
674 4767 694 4802 ι
717 4749 865 4819 (Luc.
883 4766 1037 4818 xvut,
1060 4751 1560 4823 10-14).Expositus
1572 4767 1655 4810 est
1670 4773 1787 4813 ver-

213 4861 304 4901 sus
321 4847 504 4916 psalud
522 4845 697 4913 hujus.
720 4846 855 4902 Deus
870 4846 1032 4915 judex
1045 4846 1169 4916 quid
1191 4845 1343 4903 facit?
1363 4846 1512 4903 Hunc
1532 4850 1783 4920 humilior,

211 4950 256 4993 et
281 4941 414 4993 [tunc
439 4940 666 5003 exultat;
693 4937 932 4993 lntmilint
956 4938 1261 5009 superbum,
1287 4940 1482 4994 exaltat
1510 4940 1783 4998 humilem.

282 5030 369 5084 Η.
398 5028 550 5101 lucra.
578 5027 657 5102 9.]
710 5028 843 5096 Quia
862 5028 999 5083 calix
1024 5029 1077 5081 in
1102 5045 1257 5082 manu
1283 5027 1495 5083 Domini
1531 5031 1633 5084 uini
1660 5035 1787 5087 meri

210 5126 387 5194 plenus
408 5134 479 5179 est
509 5126 684 5179 mixto.
708 5125 915 5181 Merito.
945 5124 1011 5179 Et
1036 5126 1294 5182 inclinavit
1314 5145 1377 5182 ea:
1409 5130 1502 5184 hoc
1534 5132 1586 5184 in
1622 5132 1785 5198 hunc;

210 5227 547 5269 verumtamen
577 5219 680 5287 (te:
708 5218 818 5288 ejus
858 5233 959 5271 non
1001 5226 1072 5272 est
1095 5218 1351 5272 exinanita
1376 5235 1396 5275 :
1415 5220 1578 5275 bibent
1614 5240 1785 5280 omnes

212 5317 497 5375 peccatores
541 5316 706 5361 teme.
752 5307 1099 5363 Renovamiui
1153 5308 1457 5378 paululum;
1496 5313 1781 5370 obscurum

212 5398 409 5469 aliquid
437 5408 521 5453 est
548 5416 561 5453 :
591 5399 706 5464 sed,
734 5400 1001 5469 quomodo
1037 5401 1336 5458 audivimus
1384 5405 1650 5477 Evangelii
1702 5409 1780 5465 le-

212 5491 440 5545 ctionem
470 5490 911 5555 recentissimam,
945 5490 1128 5557 Petite,
1156 5503 1203 5547 et
1222 5492 1422 5548 dabitur
1451 5497 1586 5552 vobis
1606 5514 1628 5563 ;
1646 5516 1783 5570 qure-

214 5579 305 5632 rite
324 5590 370 5632 et
399 5581 656 5634 invenietis
674 5621 689 5645 ,
714 5582 934 5649 pulsate,
959 5592 1006 5636 et
1022 5584 1275 5653 aperietur
1291 5586 1428 5641 vobis
1454 5587 1666 5656 (Matt/1.
1685 5606 1776 5655 vn.

206 5670 284 5739 7).
318 5671 423 5727 Sed
444 5672 578 5728 dicis
606 5690 617 5727 :
647 5672 764 5742 Quo
800 5674 971 5744 pulso,
996 5684 1055 5729 ut
1094 5678 1363 5746 aperiatur
1402 5680 1570 5735 mihi?
1604 5680 1782 5752 Neque

265 5808 284 5842 ι
310 5806 385 5859 sic
407 5811 480 5858 Er.
505 5816 557 5860 et
577 5806 640 5858 ali

709 5815 760 5859 ot
781 5814 887 5860 Itss.
910 5815 964 5860 At
983 5814 1113 5869 ων..
1137 5811 1189 5862 Si
1206 5812 1257 5863 in
1277 5811 1390 5866 alio.

263 5868 643 5933 'md,

770 5870 925 5922 loco:
944 5877 1051 5923 Mss.
1068 5870 1316 5937 plerisque
1336 5878 1489 5929 abest.

1284 364 1681 471 ENARRATIG
1717 413 1785 471 IN
1824 413 2140 476 PSALMUM
2179 418 2411 480 ωηεν.

3380 437 3485 495 954

1906 534 1968 588 ab
1994 538 2200 603 oriente,
2230 556 2386 611 neque
2420 543 2485 597 ab
2522 546 2795 614 occidente,
2833 562 2993 619 neque
3027 565 3061 603 α
3098 548 3305 607 desertis
3339 568 3479 607 mon-

1904 627 2331 698 tium;qnoniam
2384 632 2520 690 Deus
2558 638 2725 708 jntlex
2760 651 2857 694 est.
2903 640 2957 696 Si
3001 657 3235 711 praisens
3280 655 3359 697 cst
3398 644 3481 700 hic

1903 730 2059 789 atque
2089 723 2213 784 illic,
2261 735 2311 778 et
2339 727 2532 781 absens
2564 747 2845 799 nusquam,
2886 733 2971 786 ubi
2997 744 3126 801 stac,
3173 735 3240 787 ibi
3290 738 3477 804 pulsa;

1905 811 1973 865 ibi
2003 821 2205 868 tantum
2235 825 2336 874 sta.
2388 820 2509 888 quia
2547 823 2738 874 staudu
2771 825 3025 892 pulsatur.
3069 826 3204 893 Quid
3251 843 3377 897 ergo
3399 839 3484 884 est

1904 904 2049 958 huc?
2092 906 2263 960 Prima
2292 911 2514 978 (μιισειίο
2561 914 2655 967 ista
2690 917 2943 978 occurrit,
2986 915 3103 969 Vini
3152 921 3273 971 meri
3302 920 3482 989 plenus

1902 1005 1974 1049 est
2005 998 2159 1050 mixto
2187 1002 2490 1068 :quotnodo
2520 1007 2661 1065 meri.
2701 1007 2743 1059 si
2774 1006 2975 1061 mixto?
3010 1007 3296 1069 Caeterum.
3330 1008 3485 1064 Culix

1900 1086 1953 1141 in
1978 1104 2130 1140 ntnnu
2153 1088 2380 1157 Domini,
2433 1109 2552 1148 cum
2570 1096 2717 1155 dicit.
2738 1097 2960 1151 eruditis
2987 1099 3035 1151 in
3064 1099 3296 1153 Eoi-lesia
3325 1099 3482 1153 Chri-

1900 1179 1967 1231 sti
2003 1181 2207 1249 loquor.
2262 1199 2364 1237 non
2395 1188 2572 1255 ntiqtte
2597 1189 2757 1241 veluti
2785 1189 2954 1243 forma
2985 1190 3213 1245 humana
3246 1192 3475 1245 circum-

1900 1271 2155 1339 scriptum
2185 1273 2348 1327 Deum
2388 1276 2592 1330 debetis
2623 1280 2770 1332 vobis
2819 1280 2869 1332 iu
2914 1280 3077 1335 corde
3124 1282 3358 1351 pingere,
3413 1297 3478 1338 ne

1899 1362 2096 1417 clausis
2116 1368 2327 1434 templis
2353 1369 2632 1423 simulacra
2658 1372 2707 1424 in
2739 1371 2989 1425 cordibus
3020 1372 3477 1429 fabricetis.(Ialix

1898 1471 2026 1527 ergo
2049 1458 2148 1511 iste
2177 1460 2373 1530 aliquid
2405 1460 2685 1529 signiﬁcat.
2718 1461 3050 1517 inveniemus
3082 1464 3202 1518 hoc.
3235 1463 3300 1519 In
3322 1482 3477 1519 manu

1898 1556 2073 1601 autem
2098 1547 2324 1615 Domini,
2352 1559 2436 1604 est
2466 1550 2516 1603 in
2550 1561 2807 1618 pozestate
2834 1553 3038 1607 Domini
3073 1571 3086 1607 :
3116 1570 3303 1609 manus
3330 1555 3473 1609 enim

1900 1639 1991 1693 Dei
2025 1649 2258 1708 potestas
2292 1640 2380 1695 Dei
2408 1642 2776 1696 commendata
2813 1652 2912 1697 est.
2944 1642 3075 1697 Nam
3102 1655 3156 1700 et
3195 1644 3262 1699 de
3304 1645 3476 1697 homi-

1898 1731 2052 1785 nibus
2097 1732 2408 1801 plerumque
2435 1732 2650 1797 dicitur,
2683 1734 2735 1787 lu
2784 1749 2943 1789 manu
2982 1734 3083 1791 ltoc
3128 1735 3324 1800 habet;
3370 1735 3475 1792 hoc

1897 1831 1999 1883 est,
2042 1822 2092 1876 in
2136 1832 2397 1892 potestate
2438 1824 2615 1887 habet,
2670 1839 2789 1878 cum
2834 1827 2943 1879 vult
2990 1827 3130 1879 facit.
3176 1825 3300 1879 Vini
3351 1827 3476 1881 meri

1897 1913 2077 1983 plenus
2097 1924 2168 1967 est
2198 1915 2373 1969 mixto.
2390 1913 2793 1985 Consequenter
2810 1917 2921 1985 ipse
2938 1918 3183 1986 exposuit
3204 1935 3218 1971 :
3244 1916 3477 1973 Inclina-

1898 2005 1985 2071 vit,
2018 2005 2203 2075 inquit,
2236 2025 2297 2061 ea:
2337 2008 2429 2060 hoc
2458 2010 2509 2061 in
2527 2010 2689 2073 hunc;
2719 2022 3055 2063 verumtamen
3075 2013 3180 2082 [αλκ
3212 2012 3323 2082 ejus
3372 2028 3474 2066 non

1896 2104 1968 2149 est
1995 2098 2272 2152 exinanita.
2302 2098 2443 2154 Ecce
2471 2101 2610 2154 umle
2640 2101 2806 2155 tnixto
2826 2103 2949 2154 vino
2980 2102 3167 2170 plenus
3191 2114 3325 2157 erat.
3355 2103 3472 2159 Non

1896 2202 2024 2258 ergo
2048 2204 2139 2243 vos
2171 2201 2386 2256 terreat,
2418 2192 2539 2262 quia
2567 2201 2620 2247 et
2652 2208 2856 2247 merum
2883 2202 2937 2248 et
2971 2197 3191 2248 mixtum
3222 2212 3235 2248 :
3265 2212 3471 2251 merum

1896 2291 2111 2351 propter
2136 2283 2515 2349 sinceritatem,
2559 2286 2778 2339 mixtum
2825 2294 3042 2354 prepter
3079 2288 3283 2342 faecem.
3334 2287 3471 2356 Quid

1894 2386 2020 2443 ergo
2049 2374 2114 2428 ibi
2144 2375 2340 2439 viuum,
2382 2386 2435 2428 et
2474 2376 2597 2445 quid
2634 2376 2771 2430 fzcx?
2810 2376 2873 2430 Et
2899 2377 3023 2448 quid
3053 2388 3155 2441 est,
3205 2376 3480 2435 Inclinovit

1894 2481 1958 2519 ea:
1990 2466 2084 2518 hoc
2108 2467 2328 2529 inltunc,
2354 2469 2423 2520 ita
2451 2478 2510 2521 ut
2536 2467 2633 2521 faex
2661 2468 2777 2537 ejus
2802 2484 2905 2522 non
2933 2480 3077 2524 esset
3106 2471 3371 2525 exinanita
3392 2471 3418 2525 τ

1970 2557 2058 2612 12.
2088 2556 2238 2612 Unde
2266 2560 2467 2613 venerit
2506 2559 2570 2613 ad
2618 2560 2735 2625 hoc,
2770 2560 3121 2614 recordamini
3157 2580 3172 2617 :
3201 2560 3353 2615 Hunc
3381 2563 3480 2616 Itu-

1894 2649 2076 2715 miliat,
2119 2659 2163 2701 et
2199 2653 2330 2702 hunc
2357 2651 2565 2703 exultat.
2601 2650 2751 2717 Quod
2793 2650 3074 2721 figuratum
3114 2666 3195 2708 est
3233 2655 3388 2709 nobis
3427 2655 3479 2711 in

1894 2740 2180 2811 Evangelia
2207 2757 2302 2812 per
2326 2743 2459 2796 duos
2488 2742 2748 2807 homines,
2778 2744 3101 2800 Pharismnm
3138 2757 3193 2801 et
3234 2747 3480 2805 Publica-

1894 2851 2043 2900 num,
2087 2835 2186 2891 hoc
2229 2837 2382 2891 latius
2422 2836 2763 2904 accipientes,
2808 2838 3165 2908 intelligamus
3205 2842 3338 2897 duos
3382 2859 3479 2912 po-

1893 2931 2069 2999 pulos,
2100 2929 2430 2992 Jud'JPOI'lllll,
2477 2940 2529 2984 et
2568 2930 2815 2985 Gentium
2850 2931 3195 2988 :Judmorum
3230 2935 3476 3004 populus,

1893 3020 2194 3075 Pharisznus
2238 3021 2358 3085 ille;
2402 3019 2648 3075 Gentium
2698 3023 2943 3094 populus,
2995 3023 3313 3079 Publicauus
3365 3026 3475 3081 ille.

1892 3113 2194 3167 Judmurutn
2247 3114 2471 3183 populus
2517 3114 2751 3183 jactabat
2804 3116 2991 3170 merita
3048 3130 3183 3182 sua;
3227 3116 3475 3172 Gentium

1891 3208 2243 3263 confitebatur
2273 3215 2484 3277 peccata
2513 3221 2627 3261 sua.
2660 3207 2758 3276 Qui
2790 3208 2935 3262 novit
2962 3208 3013 3262 in
3037 3207 3251 3263 Litteris
3277 3209 3479 3265 sanctis

1891 3310 1947 3357 et
1977 3300 2239 3370 Epistolas
2264 3301 2601 3370 apostolicos,
2635 3311 2687 3355 et
2713 3304 2877 3356 Actus
2904 3302 3299 3371 Apostolorum,
3334 3303 3477 3358 videt

1892 3393 1962 3449 ibi
1985 3394 2124 3464 quod
2155 3394 2274 3448 dico
2304 3410 2317 3447 :
2368 3409 2433 3447 ne
2484 3395 2693 3464 longum
2728 3380 2918 3449 faciam‘
2937 3396 3203 3465 quomodo
3234 3398 3475 3466 Apostoli

1891 3486 2311 3540 exhortabantur
2334 3485 2531 3541 Gentes
2556 3502 2623 3539 tte
2643 3486 3011 3555 deSperarent,
3034 3489 3174 3558 quod
3195 3490 3245 3543 in
3272 3491 3475 3559 magnis

1890 3579 2125 3647 peccatis
2164 3578 2487 3646 jﬂCIlis‘SPnl;
2538 3590 2589 3633 et
2636 3581 2994 3649 reprimebant
3019 3579 3253 3645 Judzcos,
3306 3598 3373 3639 ue
3417 3599 3478 3640 se

1892 3670 2211 3723 extolli-rent
2235 3670 2384 3738 quasi
2415 3685 2476 3722 ex
2501 3670 2966 3738 justiticationibus
2994 3671 3168 3737 Legis,
3197 3683 3249 3726 et
3277 3674 3396 3729 ideo
3417 3690 3477 3731 se

1891 3767 2138 3828 putarent
2160 3758 2351 3829 jnstos,
2380 3757 2616 3813 Gentiles
2647 3768 2823 3813 autem
2853 3770 3160 3829 peccatores
3186 3777 3323 3828 esse,
3352 3764 3475 3833 quia

1891 3849 2090 3905 ludatis
2120 3860 2171 3902 et
2204 3849 2309 3903 Lex
2335 3859 2468 3911 erat,
2501 3861 2552 3903 et
2585 3850 2836 3918 templum
2867 3861 3003 3917 erat,
3037 3865 3088 3906 et
3118 3853 3473 3910 sacerdotium

1890 3952 2006 3998 erat
2039 3941 2216 4011 (Rom.
2268 3957 2345 4004 Ill,
2380 3941 2473 4011 tv).
2511 3942 2586 3995 Illi
2616 3952 2790 3996 autem
2819 3958 3005 3997 omnes
3032 3944 3263 4000 cultores
3301 3946 3473 4001 idolo-

1889 4049 2031 4100 rum,
2060 4046 2401 4089 veneratores
2429 4034 2836 4099 daemoniorum,
2872 4036 3024 4105 longe
3050 4037 3261 4104 quidem
3292 4040 3471 4105 positi;

1891 4127 2028 4182 sicut
2071 4126 2385 4181 i’nblicanus
2425 4127 2512 4180 ille
2549 4127 2615 4180 de
2665 4127 2949 4197 longinquo
2994 4128 3187 4182 stabat.
3220 4128 3367 4185 Sicut
3399 4132 3473 4187 illi

1890 4218 2248 4287 superbiendo
2277 4230 2633 4284 recesserunt,
2671 4218 2748 4272 sic
2798 4220 2881 4273 isti
2924 4220 3229 4275 contitcudo
3258 4223 3474 4293 propin-

1890 4320 2202 4381 quaverunt.
2234 4308 2381 4363 (Iulia:
2412 4326 2539 4381 ergo
2568 4310 2669 4363 riui
2710 4311 2833 4364 meri
2872 4311 3048 4379 plenus
3087 4313 3139 4366 in
3170 4330 3323 4367 manu
3364 4313 3472 4368 Do-

1890 4402 2033 4467 ntini,
2064 4411 2315 4472 quantum
2352 4400 2513 4454 donat
2545 4399 2792 4454 Dominus
2833 4410 2889 4454 ut
2929 4402 3215 4472 intelligant
3261 4406 3474 4472 (potest

1890 4496 2032 4550 enim
2059 4495 2195 4548 alius
2230 4495 2438 4557 melius,
2463 4494 2584 4563 quia
2624 4494 2701 4550 sic
2736 4509 2791 4548 se
2820 4494 2979 4549 habet
3002 4496 3298 4550 obscuritas
3322 4497 3471 4553 Scri-

1890 4599 2163 4660 pturarunt
2196 4605 2208 4640 :
2242 4587 2455 4642 difficile
2494 4597 2572 4642 est
2617 4596 2675 4641 ttt
2703 4604 2861 4641 unutn
2892 4587 3095 4656 pariant
3122 4588 3471 4647 intellectum.

1889 4679 2220 4749 Quicumque
2252 4690 2425 4733 tamen
2469 4677 2767 4733 intellectus
2793 4678 3003 4741 exierit,
3032 4692 3167 4748 Opus
3194 4692 3277 4735 est
3304 4691 3358 4735 nt
3389 4696 3475 4736 re-

1888 4774 2024 4843 gulae
2057 4774 2175 4827 fidei
2207 4783 2460 4842 congruat
2504 4792 2516 4825 :
2560 4787 2656 4826 nec
2690 4772 2979 4838 majoribus
3020 4773 3339 4837 invidemus,
3374 4788 3474 4830 nec

1888 4864 2093 4932 parvuli
2119 4864 2465 4933 deSperamns
2487 4864 2523 4913 ¹.
2557 4862 2691 4929 Quid
2732 4863 2888 4916 nobis
2917 4862 3161 4917 videatur
3187 4864 3307 4919 dico
3331 4864 3472 4919 Chao

1889 4955 2034 5010 ritati
2066 4954 2285 5019 Vestrae,
2314 4968 2419 5007 non
2448 4962 2503 5007 ut
2526 4955 2797 5007 obstrnam
2818 4968 2973 5009 aures
2993 4964 3197 5009 vestras
3217 4954 3471 5010 adversus

1889 5048 2024 5101 Iios
2050 5048 2238 5103 melius
2262 5045 2457 5116 aliquid
2476 5045 2609 5101 forte
2633 5045 2910 5118 dicturos).
2934 5046 3082 5103 Catia:
3107 5048 3207 5100 vini
3223 5049 3345 5101 meri
3365 5049 3448 5119 ple

1890 5157 1983 5194 nus
2011 5140 2168 5193 mixto
2196 5138 2404 5192 videtur
2432 5137 2559 5192 mihi
2587 5152 2706 5193 esse
2731 5139 2833 5194 Lex
2853 5155 2970 5208 qua:
2994 5139 3113 5191 data
3138 5150 3220 5192 εει
3246 5139 3467 5203 Juda~is,

1890 5242 1942 5287 et
1970 5231 2143 5312 pinnis
2183 5232 2266 5283 illa
2296 5231 2569 5299 Scriptura
2601 5228 2807 5284 Veteris
2855 5228 2996 5298 quod
3038 5227 3232 5282 dicitur
3279 5228 3467 5285 Testae

1889 5325 2074 5386 menti,
2104 5321 2175 5375 ibi
2198 5331 2320 5377 sunt
2351 5320 2585 5389 pondera
2630 5322 2864 5376 omnium
2904 5321 3307 5375 sententiarum.
3332 5322 3467 5377 Nam

1889 5415 1959 5470 ibi
1984 5414 2188 5469 Novum
2218 5413 2611 5468 Testamentum
2642 5411 3009 5467 absconditum
3041 5412 3187 5475 latet,
3214 5421 3463 5482 tanquam

1889 5507 1942 5562 in
1995 5507 2124 5561 faece
2177 5507 2532 5576 corporalium
2589 5510 3062 5559 sacramentorum.
3118 5503 3466 5560 Circntncisio

1888 5601 2062 5655 carnis
2093 5599 2265 5668 magni
2295 5600 2609 5653 sacramenti
2642 5610 2731 5651 res
2773 5606 2875 5661 est,
2903 5605 2959 5651 et
3003 5597 3313 5668 intelligitur
3340 5596 3463 5652 inde

1886 5694 2218 5748 circumcisio
2242 5693 2441 5747 cordis.
2481 5692 2755 5760 Templum
2796 5689 2920 5745 illud
2963 5690 3257 5746 Jerusalem
3287 5691 3466 5761 magni

1887 5790 2201 5843 sacrmnenti
2233 5796 2315 5842 est
2344 5801 2452 5851 res,
2488 5792 2542 5839 et
2578 5783 2886 5854 intelligitur
2913 5798 2979 5839 ex
3016 5798 3083 5838 eo
3129 5797 3326 5856 corpus
3360 5784 3463 5839 Do-

1954 5881 1971 5911 ι
1992 5879 2061 5927 sic
2084 5884 2187 5927 Mss.
2214 5885 2268 5927 At
2292 5875 2427 5937 add,
2445 5887 2532 5926 nec
2556 5875 2619 5925 de
2634 5872 2847 5937 parvulis
2868 5873 3198 5938 desperatius.
