3966 6460
565 356 667 416 955

1795 336 1856 396 S.
1894 326 2264 390 AUGUSTINI
2298 328 2600 391 EPISCOPI

3648 357 3718 424 θα

564 473 712 531 mini.
756 468 923 526 Terra
964 464 1335 540 promissionis
1371 459 1685 533 intelligitur
1724 471 1949 529 regnum
1975 453 2143 513 cmlo-
2251 449 2465 517 audisti,
2497 449 2672 510 Nolite
2710 454 2937 511 exaltare
2970 471 3147 525 cornu,
3179 464 3547 537 contempsisti,
3569 479 3612 526 et
3626 478 3722 533 enl-

564 556 704 622 rum.
757 544 1083 618 Sacrificium
1132 556 1461 615 victimarum
1503 564 1557 611 et
1604 567 1856 625 pecorum
1899 564 2146 622 magnum
2252 542 2375 598 lasti
2395 557 2591 612 cornu;
2618 546 2801 602 venies
2828 547 2895 602 ad
2928 544 3107 614 linem.
3145 548 3234 607 ubi
3275 550 3381 621 lict,
3417 553 3575 614 Omnia
3596 577 3724 624 carm

565 658 723 715 habet
752 662 1174 717 sacramentum;
1216 650 1310 707 sed
1358 649 1412 704 in
1456 648 1703 704 omnibus
1742 644 1845 700 illis
1866 642 2147 714 generibus
2254 649 2569 709 peccatorum
2609 639 2947 715 confringant,
2988 652 3036 698 et
3075 644 3415 703 rxaltabuntur
3450 668 3605 709 cornua
3629 662 3723 725 iuni.

566 751 943 810 Sacrificinrum
992 744 1299 816 intelligitur
1341 758 1503 799 unum
1556 738 1683 796 illud
1734 737 2048 794 sacriﬁcium
2092 743 2149 793 et

566 846 719 903 unica
743 844 955 899 victima
976 842 1027 896 in
1053 856 1211 896 cruce
1256 836 1511 892 Dominus
1534 836 1551 868 ⁸
1581 853 1594 888 :
1627 849 1721 906 pro
1748 830 1941 906 quibus
1968 828 2145 886 omni-

565 939 661 994 bus
690 935 961 993 sacriliciis
992 951 1153 990 unum
1193 946 1290 987 nos
1335 929 1612 995 habemus,
1654 926 1776 999 quia
1813 935 1867 981 et
1896 924 1983 979 illi
2016 923 2147 995 ligu-

564 1033 753 1091 rabant
791 1032 923 1095 haec,
967 1028 1018 1084 id
1066 1036 1170 1094 est,
1225 1026 1327 1081 illis
1364 1024 1478 1079 haec
1518 1022 1894 1092 ligurabantur.
1924 1016 2149 1088 Accepit

528 5094 546 5243 l

522 5248 543 5400 ἓ

564 1130 792 1200 populus
819 1126 905 1183 ille
946 1126 1177 1198 Legem;
1207 1123 1411 1191 accepit
1438 1118 1683 1175 mandata
1718 1117 1860 1187 justa
1901 1124 1955 1171 et
1984 1114 2143 1173 bona.

565 1221 701 1289 Quid
732 1231 835 1276 tam
856 1220 1054 1288 justum
1092 1232 1271 1289 quam,
1316 1214 1438 1270 Non
1467 1211 1681 1279 occides,
1719 1207 1841 1265 Non
1869 1206 2146 1264 nime/tabe-

566 1313 657 1378 ris,
687 1298 806 1367 Non
836 1310 1103 1382 fut-aberis,
1136 1307 1258 1363 Non
1283 1308 1469 1376 falsum
1491 1304 1822 1361 testimonium
1844 1303 1997 1357 dices.
2036 1299 2147 1355 Ηοο

567 1421 692 1459 nora
721 1413 914 1474 patrem
938 1412 981 1458 et
1012 1411 1240 1466 matrem,
1274 1399 1395 1454 Non
1434 1400 1753 1469 concupisces
1787 1412 1892 1451 rem
1929 1392 2149 1467 proximi

569 1498 659 1558 tui,
696 1494 817 1550 Non
842 1496 1160 1563 concupisces
1192 1510 1399 1548 uxorem
1433 1493 1651 1564 proximi
1674 1494 1766 1558 tui,
1794 1490 1964 1546 Unum
1990 1488 2147 1543 Deum

568 1589 823 1653 adorabis,
851 1598 897 1641 et
926 1588 1024 1656 ipsi
1050 1588 1146 1641 soli
1181 1588 1361 1641 servies
1393 1585 1584 1654 (Exod.
1614 1600 1709 1651 xx,
1736 1583 1891 1647 7-17,
1922 1593 1967 1636 et
1992 1582 2145 1638 Deut.

569 1696 623 1748 ν,
656 1679 851 1750 θ-ιιω
890 1678 1077 1735 Omnia
1127 1679 1222 1733 ista
1261 1677 1327 1732 ad
1372 1678 1549 1732 vinum
1583 1679 1865 1747 pertinent.
1891 1673 1982 1728 Illa
2021 1688 2147 1728 vero

568 1772 798 1828 carnalia
830 1771 978 1840 quasi
1005 1770 1336 1836 resederunt,
1370 1781 1427 1826 ut
1470 1778 1807 1826 remanerent
1832 1767 1971 1840 apud
2002 1768 2145 1837 illos,

568 1874 622 1921 et
665 1862 1031 1921 eil'underetur
1077 1864 1200 1921 inde
1245 1866 1419 1920 omnis
1477 1864 1769 1933 Spiritualis
1821 1863 2147 1920 intellectus.

568 1955 717 2012 Catia:
744 1972 870 2012 vero
897 1957 949 2010 in
971 1973 1123 2010 manu
1157 1956 1375 2022 Domini,
1398 1956 1449 2011 id
1476 1967 1559 2012 est
1585 1957 1637 2010 in
1669 1963 1931 2027 potestate
1969 1954 2148 2012 Domi-

569 2050 656 2115 ni;
685 2050 788 2103 vini
821 2050 964 2115 meri,
997 2048 1048 2103 id
1074 2059 1155 2104 est
1182 2048 1337 2118 Legis
1365 2050 1621 2114 sincerae;
1649 2049 1826 2119 plenus
1866 2058 1937 2102 est
1969 2048 2147 2115 mixto,

568 2138 623 2195 id
652 2148 735 2194 est
752 2154 871 2193 cum
900 2138 1028 2194 hcce
1053 2140 1409 2209 corporalium
1436 2149 1909 2194 sacramentorum.
1936 2138 2002 2194 Et
2025 2139 2149 2210 quia

569 2233 701 2284 hunc
746 2230 999 2295 ltumiliat,
1043 2231 1329 2300 superbum
1370 2229 1633 2295 Judantm,
1672 2240 1720 2284 et
1769 2230 1903 2284 hunc
1938 2230 2148 2298 exultat,

568 2323 909 2379 conﬁtentem
938 2322 1223 2390 Gentilem,
1253 2324 1510 2378 inclinauit
1535 2339 1599 2378 ea:
1621 2326 1714 2378 hoc
1742 2324 1794 2377 in
1818 2323 1973 2390 hunc,
1997 2321 2048 2377 id
2068 2331 2153 2379 est

568 2428 600 2468 a
626 2414 846 2469 Iudaico
874 2418 1066 2483 populo
1087 2414 1138 2468 in
1166 2412 1427 2469 Gentilem
1457 2414 1729 2486 populum.
1763 2412 1899 2480 Quid
1931 2413 2151 2468 inclina-

571 2506 685 2560 vit?
705 2505 898 2575 Legem
924 2522 938 2557 :
966 2506 1224 2574 eliquatus
1249 2515 1329 2560 est
1355 2503 1477 2559 inde
1496 2504 1783 2574 spiritualis
1812 2505 2148 2572 intellectus;

578 2595 930 2653 Verumtamen
953 2597 1057 2665 [ex
1076 2598 1185 2668 ejus
1208 2613 1308 2651 non
1334 2606 1403 2651 est
1421 2597 1695 2663 exinanita,
1720 2596 1842 2668 quia
1860 2596 2035 2652 omnia
2066 2612 2153 2653 sa-

568 2698 840 2746 cramenta
870 2688 1099 2744 carnalia
1125 2689 1265 2759 apud
1296 2689 1511 2744 Judn-os
1540 2698 1929 2745 remanserunt.
1970 2687 2151 2745 Bibent

568 2796 740 2835 ontnes
760 2790 1042 2851 peccatores
1065 2790 1229 2836 teme.
1260 2781 1358 2849 Qui
1393 2780 1611 2837 bibent?
1646 2780 1832 2836 Omnes
1866 2791 2150 2851 peccatores

567 2884 729 2929 terra.
753 2873 852 2944 Qui
881 2886 1188 2944 peccatores
1211 2885 1366 2929 terrm
1383 2874 1588 2929 ?Jud;ei
1619 2885 1769 2930 crant
1788 2873 2003 2946 quidem
2025 2889 2151 2946 pec-

567 2978 799 3034 catores,
830 2969 922 3022 sed
949 2968 1200 3038 superbi;
1227 2968 1465 3023 Gentiles
1502 2980 1679 3025 autem
1720 2979 1872 3025 erant
1900 2979 2148 3041 peccato-

565 3075 674 3127 res,
706 3058 802 3115 sed
839 3061 1067 3116 humiles
1095 3077 1110 3114 :
1144 3061 1328 3115 Omnes
1368 3072 1651 3132 peccatores
1681 3063 1879 3127 bibent;
1908 3063 2002 3119 sed
2029 3062 2150 3120 vide

565 3153 654 3225 qui
692 3150 896 3219 faecem,
937 3153 1028 3223 qui
1071 3154 1272 3209 vinum.
1318 3154 1524 3209 Etenim
1565 3154 1639 3207 illi
1683 3154 1911 3210 bibendo
1941 3153 2147 3221 faccem,

567 3252 931 3308 evanuerunt;
962 3244 1046 3298 isti
1076 3244 1303 3299 bibendo
1335 3244 1535 3307 vinum,
1562 3244 1835 3315 justiticati
1862 3254 1986 3301 sunt
2012 3261 2149 3302 :au-

565 3334 718 3390 deam
747 3335 923 3390 dicere
950 3345 1004 3389 et
1035 3336 1341 3400 inebriatos,
1372 3345 1425 3389 et
1454 3351 1558 3391 non
1593 3335 1820 3402 timebo;
1850 3344 2009 3406 atque
2047 3336 2151 3393 uti-

568 3440 689 3479 nam
744 3441 931 3479 omnes
972 3427 1051 3480 sic
1098 3424 1464 3481 inebrieminil
1520 3424 1891 3481 Recordamini
1939 3443 1953 3479 :
2000 3424 2149 3481 (Iulia:

564 3526 681 3571 tuus
709 3518 961 3572 inebrians
1002 3534 1151 3588 quam
1188 3520 1463 3589 precaturus
1486 3517 1651 3590 (Psal.
1693 3534 1828 3585 xm,
1870 3516 1964 3588 5)!
2011 3517 2147 3585 Quid

565 3610 745 3666 enim?
769 3610 982 3678 putatis,
1013 3610 1203 3665 fratres
1224 3612 1352 3676 mei,
1377 3625 1564 3666 omnes
1589 3610 1708 3665 illos
1729 3611 1817 3681 qui
1844 3609 2146 3665 conﬁtendo

563 3701 832 3757 Christum
899 3702 1058 3758 etiam
1125 3703 1259 3758 mori
1303 3702 1623 3770 voluerunt,
1682 3704 1892 3759 sobrios
1943 3702 2145 3759 fuisse?

563 3793 743 3864 Usque
783 3794 917 3849 adeo
965 3794 1095 3849 ebrii
1135 3803 1315 3860 erant,
1366 3804 1422 3849 ut
1464 3810 1590 3850 suos
1635 3810 1738 3850 non
1772 3805 2141 3866 agnoscerent.

561 3888 760 3942 Omnes
802 3889 1082 3959 propinqui
1111 3890 1215 3957 sui,
1247 3889 1334 3959 qui
1371 3903 1464 3944 eos
1506 3904 1537 3943 a
1567 3905 1660 3958 spe
1682 3890 1978 3945 caelestium
2010 3905 2145 3957 pra:-

561 3979 789 4035 miorum
834 3980 1057 4035 terrenis
1096 3978 1471 4035 blandimentis
1514 3988 1754 4035 avertere
1796 3980 1965 4034 moliti
1995 3991 2140 4046 sunt,

558 4086 667 4128 non
691 4081 818 4127 sunt
842 4073 1026 4143 agniti,
1055 4088 1160 4127 non
1191 4083 1313 4128 sunt
1338 4072 1501 4127 auditi
1530 4072 1598 4127 ab
1638 4072 1819 4127 ebriis.
1851 4071 1965 4126 Non
1991 4080 2144 4128 erant

559 4166 714 4230 ebrii,
743 4166 932 4235 quibus
965 4175 1220 4219 mutatum
1243 4180 1336 4220 cor
1354 4164 1504 4220 erat?
1525 4163 1639 4219 Non
1661 4172 1815 4221 erant
1835 4162 1989 4231 ebrii,
2010 4179 2142 4234 quo-

557 4274 675 4314 rum
704 4274 854 4315 mens
878 4259 1103 4313 alienata
1124 4266 1238 4313 erat
1256 4258 1322 4312 ab
1341 4258 1443 4315 hoc
1463 4258 1694 4313 saeculo?
1723 4257 1920 4324 Bibent,
1949 4259 2139 4330 inquit,

560 4366 732 4407 omnes
760 4362 1042 4422 peccatores
1080 4361 1242 4405 terra.
1276 4349 1379 4406 Sed
1422 4350 1509 4420 qui
1539 4349 1722 4406 bibent
1748 4350 1965 4405 vinum?
2004 4351 2136 4407 Pec-

558 4452 768 4501 catores
792 4442 995 4508 bibent,
1038 4442 1131 4498 sed
1169 4457 1238 4497 ne
1264 4450 1576 4497 remaneant
1601 4452 1938 4513 peccatores;
1968 4452 2025 4500 ut
2045 4443 2151 4521 ju-l
2172 4444 2196 4457 "

554 4533 867 4599 stillcentur,
904 4550 1011 4590 non
1041 4542 1097 4589 ut
1124 4535 1430 4605 puniantur.
2140 4546 2190 4621 δέ

627 4627 712 4682 15.
747 4626 897 4699 fam.
924 4625 1037 4700 10.]
1065 4626 1176 4699 Ego
1199 4637 1368 4681 autem
1398 4644 1417 4683 :
1438 4643 1562 4683 nam
1582 4643 1768 4686 omnes
1789 4630 2010 4699 bibunt;
2039 4634 2137 4690 sed
2172 4672 2185 4705 ,η

553 4731 795 4776 seorsum
821 4735 930 4786 ego,
957 4718 1008 4774 id
1037 4727 1121 4774 est
1145 4719 1388 4775 Christus
1419 4735 1539 4776 cum
1567 4737 1790 4793 corpore
1808 4738 1938 4789 suo;
1964 4727 2016 4780 in
2034 4743 2134 4782 ιω-
2172 4736 2189 4801 ῖ

549 4809 722 4864 culum
749 4810 1011 4881 gaudebo;
1039 4810 1255 4883 psallam
1287 4811 1391 4867 Deo
1425 4811 1590 4868 Jacob
1616 4831 1636 4869 :
1663 4817 2013 4886 promissione
2040 4820 2131 4876 illa

547 4900 725 4956 futura
757 4903 808 4956 in
838 4903 961 4969 line,
991 4903 1059 4959 de
1087 4920 1188 4975 qua
1220 4904 1434 4975 dicitur,
1463 4904 1548 4962 Ne
1566 4923 1881 4982 corrumpas.
1905 4910 2017 4984 Ego
2036 4928 2133 4968 au-

2132 4997 2169 5053 ιλ
2236 5011 2430 5069 Tribus
2452 5013 2699 5070 dicuntur
2714 5012 2963 5084 tanquam
2974 5015 3135 5071 curia:
3155 5023 3211 5072 et
3236 5008 3613 5085 congregatioues
3631 4997 3705 5053 118·

2172 5088 2181 5161 Ῐ
2237 5105 2416 5163 tincta:
2471 5106 2801 5176 populorum.
2833 5105 3071 5162 Habebat
3089 5116 3214 5178 ergo
3240 5106 3323 5162 ille
3348 5102 3543 5176 populus
3561 5087 3703 5151 dnodﬂ‘

2173 5249 2178 5253 .
2234 5198 2337 5253 cim
2361 5198 2557 5265 tribus;
2582 5212 2615 5252 e
2631 5197 2821 5268 quibus
2839 5196 3119 5254 duodecim
3141 5196 3374 5253 tribubus
3387 5207 3477 5251 una
3492 5183 3704 5245 tribasml

549 5002 646 5050 tem
668 4995 719 5049 in
741 4996 981 5051 amulum
1004 4996 1253 5067 gaudebo.

619 5088 706 5143 M.
732 5088 880 5162 [verm
908 5089 1020 5165 ll.]
1047 5088 1113 5145 Et
1156 5093 1325 5147 omnia
1345 5110 1542 5149 cornua
1566 5105 1883 5167 peccatorum
1905 5100 2130 5169 confrin-

547 5195 702 5250 gam;
730 5191 777 5235 et
799 5183 1156 5238 exaltabuntur
1177 5200 1370 5239 cornua
1385 5187 1536 5257 justi.
1561 5186 1674 5244 Hoc
1706 5196 1809 5255 est,
1843 5188 1996 5244 Hunc
2028 5191 2128 5246 Itu-

546 5274 728 5339 miliat,
757 5290 801 5330 et
828 5275 963 5331 hanc
988 5278 1196 5332 exultat.
1225 5277 1419 5334 Nolunt
1442 5280 1540 5335 sibi
1561 5281 1727 5352 frangi
1751 5284 1984 5339 ’cornua
2006 5282 2130 5355 pec-

548 5376 779 5432 calores,
805 5382 923 5437 qua:
948 5368 1063 5423 sine
1086 5369 1247 5425 dubio
1266 5369 1574 5442 frangentur
1597 5372 1650 5428 in
1679 5371 1803 5428 line.
1827 5372 1939 5429 Non
1966 5375 2045 5430 vis
2069 5384 2128 5432 ut

545 5456 636 5513 ille
667 5467 792 5514 tunc
817 5458 1060 5531 frangat?
1083 5471 1137 5517 tu
1166 5462 1323 5517 hodie
1351 5462 1552 5533 frange.
1596 5464 1801 5522 Audisti
1848 5468 1990 5523 enim
2030 5483 2124 5524 su-

542 5566 674 5622 pra;
718 5551 829 5609 noli
875 5564 1218 5611 contemnere
1249 5575 1269 5611 :
1308 5555 1435 5611 Dixi
1469 5557 1687 5628 iniquis,
1735 5557 1909 5615 Nolite
1960 5561 2127 5634 inique

541 5659 692 5718 agere
706 5661 728 5713 ;
744 5656 790 5701 et
811 5646 1226 5720 delinquentibus,
1252 5645 1427 5704 Nolite
1449 5651 1673 5705 exaltare
1696 5667 1873 5707 cornu.
1901 5654 2124 5722 Quando

605 5780 630 5858 ξ
649 5780 783 5858 add"
803 5783 1016 5858 bonum.
1029 5784 1085 5838 at
1107 5784 1272 5849 probae
1288 5792 1417 5843 notae
1439 5795 1569 5857 Mss,
1593 5787 1844 5846 ominus.

1942 5882 2051 5907 “‘Vs.

2059 5898 2106 5911 ο..

2252 727 2463 787 Cornua
2491 740 2851 802 peccatorum,
2892 734 3173 804 dignitates
3207 738 3563 810 superborum;
3587 763 3726 808 contui

2247 820 2404 893 justi,
2435 836 2650 880 munem
2679 818 2876 880 Οιπὶδιί
2907 844 2921 881 :
2954 841 3049 897 per
3075 842 3271 885 cornua
3299 828 3431 887 enim
3465 833 3729 900 sublimitates

2253 914 2637 986 intelliguntur.
2665 910 2855 973 Oderis
2882 916 2936 974 in
2968 927 3109 975 terra
3140 916 3497 980 sublimitatem
3520 934 3725 1001 terrenam,

2252 1018 2311 1067 nt
2340 1012 2511 1082 possis
2554 1009 2754 1071 habere
2796 1012 3090 1073 caelestem.
3125 1018 3284 1074 Amas
3314 1030 3582 1092 terrenam;
3606 1038 3730 1089 nonis

2253 1101 2483 1159 admittit
2507 1102 2572 1160 ad
2611 1106 2884 1163 cmlestem
2928 1126 2943 1165 :
2974 1116 3028 1163 et
3054 1102 3119 1164 ad
3149 1106 3497 1170 confusionem
3524 1120 3730 1186 pertinebit

2253 1194 2413 1283 quod
2432 1190 2689 1283 frangitur
2714 1196 2809 1253 tibi
2847 1212 3045 1265 cornu;
3077 1199 3341 1272 quomodo
3364 1205 3424 1260 ad
3444 1206 3627 1279 gloriam
3651 1229 3729 1283 ρετ.

2254 1278 2460 1355 tinebil,
2492 1280 2535 1341 si
2557 1278 2818 1344 etaltatur
2847 1288 3149 1347 tibi-cornu.
3178 1284 3330 1349 Modo
3357 1278 3474 1368 ergo
3495 1308 3566 1354 est
3588 1278 3730 1376 tempus

2253 1374 2482 1450 eligendi
2504 1399 2519 1446 ;
2552 1384 2675 1437 tunc
2704 1397 2807 1438 non
2836 1383 2956 1439 erit.
2983 1376 3098 1440 Non
3125 1400 3185 1440 es
3208 1382 3451 1455 dicturus,
3489 1374 3727 1454 Dimittaret

2254 1471 2445 1544 eligam
2485 1493 2499 1529 ε
2545 1484 2932 1545 prmcesserttnt
2974 1475 3115 1531 enim
3146 1490 3322 1543 voces,
3367 1477 3477 1535 Dixi
3507 1482 3665 1556 irriguis.
3693 1486 3729 1545 Si

2254 1580 2360 1620 non
2390 1562 2518 1630 dixi,
2566 1581 2691 1637 para
2723 1569 3139 1631 excusationem,
3179 1582 3307 1642 para
3346 1569 3730 1637 defensionemm‘

2255 1666 2430 1713 autem
2466 1656 2609 1725 dixi,
2640 1674 2951 1731 prmoccupa
2980 1659 3386 1729 confessionem,
3423 1681 3483 1720 ne
3516 1666 3659 1723 venias
3690 1666 3730 1726 ad

2255 1748 2682 1817 damnationem;
2721 1750 2843 1823 quia
2884 1758 3009 1809 tunc
3049 1752 3314 1811 confessio
3349 1768 3459 1814 sera
3480 1757 3583 1826 erit,
3611 1758 3731 1818 etde-

2254 1839 2426 1898 fensio
2452 1841 2595 1897 nulla
2620 1838 2743 1899 erit.

2262 1975 3734 2013 ______._________________

2652 2059 2734 2123 IN
2776 2060 3159 2127 PSALMUM
3200 2064 3429 2130 LXXV

2821 2180 3239 2241 ENARBATIO.

2773 2312 2944 2356 SERIO
2972 2314 3041 2357 AD
3066 2316 3294 2358 PLEBEII.

2234 2410 2239 2425 ¹
2327 2417 2380 2474 1.
2412 2415 2561 2489 [νινε.
2583 2413 2666 2490 2.]
2691 2413 2875 2472 Solent
2899 2416 3098 2473 inimici
3125 2414 3330 2472 Domini
3347 2413 3462 2473 Jesu
3486 2412 3643 2474 Christi
3660 2429 3733 2473 on-

2257 2507 2413 2564 nibus
2442 2508 2551 2563 noti
2580 2506 2750 2564 Judaei
2779 2508 2990 2579 gloriari
3028 2508 3081 2563 in
3108 2508 3213 2563 isto
3235 2506 3430 2579 psalmo
3448 2522 3579 2581 quem
3606 2515 3731 2564 canu-

2213 2641 2216 2645 .
2255 2599 2449 2665 vimus,
2477 2598 2731 2665 dicentes,
2762 2597 2931 2653 Notus
2969 2598 3023 2653 in
3051 2597 3239 2654 Judtea
3264 2596 3429 2665 Deus;
3449 2600 3496 2653 in
3515 2596 3730 2654 Israel»

2256 2708 2412 2763 gnum
2447 2708 2630 2748 nomen
2666 2694 2812 2765 ejus,
2853 2702 2903 2749 et
2946 2692 3203 2751 insultare
3228 2693 3469 2750 Gentibus
3492 2692 3647 2764 quibus
3665 2707 3731 2752 nol

2257 2796 2340 2844 est
2364 2796 2523 2844 notus
2565 2787 2728 2855 Deus,
2777 2795 2832 2845 et
2867 2786 3044 2844 dicere
3067 2788 3195 2861 quis
3242 2788 3340 2845 sibi
3378 2787 3494 2843 solis
3536 2795 3658 2842 notus
3679 2795 3730 2844 ut

2257 2879 2430 2947 Deus;
2462 2880 2673 2953 quando
2709 2880 2973 2953 Propheta
3002 2881 3152 2946 dicit.
3182 2881 3349 2939 Notus
3370 2883 3423 2937 in
3440 2879 3600 2937 Inda
3618 2879 3729 2935 Das:

2255 2972 2382 3029 alibi
2408 2988 2535 3043 ergo
2564 2974 2787 3045 ignotus.
2820 2974 2987 3030 Notus
3015 2983 3098 3031 est
3137 2983 3316 3033 autem
3360 2987 3523 3031 revera
3549 2971 3730 3030 inludet

2256 3064 2419 3133 Deus,
2444 3067 2488 3121 si
2512 3066 2805 3137 intelligant
2830 3068 2952 3138 quid
2986 3068 3054 3123 sit
3076 3068 3283 3124 Judzra.
3309 3066 3436 3125 Nam
3454 3082 3562 3123 vere
3582 3075 3730 3122 nonest

2255 3167 2415 3216 notus
2439 3158 2581 3216 Deus
2607 3159 2710 3216 nisi
2738 3159 2793 3216 in
2832 3159 3041 3217 Judzea.
3067 3161 3214 3219 Ecce
3241 3169 3297 3218 et
3333 3174 3426 3217 nos
3448 3161 3537 3217 hoc
3556 3158 3727 3223 didm

2254 3250 2378 3320 quia
2403 3250 2503 3306 nisi
2528 3250 2755 3322 quisque
2787 3243 2945 3309 fuerit
2973 3254 3027 3309 in
3063 3252 3270 3319 ludam,
3296 3261 3443 3311 notus
3462 3252 3506 3309 ei
3532 3251 3729 3309 Densus

2254 3357 2361 3399 non
2392 3351 2586 3413 potest.
2615 3341 2723 3401 Sed
2745 3344 2873 3415 quid
2902 3344 3030 3401 dicit
3063 3346 3385 3416 Apostolus?
3416 3343 3507 3412 Osi
3526 3345 3572 3399 in
3599 3341 3729 3397 «ab

2252 3435 2467 3491 Judtcus
2493 3443 2599 3502 est;
2637 3436 2727 3507 qui
2766 3437 3142 3492 circumcisione
3171 3438 3357 3505 cordis,
3390 3452 3485 3492 non
3513 3428 3728 3500 litters,“

2253 3528 2433 3596 spiritu
2458 3525 2633 3598 (Rom.
2665 3543 2723 3594 tt,
2753 3527 2848 3598 29)
2874 3546 2889 3583 :
2914 3538 3042 3584 sunt
3079 3543 3211 3601 ergo
3248 3527 3410 3587 Judaei
3454 3529 3502 3583 in
3525 3522 3726 3583 circumd-

2252 3620 2402 3675 sione
2426 3620 2622 3687 carnis,
2648 3629 2704 3677 et
2729 3630 2853 3675 sunt
2886 3619 3057 3675 Judaei
3101 3621 3155 3676 in
3194 3620 3561 3677 circumcisione
3590 3612 3722 3671 atris.

2253 3712 2438 3771 Patres
2465 3714 2629 3769 nostri
2664 3714 2813 3770 multi
2842 3715 3034 3780 sancti,
3070 3724 3125 3771 et
3164 3715 3587 3772 oircumcisioneni
3608 3707 3723 3764 canit

2251 3805 2517 3863 habebant
2545 3818 2761 3880 propter
2778 3808 3104 3880 signaculum
3125 3808 3270 3876 ﬁdei,
3293 3817 3349 3866 et
3366 3804 3720 3866 eimuntsisionstl

2249 3900 2426 3958 cordis
2451 3910 2666 3972 propter
2687 3902 2854 3972 ipsum
2883 3900 3061 3957 iidem.
3094 3903 3179 3957 Ab
3216 3901 3301 3957 bis
3331 3900 3540 3971 patrihus
3560 3896 3718 3964 όεοεικο

2248 4001 2429 4049 rantes
2450 3993 2538 4049 isti
2560 3993 2649 4063 qui
2672 3992 2830 4048 modo
2852 3993 2908 4049 in
2926 3992 3147 4049 nomine
3166 3993 3510 4064 gloriantur-et
3523 3988 3626 4044 fscts
3641 3996 3719 4053 pet-

2247 4085 2528 4151 diderunt;
2554 4087 2623 4143 ob
2652 4086 2736 4142 his
2768 4101 2899 4159 ergo
2925 4088 3162 4158 patribus
3184 4088 3557 4159 degeneramus.
3575 4091 3718 4137 reant-

2246 4189 2433 4235 serunt
2460 4179 2512 4234 in
2536 4190 2696 4236 carne
2723 4177 2914 4246 Judmi,
2942 4180 2995 4234 in
3020 4180 3183 4237 corde
3209 4179 3415 4252 Psgani.
3437 4177 3525 4249 Ipsi
3543 4168 3718 4231 enimio-

2245 4269 2371 4338 dmi,
2401 4273 2490 4343 qui
2518 4283 2642 4328 sunt
2664 4288 2731 4329 ex
2769 4272 3059 4339 Abraham,
3089 4289 3121 4328 s
3148 4282 3255 4346 quo
3287 4274 3424 4330 tusc
3446 4281 3575 4326 usus
3593 4267 3717 4328 etne!

2245 4379 2310 4421 es
2338 4365 2429 4421 illo
2455 4364 2637 4429 lacob,
2660 4374 2713 4422 et
2731 4383 2798 4422 ex
2816 4367 2982 4423 locob
3012 4367 3291 4424 duodecim
3316 4361 3607 4425 Patrias-clm.
3623 4362 3715 4411 αει

2243 4455 2520 4513 duodecim
2561 4458 2883 4516 Patriarchis
2924 4460 3150 4531 populus
3190 4460 3459 4516 hnlvonns
3478 4452 3712 4512 1W-

2140 4546 2191 4621 ξιξ
2242 4550 2346 4607 Sed
2372 4550 2539 4607 Judaei
2567 4562 2847 4623 propterea
2876 4554 3106 4610 maxime
3128 4552 3373 4625 appellati
3408 4554 3531 4611 stitit.
3552 4543 3640 4614 quia
3654 4536 3712 4593 ³⁸⁸

2242 4642 2341 4698 das
2365 4651 2501 4699 unus
2525 4652 2639 4700 erat
2663 4643 2732 4699 de
2759 4643 2881 4699 ann
2906 4644 3186 4701 duodecim
3206 4643 3385 4710 taces,
3410 4629 3713 4713 mundule

2240 4743 2324 4791 ter
2348 4734 2649 4805 duodecim,
2677 4745 2731 4793 et
2756 4737 2824 4793 de
2846 4738 3012 4809 stirpe
3030 4740 3148 4809 ejus
3186 4752 3399 4810 regnum
3434 4729 3626 4789 veniebat
3649 4721 3712 4778 lus

2238 4827 2388 4884 dmis.
2432 4829 2563 4884 Nam
2601 4830 2775 4884 omnis
2814 4828 2904 4885 illo
2950 4831 3175 4900 pupum
3208 4828 3480 4887 scentulum
3509 4824 3709 4878 numerum

2237 4921 2516 4979 duodecim
2555 4922 2783 4979 filiorum
2825 4922 2991 4979 Jadob
3033 4923 3315 4981 duodecim
3352 4922 3502 4979 tribus
3531 4908 3705 4971 habebit

2232 5291 2365 5349 Judn
2385 5307 2447 5347 ex
2474 5302 2578 5362 qua
2608 5299 2759 5347 erant
2785 5307 2963 5363 reges,
2994 5298 3051 5347 et
3075 5301 3191 5347 erat
3213 5290 3372 5348 altera
3392 5287 3537 5345 tribus
3553 5274 3700 5336 Lavit!

2232 5400 2335 5458 qua
2360 5393 2515 5441 erant
2557 5384 2877 5441 sacerdotes.
2923 5382 3029 5442 Sed
3056 5385 3180 5457 quia
3216 5380 3541 5441 sacerdotibus
3564 5363 3700 5458 ιεωῲ

2231 5453 2585 5534 servientibus
2632 5482 2773 5532 terra
2817 5476 2982 5532 divisa
3024 5453 3128 5533 non
3168 5485 3248 5534 est
3288 5472 3453 5549 (Nam.
3480 5453 3694 5528 ινηιοὲθλ

2231 5571 2511 5642 Oportebat
2546 5577 2722 5626 autem
2753 5578 2811 5625 ut
2836 5568 3115 5625 duodecim
3160 5567 3386 5625 tribubus
3414 5552 3696 5630 dispertirem
3722 5558 3733 5573 ’

2231 5664 2407 5723 omnis
2434 5666 2577 5735 regio
2596 5662 2960 5735 promissionis
2981 5674 2997 5719 ι
3018 5671 3240 5734 excepta
3259 5662 3375 5730 ergo
3395 5667 3484 5712 nos

2228 5758 2361 5832 joris
2383 5733 2673 5830 dignitatis,
2698 5756 2836 5812 tribu
2862 5754 3011 5822 Levi,
3040 5733 3169 5827 quze
3188 5761 3296 5812 erat
3329 5751 3378 5809 in
3394 5733 3689 5832 ξεοετιριίιιξτ

2232 5827 2572 5912 remanerent
2611 5849 2879 5917 undecim;
2918 5849 3025 5908 nisi
3060 5862 3159 5922 pc
3528 5827 3689 5890 ω
