3966 6460
177 382 302 447 957
1254 398 1652 457 ENARRATIO
1689 400 1757 457 IN
1795 380 2117 464 rsALuuu
2142 396 2351 471 Lxxv.

179 506 457 565 ﬁliorum
482 498 679 581 Joseph
710 496 988 570 duodecim
1012 517 1426 587 complerentur.
1448 519 1559 576 Hoc
1580 523 1704 592 quid
1726 524 1817 591 sit,

179 600 504 658 adrertite.
540 593 688 660 Unus
718 603 783 661 de
809 606 1088 662 duodecim
1121 611 1240 664 tiliis
1266 610 1428 667 JaCob
1454 624 1569 668 erat
1594 614 1813 683 Ioseph.

3409 436 3515 496 958

1926 526 2031 584 illis
2054 526 2285 589 Pilatus:
2314 524 2503 609 Regem
2524 550 2737 600 vestrum
2756 546 3049 621 cr‘uciﬁgam
3070 552 3097 608 ?
3124 548 3193 611 Et
3230 546 3307 611 illi
3349 575 3365 614 :
3399 556 3511 618 Nos

1924 638 2024 678 non
2068 626 2307 684 habemus
2350 649 2535 704 regem,
2581 638 2680 691 nisi
2702 637 3149 715 Cwsaremann.
3189 650 3432 723 stx,15).
3464 651 3511 710 Ο

181 695 302 750 Iste
334 707 436 752 est
456 696 655 766 Jnsepb
682 714 836 770 quem
863 698 1053 757 fratres
1092 704 1170 758 sui
1213 703 1263 759 in
1303 704 1587 776 Egyptian
1630 710 1818 764 vendi-

174 792 436 875 derunt,
471 802 523 847 et
547 794 652 849 illic
678 796 867 850 merito
893 798 1153 853 castitatis
1180 799 1247 854 ad
1278 801 1556 856 sublimem
1584 803 1815 875 dignita-

181 895 301 941 tern
342 888 646 959 perductus
668 900 768 955 est,
794 900 847 948 et
887 893 1050 948 adfuit
1078 895 1150 949 illi
1198 894 1334 951 Dens
1362 896 1411 951 in
1457 900 1601 953 onmi
1649 916 1813 971 opere

175 994 324 1044 suo;
364 990 427 1036 et
451 982 683 1053 suscepit
706 983 895 1041 fratres
925 1002 1052 1042 suos
1095 1003 1124 1042 a
1154 990 1346 1059 quibus
1387 992 1633 1049 venditus
1672 1003 1807 1062 erat,

175 1082 235 1125 et
292 1083 543 1142 patrem,
597 1072 735 1131 fame
783 1078 1120 1146 laborantes,
1171 1091 1224 1136 et
1263 1093 1479 1153 propter
1513 1100 1703 1155 panem
1743 1087 1809 1143 ad

176 1164 508 1237 Egyptttm
537 1166 946 1228 descendentes.
989 1173 1091 1228 Isle
1131 1172 1329 1245 Jnsepb
1369 1176 1502 1231 duos
1535 1177 1669 1233 filius
1709 1179 1806 1233 ba-

173 1257 327 1320 bnit.
374 1256 638 1329 Ephraim
677 1271 731 1318 et
759 1261 1017 1320 Manasse.
1058 1266 1286 1333 Moriens
1328 1268 1512 1336 Jacco,
1556 1278 1805 1342 tanquam

176 1362 535 1410 testamento
561 1354 598 1417 ί,
619 1361 907 1427 aSsumpsit
926 1358 1044 1415 illos
1063 1373 1282 1430 nepotes
1304 1379 1426 1417 suos
1450 1365 1499 1418 in
1525 1382 1802 1422 numerum

170 1444 464 1511 ﬁliorum,
494 1457 547 1501 et
573 1447 705 1502 dixit
737 1448 845 1504 tilio
875 1465 971 1505 san
996 1450 1189 1522 Josepb
1224 1472 1238 1509 :
1268 1452 1447 1509 Crateri
1474 1457 1561 1525 qui
1582 1474 1802 1512 nascun-

171 1550 283 1600 tur,
315 1541 422 1593 libi
450 1553 594 1595 erunt
613 1558 633 1606 ;
653 1544 736 1596 isti
762 1552 925 1597 autem
957 1547 1097 1607 nti/ti.
1135 1557 1181 1602 et
1220 1549 1441 1603 divident
1470 1559 1654 1605 terram
1689 1569 1803 1607 cum

171 1633 447 1701 fratribus
476 1634 581 1688 suis
610 1632 760 1705 (Gen.
792 1652 972 1699 xum,
994 1639 1046 1701 5,
1067 1640 1146 1709 6).
1173 1640 1359 1695 Adhuc
1388 1659 1489 1695 non
1513 1654 1627 1699 erat
1655 1645 1797 1713 data,

171 1740 281 1780 nec
305 1724 495 1780 divisa
530 1733 665 1780 terra
700 1728 1097 1796 promissionis;
1126 1730 1217 1785 sed
1248 1732 1454 1786 dicebat
1483 1732 1573 1788 ille
1598 1734 1645 1788 iu
1676 1737 1799 1804 Spi-

167 1817 284 1871 ritu
319 1815 684 1886 prophetaus.
716 1819 1103 1873 Aceedeutibus
1132 1837 1259 1891 ergo
1303 1822 1507 1879 duobus
1553 1824 1673 1881 ﬁliis
1710 1826 1802 1881 Jo-

167 1905 343 1978 seph,
380 1908 543 1962 lacte
579 1918 703 1965 sunt
746 1911 1092 1967 nihilominus
1139 1913 1415 1969 duodecim
1446 1917 1632 1983 tribus,
1675 1919 1797 1987 quia

162 2003 280 2073 jam
315 2000 592 2058 tredecim
626 2016 745 2059 sunt
778 2024 790 2059 :
822 2022 916 2074 pro
967 2024 1064 2060 una
1095 2008 1234 2062 enim
1267 2010 1402 2063 tribu
1431 2010 1648 2081 Ioseph,
1678 2012 1797 2067 duae

165 2103 565 2161 accesserunt,
616 2104 670 2151 et
720 2096 869 2151 factm
918 2110 1039 2153 sunt
1087 2099 1360 2155 tredecim.
1408 2103 1636 2172 Ettrcpta
1669 2120 1797 2175 ergo

166 2182 319 2241 tribu
359 2185 523 2253 Levi,
558 2186 641 2241 illa
678 2185 815 2243 trihtt
847 2190 1181 2246 sacerdotum
1210 2208 1329 2263 qua:
1364 2195 1625 2249 serviebat
1662 2206 1797 2251 tem-

166 2279 285 2349 plo,
328 2288 390 2334 ct
424 2276 498 2335 de
523 2279 746 2336 decimis
776 2283 984 2338 vivebat
1008 2295 1318 2339 caeterarutn
1345 2289 1576 2341 omnium
1602 2289 1795 2357 quibus

170 2379 325 2427 terra
351 2370 531 2426 divisa
564 2385 665 2439 est,
697 2387 969 2431 remanent
993 2376 1292 2433 duodecim.
1322 2378 1375 2432 Itt
1409 2379 1489 2434 his
1511 2382 1790 2436 duodecim

171 2472 301 2520 erat
335 2466 515 2521 tribus
541 2462 695 2530 Juda.
723 2469 860 2523 ttntlc
890 2485 1042 2538 rcges
1068 2480 1236 2526 erant.
1263 2472 1390 2525 Nam
1415 2475 1586 2545 primo
1604 2476 1668 2529 de
1690 2476 1789 2528 alia

172 2561 325 2617 tribu
360 2559 526 2616 datus
561 2570 642 2615 est
681 2577 772 2616 rex
802 2560 925 2616 Saitl
951 2562 993 2632 (l
1028 2563 1153 2634 Reg.
1180 2580 1256 2628 Ix,
1293 2564 1365 2634 t),
1399 2577 1445 2618 et
1480 2568 1791 2634 reprobatns

172 2664 263 2712 est
291 2664 556 2722 tanquam
580 2653 750 2707 malus
775 2670 901 2719 rex;
934 2664 1113 2722 postea
1138 2656 1291 2708 datus
1312 2657 1476 2710 estde
1501 2658 1634 2711 tribu
1656 2658 1791 2713 Juda

171 2764 280 2804 rex
316 2748 513 2817 David,
540 2757 593 2803 et
619 2765 683 2803 ex
707 2749 798 2803 illo
829 2749 894 2804 de
927 2748 1061 2802 tribu
1104 2749 1237 2804 Jmla
1271 2750 1479 2805 fuerunt
1507 2768 1655 2822 reges
1678 2751 1789 2821 (Id.

171 2856 291 2903 xvr,
328 2837 450 2907 l2).
476 2837 639 2900 Jacob
676 2852 852 2893 autem
886 2840 971 2894 ille
993 2840 1094 2895 hoc
1131 2840 1356 2907 divi-rat,
1388 2844 1598 2911 qnando
1623 2844 1788 2918 bene:

171 2929 403 2986 dixerat
434 2932 569 2986 ﬁlios
595 2946 720 2984 suos
756 2949 767 2984 :
803 2930 919 2984 Non
949 2932 1141 2998 deﬁciet
1174 2933 1402 3002 princeps
1424 2934 1484 2987 de
1507 2934 1667 3001 Juda,
1699 2953 1789 2990 nec

173 3028 289 3079 dua:
310 3024 379 3077 de
404 3024 677 3097 femoribus
703 3026 828 3093 ejus,
857 3025 1014 3078 donec
1037 3026 1194 3077 venint
1232 3027 1312 3078 cui
1340 3029 1693 3097 repromissum
1716 3036 1788 3082 est

174 3115 340 3189 (Gen.
370 3132 515 3182 χιιι,
553 3117 655 3185 10).
691 3119 763 3172 Ile
810 3117 945 3171 trilm
987 3130 1161 3172 autem
1198 3120 1329 3173 Juda
1364 3122 1505 3175 venit
1536 3123 1786 3178 Dominus

176 3222 372 3267 noster
410 3209 566 3263 Jt-sus
596 3210 862 3262 Christus.
913 3209 999 3264 Est
1038 3210 1209 3268 enim.
1236 3214 1368 3265 sicut
1396 3212 1663 3281 Scriptura
1700 3213 1784 3269 di-

174 3304 249 3358 cit
280 3310 338 3358 et
363 3302 527 3356 modo
548 3301 790 3365 audistis,
827 3318 888 3355 ea:
908 3303 1095 3356 semine
1121 3301 1304 3368 David,
1336 3315 1488 3358 natus
1512 3307 1577 3359 de
1601 3306 1779 3361 Maria.

173 3394 455 3451 Caeterum
484 3394 621 3464 quod
654 3396 841 3448 attinet
883 3393 946 3447 ad
991 3394 1318 3450 divinitatem
1373 3396 1578 3451 Domini
1616 3398 1784 3455 nostri

173 3468 306 3544 Iesu
352 3485 576 3550 Christi,
625 3485 674 3539 in
718 3502 817 3553 qtta
869 3487 1088 3557 mqualis
1128 3497 1211 3541 est
1242 3488 1412 3553 Patri;
1460 3506 1563 3543 non
1608 3491 1781 3547 solum

172 3564 305 3636 ante
344 3577 589 3641 .Ittdzeos,
634 3576 726 3631 sed
757 3578 916 3632 etiam
962 3590 1085 3632 ante
1118 3580 1285 3647 ipsum
1316 3580 1777 3651 Aln'abamann.

174 3653 291 3741 vitt,
327 3671 424 3749 58)
451 3688 468 3736 ;
490 3685 590 3726 nec
609 3670 779 3724 solum
808 3680 929 3725 ante
946 3670 1234 3734 Abraham,
1259 3671 1351 3726 sed
1372 3680 1423 3725 et
1441 3683 1563 3727 ante
1589 3672 1776 3740 Adam;

175 3784 278 3825 nec
304 3767 486 3822 solum
517 3775 643 3820 ante
679 3764 869 3831 Adam,
898 3764 991 3818 sed
1021 3774 1074 3820 et
1103 3774 1227 3820 ante
1257 3765 1451 3821 ccelum
1481 3774 1532 3820 et
1562 3776 1778 3831 terram,

174 3873 229 3919 et
255 3872 387 3917 ante
433 3860 662 3913 smcula:
691 3858 813 3929 quia
854 3858 1023 3912 omnia
1052 3874 1140 3929 per
1178 3859 1345 3925 ipsum
1373 3861 1509 3931 facta
1551 3869 1687 3926 sunt,
1732 3868 1781 3916 et

173 3956 283 4012 sine
317 3956 438 4027 ipso
470 3955 662 4024 factum
701 3962 773 4006 est
801 3951 927 4004 nihil
948 3948 1056 4021 (Id.
1091 3967 1129 4017 t,
1158 3950 1234 4022 5).
1264 3951 1395 4018 Quia
1427 3969 1553 4023 ergo
1582 3954 1632 4008 in
1657 3968 1780 4024 pro-

177 4046 358 4118 pltetia
391 4045 594 4099 dietmn
621 4052 722 4109 est,
768 4041 886 4097 Non
919 4041 1113 4112 deﬁciet
1150 4046 1380 4114 princeps
1409 4062 1471 4099 ea:
1496 4044 1658 4109 Juda,
1689 4063 1780 4102 ne-

173 4154 275 4209 que
303 4138 421 4194 dua:
456 4137 518 4190 de
541 4136 814 4208 femoribus
845 4137 971 4206 ejus,
1016 4136 1173 4189 donec
1207 4136 1372 4191 venint
1398 4138 1481 4192 cui
1509 4140 1779 4209 repromis-

175 4248 289 4287 sum
326 4241 404 4285 est
431 4245 451 4284 :
475 4228 883 4284 considerantur
919 4228 1095 4300 priora
1126 4237 1384 4298 tempora,
1413 4239 1464 4285 et
1507 4230 1778 4288 invenitur

177 4324 303 4394 quia
329 4322 506 4379 Judaei
547 4322 612 4377 de
658 4321 794 4376 tribu
829 4320 963 4376 Juda
1004 4336 1217 4391 semper
1260 4337 1413 4393 reges
1455 4324 1773 4395 habuerunt,

179 4418 327 4473 unde
355 4417 482 4469 dicti
509 4427 629 4469 sunt
654 4415 858 4481 Judaei;
887 4426 942 4470 et
972 4432 1073 4470 non
1108 4415 1405 4471 habuerunt
1428 4434 1602 4489 regem
1626 4420 1776 4489 prius

177 4508 563 4577 alienigenam.
596 4507 696 4562 nisi
730 4506 991 4561 Herodem
1026 4508 1171 4561 illum
1199 4508 1287 4578 qui
1316 4509 1410 4563 fuit
1434 4510 1646 4580 quando
1670 4512 1775 4567 Do-

180 4601 368 4657 minus
406 4606 560 4654 natus
600 4608 677 4653 est
709 4597 855 4668 (Luc.
901 4614 976 4664 ut,
1024 4600 1101 4669 1).
1140 4600 1266 4655 Inde
1304 4613 1582 4672 etaperunt
1619 4620 1774 4676 reges

180 4694 523 4764 alienigenm,
551 4692 619 4746 ab
640 4690 870 4747 Herode.
895 4692 1031 4746 Ante
1060 4690 1322 4748 Herodem
1348 4709 1533 4750 omnes
1549 4696 1616 4751 de
1634 4699 1771 4754 tribu

179 4787 340 4851 Juda,
368 4786 465 4841 sed
503 4784 675 4840 donec
715 4782 922 4838 veniret
961 4784 1045 4838 cui
1069 4785 1429 4854 repromissum
1467 4796 1557 4841 est.
1588 4786 1772 4859 Itaque

181 4878 433 4950 ipseiam
459 4877 704 4934 veniente
745 4877 990 4941 Domino,
1022 4891 1266 4932 eversum
1307 4886 1391 4933 est
1420 4894 1639 4946 regnum
1678 4881 1770 4936 Ju-

181 4970 447 5037 dtnorum.
466 4979 521 5025 et
538 4970 800 5026 sublatum
822 4978 905 5024 est
927 4984 991 5025 ex
1017 4967 1235 5024 Judaais.
1266 4968 1420 5024 Modo
1445 4987 1548 5027 non
1575 4971 1770 5029 habent

180 5076 431 5131 regnum,
471 5061 591 5131 quia
631 5061 819 5116 nolunt
861 5075 1186 5132 cognoscere
1222 5077 1405 5117 verum
1438 5079 1638 5135 regem.
1670 5065 1766 5121 Vi-

181 5154 304 5209 dete
325 5155 438 5224 jam
480 5154 523 5209 si
553 5152 722 5210 Judaei
772 5154 878 5209 sint
927 5153 1246 5224 appellandi.
1285 5154 1401 5211 Jam
1430 5156 1616 5213 videtis
1644 5159 1765 5228 quia

181 5243 352 5303 Judmi
396 5261 499 5300 non
525 5253 649 5301 sunt
674 5244 994 5316 appellandi.
1030 5245 1132 5315 Ipsi
1171 5262 1300 5302 voce
1347 5262 1440 5302 sua
1480 5249 1765 5307 abdicave-

184 5350 313 5397 runt
334 5354 396 5395 se
418 5340 486 5395 ab
514 5340 615 5394 isto
653 5341 890 5405 nomine,
926 5348 985 5394 ut
1011 5339 1180 5395 Judaei
1210 5356 1314 5395 non
1348 5341 1455 5397 sint
1488 5344 1629 5415 digni
1671 5361 1765 5416 ap-

187 5432 392 5500 pellari,
422 5431 523 5488 nisi
551 5440 753 5488 tantum
780 5448 959 5488 carne.
994 5433 1092 5489 Ubi
1124 5449 1252 5505 ergo
1290 5451 1348 5491 se
1386 5447 1765 5508 separaverunt

185 5524 249 5579 ab
271 5526 373 5581 isto
397 5526 647 5582 nomine?
678 5526 948 5591 Dicebant,
977 5528 1267 5584 satviebant
1303 5530 1355 5584 iu
1396 5529 1683 5596 Christum,
1710 5534 1761 5589 id

185 5627 263 5676 est
287 5620 309 5653 ⁸
334 5635 501 5693 genus
523 5618 680 5687 Juda,
719 5618 1006 5676 saeviebant
1043 5621 1097 5677 in
1132 5636 1315 5678 semen
1358 5622 1543 5679 David.
1589 5624 1656 5680 Et
1689 5626 1764 5683 ait

245 5777 261 5809 ι
288 5776 419 5838 διάη
442 5782 717 5831 (ammento
733 5781 990 5841 assumpto.
1013 5784 1132 5841 vos,
1151 5784 1412 5845 assumpto,
1435 5782 1577 5838 abest
1598 5785 1660 5840 ab
1676 5783 1762 5839 ali-

183 5845 1442 5970 ’ωθιὸῗζωιαᾱισαωαωιωςὺωω

1922 715 2088 771 ,ιιιᾶωί
2115 722 2204 790 qui
2236 726 2518 791 vocamini,
2543 738 2594 783 et
2627 746 2731 785 non
2767 734 2929 800 estis;
2959 732 3003 789 si
3045 753 3149 791 non
3184 715 3402 797 habetis
3418 759 3506 799 I‘C?

1920 825 2062 879 gem,
2096 815 2195 868 nisi
2242 816 2529 889 Caesarem,
2571 821 2763 877 defecit
2792 824 2902 895 jam
2940 826 3186 900 princeps
3220 831 3286 888 de
3321 833 3456 891 Juda
3488 856 3503 893 :

1920 907 2064 961 venit
2087 923 2213 978 ergo
2240 906 2329 964 ille
2355 914 2433 965 cui
2464 915 2821 982 repromissum
2846 924 2937 972 est.
2966 914 3043 974 Illi
3062 935 3190 993 ergo
3215 925 3389 981 verius
3406 926 3505 984 Ju-

1917 998 2037 1066 dcei,
2085 1003 2174 1071 qui
2203 1004 2477 1061 christiani
2525 1006 2650 1064 facti
2694 1021 2907 1068 suntex
2936 1010 3171 1072 JUdiBiSi
3204 1022 3501 1080 caeteriJu-
3585 1063 3589 1067 ν

1916 1092 2018 1147 da-i
2045 1095 2134 1165 qui
2172 1096 2222 1149 in
2254 1096 2521 1153 Christum
2568 1117 2672 1157 non
2703 1104 3064 1174 crediderunt,
3106 1111 3267 1168 etiam
3303 1132 3499 1175 nomen

1915 1183 2088 1254 ipsum
2119 1187 2339 1254 perdere
2365 1189 2507 1261 digiti
2540 1191 2769 1250 fuerunt.
2802 1195 2982 1253 Judzra
3014 1217 3141 1273 ergo
3167 1219 3313 1274 vera,
3342 1205 3498 1266 Citri-

1913 1280 1979 1332 sti
2013 1278 2245 1335 Ecclesia
2271 1293 2372 1350 est,
2404 1285 2629 1341 credens
2658 1288 2708 1342 in
2747 1290 2893 1346 illum
2935 1310 3111 1365 regem
3140 1299 3227 1368 qui
3256 1302 3399 1358 venit
3429 1320 3497 1361 ex

1915 1371 2053 1424 tribu
2085 1372 2218 1427 Juda
2249 1390 2342 1444 per
2368 1379 2624 1447 virginem
2647 1380 2895 1449 Mariam;
2925 1388 3149 1443 credens
3175 1392 3226 1445 in
3256 1391 3401 1449 illum
3428 1395 3498 1452 de

1911 1479 2017 1533 quo
2040 1466 2197 1519 modo
2228 1468 2515 1538 Apostolus
2537 1472 2764 1539 dicebat,
2784 1476 2850 1531 ad
2869 1476 3201 1538 Timotheum
3232 1487 3492 1544 scribens:

1912 1552 2109 1609 Mentor
2142 1568 2245 1611 esto
2272 1557 2449 1614 Iesum
2479 1559 2733 1620 Christum
2772 1571 3098 1627 resurrexisse
3140 1590 3171 1627 α
3197 1579 3404 1633 mortuis
3434 1595 3498 1635 ea:

1908 1650 2093 1701 semine
2123 1648 2303 1717 David,
2335 1655 2608 1710 secundant
2643 1658 2975 1732 Evangeliunt
3006 1682 3167 1720 meum
3187 1662 3247 1736 (ΙΙ
3269 1667 3402 1724 Tim.
3434 1688 3492 1739 tt,

1908 1736 1983 1805 8).
2019 1738 2091 1795 De
2114 1740 2245 1796 Juda
2282 1745 2421 1799 enim
2453 1746 2634 1811 David,
2677 1759 2731 1805 et
2758 1768 2821 1806 ex
2863 1754 3024 1811 David
3055 1757 3305 1816 Dominus
3338 1736 3493 1820 Jesus

1905 1828 2171 1885 Christus.
2204 1831 2311 1889 Nos
2336 1836 2614 1895 credentes
2654 1842 2703 1895 in
2746 1841 3013 1899 Christum
3059 1844 3384 1917 pertinemus
3423 1854 3491 1911 ad

1903 1919 2129 1986 Jndam;
2161 1934 2214 1978 et
2246 1942 2341 1981 nos
2369 1932 2714 1998 cognovimus
2752 1930 3022 1992 Christum
3053 1940 3140 2008 qui
3186 1940 3353 1997 oculis
3383 1961 3490 2003 non

1904 2013 2151 2082 vidimus,
2196 2016 2297 2072 ﬁde
2344 2022 2654 2078 retinemus.
2688 2024 2801 2082 Non
2839 2044 2964 2099 ergo
3007 2026 3260 2107 insultent
3296 2028 3487 2107 Judaei,

1902 2108 1990 2176 qni
2015 2107 2124 2177 jam
2155 2124 2257 2163 non
2290 2122 2414 2166 sunt
2443 2110 2609 2169 Judaei
2637 2135 2649 2169 :
2680 2117 2778 2187 ipsi
2813 2116 3083 2191 dixerunt,
3113 2106 3226 2179 Nos
3263 2143 3362 2182 non
3396 2128 3490 2184 Ita-

1902 2198 2071 2253 bemus
2097 2219 2278 2272 regem,
2319 2206 2415 2258 nisi
2454 2204 2722 2263 Cwsarem.
2750 2210 2879 2266 Nam
2907 2214 3097 2270 melius
3124 2217 3227 2273 illis
3265 2230 3399 2289 erat,
3431 2231 3488 2279 ut

1901 2309 1991 2347 rex
2019 2295 2224 2349 illorum
2258 2309 2395 2353 esset
2427 2298 2690 2364 Christus.
2723 2321 2788 2360 ex
2817 2310 3023 2365 semine
3067 2308 3227 2368 David
3258 2315 3323 2370 de
3347 2317 3487 2374 tribu

1899 2382 2052 2437 Juda.
2087 2382 2286 2441 Tanton
2315 2389 2432 2457 quia
2458 2389 2570 2459 ipse
2599 2392 2843 2450 Christus
2871 2412 2934 2452 ex
2966 2402 3169 2457 semine
3211 2402 3371 2461 David
3394 2423 3483 2464 se-

1899 2474 2129 2529 cnmlum
2158 2492 2395 2544 carnem,
2427 2479 2564 2536 Deus
2588 2494 2763 2538 autem
2789 2501 2948 2557 super
2966 2491 3142 2545 omnia
3168 2491 3480 2553 benedictus

1898 2565 1950 2619 in
2002 2569 2217 2634 sa-cula,
2265 2568 2378 2638 ipse
2424 2588 2513 2626 rex
2549 2583 2729 2630 noster
2757 2588 2839 2631 est
2872 2587 2927 2632 et
2968 2580 3106 2636 Deus
3133 2595 3315 2639 noster
3344 2605 3356 2641 :
3389 2602 3484 2643 rex

1897 2668 2100 2724 noster,
2148 2662 2437 2717 secundum
2479 2668 2617 2734 quod
2650 2679 2804 2723 natus
2843 2680 2923 2724 est
2962 2687 3027 2726 ex
3062 2674 3201 2729 tribu
3230 2672 3361 2731 Juda
3393 2694 3482 2735 se-

1896 2751 2128 2805 cundum
2169 2766 2404 2818 carnem,
2451 2753 2695 2812 Christus
2745 2760 2997 2818 Dominus
3038 2763 3313 2833 Salvator;
3341 2768 3481 2827 Deus

1894 2852 2069 2896 autem
2096 2854 2299 2910 noster,
2336 2846 2421 2916 qui
2453 2857 2534 2901 est
2572 2858 2696 2903 ante
2728 2848 2937 2917 Judam,
2974 2862 3029 2910 et
3057 2867 3179 2911 ante
3201 2860 3393 2915 emtum
3424 2870 3480 2919 et

1897 2941 2115 2999 terram,
2158 2951 2251 3004 per
2277 2952 2433 3006 quem
2465 2936 2598 3018 facta
2626 2950 2749 2996 sunt
2779 2945 2977 3011 omnia,
3019 2958 3071 3001 et
3110 2947 3396 3018 spiritualia
3425 2961 3480 3010 et

1894 3025 2211 3093 corporalia.
2259 3024 2313 3081 Si
2357 3011 2500 3082 enini
2538 3031 2705 3085 omnia
2744 3048 2832 3101 per
2869 3034 3032 3104 ipsum
3072 3039 3208 3110 facta
3239 3048 3393 3107 sunt;
3422 3052 3476 3099 et

1892 3114 2004 3182 ipsa
2031 3114 2189 3170 Maria
2217 3116 2282 3170 de
2308 3135 2410 3189 qua
2444 3133 2597 3175 natus
2617 3131 2715 3185 est,
2745 3140 2837 3192 per
2863 3126 3031 3195 ipsum
3056 3124 3190 3183 facta
3220 3142 3322 3186 est.
3342 3133 3477 3202 Quo-

1892 3206 2053 3261 modo
2081 3224 2206 3280 ergo
2234 3210 2320 3266 ille
2342 3212 2491 3281 quasi
2519 3216 2695 3270 Caeteri
2730 3214 2972 3273 homines
3012 3234 3338 3290 nasceretur,
3382 3224 3474 3295 qui

1890 3298 1989 3354 sibi
2024 3299 2146 3355 fecit
2179 3313 2400 3359 matrem
2430 3305 2495 3360 de
2526 3324 2626 3376 qua
2673 3312 3018 3367 nasceretur?
3053 3315 3187 3385 Ergo
3227 3316 3339 3386 ipse
3366 3315 3472 3373 Do-

1888 3394 2064 3449 minus
2095 3414 2108 3449 :
2143 3398 2397 3467 Apostolo
2422 3401 2653 3467 dicente,
2683 3419 2803 3458 cum
2835 3406 3139 3476 loqueretur
3160 3407 3225 3463 de
3246 3406 3469 3479 Juda-is,

1892 3484 2119 3553 Quorum
2161 3499 2361 3559 patres;
2412 3501 2459 3545 et
2505 3509 2567 3546 ea:
2603 3493 2779 3563 quibus
2818 3504 2890 3549 est
2934 3494 3161 3552 Christus
3188 3501 3464 3556 secundum

1886 3593 2111 3645 carnem,
2133 3581 2219 3647 qui
2256 3592 2328 3635 est
2361 3600 2511 3653 super
2534 3586 2701 3638 omnia
2731 3583 2869 3639 Deus
2901 3588 3183 3642 benedictus
3212 3591 3262 3644 in
3284 3592 3472 3648 saacula

1890 3664 2063 3737 (Rom.
2096 3684 2168 3733 ιι,
2198 3669 2274 3739 5).
2304 3670 2435 3737 Quia
2463 3687 2591 3742 ergo
2616 3673 2785 3728 Judaei
2826 3675 3067 3731 viderunt
3097 3678 3387 3748 Christum,
3417 3693 3472 3739 et

1885 3760 2281 3828 crucifixerunt,
2312 3778 2417 3818 non
2440 3764 2683 3819 viderunt
2709 3768 2869 3821 Deum
2902 3767 3129 3824 :Gentes
3150 3781 3324 3826 autem
3346 3774 3469 3843 quia

1884 3867 1991 3908 non
2041 3853 2308 3924 viderunt,
2355 3864 2409 3910 et
2446 3856 2806 3925 crediderunt,
2856 3860 3227 3918 intellexerunt
3276 3862 3463 3921 Deum.

1884 3944 2026 4017 Ergo
2051 3948 2096 4001 si
2126 3948 2352 4003 innotuit
2380 3950 2457 4005 cis
2490 3951 2627 4007 Deus
2655 3953 2703 4006 in
2731 3952 2946 4008 Christo
2986 3955 3237 4011 mundum
3278 3973 3469 4015 reCon-

1883 4039 2070 4095 cilians
2099 4039 2201 4094 sibi
2242 4040 2306 4110 (ll
2334 4039 2453 4098 Cor.
2484 4060 2537 4111 v,
2572 4044 2680 4114 19),
2710 4056 2763 4100 et
2794 4046 2911 4101 ideo
2948 4047 3020 4101 illi
3064 4048 3461 4121 cruciﬁxerunt,

1882 4132 2003 4202 quia
2033 4132 2087 4186 in
2113 4146 2273 4188 carne
2298 4134 2549 4189 latentem
2580 4137 2742 4191 Deum
2763 4152 2868 4192 non
2899 4139 3289 4207 intellexerunt,
3313 4158 3463 4198 recc-

1880 4223 1971 4279 dat
2000 4224 2087 4278 illa
2113 4241 2230 4297 quia
2256 4222 2479 4281 vocatur'
2499 4227 2701 4292 Judma,
2733 4240 2785 4283 et
2814 4246 2917 4284 non
2941 4243 3020 4286 est
3046 4249 3061 4297 ;
3084 4232 3305 4288 accedat
3335 4250 3460 4291 vera

1878 4315 2082 4384 Judtca,
2112 4318 2195 4373 cui
2220 4317 2450 4375 dicitur:
2482 4321 2710 4375 Accedite
2734 4324 2801 4376 ad
2826 4341 2958 4389 eum,
3003 4335 3048 4378 et
3084 4325 3455 4395 illuminamini,

1879 4420 1926 4465 et
1956 4411 2123 4465 vultus
2147 4413 2294 4466 vestri
2326 4429 2424 4466 non
2456 4413 2738 4468 erubescent
2769 4414 2941 4488 (Psnl.
2964 4433 3145 4481 χχχιιι,
3168 4418 3244 4490 6).
3274 4416 3459 4475 Vultus

1876 4517 2018 4556 vera:
2044 4502 2241 4557 JttdLCiB
2270 4518 2373 4558 non
2394 4501 2804 4558 confundentur.
2836 4504 3043 4560 Etenim
3082 4508 3381 4575 audierunt,
3404 4519 3458 4564 et

1877 4593 2251 4661 crediderunt;
2279 4604 2333 4649 et
2358 4594 2492 4650 facta
2520 4605 2600 4650 est
2625 4594 2861 4652 Ecclesia
2888 4613 3010 4652 vera
3038 4597 3239 4663 Judma,
3266 4599 3351 4655 ubi
3371 4617 3460 4655 no—

1880 4697 1963 4741 tus
1990 4688 2251 4753 Christus,
2297 4687 2388 4759 qui
2425 4686 2588 4744 homo
2627 4698 2709 4745 est
2758 4703 2826 4745 ex
2862 4690 3064 4746 semine
3103 4688 3289 4759 David,
3315 4690 3456 4751 Deus

1874 4795 2037 4850 super
2060 4780 2242 4836 David.

1943 4871 1998 4926 9..
2032 4871 2198 4926 Notus
2225 4872 2275 4926 in
2300 4871 2485 4927 Judtea
2513 4872 2680 4936 Deus;
2709 4874 2771 4929 in
2806 4873 2974 4931 Israel
2997 4892 3230 4948 magnum
3267 4894 3453 4933 nomen

1873 4967 2003 5037 ejus.
2029 4966 2097 5021 Et
2124 4966 2191 5021 dc
2220 4966 2378 5021 Israel
2419 4968 2496 5021 sic
2519 4966 2774 5023 debemus
2800 4969 3063 5039 accipere,
3093 4969 3360 5039 quomodo
3387 4970 3455 5026 de

1872 5058 2054 5116 Judaea
2089 5078 2101 5113 :
2131 5059 2396 5129 quomodo
2424 5059 2497 5114 illi
2526 5076 2630 5114 non
2678 5070 2801 5116 sunt
2844 5061 2951 5118 veri
2982 5060 3179 5128 Judmi,
3229 5062 3305 5116 sic
3354 5078 3453 5120 nec

1870 5167 2027 5206 verus
2064 5150 2242 5205 Israel.
2273 5150 2402 5217 Quis
2423 5153 2564 5205 enim
2596 5150 2788 5208 dicitur
2810 5152 3005 5207 Israel?
3036 5152 3229 5208 Videris
3261 5153 3448 5209 Deum.

1870 5243 1941 5298 Et
1968 5243 2233 5315 quomodo
2263 5243 2338 5297 illi
2366 5243 2607 5299 viderunt
2642 5245 2806 5301 Deum
2833 5289 2845 5310 ,
2881 5246 3019 5299 inter
3044 5261 3177 5316 quos
3207 5245 3450 5302 ambula-

1869 5337 1941 5390 vit
1990 5336 2041 5391 in
2068 5351 2249 5400 carne,
2278 5346 2331 5392 et
2359 5352 2479 5392 cum
2512 5348 2754 5409 putarent
2786 5338 3075 5404 hominem,
3098 5339 3409 5395 occiderunt
3436 5341 3459 5397 ?

1869 5428 2172 5500 Resurgens
2193 5429 2281 5485 ille
2320 5432 2563 5501 apparuit
2604 5432 2741 5487 Deus
2767 5431 3012 5486 oumibus
3038 5432 3230 5502 quibus
3260 5448 3318 5489 se
3354 5450 3449 5491 vo-

1869 5523 1964 5578 luit
1989 5523 2374 5579 demonstrare.
2405 5524 2482 5580 Illi
2528 5541 2653 5596 ergo
2682 5526 2823 5597 digni
2851 5537 2975 5580 sunt
3007 5526 3167 5583 Israel
3194 5526 3329 5593 dici,
3361 5528 3450 5599 qui

1870 5625 2181 5672 meruerunt
2206 5616 2477 5673 Christum
2507 5617 2801 5688 intelligere
2832 5619 2996 5674 Deum
3039 5620 3089 5673 in
3116 5633 3278 5675 carne
3310 5621 3450 5690 posi-

1869 5723 1999 5780 tum,
2040 5725 2095 5769 ιιι
2124 5731 2226 5769 non
2268 5715 2407 5786 quod
2439 5714 2688 5769 videbant
2710 5723 3133 5780 contemnerent,
3180 5715 3274 5769 sed
3304 5716 3446 5787 quod

1865 5824 1972 5867 non
1993 5809 2245 5865 videbant
2263 5809 2564 5864 adorarent.
2602 5807 2720 5865 Non
2741 5809 2912 5864 visum
2936 5809 3080 5865 enim
3104 5810 3273 5866 oculis
3297 5809 3445 5867 Geu-

1867 5913 1953 5965 tes
1978 5904 2167 5964 humili
2191 5913 2371 5963 mente
2395 5913 2749 5992 perceperunt
2783 5903 2937 5964 illum
2972 5910 3137 5976 quem
3164 5910 3274 5965 non
3300 5900 3447 5963 vide.
