3966 6458
548 348 656 407 959

548 464 716 533 bant,
744 471 800 519 et
824 461 931 519 ﬂde
958 467 1260 518 tenuerunt.
1288 456 1520 515 Proinde
1548 455 1618 512 illi
1646 456 1735 529 qui
1764 455 2007 511 manibus
2046 464 2127 510 te-

548 567 802 618 nuerunt,
825 555 1160 616 occiderunt;
1188 552 1276 623 qui
1296 551 1397 605 lide
1421 559 1725 614 tenuerunt,
1748 548 2127 602 adoravcrunt.

548 652 615 709 In
648 651 815 708 Israel
839 667 1076 720 magnum
1099 665 1277 701 nomen
1309 648 1436 716 ejus.
1464 644 1553 698 Vis
1581 659 1698 699 esse
1742 641 1939 695 Israel?
1978 641 2129 693 Illum

547 755 636 801 att:
661 745 763 799 tnle
806 743 871 797 d'e
913 758 1019 812 quo
1049 741 1303 794 Dominus
1331 739 1398 791 ait
1432 755 1445 790 :
1484 735 1612 789 Ecce
1640 750 1751 788 rere
1780 731 2035 796 Israelita,
2076 730 2130 783 in

546 853 646 907 quo
670 837 817 890 dolus
842 850 941 887 non
973 840 1047 886 est
1080 831 1259 903 (Jomu
1289 846 1326 890 ι.
1357 828 1466 899 47).
1498 826 1553 883 Si
1583 839 1739 880 verus
1763 823 1996 877 Israelita
2019 863 2034 883 ,
2077 821 2130 872 in

544 944 642 999 quo
672 927 819 980 dotus
847 940 945 978 non
975 932 1049 977 est
1069 964 1083 982 .
1115 921 1282 975 dolosi
1313 931 1364 975 et
1416 918 1706 972 mendaces
1736 930 1840 970 nou
1872 921 1991 966 sunt
2017 911 2129 966 veri

547 1019 820 1075 Israelitaz.
843 1015 956 1071 Non
984 1031 1113 1086 ergo
1140 1013 1320 1067 dicant
1346 1012 1429 1065 isti
1459 1025 1710 1081 quoniam
1730 1006 1867 1077 apud
1900 1006 2015 1059 illos
2047 1012 2131 1058 est

547 1110 708 1174 Deus.
736 1119 790 1162 et
815 1122 1062 1179 magmnn
1105 1121 1297 1159 nomen
1328 1104 1445 1172 ejus
1485 1104 1537 1156 in
1577 1100 1740 1156 Israel
1772 1117 1786 1153 :
1822 1098 2042 1169 probent
2070 1110 2129 1150 se

547 1201 833 1268 Israelitas,
859 1210 913 1257 et
939 1199 1178 1257 concedo
1203 1213 1302 1270 ego
1331 1197 1455 1267 quia
1496 1196 1551 1249 in
1577 1193 1744 1248 Israel
1770 1207 2010 1263 maguum
2037 1205 2129 1244 no-

543 1313 656 1352 men
687 1296 815 1364 ejus.

615 1389 670 1444 5.
700 1386 850 1462 [rem
876 1384 955 1458 3.]
1000 1385 1064 1439 Et
1094 1389 1258 1453 factus
1283 1390 1353 1435 est
1381 1382 1434 1435 in
1465 1396 1589 1450 pace
1617 1379 1759 1433 locus
1785 1379 1894 1447 ejus
1918 1418 1932 1443 ,
1965 1384 2009 1430 et
2034 1374 2128 1429 Ita-

546 1482 722 1537 bitatio
751 1481 858 1550 ejus
886 1479 938 1532 in
981 1476 1131 1533 Sion.
1164 1475 1369 1531 Rursus
1391 1474 1519 1529 Sion
1548 1472 1696 1543 quasi
1728 1470 1893 1539 patria
1920 1476 2001 1521 est
2029 1465 2125 1523 Ju-

540 1576 779 1631 dreorum
812 1591 826 1627 :
856 1587 978 1627 vera
1007 1570 1135 1627 Sion
1169 1568 1402 1625 Ecclesia
1447 1577 1532 1621 est
1557 1565 2006 1621 Christianorum.
2037 1558 2127 1616 In-

544 1664 858 1735 terpretatio
905 1672 1082 1717 autem
1139 1660 1411 1716 nominum
1469 1657 1804 1713 hebra‘orum
1857 1657 1936 1710 sic
1975 1654 2128 1709 nobis

544 1758 812 1814 traditur:
842 1754 1021 1811 Ιιιιιςιιιι
1064 1752 1340 1809 Confessio
1370 1751 1780 1819 interpretatur;
1820 1745 1983 1801 brae!
2033 1745 2127 1800 Vi-

542 1848 679 1904 dens
702 1848 889 1903 Deum.
920 1845 1045 1899 Post
1064 1843 1302 1899 Iuda-am
1327 1840 1486 1896 Israel
1516 1860 1529 1895 :
1554 1841 1632 1896 sic
1656 1840 1741 1894 hic
1773 1839 1999 1909 positum
2022 1848 2123 1903 est,

545 1940 715 1997 Notus
753 1944 804 1995 in
828 1940 1015 1994 Iudaea
1044 1936 1179 1991 Deus
1202 1952 1222 2001 ,'
1246 1935 1300 1990 in
1330 1933 1496 1989 Israel
1524 1950 1762 2003 magnum
1787 1949 1967 1987 nomen
1996 1933 2126 2003 ejus.

544 2036 711 2092 Ili-unt
739 2035 819 2087 vis
843 2032 1063 2087 videre?
1093 2031 1248 2086 Prius
1271 2029 1525 2084 conﬁtere
1571 2037 1625 2081 ιιι
1644 2070 1657 2087 ,
1686 2036 1741 2081 et
1768 2026 1846 2079 sic
1878 2026 1929 2080 in
1960 2025 2130 2094 teipso

543 2126 602 2183 ﬁt
628 2128 774 2180 locus
802 2125 917 2189 Dei;
939 2124 1060 2192 quia
1088 2127 1252 2193 {actus
1280 2129 1353 2175 est
1382 2121 1435 2173 in
1461 2135 1583 2189 pace
1603 2118 1743 2172 locus
1769 2117 1899 2187 ejus.
1927 2115 2128 2182 Quam-

544 2219 633 2273 diu
661 2232 788 2288 ergo
836 2230 940 2271 non
986 2212 1259 2270 confiteris
1302 2220 1516 2280 peccata
1566 2218 1693 2271 tua,
1737 2207 2130 2279 quodammodo

545 2310 736 2366 rixaris
761 2323 882 2363 cum
906 2307 1017 2361 Deo
1058 2322 1072 2358 :
1116 2302 1386 2377 quomodo
1416 2302 1558 2357 enim
1604 2316 1711 2355 non
1743 2316 1864 2355 cum
1897 2300 1988 2354 illo
2019 2300 2129 2353 liti-

545 2417 658 2472 gas,
686 2400 774 2472 qui
800 2399 940 2469 quod
969 2397 1043 2451 illi
1073 2396 1317 2465 displicet
1339 2393 1562 2448 laudas?
1592 2391 1747 2446 Ponit
1788 2393 1876 2447 ille
1910 2390 2086 2447 furem
2112 2408 2127 2455 ;

548 2502 601 2547 tu
634 2491 831 2546 furtum
876 2488 1060 2543 laudas
1107 2504 1120 2539 :
1169 2486 1317 2556 punit
1364 2486 1453 2539 ille
1503 2484 1812 2545 ebriosum;
1845 2492 1899 2538 tu
1946 2482 2130 2537 laudas

548 2582 931 2638 ebriositatem.
962 2579 1162 2649 Litigas
1180 2593 1300 2632 cum
1339 2578 1479 2643 Deo;
1509 2591 1612 2630 non
1648 2575 1817 2630 fecisti
1856 2576 1928 2630 illi
1959 2576 2131 2632 locum

549 2674 600 2729 in
623 2673 784 2727 corde
810 2681 935 2725 tuo:
963 2670 1084 2739 quia
1118 2670 1171 2722 in
1194 2685 1318 2739 pace
1341 2669 1482 2721 locus
1497 2668 1628 2738 ejus.
1657 2665 1725 2721 Et
1746 2668 2016 2736 quomodo
2047 2668 2130 2721 in-

546 2762 680 2834 cipis
726 2777 905 2831 pacem
948 2761 1144 2816 habere
1168 2774 1287 2814 cum
1320 2758 1475 2813 Deo?
1505 2757 1693 2827 Incipis
1721 2759 1797 2812 illi
1838 2760 1890 2813 in
1920 2758 2132 2814 confes-

544 2856 715 2910 sione.
765 2853 955 2908 Psalmi
1004 2866 1104 2907 vox
1131 2860 1213 2907 est
1252 2850 1511 2915 dicentis,
1544 2849 1761 2921 Incipite
1810 2850 2027 2905 Domino
2078 2852 2130 2905 in

545 2948 857 3017 confessione
886 2944 1059 3017 (Psal.
1098 2960 1279 3011 cxcvt,
1323 2941 1399 3015 7).
1449 2942 1585 3011 Quid
1617 2955 1733 3008 est,
1766 2941 1985 3013 Incipite
2020 2943 2125 2998 Do-

543 3043 681 3094 mino
707 3040 758 3093 iu
784 3038 1139 3110 confessione?
1169 3036 1387 3105 Incipite
1416 3037 1628 3105 atljnngi
1663 3036 1787 3088 lico.
1817 3035 2131 3105 Quomodo?

543 3130 616 3189 Ut
643 3131 746 3185 hoc
781 3130 931 3185 vobis
954 3129 1234 3199 displiceat
1261 3127 1401 3198 quod
1432 3137 1486 3181 et
1516 3127 1588 3180 illi
1629 3126 1895 3195 dislslicet.
1931 3128 2130 3197 DiSpli-

543 3234 629 3278 cct
660 3222 733 3276 illi
760 3222 861 3275 vita
896 3231 979 3275 ttta
1005 3221 1142 3275 utala
1180 3237 1194 3274 :
1234 3220 1277 3272 si
1318 3221 1515 3286 placeat
1548 3217 1639 3270 tibi
1662 3260 1675 3278 ,
1706 3217 2022 3288 disjungeris
2064 3220 2132 3274 ab

548 3313 680 3377 illo;
710 3314 754 3365 si
785 3311 1063 3381 displiceat
1092 3309 1207 3374 tibi,
1237 3325 1333 3379 per
1372 3307 1763 3362 Conft's‘Sionetn
1796 3309 1865 3361 illi
1911 3309 2133 3377 eonjun-

544 3406 708 3476 geris.
741 3402 871 3456 Vide
901 3419 964 3456 ex
993 3409 1188 3470 quanta
1211 3411 1359 3470 parte
1385 3400 1658 3452 dissimilis
1679 3414 1759 3461 es,
1788 3401 2002 3467 quando
2028 3401 2132 3454 uti-

545 3512 649 3568 que
683 3505 900 3566 propter
926 3496 1091 3563 ipsam
1123 3490 1602 3546 diSsinnlitudioem
1634 3490 1905 3559 diSpliccs.
1936 3490 2130 3546 Factus

546 3588 686 3644 enim
711 3601 799 3652 rs,
840 3601 874 3638 ο
902 3584 1062 3637 homo
1084 3625 1099 3647 ,
1133 3581 1197 3635 ad
1230 3583 1513 3649 imaginem
1546 3581 1664 3647 Dei;
1698 3596 1793 3650 per
1817 3583 1975 3635 vitam
2005 3598 2131 3636 vero

546 3691 849 3749 perversam
871 3684 926 3730 et
947 3674 1136 3729 malam
1163 3674 1483 3743 perturbasti
1513 3674 1561 3726 in
1586 3683 1655 3736 te,
1684 3683 1738 3727 et
1765 3674 2129 3728 exterminasti

548 3772 599 3824 in
632 3782 682 3823 te
712 3770 993 3837 imaginem
1022 3766 1324 3821 (Ionditoris
1349 3766 1443 3819 tui.
1480 3765 1668 3820 Factus
1698 3765 1970 3820 dissimilis
1994 3808 2010 3832 ,
2045 3776 2130 3821 at-

549 3864 721 3920 tendis
775 3863 827 3916 in
877 3872 964 3925 te,
997 3869 1049 3913 et
1091 3858 1343 3927 displici-s
1389 3857 1481 3911 tibi
1517 3875 1528 3911 :
1560 3859 1667 3924 jam
1713 3873 1777 3911 ex
1807 3873 1872 3910 co
1921 3859 2130 3926 empisti

545 3955 735 4009 similis
766 3952 877 4008 fieri
899 3993 912 4016 ,
942 3951 1063 4022 quia
1092 3950 1193 4004 hoc
1239 3948 1333 4004 tibi
1358 3948 1605 4018 displicet
1642 3947 1782 4018 quod
1808 3947 2055 4016 displicet
2078 3957 2132 4003 et

546 4047 681 4103 Deo.

617 4140 671 4194 4.
703 4137 808 4193 Sed
838 4135 1105 4207 quomodo
1134 4150 1252 4190 sum
1296 4134 1483 4189 similis
1506 4175 1520 4197 ,
1553 4134 1729 4204 inquis
1751 4175 1766 4200 ,
1796 4133 2008 4203 quando
2039 4135 2133 4190 ad-

548 4230 652 4285 huc
688 4228 815 4283 mihi
859 4226 1158 4299 displiceo?
1186 4226 1308 4281 Ideo
1333 4226 1531 4280 dictum
1561 4236 1643 4279 cst
1670 4268 1684 4291 ,
1723 4223 1961 4296 Incipite.
1993 4225 2130 4281 Incio

546 4337 615 4394 pe
642 4322 867 4376 Dotniuo
896 4321 947 4374 in
972 4319 1334 4384 confessione;
1370 4319 1658 4389 perlicieris
1690 4320 1741 4373 in
1766 4335 1913 4390 pace.
1945 4321 2133 4376 Adhuc

548 4415 689 4470 enim
720 4412 884 4468 habes
913 4413 1193 4467 adversum
1233 4421 1283 4465 te
1326 4410 1545 4465 bellum.
1592 4411 1845 4465 lndicitur
1890 4412 1983 4465 tibi
2018 4412 2133 4466 bel-

546 4506 677 4569 lum,
709 4520 813 4559 non
842 4505 1012 4559 solum
1039 4503 1294 4558 adversus
1314 4503 1681 4574 soggestiones
1702 4503 1919 4567 diaboli,
1945 4504 2134 4557 adver—

552 4612 644 4650 sus
676 4596 964 4665 principem
993 4594 1271 4665 potestatis
1300 4596 1437 4647 acris
1468 4594 1652 4660 hujus,
1684 4595 1771 4664 qui
1803 4606 2054 4664 operatur
2081 4594 2130 4648 in

551 4687 673 4741 filiis
702 4686 1031 4751 dil'fidentirr,
1062 4686 1317 4739 adversus
1358 4683 1623 4737 diabolum
1655 4694 1708 4738 et
1734 4683 1955 4753 angi-los
1981 4686 2130 4752 ejus,

549 4780 840 4855 spiritualia
883 4780 1128 4849 nequitim
1156 4778 1372 4849 (Epltcs.
1398 4792 1474 4837 vt,
1513 4775 1619 4845 12);
1646 4791 1747 4829 non
1792 4777 1962 4830 solmn
1999 4792 2128 4848 ergo

548 4880 806 4929 adversus
856 4873 1001 4942 ipsos
1046 4871 1137 4924 tibi
1182 4870 1375 4923 bellum
1425 4868 1690 4931 indicitur,
1738 4867 1830 4921 sed
1878 4867 2134 4921 adversus

549 4968 801 5036 tcipsum.
824 4962 1103 5032 Quomodo
1131 4962 1386 5016 adversus
1414 4961 1639 5028 teipsum
1657 4961 1680 5012 ?
1701 4958 1969 5013 Adversus
1992 4968 2133 5012 tuam

549 5055 988 5113 etntsttctudinent
1020 5055 1234 5116 malam,
1266 5054 1521 5106 adversus
1550 5061 1863 5105 vetustatem
1885 5050 2006 5105 vitae
2031 5060 2134 5105 tua:

553 5150 727 5212 male,
756 5163 873 5218 qnze
902 5146 1063 5201 trahit
1088 5155 1139 5201 te
1164 5145 1228 5201 ad
1271 5146 1502 5211 solitam,
1534 5154 1588 5199 et
1616 5142 1848 5197 refrenat
1873 5159 1900 5196 a
1924 5160 2057 5197 nova
2093 5144 2132 5198 ί.

554 5241 808 5298 lmlicttttr
832 5240 972 5293 enim
1000 5238 1093 5293 tibi
1119 5237 1360 5308 quaedam
1389 5252 1521 5290 nova
1552 5237 1680 5301 vita,
1702 5247 1755 5290 et
1783 5246 1835 5289 tu
1862 5247 2016 5291 vetns
2044 5251 2131 5291 es:

552 5334 802 5391 novt'ttis
828 5333 1022 5401 gaudio
1071 5331 1414 5398 suspenderis
1437 5372 1453 5393 ,
1483 5330 1762 5384 vetustatis
1801 5345 1965 5384 onere
1997 5345 2136 5399 pne-

552 5425 824 5497 gravaris;
852 5424 1035 5491 incipit
1058 5422 1148 5475 tibi
1176 5436 1296 5477 esse
1326 5422 1520 5476 bellum
1545 5422 1800 5474 adversus
1836 5432 1907 5476 te.
1938 5421 2040 5475 Sed
2071 5438 2138 5476 ex

552 5534 653 5587 qua
684 5526 831 5586 parte
852 5514 944 5568 tibi
971 5514 1239 5582 iliSplices,
1258 5513 1499 5583 jnngeris
1528 5512 1671 5576 Deo;
1704 5524 1758 5567 et
1784 5529 1846 5567 ex
1866 5528 1964 5583 qua
1992 5524 2139 5582 parte

550 5608 656 5678 jam
704 5607 943 5680 jungeris
979 5607 1107 5672 Deo,
1155 5607 1377 5661 idoneus
1421 5607 1528 5662 eris
1577 5604 1644 5660 ad
1677 5607 1994 5661 vincendum
2046 5618 2135 5674 te,

618 5766 634 5798 ι
656 5771 789 5822 ιον..
811 5763 878 5816 ad
900 5761 1090 5815 solitam
1108 5770 1156 5816 et
1175 5761 1451 5826 refrmatur
1473 5775 1506 5814 a
1524 5774 1662 5813 nova.
1686 5769 1743 5812 Αι
1762 5767 1890 5821 ωδε..
1912 5759 1981 5811 ad
2000 5759 2142 5814 solita

552 5831 600 5878 et
617 5827 831 5888 reﬂeuat
849 5840 882 5876 a
894 5839 1032 5878 nova.

1751 344 1809 401 s.
1848 339 2217 400 auersum
2254 341 2558 400 EPISCOPI
3662 370 3730 427 ,ω

2239 456 2363 525 quia
2394 457 2481 511 ille
2507 468 2681 513 tecum
2728 470 2812 516 est
2836 462 2927 532 qui
2955 463 3130 517 omnia
3157 476 3396 535 superat.
3431 470 3626 533 Attende
3644 486 3730 550 quid

2238 550 2365 603 dicit
2394 553 2680 620 Apostolus
2711 570 2723 606 :
2765 553 2934 609 Mente
2960 558 3119 610 servio
3164 559 3266 631 legi
3306 559 3428 626 Dei;
3454 580 3583 621 carne
3611 587 3733 632 ante.

2239 640 2341 710 tegi
2359 643 2567 711 peccati.
2597 643 2743 699 Unde
2783 648 2987 700 mente?
3021 646 3149 713 Quia
3180 651 3425 719 displicet
3461 657 3541 712 tibi
3568 664 3651 717 vita
3676 678 3736 725 tua

2238 731 2396 786 mala.
2430 732 2579 789 Unde
2608 737 2798 789 carne?
2822 736 2953 806 Quia
2992 754 3096 793 non
3136 741 3335 798 desunt
3374 754 3682 819 sugg-stiones
3701 775 3737 817 cl

2236 821 2618 881 delectationes
2641 827 2827 893 malua;
2857 829 2951 885 sed
2980 846 3044 885 ex
3076 847 3139 886 eo
3178 835 3322 904 quod
3362 851 3528 897 mente
3562 846 3738 917 iungeris

2237 914 2370 983 Deo,
2404 917 2572 973 vincis
2614 919 2756 991 quod
2787 922 2839 975 itt
2886 933 2936 977 te
2980 940 3085 979 non
3125 927 3239 980 vult
3284 932 3450 1000 sequi.

2235 1011 2378 1106 enim
2407 1026 2471 1065 ex
2499 1022 2680 1084 parte.
2711 1025 2765 1069 et
2793 1031 2856 1070 ex
2899 1029 3049 1086 parte
3078 1020 3307 1075 tardaris
3349 1041 3362 1076 :
3410 1030 3552 1086 trahe
3574 1037 3738 1106 teipsttm

2234 1101 2300 1157 ad
2328 1102 2475 1159 ilhtm
2499 1106 2588 1176 qui
2623 1117 2674 1161 te
2701 1122 2912 1163 sursum
2938 1111 3093 1167 tollit.
3126 1113 3371 1174 Pondere
3402 1125 3603 1193 quadam
3634 1101 3739 1192 rem.

2232 1196 2389 1291 statis
2425 1196 2779 1291 dc‘pgritneris;
2813 1201 2977 1257 clama
3008 1217 3064 1260 et
3105 1205 3194 1260 dic
3233 1225 3247 1259 :
3290 1207 3480 1284 Infelix
3502 1236 3580 1289 ego
3602 1223 3735 1291 homo,

2231 1286 2345 1379 quis
2371 1304 2451 1342 me
2476 1287 2704 1344 liberabit
2736 1292 2799 1345 de
2825 1310 3037 1363 corpore
3076 1300 3256 1356 mortis
3281 1304 3467 1376 hujus?
3491 1286 3593 1379 quis
3612 1331 3677 1371 me

2233 1377 2440 1435 berabit
2458 1382 2525 1435 ab
2545 1397 2611 1437 eo
2636 1398 2743 1454 quo
2767 1389 3002 1454 gravor?
3025 1406 3224 1461 corpus
3250 1397 3388 1451 enim
3408 1377 3536 1459 aliud
3561 1419 3737 1463 corrum-

2234 1470 2403 1565 pitur,
2425 1484 2678 1544 aggravat
2699 1477 2927 1531 animam
2952 1480 3106 1552 (Sap.
3135 1500 3216 1551 ιχ,
3254 1488 3359 1555 15).
3383 1488 3501 1557 Quis
3524 1508 3629 1565 ergo
3646 1498 3737 1555 libe-

2233 1563 2411 1619 ταὺίιῖ
2460 1565 2637 1621 Gratia
2670 1568 2763 1623 Dei
2787 1589 2877 1640 per
2912 1572 3091 1629 .Iesutn
3120 1575 3376 1633 Christum
3404 1563 3641 1642 Dominum
3674 1610 3739 1648 πο.

2232 1664 2393 1746 struat
2424 1655 2602 1726 (Rom.
2651 1677 2744 1727 vn,
2792 1662 2883 1730 25,
2916 1665 3031 1735 24).
3056 1668 3233 1736 Quare
3258 1680 3430 1727 autem
3458 1681 3670 1746 permittit
3704 1697 3738 1741 ut

2234 1742 2323 1799 ditt
2362 1758 2546 1803 contra
2581 1760 2630 1804 te
2658 1752 2832 1823 litiges
2850 1798 2866 1820 ,
2895 1757 3067 1813 donec
3093 1742 3475 1820 absorhcantnr
3495 1786 3650 1826 omnes
3677 1790 3739 1829 cu-

2236 1835 2481 1906 piditates
2512 1843 2705 1898 multo?
2740 1844 2807 1901 Ut
2841 1848 3107 1919 intelligas
3143 1853 3196 1906 itt
3227 1863 3279 1909 te
3318 1871 3513 1925 pmttant
3539 1867 3737 1922 tttamziu

2235 1936 2287 1983 te
2313 1946 2377 1986 ex
2408 1933 2578 2003 teipso
2607 1945 2687 1990 est
2714 1937 2984 2008 Ungi-Iliun
3013 1954 3159 1997 tuum
3183 1962 3197 2008 ;
3228 1946 3298 1999 sit
3326 1948 3339 1978 '
3367 1950 3470 2003 rixa
3500 1960 3573 2006 tua
3596 1963 3736 2013 tecum.

2233 2020 2322 2077 Sic
2343 2025 2643 2081 vindicatur
2674 2030 2724 2082 in
2772 2033 3024 2089 rebellem
3065 2036 3327 2092 adversus
3357 2040 3541 2110 Deum,
3586 2056 3628 2100 ut
3661 2049 3740 2118 ipse

2236 2115 2333 2169 sibi
2364 2115 2428 2170 sit
2461 2117 2655 2172 bellum
2680 2162 2696 2186 ,
2749 2122 2838 2192 qui
2885 2140 3067 2193 pacem
3101 2128 3275 2183 noluit
3299 2130 3489 2189 habere
3524 2151 3624 2190 cunt
3646 2115 3735 2194 Deo.

2235 2203 2341 2260 Sed
2383 2215 2504 2262 tene
2531 2211 2773 2266 membra
2822 2224 2909 2267 tua
2937 2216 3197 2273 adversus
3224 2224 3641 2293 concupiscentias
3661 2238 3738 2286 ωδε

2238 2299 2426 2355 malas.
2456 2300 2696 2357 Surrexit
2727 2305 2802 2359 ira
2827 2323 2842 2370 ;
2878 2316 2999 2363 tcne
3027 2322 3078 2364 tu
3107 2327 3326 2368 manum
3352 2316 3630 2385 conjunctus
3649 2321 3736 2375 Deo.

2239 2387 2419 2444 Potuit
2464 2409 2717 2463 surgere,
2769 2398 2861 2452 sed
2893 2414 2998 2454 non
3027 2399 3235 2457 invenit
3279 2419 3442 2460 arma.
3484 2410 3609 2477 Apud
3645 2414 3736 2465 iram

2237 2491 2379 2536 tuam
2425 2484 2653 2555 impetus
2690 2496 2807 2555 est;
2855 2491 2994 2561 apud
3028 2500 3081 2549 te
3106 2508 3260 2550 arma
3285 2507 3406 2551 sunt
3434 2516 3447 2553 :
3471 2500 3534 2553 sit
3571 2501 3735 2571 impetus

2238 2573 2487 2644 inermis,
2522 2589 2577 2633 ct
2604 2580 2761 2635 discit
2784 2581 2894 2651 jam
2919 2599 3022 2638 non
3050 2600 3275 2657 surgere
3304 2591 3390 2659 qui
3416 2590 3585 2647 frustra
3606 2607 3733 2649 surre-

2235 2676 2333 2720 Ill.

2306 2759 2359 2814 5.
2394 2759 2505 2815 Hoc
2532 2772 2712 2818 autem
2745 2763 2888 2833 dico,
2921 2767 3249 2836 charissimi,
3274 2788 3342 2827 ne
3370 2772 3492 2828 forte
3516 2775 3619 2845 quia
3641 2774 3731 2830 dixi-

2235 2865 2374 2918 mus,
2405 2852 2568 2908 Carne
2592 2868 2760 2911 autent
2789 2858 2885 2930 legi
2916 2863 3127 2931 peccati,
3163 2866 3356 2935 putetis
3381 2869 3730 2923 conScntiendmI

2236 2958 2356 2998 esse
2400 2945 2677 3002 dc>idertis
2728 2952 2919 3005 vestris
2956 2956 3287 3010 carnalibus.
3327 2957 3431 3012 Etsi
3456 2975 3547 3012 non
3576 2967 3734 3028 pssunt

2236 3037 2396 3088 modo
2422 3053 2455 3091 n
2479 3038 2523 3091 si
2548 3054 2666 3095 esse
2707 3043 2974 3099 desideria
3016 3049 3276 3114 carnalia,
3310 3066 3410 3106 non
3437 3062 3511 3107 est
3536 3053 3621 3107 illis
3642 3069 3732 3109 con-

2235 3130 2591 3185 sentiendum.
2625 3132 2914 3198 Propterea
2948 3154 3052 3192 non
3098 3140 3237 3197 dixit
3267 3144 3548 3212 Apostolus.
3574 3143 3661 3198 Non
3689 3143 3733 3198 sit

2235 3229 2511 3287 peccatum
2543 3222 2592 3275 in
2621 3228 2801 3278 vestro
2821 3228 3029 3282 mortali
3061 3245 3327 3302 corpore;
3357 3235 3494 3289 novit
3515 3237 3631 3289 enim
3649 3233 3730 3304 quia

2236 3310 2486 3377 quamdiu
2517 3315 2743 3370 mortale
2765 3326 2867 3380 est,
2893 3329 2971 3373 cst
3004 3321 3072 3374 ibi
3099 3333 3376 3390 peccatum
3400 3344 3414 3380 :
3439 3327 3521 3380 sed
3543 3326 3641 3395 quid
3659 3323 3731 3378 aitl

2240 3396 2361 3452 Non
2391 3418 2511 3471 ergo
2546 3416 2713 3474 regnet
2759 3418 3019 3474 peccatum
3061 3412 3113 3465 in
3163 3426 3325 3469 vestro
3354 3417 3537 3469 mortali
3566 3430 3727 3487 corpore.

2237 3488 2372 3556 Quid
2403 3502 2514 3557 est,
2549 3510 2649 3549 non
2671 3501 2885 3568 rcgnit?
2916 3501 3033 3569 Ipse
3051 3508 3301 3571 exposuit
3328 3524 3341 3560 :
3371 3508 3442 3560 Ad
3462 3507 3727 3570 obedimdtutt,

2238 3583 2427 3653 inquit,
2458 3586 2721 3644 desideriis
2747 3592 2856 3661 ejus
2878 3591 3052 3661 (Rom.
3089 3611 3167 3664 Vt,
3222 3598 3334 3670 t2).
3374 3598 3725 3660 Sontdesideria,

2235 3676 2504 3742 existunt;
2556 3680 2817 3736 desideria
2851 3700 2957 3739 non
3006 3696 3061 3740 tu
3107 3689 3333 3746 obaudis
3359 3690 3602 3745 desideriis
3635 3688 3726 3752 tuis,

2236 3785 2340 3822 non
2370 3774 2613 3839 sequeris
2645 3775 2756 3843 ipsa
2801 3777 3087 3846 desideria,
3116 3799 3223 3836 non
3252 3784 3354 3837 illis
3393 3784 3623 3838 censentis
3644 3798 3656 3834 :
3675 3786 3726 3833 est

2236 3860 2328 3914 tibi
2360 3877 2654 3930 peccatum,
2680 3867 2771 3921 sed
2794 3870 2971 3925 amisit
2993 3887 3237 3943 regnum,
3265 3876 3463 3945 quando
3504 3877 3593 3945 jatn
3630 3875 3667 3927 in
3694 3880 3726 3925 te

2234 3967 2339 4007 non
2382 3966 2567 4024 regnat
2600 3970 2893 4026 peccatum;
2932 3975 3115 4032 postea
3156 3968 3366 4023 inimica
3412 3964 3722 4022 nortssimade-

2234 4053 2471 4100 strnetur
2491 4062 2640 4103 mors
2668 4050 2709 4117 (Ι
2732 4049 2849 4105 Cor.
2873 4068 2965 4119 xv,
2996 4054 3110 4128 εδ).
3139 4056 3276 4124 Quid
3320 4059 3452 4113 enim
3493 4058 3616 4112 nobis
3645 4068 3725 4125 pto-

2236 4138 2480 4203 mittitur,
2512 4143 2763 4211 quoniam
2794 4144 2992 4200 dictum
3023 4159 3106 4203 est
3134 4167 3146 4201 :
3170 4149 3346 4206 Mente
3360 4152 3519 4206 servio
3544 4144 3719 4219 legiDcl;

2235 4242 2397 4285 carne
2434 4239 2609 4286 autem
2647 4233 2745 4304 legi
2788 4239 2988 4302 peccati
3028 4238 3205 4309 (Rom.
3238 4259 3328 4307 vn,
3352 4243 3463 4308 25)?
3501 4242 3608 4297 Audi
3643 4250 3721 4306 pro-

2236 4322 2544 4379 mis~zionem
2576 4342 2589 4377 :
2622 4328 2743 4395 quia
2783 4344 2885 4382 non
2926 4345 3139 4401 semper
3163 4344 3319 4389 erunt
3346 4337 3393 4388 in
3423 4348 3561 4388 curae
3575 4326 3719 4385 deside-

2235 4415 2313 4469 ria
2340 4416 2534 4471 illicita.
2556 4418 2764 4475 Etenim
2788 4434 3049 4492 resurget,
3073 4436 3127 4480 ct
3146 4429 3452 4491 mutabitur;
3478 4435 3524 4480 et
3541 4437 3631 4479 cum
3649 4432 3719 4472 nta-

2237 4513 2344 4560 tata
2374 4506 2532 4562 fuerit
2555 4524 2681 4564 caro
2703 4512 2798 4565 ista
2833 4516 3073 4571 mortalis
3098 4519 3149 4570 in
3183 4517 3446 4588 spirituale
3464 4510 3716 4584 attulisti.“

2238 4597 2400 4652 nullis
2425 4600 2868 4670 concupiscentiis
2906 4609 3265 4674 smenl::rihns,
3294 4612 3398 4679 jam
3435 4608 3570 4663 nullis
3603 4613 3717 4656 term

2240 4690 2321 4743 nis
2364 4690 2811 4748 dclecmtionibus
2858 4696 3090 4754 titillabit
3125 4702 3370 4761 animam.
3400 4714 3490 4755 nec
3521 4697 3673 4751 avertet
3696 4701 3717 4740 ι

2238 4784 2689 4853 contemplatione
2722 4788 2829 4842 Dei.
2865 4788 2946 4843 Fit
2987 4807 3113 4860 ergo
3148 4794 3199 4846 in
3232 4809 3293 4848 ea
3326 4792 3453 4863 quod
3485 4790 3588 4844 dicit
3624 4786 3717 4850 Αρο*

2240 4876 2428 4940 stolas,
2459 4897 2478 4928 ‹
2510 4878 2717 4947 Corpus
2743 4881 2956 4950 quidem
2983 4895 3245 4939 mortuum
3270 4895 3349 4939 est
3378 4891 3562 4953 propter
3590 4886 3717 4945 1³⁸⁸⁸³³

2240 4977 2350 5023 tum
2374 4988 2387 5035 ;
2411 4970 2630 5039 Spiritus
2650 4983 2826 5026 autent
2851 4975 2953 5028 vita
2984 4986 3061 5029 est
3097 4992 3207 5043 pro;
3230 4975 3565 5042 terjustitiatn.
3590 4966 3631 5019 Si
3651 4974 3712 5014 δυ’

2241 5068 2347 5114 tem
2375 5063 2462 5131 qui
2485 5064 2757 5117 suscitavit
2783 5063 2961 5119 Iesum
3000 5082 3028 5118 a
3071 5067 3289 5121 mortuis
3315 5065 3493 5119 habitat
3527 5061 3566 5113 in
3590 5051 3713 5110 ralis:

2241 5155 2329 5223 qui
2355 5155 2628 5209 suscitavit
2646 5155 2827 5210 Jcsutn
2864 5156 3131 5212 Christum
3157 5176 3187 5213 a
3213 5158 3422 5213 mortuis
3446 5144 3663 5208 viviﬁcaltil
3680 5144 3714 5193 cl

2243 5248 2483 5302 mortalia
2523 5263 2745 5316 cerpora
2785 5258 2981 5310 vestra,
3012 5261 3225 5319 propter
3248 5249 3479 5319 Spiritum
3510 5252 3627 5295 suum
3654 5228 3711 5301 qui

2243 5340 2443 5396 habitat
2493 5342 2544 5395 in
2577 5342 2725 5395 vobis
2758 5362 2777 5394 ι
2824 5341 2936 5413 (Id.
2964 5360 3079 5406 vtn,
3115 5345 3200 5410 10,
3226 5346 3330 5412 il).
3367 5335 3603 5395 \‘ivilicatis
3628 5335 3712 5388 ιιΐὲο

2244 5433 2557 5503 corporibus
2587 5433 2803 5494 nostris,
2844 5435 2944 5488 erit
2985 5450 3083 5503 pax
3114 5452 3229 5491 νει-ε.
3253 5434 3332 5488 um
3368 5434 3494 5485 ιοειις
3524 5431 3586 5478 ea
3622 5413 3708 5469 Dei:

2244 5526 2335 5581 sed
2356 5526 2618 5585 ora-cedat
2633 5525 2916 5579 confessio.
2940 5525 3106 5581 Notus
3122 5531 3173 5581 in
3184 5528 3357 5581 Judten
3375 5523 3489 5577 Deus
3503 5509 3707 5602 :conlltere

2244 5631 2373 5686 ergo
2400 5617 2561 5687 prius.
2583 5615 2645 5669 In
2663 5615 2831 5671 Israel
2855 5635 3090 5689 magnum
3116 5636 3286 5674 nomen
3309 5620 3407 5687 ejus
3430 5630 3448 5667 :
3462 5605 3640 5665 nomium
3659 5607 3707 5643 rt-

2244 5708 2340 5767 des
2370 5712 2418 5764 in
2439 5711 2615 5779 specie
2639 5726 2653 5772 ;
2674 5711 2792 5766 vide
2818 5726 2883 5766 cx
2909 5713 3034 5778 lide,
3061 5725 3115 5770 et
3140 5714 3229 5769 lict
3251 5714 3303 5767 in
3325 5722 3369 5766 te
3393 5705 3512 5777 quod
3539 5696 3705 5765 δειιιιιωτ

2311 5824 2330 5855 ι
2353 5820 2544 5885 Aliquot
2562 5818 2788 5887 uss..ﬁt.
