3966 6504
156 477 254 540 961

156 592 219 648 Et
269 590 430 657 factus
478 589 551 634 est
594 576 648 632 in
694 590 818 648 pace
858 572 997 627 locus
1023 567 1156 639 ejus.
1200 573 1249 619 et
1283 558 1662 657 Itabitatio‘rjus
1684 553 1740 606 in

158 650 300 738 Sion.
341 676 466 731 Sion
530 672 906 737 interpretatur
977 656 1386 726 Contemplatio.
1441 650 1577 721 Quid
1662 657 1744 702 est

160 764 534 833 contemplatio
563 764 622 816 ‘1'
662 754 1152 822 Contemplahimur
1212 748 1352 803 enim
1398 745 1562 799 Deum
1606 739 1741 794 faeie

159 865 223 920 ad
255 862 442 916 facient
474 857 513 925 (l
543 854 659 911 Cor.
694 867 805 912 xm.
840 847 950 917 12).
981 847 1075 901 llic
1106 843 1259 899 nobis
1309 837 1652 910 promittitur,
1685 833 1740 886 in

160 969 314 1027 quem
347 948 504 1005 modo
536 961 641 1000 non
681 942 923 997 videntes
958 936 1246 993 credimus.
1296 926 1577 1027 Quomodo
1618 938 1745 995 gau—

161 1018 403 1103 debimus
432 1055 553 1094 cum
586 1036 874 1091 viderimus
897 1030 1057 1087 eum?
1088 1028 1325 1090 Fratres,
1356 1022 1401 1078 si
1440 1018 1597 1073 modo
1626 1028 1743 1070 tau-

164 1152 270 1194 tum
298 1134 548 1205 gaudium
581 1132 634 1184 in
671 1129 825 1182 nobis
863 1124 985 1180 facit
1026 1120 1331 1195 promissio,
1381 1124 1635 1210 quantum
1665 1116 1749 1210 est

165 1204 360 1283 factura
390 1221 655 1278 redditio?
683 1217 956 1274 Reddetur
997 1213 1137 1266 enim
1165 1210 1319 1263 nobis
1359 1204 1499 1275 quod
1553 1204 1751 1272 promi-

165 1321 251 1376 sit.
283 1317 343 1373 Et
379 1315 505 1387 quid
536 1307 809 1383 promisit?
838 1306 1106 1375 Seipsnm,
1149 1311 1205 1354 ut
1230 1300 1280 1353 iu
1313 1297 1444 1370 facie
1488 1292 1671 1387 ip~ius,

163 1414 307 1469 illius
367 1379 819 1474 contemplatione
885 1397 1243 1469 gaudeamus;
1298 1399 1353 1444 et
1402 1400 1506 1440 non
1558 1379 1754 1474 aliquid

166 1502 307 1560 aliud
335 1472 625 1555 delectabit
657 1508 773 1557 nos,
802 1490 922 1559 quia
965 1487 1093 1541 nilnl
1120 1498 1201 1539 est
1231 1481 1421 1536 melius
1451 1477 1541 1531 illo
1562 1474 1650 1543 qui
1680 1472 1757 1525 le-

166 1597 237 1652 cit
263 1592 445 1648 omnia
475 1604 592 1659 qua:
620 1587 903 1640 delectant.
932 1578 1122 1632 Factus
1148 1586 1218 1627 est
1243 1573 1294 1625 in
1318 1586 1439 1639 pare
1460 1569 1599 1659 locus
1625 1565 1755 1659 eius,

167 1697 212 1743 et
256 1656 505 1738 habitatio
547 1679 654 1748 ejus
695 1678 745 1729 in
776 1672 900 1729 Sion
931 1687 950 1725 :
976 1669 1025 1722 id
1066 1676 1165 1729 est,
1215 1667 1267 1718 in
1315 1656 1762 1756 contemplatione

168 1776 403 1846 quadam
445 1781 499 1827 et
539 1765 904 1837 speculatione
955 1761 1085 1814 facta
1124 1765 1205 1811 est
1244 1752 1497 1807 habitatio
1557 1748 1672 1817 ejus
1707 1748 1762 1797 in

169 1868 318 1925 Sion.
966 1904 973 1909 .

238 1962 290 2016 6.
337 1956 516 2032 [vers
568 1952 650 2022 4.]
692 1948 769 2004 lbi
818 1944 1060 2015 confregit
1102 1938 1415 2009 fortitudines
1463 1946 1670 1986 arcuum
1721 1938 1768 1984 et

167 2022 386 2114 scutum,
441 2054 485 2099 et
511 2044 769 2115 gladium,
805 2049 849 2093 et
880 2037 1080 2091 bellant.
1112 2032 1207 2087 Ubi
1251 2024 1545 2095 c0nl'regit?
1580 2025 1634 2078 ltt
1680 2022 1768 2076 illa

169 2159 299 2216 pace
338 2149 572 2200 a‘lcrna,
616 2136 666 2188 in
693 2133 776 2186 illa
809 2145 935 2199 pace
973 2125 1224 2196 perlecta.
1268 2121 1331 2176 Et
1365 2117 1542 2179 modo,
1584 2116 1771 2168 fratres

171 2206 300 2297 mei,
329 2231 431 2301 qui
481 2227 614 2282 bene
657 2222 1031 2284 crediderunt,
1077 2215 1257 2269 rident
1287 2211 1408 2281 quia
1451 2206 1668 2308 nonde
1713 2218 1771 2258 se

181 2327 382 2382 debent
421 2329 781 2390 praesumere;
821 2320 873 2364 et
917 2322 1129 2363 omnem
1174 2303 1463 2373 potentiam
1511 2303 1775 2390 minarum

182 2387 433 2475 suarum,
449 2421 504 2464 et
528 2404 778 2479 quidquid
802 2403 851 2456 in
878 2402 956 2456 eis
979 2408 1190 2453 acutum
1216 2397 1236 2427 ⁸
1258 2402 1339 2446 est
1364 2392 1428 2445 ad
1453 2387 1772 2450 nocendum,

184 2506 536 2574 confringant
556 2498 680 2553 illml
706 2515 721 2551 :
743 2506 792 2550 et
814 2490 1063 2564 quidquid
1087 2489 1234 2557 quasi
1259 2501 1354 2555 pro
1372 2496 1562 2574 magno
1582 2479 1781 2574 habent.

187 2596 334 2654 unde
371 2565 436 2648 se
479 2594 815 2661 protegerent
840 2584 862 2615 ³
895 2580 1272 2649 temporalitcr,
1307 2584 1361 2630 et
1405 2573 1598 2628 bellum
1640 2565 1782 2640 quod

187 2687 454 2743 adversits
499 2682 663 2735 Deum
706 2672 1036 2730 defendendo
1085 2678 1297 2740 peccata
1345 2681 1439 2721 sua
1487 2663 1781 2734 gerebant,

188 2780 375 2837 omnia
407 2777 521 2829 ha'e
550 2772 617 2825 thi
647 2767 926 2837 confregit.

264 2871 322 2925 7.
365 2866 532 2940 [ναῖε.
561 2860 656 2933 5.]
697 2858 1001 2913 lllumiuans
1025 2863 1076 2907 tu
1096 2849 1457 2905 admirabiliter
1482 2863 1514 2940 ιι
1539 2843 1787 2940 montibus

188 2934 426 3019 (uternis.
472 2956 572 3023 Qui
621 2959 744 3004 sunt
790 2957 997 3003 montes
1042 2942 1258 2998 interni?
1310 2940 1453 3007 Quos
1503 2939 1617 3006 ipse
1667 2934 1792 2989 lccit

191 3065 469 3112 mternos;
499 3047 587 3118 qni
618 3053 742 3099 sunt
770 3050 976 3096 montes
1004 3037 1213 3107 magni,
1244 3033 1618 3104 pra‘dicatores
1647 3026 1790 3081 veri-

191 3147 345 3203 tatis.
397 3140 480 3196 Tu
512 3137 813 3197 illuminas;
844 3132 938 3188 sed
965 3147 993 3184 a
1025 3128 1292 3183 mootihus
1328 3123 1540 3179 alternis
1572 3140 1585 3174 :
1637 3119 1791 3191 primi

193 3236 381 3309 magni
420 3241 630 3288 montes
676 3226 945 3295 excipiunt
988 3227 1154 3276 lucem
1188 3233 1351 3284 mam,
1403 3225 1456 3270 et
1497 3232 1524 3268 ιι
1557 3214 1674 3309 luce
1706 3223 1793 3309 tua

193 3302 361 3403 qua'tn
409 3323 711 3391 suscipiunt
748 3327 975 3380 montes,
1022 3315 1242 3367 vcstitur
1279 3321 1333 3365 et
1378 3319 1537 3364 terra.
1570 3304 1675 3361 Sed
1720 3302 1795 3403 illi

196 3395 381 3491 magni
412 3424 623 3471 montes
648 3418 971 3479 exceperunt
994 3403 1267 3474 Apostoli;
1301 3412 1548 3471 tanquam
1576 3395 1800 3491 orientis

197 3487 425 3569 luminis
445 3503 733 3578 primordia
755 3507 1071 3568 exceperunt
1094 3494 1349 3564 Apostoli.
1373 3489 1633 3560 Numquid
1655 3487 1797 3560 quod

195 3604 576 3670 exceperunt,
607 3591 742 3662 apud
770 3605 827 3644 se
858 3584 1225 3643 retinuerunt?
1250 3582 1396 3643 Non;
1429 3597 1494 3634 ne
1533 3581 1801 3634 diceretur

194 3693 349 3750 illis:
387 3688 551 3744 Serve
590 3697 800 3749 nequam
849 3688 896 3732 et
940 3677 1099 3745 piger,
1142 3673 1287 3725 dares
1335 3670 1598 3742 pecuniam
1638 3682 1799 3721 meum

196 3774 574 3837 nummulariis
617 3769 848 3841 (Matth.
880 3782 990 3821 xxv
1015 3807 1030 3828 ,
1073 3763 1164 3829 26,
1191 3763 1259 3816 27
1287 3760 1326 3831 ).
1378 3760 1432 3814 Si
1481 3772 1609 3828 ergo
1660 3755 1802 3825 quod

195 3876 571 3943 susceperunt
595 3880 697 3921 non
726 3861 864 3933 apud
893 3876 952 3915 se
982 3859 1345 3920 retinuerunt,
1378 3852 1469 3907 sed
1498 3848 1802 3943 on'miworbi

197 3979 480 4025 terrarum
517 3958 953 4029 pra-dicaverunt,
985 3949 1287 4004 Illuminans
1318 3956 1371 3998 tu
1396 3942 1807 3997 admirabilitera

195 4060 465 4115 montibus
498 4051 714 4106 retentis.
738 4047 883 4113 Quos
908 4052 1135 4098 :eleruos
1162 4038 1352 4100 iet-isti,
1382 4051 1475 4104 per
1501 4034 1621 4088 illos
1645 4032 1807 4085 vitam

197 4164 472 4209 aztsrnatn
508 4152 562 4199 et
590 4140 796 4196 caneris
827 4134 1109 4207 promisisti
1134 4150 1147 4186 :
1181 4130 1487 4193 Illuminaas
1511 4135 1563 4179 ιιι
1583 4124 1810 4176 admira-

203 4246 378 4301 biliter
431 4258 467 4296 a
519 4234 769 4290 montibus
808 4230 1026 4286 (sternis.
1079 4224 1351 4294 Magniﬁce
1405 4235 1523 4275 cum
1577 4216 1811 4286 pondere

204 4337 418 4392 dictum
461 4337 585 4392 est,
621 4323 694 4379 Tu
717 4339 737 4388 ;
764 4336 831 4377 ne
860 4328 1005 4390 putet
1033 4317 1225 4383 aliquis
1267 4313 1404 4385 quod
1445 4327 1565 4366 cum
1606 4322 1811 4364 montes

206 4425 550 4484 illuminent.
584 4414 729 4470 Multi
759 4412 899 4468 enim
930 4419 1174 4479 putantes
1201 4405 1341 4477 quod
1371 4404 1438 4457 ab
1466 4404 1593 4472 ipsis
1620 4401 1815 4455 mtmli-

207 4520 313 4573 bus
341 4511 795 4569 illuminarentnr.
827 4504 1064 4559 feet'ruut
1093 4498 1190 4554 sibi
1222 4505 1395 4566 partes
1423 4494 1488 4548 de
1519 4492 1813 4558 montibus;

206 4618 266 4663 ct
299 4608 460 4675 ipsos
495 4608 705 4652 montes
730 4588 1153 4654 conciderunt",
1184 4597 1238 4641 et
1263 4586 1360 4655 ipsi
1390 4582 1643 4638 contracti
1670 4590 1815 4637 sinit.

207 4696 419 4755 Nescio
460 4688 553 4757 qui
582 4686 679 4740 sibi
710 4686 948 4739 fecerunt
976 4682 1230 4734 Donatum
1249 4719 1264 4741 ,
1294 4677 1472 4731 nesrio
1497 4677 1582 4745 qui
1610 4675 1706 4729 sibi
1739 4674 1816 4728 l'e-

210 4794 419 4846 cernnt
438 4779 814 4837 Maximianum
834 4817 849 4833 .
877 4774 1056 4828 nescio
1084 4772 1169 4838 qui
1203 4770 1301 4824 sibi
1333 4771 1569 4823 fecerunt
1598 4768 1738 4820 illmn
1765 4774 1821 4821 et

214 4882 399 4937 illum.
436 4874 617 4938 Quare
646 4873 952 4932 romputmt
990 4862 1213 4917 stltttem
1250 4875 1395 4913 suam
1429 4859 1479 4911 in
1522 4856 1820 4910 hnmiuilms

213 4985 345 5027 esse
366 5009 383 5031 ,
417 4979 530 5017 non
561 4961 611 5013 in
644 4958 787 5013 Deo?
809 4954 854 5011 0
880 4956 1071 5019 homo,
1100 4952 1241 5005 venit
1266 4952 1328 5002 ad
1352 4961 1403 5004 te
1432 4949 1517 5002 lux
1553 4963 1644 5015 per
1669 4961 1818 4999 moo-

216 5071 342 5122 tes;
377 5053 481 5110 sed
516 5051 654 5104 Dens
692 5059 743 5102 te
787 5046 1063 5105 illuminat,
1108 5057 1209 5095 non
1240 5051 1465 5094 montes.
1514 5036 1824 5092 Illuminans

218 5162 273 5206 tu
298 5191 317 5217 ,
352 5142 574 5213 inquit:
601 5150 655 5193 ιιι
674 5182 687 5201 ,
718 5152 824 5192 non
852 5146 1076 5190 montes.
1104 5133 1183 5188 Tu
1211 5132 1502 5185 illuminaas
1528 5146 1546 5183 :
1578 5146 1610 5182 ιι
1638 5129 1824 5183 monti—

220 5242 316 5297 bus
358 5232 589 5307 quidem
635 5230 868 5292 (uternis;
896 5227 1019 5291 sed,
1050 5236 1104 5279 ιιι
1142 5223 1455 5278 illuminans.
1496 5220 1645 5277 Unde
1671 5230 1724 5277 et
1772 5221 1826 5276 in

292 5375 309 5407 ι
338 5372 422 5421 sic
454 5362 573 5415 add.
598 5370 653 5413 At.
675 5369 782 5411 Mss.
804 5375 816 5410 :
850 5360 972 5420 ouirl
1009 5359 1069 5409 sit
1091 5354 1421 5421 contemplatio
1448 5368 1603 5421 :_qua:
1627 5357 1828 5421 verbage

222 5417 467 5495 margine
494 5428 755 5495 irremisse
773 5417 1134 5495 videntur._i\isi
1164 5417 1285 5490 torte
1311 5417 1570 5495 legendum
1591 5427 1685 5495 est,
1709 5426 1762 5495 ut
1780 5419 1829 5495 ip

224 5480 664 5549 alwdft‘ratellfet
698 5493 931 5549 Gennnet.
960 5484 1180 5549 habetur,
1198 5481 1306 5540 jam
1341 5480 1559 5549 [testantia
1584 5480 1663 5530 die
1699 5480 1831 5530 diri-

225 5540 359 5614 ιιῆἷέ,
379 5540 437 5604 et
462 5548 727 5614 (adierunt
750 5545 1158 5614 qadamfratres,
1194 5556 1309 5606 quas
1344 5549 1388 5591 et
1411 5540 1551 5590 hodie
1574 5549 1832 5605 ptwsentes

226 5605 312 5673 sill
343 5605 483 5673 usus,
508 5610 628 5673 quia
651 5608 713 5658 sit
736 5605 1078 5673 contentplatio.

297 5665 320 5714 ᾖ
346 5665 427 5728 είς
453 5665 573 5722 sidit.
601 5679 653 5720 Αι.
688 5677 792 5719 Mss.
818 5665 1068 5731 plerique,
1106 5675 1266 5718 actam
1296 5672 1385 5716 est.
1420 5665 1644 5727 Quidam,
1667 5677 1832 5729 aptum

228 5750 323 5840 ἀἱ
349 5810 431 5853 εει,
454 5804 513 5848 et
537 5797 1055 5858 tm.,protegimt.sm.
1070 5798 1121 5843 et
1138 5791 1361 5856 plerique
1376 5798 1501 5851 Mss,
1518 5793 1832 5854 protegerent.

235 5867 354 5927 Alii.
390 5863 669 5928 ιποιεθθηι·
1051 5914 1064 5926 .
1127 5914 1137 5925 .
1473 5912 1482 5921 .

301 5928 326 5960 δ
348 5933 470 5960 και
496 5930 679 5960 manu
696 5927 957 5960 mensa.
977 5920 1024 5960 et
1044 5928 1136 5960 mss
1156 5923 1332 5960 montes
1347 5926 1481 5960 conn

348 5911 473 5977 [Si
494 5911 679 5983 Ili-gito
696 5927 957 5977 consensu,
977 5920 1024 5966 et
1044 5914 1137 5981 ipsi
1156 5923 1332 5964 montes
1347 5911 1676 5963 conridertmt.

1241 440 1638 507 ENARRATIO
1666 435 1735 496 IN
1774 434 2103 495 PSALMUM
2140 435 2349 494 LXXV.

3330 446 3439 504 962

1850 551 1955 606 alio
1980 552 2098 608 loco
2122 553 2245 623 quid
2271 553 2344 607 ait
2362 554 2640 625 psalmus?
2667 555 2849 611 Levavi
2874 556 3045 613 oculos
3067 575 3199 614 meos
3220 559 3270 613 in
3296 578 3441 617 mon-

1852 652 1954 708 tes,
1987 645 2118 697 unde
2144 646 2299 698 veniet
2324 648 2569 699 auxilium
2592 649 2733 702 mihi.
2760 648 2894 717 Quid
2921 666 3067 719 ergo,
3095 650 3147 705 in
3170 652 3439 708 montibus

1855 745 1938 791 est
1966 751 2089 806 Spes
2121 747 2205 791 tua
2226 779 2240 801 ,
2270 745 2324 793 ct
2351 738 2470 793 inde
2498 739 2586 794 tibi
2614 742 2788 796 veniet
2814 741 3064 797 auxilium
3088 743 3112 795 ’ἒ
3140 745 3443 800 remansisti

1856 828 1910 884 in
1961 830 2269 885 montibus?
2325 830 2454 886 Vide
2506 831 2634 901 quid
2689 848 2833 904 agas.
2888 833 2983 888 Est
3033 834 3228 904 aliquid
3284 852 3446 905 super

1858 932 2108 978 montes:
2154 940 2315 994 super
2354 937 2563 982 IIIOIIICS
2607 937 2689 982 051
2731 944 2888 998 quem
2938 941 3167 985 U‘Cllltlltl.
3212 942 3446 987 montes.

1860 1014 2060 1078 Levavi,
2086 1016 2273 1087 inquit,
2296 1019 2469 1071 oculos
2487 1035 2619 1071 meos
2646 1019 2699 1072 in
2728 1030 2938 1083 montes,
2960 1023 3092 1074 unde
3116 1023 3276 1076 veniet
3296 1022 3448 1077 auxi-

1864 1108 1989 1163 lium
2014 1109 2157 1164 mihi.
2181 1110 2285 1165 Sed
2310 1112 2434 1181 quid
2462 1114 2736 1182 sequitur?
2762 1114 3021 1170 duritiam
3044 1134 3229 1183 meum,
3255 1118 3445 1187 inquit,

1863 1216 1894 1253 a
1918 1198 2158 1268 Domino,
2181 1204 2267 1272 qui
2295 1205 2409 1273 fecit
2432 1204 2612 1259 cretum
2632 1216 2677 1260 et
2705 1218 2887 1260 terram
2914 1206 3084 1277 (Psal.
3115 1225 3219 1265 cxx
3243 1251 3259 1277 ,
3290 1213 3339 1272 1.
3368 1210 3453 1286 2).

1864 1291 1922 1347 ln
1970 1306 2175 1349 montes
2216 1296 2428 1365 quidem
2473 1298 2639 1353 levari
2683 1300 2887 1365 oculos,
2937 1303 3058 1371 quia
3108 1319 3201 1371 per
3244 1318 3454 1359 movtes

1869 1385 1996 1439 mihi
2022 1398 2144 1439 sunt
2170 1385 2454 1457 Scriptura:
2483 1399 2825 1453 monstraue;
2855 1392 2947 1446 sed
2971 1411 3068 1463 ego
3088 1409 3181 1449 cor
3207 1394 3377 1451 habeo
3403 1396 3453 1450 in

1868 1476 1963 1532 illo
1991 1479 2077 1546 qui
2104 1478 2361 1533 illuminat
2392 1496 2578 1534 omnes
2604 1492 2831 1537 montes.

1943 1571 1995 1626 8.
2041 1571 2182 1644 Ergo
2200 1613 2215 1637 ,
2243 1572 2429 1627 fratres
2455 1615 2468 1637 ,
2497 1574 2562 1628 ad
2598 1574 2698 1631 hoc
2718 1575 2915 1630 dictum
2942 1584 3052 1640 est,
3088 1594 3154 1632 ne
3180 1579 3459 1649 quisquam

1871 1672 2105 1717 vestrum
2138 1665 2262 1717 velit
2292 1678 2441 1733 spem
2471 1681 2619 1720 Suam
2651 1682 2847 1735 ponere
2886 1668 2937 1721 in
2969 1669 3201 1722 homine.
3239 1670 3462 1727 Tamdiu

1873 1763 1956 1809 est
1984 1754 2177 1824 aliquid
2207 1755 2387 1820 homo,
2417 1757 2666 1824 quamdiu
2700 1758 2771 1812 illi
2807 1765 2971 1814 tta-ret
3000 1776 3028 1812 a
3056 1777 3163 1831 quo
3183 1760 3352 1817 factus
3380 1771 3466 1819 est

1876 1842 2057 1898 homo.
2084 1843 2215 1898 Nam
2248 1846 2501 1901 recedens
2524 1847 2592 1900 ah
2623 1849 2713 1900 illo
2736 1890 2751 1913 ,
2781 1848 2909 1903 nihil
2941 1861 3022 1904 est
3051 1851 3229 1911 homo.
3263 1863 3461 1909 etcum

1878 1936 2041 1992 haeret
2074 1939 2177 1992 illis
2208 1939 2246 1991 ¹.
2281 1938 2359 1992 Τιι
2387 1939 2464 1993 sic
2488 1940 2667 2010 aet-ipe
2707 1943 2985 1996 Consilium
3032 1960 3125 2013 per
3164 1945 3465 2014 hominem,

1879 2040 1936 2084 ut
1966 2030 2110 2085 illmn
2140 2029 2451 2085 consideres
2486 2031 2574 2100 qui
2618 2030 2797 2085 illumi:
2822 2041 2875 2085 at
2919 2032 3210 2089 hominem.
3259 2036 3468 2094 Etenim

1881 2131 1935 2175 et
1962 2131 2014 2173 ιιι
2056 2130 2206 2189 potes
2242 2120 2498 2176 accedere
2527 2121 2590 2175 ad
2620 2123 2767 2177 illum
2807 2123 2895 2192 qui
2941 2123 3031 2179 tibi
3068 2141 3162 2195 per
3200 2128 3469 2184 hominem

1883 2211 2152 2281 loquitur;
2187 2228 2290 2265 non
2321 2212 2460 2266 enim
2493 2210 2616 2267 fecit
2655 2213 2801 2267 illum
2830 2214 3084 2271 accedere
3111 2216 3176 2271 ad
3207 2233 3265 2272 se
3288 2259 3304 2283 ,
3334 2228 3390 2274 et
3419 2228 3471 2276 te

1885 2304 2114 2372 repellit.
2157 2304 2220 2357 Et
2239 2305 2328 2374 qui
2374 2319 2497 2359 rere
2525 2305 2601 2358 sic
2629 2306 2853 2360 arcessit
2890 2308 2956 2361 ad
2989 2308 3152 2363 Deum
3174 2350 3189 2374 ,
3218 2322 3275 2365 ut
3303 2312 3354 2365 in
3384 2312 3474 2366 illo

1887 2393 2090 2448 habitet
2114 2394 2274 2461 Deus,
2305 2395 2585 2463 diSplicent
2610 2395 2687 2450 illi
2718 2413 2906 2454 omnes
2928 2400 3017 2468 qui
3048 2414 3152 2455 non
3182 2402 3233 2455 in
3262 2402 3354 2457 illo
3382 2418 3477 2471 po.

1890 2495 2022 2539 nunt
2068 2501 2215 2555 spem
2270 2500 2443 2540 suam.
2505 2486 2789 2556 Propterea
2839 2489 3020 2544 datum
3073 2501 3155 2547 est
3209 2492 3474 2563 quoddam

1891 2576 2192 2645 exemplum
2211 2617 2226 2641 ,
2250 2592 2370 2630 cum
2394 2578 2536 2647 ipsos
2564 2579 2850 2649 Apostolus
2874 2581 2973 2635 sibi
2996 2580 3323 2651 diviserunt,
3350 2585 3478 2641 etin

1892 2667 2175 2720 schismata
2216 2666 2390 2721 ierunt
2426 2668 2516 2738 qui
2554 2668 2838 2726 dicebant:
2883 2669 2997 2743 Ego
3030 2689 3141 2726 sum
3176 2674 3359 2740 Paut'i,
3387 2691 3480 2747 ego

1892 2757 2108 2829 Apollo,
2138 2774 2228 2829 ego
2256 2758 2442 2829 Ct’phd!
2462 2800 2477 2822 ,
2507 2759 2560 2814 id
2583 2769 2665 2815 est
2690 2761 2859 2815 Petri.
2886 2761 2995 2817 llos
3020 2765 3218 2834 plangit
3247 2767 3474 2833 Aposto-

1894 2852 1998 2915 lus,
2028 2861 2077 2907 et
2101 2851 2227 2906 dicit
2250 2854 2360 2907 eis:
2390 2850 2594 2906 Dioisus
2616 2861 2688 2908 est
2705 2851 2934 2910 Christus
2952 2855 2978 2909 .9
2995 2864 3047 2910 et
3067 2870 3126 2911 se
3149 2856 3306 2927 elegit
3325 2874 3481 2924 quem

1896 2948 2034 3017 apud
2065 2947 2208 3017 ipsos
2245 2956 2647 3003 contemneret:
2691 2946 2959 3014 Numquid
2987 2948 3183 3003 Paulus
3228 2967 3320 3020 pro
3350 2950 3485 3010 vobis

1897 3041 2172 3109 cruciﬁxus
2220 3039 2339 3093 est?
2384 3049 2469 3093 aut
2515 3039 2564 3093 in
2619 3040 2820 3094 nomine
2867 3037 3021 3095 Pauli
3073 3040 3314 3110 baptisati
3368 3042 3486 3098 estis

1900 3131 1945 3202 (l
1972 3130 2090 3186 Cor.
2122 3147 2141 3186 ι
2165 3174 2180 3198 ,
2215 3132 2312 3196 12,
2345 3130 2473 3200 15)?
2505 3130 2633 3185 Vide
2658 3130 2853 3185 bonum
2882 3141 3113 3187 montem
3156 3141 3485 3203 qnmrentem

1899 3223 2158 3294 gloriam,
2202 3238 2305 3276 non
2335 3221 2476 3284 sibi,
2507 3222 2598 3275 sed
2633 3238 2661 3275 a
2700 3236 2808 3292 quo
2837 3233 3045 3278 montes
3086 3224 3484 3279 illmninantur:

1903 3313 2120 3370 nolebat
2154 3313 2225 3377 de
2251 3329 2310 3368 se
2347 3313 2618 3383 ριίυειιιιιί,
2663 3313 2754 3366 sed
2782 3313 2849 3368 de
2893 3313 2982 3367 illo
3020 3313 3088 3369 de
3133 3331 3239 3384 quo
3280 3325 3333 3370 et
3377 3315 3492 3384 ipse

1906 3415 2335 3478 praesumpserat.
2365 3405 2617 3474 Quisquis
2643 3419 2769 3475 ergo
2797 3404 2867 3460 ita
2898 3419 2958 3460 se
2987 3407 3361 3460 commendare
3392 3420 3488 3459 vo-

1906 3501 2063 3557 luerit
2089 3500 2316 3570 populis,
2341 3498 2461 3553 utsi
2486 3497 2621 3553 forte
2639 3498 2916 3568 contigerit
2938 3497 2985 3551 ei
3008 3497 3199 3569 aliquis
3215 3498 3491 3566 tumultus,

1907 3590 2111 3661 frangat
2138 3599 2257 3660 post
2280 3606 2339 3643 se
2368 3589 2609 3657 populos,
2641 3597 2695 3643 et
2721 3587 2917 3640 dividat
2948 3588 3235 3641 Ecclesiant
3265 3589 3494 3644 catholi-

1908 3699 2024 3737 cam
2055 3693 2271 3753 propter
2285 3696 2361 3742 se,
2384 3694 2487 3733 non
2518 3678 2684 3734 estde
2714 3678 2819 3733 illis
2849 3680 3114 3733 montibus
3134 3695 3268 3748 quos
3296 3679 3495 3735 illumi-

1911 3784 2002 3828 nat
2028 3773 2347 3828 Altissimus.
2366 3770 2468 3828 Sed
2497 3772 2617 3840 quis
2632 3782 2715 3825 est
2746 3770 2880 3824 iste?
2904 3768 3326 3826 (Imitenehratus
3354 3788 3382 3823 a
3412 3786 3491 3835 se,

1912 3882 2015 3920 non
2042 3865 2363 3918 illuminatus
2389 3878 2417 3915 a
2449 3862 2689 3915 Domino.
2720 3861 2870 3916 Unde
2895 3871 3067 3916 autent
3099 3863 3389 3932 probantur
3410 3864 3496 3919 isti

1913 3953 2159 4010 montes?
2184 3955 2237 4009 Si
2271 3953 2403 4007 forte
2431 3954 2713 4022 contigerit
2739 3952 2928 4021 aliquis
2956 3955 3209 4006 tumultus
3238 3953 3496 4010 adversus

1915 4056 2120 4101 montes
2178 4046 2228 4098 in
2279 4044 2553 4108 Ecclesia;
2613 4054 2703 4097 aut
2746 4060 2839 4113 per
2886 4046 3164 4113 populares
3211 4046 3500 4101 seditiones

1914 4138 2225 4203 carnalium,
2263 4146 2352 4189 aut
2395 4152 2488 4205 per
2529 4136 2729 4206 aliquas
2772 4136 2932 4190 lalszts
2968 4136 3296 4207 suspiciones
3331 4137 3503 4194 hmni-

1917 4246 2086 4295 num;
2142 4230 2307 4281 bonns
2353 4241 2505 4280 IIIOIIS
2555 4227 2761 4295 repellit
2812 4243 2842 4282 a
2898 4242 2957 4281 se
3002 4243 3189 4282 omnes
3235 4230 3321 4297 qui
3381 4245 3503 4298 pro-

1920 4331 2036 4391 pter
2066 4321 2234 4389 ipstnu
2264 4319 2445 4373 volunt
2472 4319 2539 4373 ab
2569 4319 2769 4372 unitate
2795 4318 3063 4374 recedere.
3102 4319 3188 4373 Sit:
3218 4320 3358 4373 enim
3391 4321 3505 4384 ἰρμο

1921 4412 2157 4467 manebit
2183 4410 2231 4463 in
2264 4410 2483 4474 unitate,
2511 4410 2553 4461 si
2585 4418 2798 4478 propter
2824 4410 2991 4478 ipsum
3025 4425 3127 4463 non
3159 4409 3324 4464 divisa
3349 4411 3509 4467 fuerit

1925 4504 2035 4574 ipsa
2063 4504 2252 4557 unitas.
2296 4501 2375 4556 Illi
2402 4514 2576 4556 autem
2608 4502 2761 4554 divisi
2791 4512 2912 4556 sunt
2937 4503 2958 4534 ³
2983 4519 2996 4556 :
3040 4504 3251 4573 quando
3291 4515 3511 4562 recessit

1924 4598 2146 4668 populus
2170 4598 2238 4651 ab
2266 4596 2393 4649 orbe
2420 4605 2699 4654 terrarum.
2733 4604 2785 4649 ct
2808 4605 3019 4650 set-ntus
3044 4607 3123 4650 est
3153 4612 3342 4652 nomen
3367 4601 3480 4670 ipso
3522 4608 3530 4651 9

1925 4705 2041 4744 rum
2064 4731 2077 4753 ,
2104 4688 2272 4759 gavisi
2313 4697 2463 4751 sunt;
2492 4687 2614 4740 elati
2643 4695 2784 4748 sunt,
2820 4697 2866 4741 et
2915 4686 3046 4755 dejec
3069 4689 3104 4739 ti
3135 4699 3270 4740 sunt
3322 4687 3481 4744 lltuni

1927 4782 2208 4840 liarenttn',
2241 4788 2294 4833 et
2331 4778 2726 4839 cxaltareutnr,
2772 4777 3038 4847 quomodo
3083 4778 3387 4833 humiliatus
3432 4777 3531 4866 est"i

1928 4875 2247 4942 Apostolus,
2279 4871 2496 4925 dicens:
2541 4870 2803 4937 Numquid
2836 4868 3028 4925 Pau'us
3067 4889 3159 4939 pro
3185 4873 3318 4928 vobis
3346 4873 3515 4926 cruri-

1929 4967 2063 5035 ﬁrus
2099 4966 2204 5018 est?
2246 4974 2297 5017 et
2337 4964 2439 5015 alio
2471 4963 2620 5017 locri:
2674 4961 2780 5031 ligo
2810 4962 3053 5028 plantat-1',
3085 4966 3267 5035 Apollo
3296 4966 3517 5036 rigavit;

1930 5057 2019 5110 sed
2066 5055 2198 5108 Deus
2245 5055 2592 5107 incrementum
2642 5052 2795 5107 ἀρά-ι.
2852 5052 2988 5126 Ergo
3033 5072 3190 5125 neque
3230 5056 3315 5125 qui
3365 5057 3517 5126 ριηη.

1933 5158 2002 5201 tat
2041 5157 2110 5202 est
2159 5147 2386 5215 aliquid,
2424 5162 2578 5215 neque
2620 5147 2705 5216 qui
2751 5147 2921 5217 rigat;
2967 5148 3057 5201 sed
3103 5149 3192 5218 qui
3238 5148 3519 5204 incremeno

1935 5251 2037 5292 tam
2082 5239 2168 5292 dat
2202 5237 2338 5291 Deus
2366 5236 2549 5308 (Ibid.,
2583 5253 2668 5299 nt,
2701 5237 2734 5292 6
2764 5249 2806 5291 at
2837 5241 2914 5308 7).
2947 5238 3102 5293 Tales
3132 5251 3340 5295 mtmtes
3383 5241 3431 5295 io
3461 5256 3520 5299 se

1936 5332 2163 5385 humiles
2208 5340 2348 5392 sunt,
2403 5330 2452 5382 in
2505 5330 2610 5383 Deo
2652 5332 2844 5384 ext-ehi
2891 5340 3050 5394 sunt;
3106 5334 3194 5400 qui
3237 5344 3416 5389 autem
3468 5336 3519 5391 in

1936 5424 2126 5494 seipsis
2154 5422 2347 5477 excel~i
2379 5431 2521 5482 sunt,
2549 5435 2577 5472 a
2610 5421 2714 5475 Deo
2742 5422 3123 5476 hmniliantur:
3153 5423 3407 5491 Quoniam
3437 5443 3523 5491 aut

1938 5535 1990 5571 se
2017 5518 2222 5578 exultat,
2258 5515 2637 5577 Iunniliabttur;
2667 5525 2711 5567 et
2739 5516 2821 5583 qni
2848 5532 2899 5568 se
2928 5514 3189 5582 humiliat,
3219 5519 3525 5574 multabitur

1945 5608 2093 5678 (Luc.
2122 5625 2205 5663 xw
2227 5649 2241 5673 ,
2278 5607 2386 5678 ll).
2422 5606 2543 5661 Ideo
2589 5608 2720 5659 tales
2748 5605 2836 5674 qui
2877 5607 3152 5675 superbias
3197 5625 3320 5663 suas
3347 5620 3506 5668 allen

2008 5789 2026 5821 ι
2053 5787 2188 5848 Edd.,
2211 5792 2259 5839 et
2281 5798 2391 5838 cum
2413 5784 2564 5837 lueret
2593 5781 2685 5835 illi.
2724 5790 2782 5835 At
2800 5789 2933 5845 Uss,
2953 5782 3054 5837 illis
3073 5796 3093 5837 :
3114 5786 3341 5852 suband.,
3365 5789 3534 5845 morast

1944 5852 2262 5970 buitmatncr
2284 5916 2407 5965 Mssa
2434 5907 2677 5958 ittiautem
2697 5905 2848 5970 gavisi
2864 5913 2991 5958 sunt.
