3966 6472
207 444 338 514 965

205 924 222 979 i
231 940 266 978 tt
298 924 450 979 libro
471 926 774 998 Sapientia;
795 927 976 988 Dicent
997 929 1126 986 inter
1143 947 1215 992 se.
1241 932 1576 999 penitentiam
1596 944 1817 1004 agentes,

204 1026 260 1071 et
307 1033 416 1091 per
442 1021 725 1092 angustiam
759 1021 965 1091 spiritus
991 1031 1237 1094 gementes
1260 1038 1282 1079 :
1305 1039 1424 1092 cunt
1458 1023 1680 1079 viderint
1703 1024 1821 1095 glo-

203 1115 364 1170 riam
395 1123 702 1174 sanctorum
723 1158 738 1183 ,
773 1126 895 1172 tunc
917 1116 1132 1183 dicent,
1163 1116 1233 1174 Hi
1261 1126 1374 1176 sunt
1399 1134 1522 1187 quas
1546 1118 1820 1188 aliquando

203 1204 506 1262 habuimus
524 1208 574 1262 in
599 1208 776 1266 risum.
799 1209 842 1264 Ο
860 1207 951 1280 qui
973 1209 1195 1272 multum
1217 1209 1490 1270 dormistis
1509 1211 1523 1264 l
1545 1219 1689 1268 certe
1707 1210 1816 1280 jam

203 1296 519 1368 evigilatis,
546 1310 597 1353 et
623 1299 672 1354 in
696 1299 885 1362 Vestris
905 1301 1147 1361 manibus
1173 1301 1300 1357 nihil
1327 1303 1590 1364 invenitis.
1619 1304 1818 1359 Videtis

202 1389 506 1458 quomodo
538 1389 720 1458 plenas
745 1390 972 1456 habeant
999 1407 1184 1454 manus
1208 1393 1371 1462 gloria
1399 1394 1516 1456 Dei,
1546 1409 1678 1464 quos
1703 1405 1819 1459 tan-

199 1496 386 1550 quam
418 1496 678 1555 pauperes
703 1483 958 1542 irrisisds.
986 1483 1152 1542 Dicite
1172 1499 1300 1556 ergo
1321 1495 1445 1541 tunc
1465 1487 1632 1550 vobis.
1653 1503 1819 1558 quan-

199 1571 280 1628 do
313 1589 438 1636 non
467 1574 710 1638 resistitis
738 1575 830 1639 inp
855 1576 945 1632 Dei
967 1593 1101 1641 ;tton
1132 1594 1313 1646 manu,
1342 1594 1440 1634 nec
1470 1578 1644 1650 lingua
1670 1619 1686 1646 ,
1721 1593 1818 1636 nec

205 1663 396 1720 verbo
415 1706 437 1737 ,
469 1681 567 1722 uec
594 1667 914 1736 cogitatione
940 1685 954 1723 :
982 1670 1256 1739 apparebit
1293 1670 1433 1728 enim
1467 1671 1614 1726 vobis
1644 1673 1816 1732 mani-

199 1759 416 1820 festus.
453 1775 609 1832 quem
638 1761 959 1822 irridendum
984 1763 1225 1832 putastis,
1248 1779 1366 1820 cum
1391 1764 1540 1822 vohis
1561 1775 1816 1828 venturus

194 1849 585 1911 ntmtiaretur.
617 1851 678 1908 Et
706 1853 828 1920 quid
858 1853 1078 1914 dicent?
1109 1854 1246 1926 Ergo
1274 1857 1552 1914 erravimus
1579 1875 1611 1912 α
1634 1858 1713 1920 ria
1737 1874 1817 1920 ue-

193 1941 402 2000 ritatis.
444 1952 492 2001 et
507 1943 722 2014 justitia:
745 1945 910 1999 lumen
937 1961 1035 1999 non
1059 1946 1186 2000 luxit
1210 1946 1368 2013 nobis,
1393 1957 1438 2002 et
1459 1949 1536 2004 sol
1556 1966 1656 2004 non
1676 1959 1816 2006 ortus

190 2044 274 2092 est
301 2034 488 2094 nobis.
513 2035 789 2104 Quomodo
805 2037 1023 2106 justitiae
1045 2039 1121 2093 sol
1146 2040 1375 2098 oriretur
1393 2039 1815 2102 dormientibus?

190 2127 311 2188 Sed
361 2127 452 2192 al)
490 2127 567 2194 ira
606 2136 661 2184 et
691 2129 1047 2197 increpatione
1081 2129 1195 2200 ejus
1222 2131 1509 2190 dormiunt.
1541 2132 1652 2188 Hoc
1681 2133 1815 2190 forte

197 2224 472 2284 dicturus
490 2231 594 2289 est,
628 2224 694 2280 Et
716 2240 820 2280 non
847 2224 1191 2282 ascenderem
1219 2241 1412 2295 equum
1443 2245 1456 2281 :
1481 2237 1535 2282 et
1561 2238 1687 2284 tunc
1714 2229 1812 2297 ipsi

203 2332 393 2388 equm
435 2331 566 2382 suos
599 2319 943 2376 accusabunt.
983 2319 1115 2377 Audi
1152 2319 1273 2376 illos
1303 2330 1615 2379 accusantes
1649 2338 1814 2392 equos

206 2425 349 2470 suos
397 2410 453 2474 in
492 2408 682 2480 quibus
721 2409 1095 2470 dormierunt:
1129 2410 1265 2482 Erga
1303 2415 1609 2480 erravimus,
1648 2415 1816 2486 inquit

205 2501 527 2572 Scriptura,
550 2518 582 2556 a
619 2503 696 2556 uia
717 2501 957 2567 veritatis,
979 2513 1026 2558 et
1039 2504 1252 2570 iustitia
1272 2505 1440 2562 lumen
1459 2524 1558 2561 non
1582 2507 1711 2561 luxit
1733 2525 1815 2562 no-

209 2596 316 2662 bis,
334 2604 391 2650 et
410 2594 489 2650 sol
504 2610 603 2649 non
619 2602 758 2652 ortus
775 2604 846 2648 est
861 2595 1023 2652 nobis.
1042 2595 1178 2662 Quid
1193 2597 1332 2652 nobis
1343 2601 1530 2669 profuit
1547 2601 1778 2668 superbia
1793 2601 1818 2653 ?

211 2697 263 2742 et
295 2685 596 2748 diuitiarum
618 2685 872 2756 jactantia
890 2686 1017 2757 quid
1040 2678 1250 2742 contulit
1280 2689 1420 2744 nobis
1436 2689 1462 2742 7
1486 2687 1817 2746 Transierunt

211 2778 402 2835 ontnia
421 2787 658 2848 tanquam
675 2777 849 2840 umbra
867 2775 1020 2849 (Sap.
1045 2794 1097 2844 ν,
1116 2778 1170 2843 5,
1188 2777 1244 2843 6,
1263 2778 1316 2847 8,
1336 2778 1412 2850 9).
1436 2779 1573 2851 Ergo
1589 2781 1816 2852 vigilnsti

214 2868 545 2941 aliquando.
574 2869 678 2923 Sed
703 2869 892 2924 melius
916 2884 1108 2940 equum
1130 2885 1232 2930 non
1253 2871 1588 2938 ascenderes,
1615 2886 1670 2928 ut
1693 2885 1818 2931 tunc

216 2977 335 3016 non
367 2959 686 3019 dormitares
704 3001 720 3029 ,
749 2959 960 3030 quando
985 2962 1199 3032 vigilare
1225 2961 1454 3020 debuisti
1478 2982 1491 3028 ;
1523 2972 1580 3020 et
1603 2967 1817 3024 audires

220 3066 426 3108 vocem
453 3050 672 3113 Christi,
700 3059 756 3112 et
779 3050 1096 3112 illuminarct
1122 3060 1175 3110 te
1195 3052 1454 3112 Christus.
1483 3053 1562 3112 Tu
1585 3059 1819 3114 terribilis

217 3157 315 3204 es;
346 3150 402 3196 et
425 3140 538 3210 quis
562 3140 752 3198 resistet
793 3139 861 3200 ibi
887 3149 1007 3204 tunc
1029 3141 1095 3206 ab
1121 3143 1201 3202 ira
1228 3145 1358 3201 tua?
1385 3144 1520 3213 Quid
1545 3147 1686 3204 enim
1715 3148 1818 3206 erit

217 3242 354 3290 tunc
376 3233 404 3287 ?

298 3324 392 3388 12.
437 3322 584 3396 [item
624 3323 702 3398 9.]
737 3322 822 3390 .Dc
841 3326 964 3386 aeto
989 3326 1251 3399 jaculottts
1274 3345 1330 3385 es
1343 3329 1594 3400 judicium
1629 3347 1650 3388 .'
1681 3342 1817 3390 terra

217 3417 459 3485 tremuit,
498 3425 548 3472 et
579 3418 784 3488 quierit.
823 3417 954 3488 Quae
988 3419 1152 3478 modo
1189 3438 1247 3486 se
1289 3423 1479 3490 turbat,
1513 3441 1630 3496 qua!
1655 3429 1817 3488 modo

215 3509 488 3581 loquitur,
519 3508 706 3573 timere
730 3509 885 3568 habet
904 3511 959 3566 in
984 3512 1087 3567 line
1105 3523 1158 3569 et
1178 3514 1472 3584 quiescere.
1493 3518 1678 3578 Melius
1698 3539 1816 3580 mo-

215 3602 291 3659 do
319 3602 656 3674 quiesceret.
686 3613 744 3658 ut
767 3607 818 3657 tn
847 3604 953 3661 line
975 3606 1252 3677 gauderet.

294 3696 388 3754 t3.
431 3692 588 3767 [rem
625 3693 736 3769 i0]
774 3691 934 3752 Terra
970 3700 1188 3766 tremuit,
1229 3710 1278 3755 et
1312 3702 1515 3773 quievit.
1551 3706 1814 3774 Quando?

211 3787 348 3846 Cum
365 3796 666 3858 emineret
693 3788 744 3842 in
758 3788 1012 3858 judicium
1038 3789 1197 3857 Deus,
1229 3804 1284 3847 ut
1302 3797 1467 3852 solum
1495 3801 1677 3872 faceret
1699 3821 1810 3860 om-

209 3899 306 3940 nes
345 3881 504 3940 utiles
540 3881 709 3938 corde.
735 3881 834 3951 Qtti
859 3895 983 3940 sunt
1008 3886 1150 3942 mites
1173 3889 1324 3944 corde
1343 3891 1370 3945 Σ)
1394 3892 1492 3960 Qui
1526 3894 1811 3956 trementes

211 3989 389 4045 equos
413 3987 533 4028 non
557 3973 932 4041 ascenderunt,
957 3976 1053 4033 sed
1081 3979 1132 4033 in
1156 3978 1453 4038 humilitate
1476 3999 1569 4041 sua
1595 4000 1807 4058 peccata

213 4066 459 4125 confessi
487 4075 627 4122 sunt.
657 4065 728 4123 Ut
748 4069 910 4125 salsos
933 4074 1118 4140 faceret
1139 4089 1312 4130 omnes
1329 4076 1473 4132 mites
1495 4080 1665 4136 corde.

295 4159 388 4216 ιι.
431 4156 585 4231 [θεῖε.
617 4158 730 4233 ll.]
769 4161 1019 4228 Quoniam
1041 4164 1280 4235 cogitatio
1309 4168 1524 4226 hominis
1551 4174 1810 4236 conﬁtebi-

221 4259 307 4306 tur
330 4250 443 4317 tibi,
467 4259 513 4304 et
531 4252 754 4322 reliquias
772 4255 1086 4325 cogitationis
1105 4258 1346 4314 solemnia
1365 4263 1679 4322 celebrabant
1698 4269 1804 4324 tibi.

216 4331 405 4388 Prima
432 4375 448 4400 ,
489 4336 762 4406 cogitatio;
805 4341 1124 4408 posteriores
1146 4385 1161 4410 ,
1204 4345 1431 4417 reliquiae
1471 4352 1803 4422 cogitationis.

220 4421 358 4489 Quae
385 4431 471 4479 est
515 4427 750 4496 cogitatio
799 4431 1010 4498 prima?
1039 4432 1190 4490 Unde
1215 4435 1494 4507 incipimus
1519 4421 1542 4495 τί
1557 4443 1691 4498 bona
1719 4446 1804 4501 illa

219 4513 470 4584 cogitatio
493 4554 508 4577 ,
540 4516 678 4571 unde
714 4519 932 4588 incipies
967 4525 1226 4584 conﬁteri.
1269 4529 1543 4590 Confessio
1569 4535 1809 4608 adiungit

221 4618 328 4659 nos
370 4601 607 4660 Christo.
638 4605 754 4664 Jam
796 4625 922 4670 vero
941 4613 1212 4672 confessio
1251 4619 1394 4689 ipsa,
1437 4624 1487 4679 id
1526 4635 1608 4681 est
1634 4601 1804 4698 prima

217 4697 485 4771 cegitatio,
516 4697 643 4755 facit
667 4702 718 4756 in
747 4703 897 4760 nobis
923 4708 1170 4778 reliquias
1197 4713 1563 4782 cogitationis;
1593 4697 1648 4774 et
1677 4722 1804 4792 ipsae

224 4789 458 4861 reliquiae
490 4791 802 4861 cogitationis
825 4795 1067 4851 solemnia
1091 4801 1407 4858 celebrabant
1431 4808 1533 4860 tibi.
1558 4789 1804 4881 Cogitatio

224 4881 449 4938 laminis
469 4885 784 4952 conﬁtebitur
805 4886 911 4953 tibi,
931 4899 976 4944 et
994 4891 1216 4958 reliquie
1233 4897 1547 4966 cogitationis
1561 4902 1803 4958 solemnia

220 4973 543 5030 celebrabant
573 4975 684 5032 tibi.
744 4976 872 5047 Qua:
907 4992 989 5036 est
1023 4984 1258 5053 cogitatio
1288 5003 1405 5056 qua
1438 4992 1756 5060 confitebitur
1778 4998 1804 5052 .9

220 5063 353 5129 Quae
380 5064 598 5122 damnat
620 5068 777 5126 vitam
807 5071 1040 5140 priorem
1061 5115 1075 5137 ,
1104 5073 1188 5129 cui
1218 5076 1461 5147 displicet
1484 5083 1625 5152 quod
1653 5095 1798 5157 erat,

218 5164 278 5208 ut
306 5155 376 5209 sit
400 5155 544 5226 quod
572 5174 674 5214 non
705 5170 836 5226 erat,
854 5162 964 5233 ipsa
985 5173 1067 5219 est
1089 5167 1255 5235 prima
1275 5171 1528 5242 cogitatio.
1552 5173 1657 5231 Sed
1679 5155 1800 5247 quia

218 5245 298 5300 sic
327 5246 496 5303 debes
522 5249 767 5308 recedere
795 5268 823 5307 a
856 5256 1104 5324 peccatis,
1137 5260 1302 5328 prima
1331 5265 1648 5333 cogitatione
1674 5245 1801 5326 con-

219 5333 392 5394 fessus
428 5338 556 5404 Deo,
585 5351 651 5400 ιιι*
667 5359 775 5399 non
803 5345 891 5401 tibi
923 5348 1134 5405 recedat
1157 5350 1224 5406 de
1251 5357 1504 5411 memoria
1531 5361 1652 5430 quia
1679 5379 1799 5432 pec-

222 5437 376 5482 cator
415 5429 596 5499 luisti,
629 5448 723 5502 per
753 5436 853 5494 hoc
877 5440 1014 5509 quod
1047 5453 1291 5510 peccator
1318 5446 1459 5503 luisti
1485 5487 1501 5516 ,
1540 5429 1796 5510 solemnia

219 5517 464 5576 celebras
493 5522 622 5580 Deo.
655 5526 841 5584 Adhuc
862 5530 1257 5604 intelligendum
1279 5547 1381 5594 est.
1413 5539 1582 5598 Pruna
1609 5546 1798 5614 cogita-

219 5610 287 5666 tio
314 5613 706 5673 confessionem
733 5618 909 5688 habet,
938 5633 992 5678 ct
1017 5631 1368 5686 recessionem
1397 5649 1423 5685 a
1449 5645 1628 5691 vetere
1651 5639 1753 5694 vita
1777 5657 1793 5696 :

215 5704 308 5760 sed
339 5706 382 5761 si
421 5708 618 5766 oblitus
650 5712 810 5768 fueris
839 5729 868 5770 a
909 5717 1099 5786 quibus
1137 5725 1364 5790 peccatis
1405 5725 1656 5784 liberatus
1685 5732 1792 5801 sis,

217 5808 322 5851 non
351 5799 462 5870 agis
492 5802 690 5874 gratias
717 5805 987 5864 liberatori
1013 5851 1028 5876 ,
1060 5821 1112 5868 et
1138 5831 1241 5869 non
1269 5817 1508 5874 celebras
1537 5799 1794 5880 solemnia

216 5884 326 5944 Deo
355 5897 465 5949 tuo.
492 5892 630 5952 Ecce
655 5896 822 5968 prima
845 5901 1079 5972 cogitatio
1101 5905 1357 5964 confitens
1379 5908 1520 5966 Sauli
1544 5917 1785 5984 apostoli,

1342 437 1732 496 ENARRATIO
1771 441 1836 496 IN
1877 443 2202 499 PSALMUM
2246 447 2454 502 LXXV.

207 571 281 616 se
312 558 375 612 in
400 571 458 614 se
479 557 789 614 convertat?
810 555 1021 629 quando
1044 557 1096 614 in
1115 572 1172 612 se
1184 566 1495 618 convertant
1511 558 1697 614 dentes
1711 559 1828 630 qui-

210 649 331 704 bus
371 651 536 704 modo
565 666 663 708 nos
692 651 906 716 rodunt,
935 653 1126 721 quibus
1156 667 1251 708 nos
1273 652 1579 724 discerpunt
1601 652 1829 708 irriden-

206 741 291 798 do
326 742 674 802 Christianos
699 784 715 811 ,
745 754 799 798 et
825 743 1264 816 reprehendendo
1291 745 1448 800 vitam
1480 745 1826 802 sanctorum?

205 830 388 888 Tunc
412 851 469 890 se
488 836 537 888 itt
559 851 616 888 se
636 846 967 902 converterit,
990 852 1108 896 cum
1130 837 1232 897 illis
1246 839 1453 898 eveniet
1470 839 1610 909 quod
1632 839 1825 895 dicitur

3412 462 3513 520 966

1931 557 2038 626 jam
2067 561 2234 627 Pauli,
2267 565 2353 633 qui
2388 566 2556 635 primo
2585 566 2774 623 Saulus
2800 569 2897 626 fuit
2922 589 2932 625 :
2963 573 3173 642 quando
3198 578 3398 636 audivit
3423 599 3509 637 vo-

1932 664 2046 704 cem
2073 652 2139 705 de
2166 654 2322 720 caelo,
2351 672 2470 710 cum
2500 673 2908 730 persequeretur
2927 664 3216 732 Christum,
3241 681 3293 725 et
3317 672 3512 730 fureret

1931 740 1982 795 itt
2013 742 2362 813 Christianos,
2394 758 2449 803 et
2477 751 2637 805 vellet
2667 761 2722 806 ut
2751 754 3324 827 ubicumqueinventos
3346 767 3513 824 addu-

1930 842 2075 888 ceret
2102 837 2388 900 necandos,
2418 842 2616 897 audivit
2641 859 2822 900 vocem
2851 847 2917 903 de
2943 850 3101 918 ratio,
3127 852 3300 919 Saule,
3330 857 3506 925 Saule,

1927 925 2048 996 quid
2073 945 2150 980 me
2169 933 2519 1002 persequeris?
2542 943 2596 990 et
2617 937 2984 996 cirettmfulsus
3008 943 3224 1013 lumine,
3252 948 3383 1002 facta
3407 950 3509 1006 sibi

1927 1019 2167 1074 caecitate
2198 1022 2247 1076 in
2279 1025 2446 1080 oculis
2471 1065 2486 1091 ,
2531 1035 2587 1082 ttt
2625 1028 2764 1084 intus
2805 1031 3046 1097 videret,
3079 1036 3255 1097 emisit
3287 1042 3506 1108 primam

1927 1111 2296 1181 cogitationem
2324 1116 2668 1185 ohedientim;
2697 1137 2815 1176 cum
2843 1125 3068 1192 audiret,
3096 1124 3207 1198 Ego
3227 1146 3335 1194 sum
3359 1130 3509 1187 Iesus

1927 1201 2257 1276 Nazarenus,
2289 1224 2432 1279 quem
2459 1219 2510 1264 tu
2537 1217 2861 1282 persequeris,
2895 1217 3130 1288 Domine,
3161 1224 3254 1288 ait,
3283 1226 3405 1296 quid
3431 1244 3508 1282 me

1914 1294 2062 1365 jubes
2093 1301 2259 1367 facere
2284 1298 2420 1368 (Act.
2446 1317 2496 1354 Ix
2518 1342 2532 1366 ,
2563 1303 2598 1356 4
2617 1344 2630 1366 ,
2663 1305 2755 1375 5)?
2786 1307 2906 1362 H.t:c
2933 1321 3013 1363 est
3038 1313 3269 1383 cogitatio
3295 1294 3309 1347 ί
3335 1319 3506 1382 conli-

1927 1392 2080 1452 tcns;
2118 1387 2226 1455 jam
2275 1390 2550 1445 Dominum
2596 1396 2824 1464 appellat
2867 1414 3022 1468 quem
3069 1409 3502 1476 persequebatur.

1923 1475 2200 1542 Quomodo
2238 1482 2461 1552 reliquia:
2487 1487 2799 1557 cogitationis
2823 1494 3065 1548 solemnia
3089 1499 3421 1570 celebrabant,
3451 1504 3504 1560 in

1923 1570 2087 1627 Paulo
2115 1575 2359 1643 audistis,
2387 1593 2506 1634 cum
2536 1580 2648 1649 ipse
2675 1585 2958 1652 Apostolus
2985 1587 3248 1658 legeretur
3274 1612 3287 1649 :
3312 1594 3506 1652 Memor

1922 1673 2028 1718 esto
2066 1665 2318 1722 Christum
2356 1670 2529 1725 Iesum
2569 1678 2896 1732 resttrrext'sse
2922 1696 2953 1732 α
2982 1687 3188 1738 mortuis
3217 1701 3279 1739 ea:
3315 1690 3504 1745 semine

1922 1754 2089 1810 David
2110 1800 2124 1822 ,
2154 1763 2428 1816 secundum
2459 1763 2788 1836 Evangelium
2829 1787 2991 1832 meum
3024 1773 3104 1845 (ll
3135 1776 3266 1846 Tim.
3297 1795 3331 1834 tt
3356 1823 3371 1846 ,
3404 1781 3500 1851 8).

1921 1851 2056 1919 Quid
2099 1861 2183 1908 cst
2221 1871 2411 1910 memor
2449 1859 2597 1911 esto?
2625 1860 2737 1914 Non
2764 1861 3007 1930 deleatur
3031 1866 3097 1932 de
3124 1873 3376 1930 memoria
3411 1884 3500 1930 tua

1919 1943 2153 2012 cogitatio
2179 1961 2278 2015 qua
2311 1949 2482 2016 prium
2508 1951 2782 2006 Confessus
2809 1968 2868 2031 es
2894 1973 2907 2022 ;
2935 1958 3039 2022 sint
3067 1961 3291 2030 reliquiae
3313 1966 3503 2035 cogita-

1921 2036 2070 2094 tionis
2119 2038 2171 2094 iu
2222 2043 2498 2098 memoria.
2550 2044 2618 2100 Et
2661 2046 2779 2106 vide
2823 2052 3265 2128 quemadmodum
3310 2061 3502 2128 repetit

1921 2131 2060 2199 quod
2100 2131 2198 2187 sibi
2247 2134 2498 2192 donatum
2541 2149 2641 2206 est,
2684 2142 2820 2198 idem
2861 2144 3058 2212 Paulus
3094 2152 3362 2223 apostolus
3394 2155 3500 2220 alio

1920 2219 2038 2276 loco
2069 2241 2081 2278 ;
2114 2224 2213 2290 Qui
2234 2227 2376 2297 prius
2408 2229 2611 2300 inquit,
2642 2233 2719 2303 fui
2743 2234 3082 2305 blasphemus,
3112 2255 3156 2296 et
3183 2219 3495 2313 “precentur,

1919 2324 1965 2368 et
1992 2316 2266 2386 iniuriosus
2297 2319 2353 2392 (Ι
2385 2320 2513 2378 Tim.
2544 2339 2596 2390 ι,
2631 2327 2746 2398 15)-
2779 2329 2878 2396 Qui
2908 2331 3066 2399 dicit,
3101 2333 3255 2398 Prius
3280 2338 3358 2405 [ui
3386 2340 3499 2404 bla-

1919 2407 2190 2480 sphemus,
2236 2417 2489 2482 numquid
2531 2418 2702 2482 adhuc
2747 2420 3085 2492 blasphettttts
3110 2431 3234 2492 est?
3276 2430 3345 2493 Ut
3382 2450 3488 2497 non

1920 2511 2061 2554 esset
2103 2500 2438 2574 blasphemus
2460 2547 2478 2573 ,
2522 2509 2612 2564 fttit
2655 2511 2820 2580 pritna
2852 2517 3085 2584 cogitatio
3113 2524 3413 2592 confitenti;
3442 2539 3500 2586 Ut

1920 2599 2096 2643 autem
2133 2607 2572 2653 commemoraret
2601 2601 2723 2669 quid
2752 2602 2825 2658 illi
2857 2603 3104 2674 donatum
3134 2621 3216 2670 est
3235 2652 3250 2678 ,
3280 2615 3499 2685 reliquit:

1920 2681 2234 2752 cogitationis
2275 2699 2458 2758 erant,
2489 2706 2584 2761 per
2610 2691 2753 2761 ipsas
2777 2695 3028 2767 reliquias
3051 2681 3497 2770 cogitationis»-

1921 2769 2115 2830 lemnia
2143 2777 2462 2834 celebrabat.

1995 2867 2080 2923 t5.
2125 2868 2353 2940 Etenim,
2388 2873 2577 2934 fratres
2604 2878 2738 2945 mei,
2771 2894 2894 2940 ecce
2923 2882 3192 2944 innovavit
3215 2903 3314 2945 nos
3341 2891 3497 2950 Chri-

1921 2966 2070 3024 stus;
2102 2960 2320 3018 donavit
2349 2968 2523 3022 omnia
2554 2982 2764 3039 peccata
2791 3016 2806 3040 ,
2839 2985 2892 3032 et
2919 2981 3161 3042 conversi
3189 2998 3371 3042 sumus
3405 3006 3420 3043 :
3450 2990 3496 3045 si

1921 3051 2294 3112 obliviscamur
2322 3060 2444 3127 quid
2477 3062 2629 3118 nobis
2652 3063 2903 3128 donatum
2935 3078 3037 3136 est,
3069 3081 3120 3126 et
3146 3088 3174 3128 a
3204 3092 3307 3144 quo
3332 3077 3496 3135 dona-

1922 3149 2032 3196 tum
2075 3152 2158 3198 est
2180 3185 2195 3208 ,
2227 3147 2558 3205 oblivicimnr
2587 3169 2778 3218 munus
2806 3157 3132 3228 Satvatoris;
3164 3179 3283 3223 cum
3314 3179 3492 3226 autem

1917 3247 2023 3294 »οη
2063 3235 2424 3296 obliviscimur
2465 3259 2656 3304 munus
2697 3246 3005 3318 Salvatoris,
3049 3270 3223 3312 nonne
3258 3260 3494 3328 quotidie

1918 3325 2074 3384 nobis
2103 3328 2341 3388 Christus
2365 3333 2709 3396 immolatur?
2738 3342 2804 3398 Et
2828 3344 2992 3401 semel
3023 3347 3047 3388 ³
3075 3348 3230 3406 nobis
3252 3325 3494 3410 Christus

1918 3416 2222 3480 imntolatus
2250 3434 2369 3492 est,
2398 3444 2516 3491 cum
2545 3430 2866 3494 credidimus
2891 3453 2905 3502 ;
2939 3445 3066 3494 tunc
3090 3439 3190 3495 fuit
3213 3447 3446 3514 cogitatio
3475 3465 3494 3503 :

1917 3513 2078 3576 modo
2114 3525 2289 3576 autem
2319 3519 2544 3590 reliquiae
2567 3525 2882 3595 cogitationis
2909 3540 3032 3584 sunt
3051 3571 3066 3598 ,
3097 3547 3216 3588 cum
3247 3513 3493 3595 mentini-

1914 3621 2034 3668 mus
2059 3608 2176 3677 quis
2205 3609 2269 3664 ad
2302 3626 2397 3666 nos
2424 3615 2647 3681 venerit,
2675 3627 2729 3672 et
2756 3619 2880 3687 quid
2907 3622 3060 3676 nobis
3090 3623 3396 3693 donaverit;
3426 3646 3494 3688 ex

1913 3693 2046 3764 ipsis
2086 3698 2322 3768 reliquiis
2359 3703 2694 3772 cogitationis
2718 3747 2732 3770 ,
2771 3707 2824 3762 id
2855 3718 2936 3764 est
2962 3727 3024 3766 ex
3058 3713 3168 3782 ipsa
3195 3721 3447 3776 memoria
3472 3765 3488 3791 ,

1912 3788 2149 3859 quotidie
2181 3791 2336 3848 nobis
2361 3794 2437 3848 sic
2464 3795 2766 3854 immolatur
2785 3840 2800 3864 ,
2839 3802 2987 3872 quasi
3015 3806 3252 3873 quotidie
3280 3826 3377 3866 nos
3405 3788 3488 3868 in;

1915 3892 2077 3940 novet
2115 3885 2204 3954 qui
2241 3887 2408 3956 prima
2433 3891 2600 3959 gratia
2629 3907 2722 3947 sua
2752 3909 2851 3950 nos
2881 3893 3172 3956 innovavit.
3201 3900 3316 3958 iam
3346 3907 3486 3963 enim

1915 3973 2182 4032 innovavit
2222 3993 2316 4033 nos
2355 3979 2613 4038 Dominus
2648 3983 2701 4038 in
2740 3985 3038 4056 Baptismo,
3069 3999 3124 4049 et
3155 3992 3273 4048 facti
3304 4013 3487 4054 sumus

1911 4070 2034 4128 novi
2062 4068 2339 4139 homines;
2372 4073 2425 4128 in
2452 4090 2547 4144 spe
2573 4076 2784 4146 quidem
2813 4081 3123 4150 gaudentes,
3155 4087 3287 4141 utin
3314 4090 3486 4146 tribu-

1910 4159 2107 4219 latione
2147 4163 2312 4218 simus
2354 4165 2612 4235 patientes
2650 4167 2827 4238 (Rom.
2857 4187 2955 4238 xu,
2987 4174 3121 4244 t2):
3165 4184 3337 4233 tamen
3379 4197 3486 4239 non

1905 4251 2066 4308 debet
2096 4254 2163 4310 de
2186 4259 2441 4313 memoria
2469 4270 2644 4316 nostra
2671 4263 2924 4320 recedere
2952 4267 3077 4335 quid
3101 4270 3252 4324 nobis
3278 4275 3485 4341 paesti-

1911 4351 2022 4398 tum
2062 4347 2150 4400 sit.
2194 4347 2259 4402 Et
2286 4348 2330 4403 si
2370 4351 2528 4406 modo
2567 4368 2672 4407 non
2708 4364 2788 4410 est
2819 4358 3054 4427 cogitatio
3083 4370 3168 4416 tua
3200 4379 3318 4433 qua:
3348 4364 3484 4423 luit:

1911 4435 2126 4507 (etenim
2146 4441 2311 4508 prima
2329 4445 2565 4513 cogitatio
2592 4445 2688 4502 fuit
2714 4449 2965 4505 recedere
2991 4467 3018 4504 a
3045 4464 3296 4522 peccato;
3327 4460 3484 4513 modo

1907 4537 2083 4585 autem
2102 4546 2208 4586 non
2233 4533 2457 4601 recedis,
2489 4537 2584 4592 sed
2613 4547 2738 4594 tunc
2763 4542 3048 4614 recessisti)
3084 4563 3095 4598 :
3128 4547 3234 4603 sint
3259 4550 3484 4619 reliquia:

1907 4623 2240 4693 cogitationis,
2266 4640 2332 4679 ne
2355 4627 2569 4683 excidat
2589 4644 2618 4684 a
2643 4633 2895 4687 memoria
2917 4635 3007 4705 qui
3030 4641 3252 4693 sanavit.
3286 4642 3484 4700 Vulnus

1909 4723 1962 4770 te
2002 4717 2249 4774 habuisse
2284 4719 2327 4773 si
2357 4721 2551 4778 oblitus
2589 4724 2753 4782 fueris
2773 4769 2788 4792 ,
2821 4744 2926 4783 non
2961 4732 3050 4785 tibi
3083 4743 3240 4787 erunt
3263 4737 3485 4803 reliquicc

1905 4806 2241 4876 cogitationis.
2269 4809 2403 4876 Quid
2430 4815 2569 4869 enim
2594 4819 2788 4885 putatis
2812 4819 3008 4877 dixisse
3041 4823 3234 4879 David?
3263 4827 3398 4882 Ecce
3419 4845 3483 4884 ex

1900 4898 2141 4960 omnium
2194 4915 2419 4969 persona
2471 4904 2725 4975 loquitur.
2777 4909 3018 4966 Peccavit
3066 4914 3225 4970 David
3270 4929 3482 4976 sanctus

1905 4992 2170 5061 graviter;
2220 4995 2416 5052 missus
2457 5007 2540 5053 est
2582 5001 2647 5055 ad
2683 5002 2829 5058 illum
2869 5005 3070 5062 Nathan
3101 5010 3355 5080 propheta
3383 5055 3396 5077 ,
3430 5025 3484 5072 et

1903 5085 2162 5167 corripuit
2193 5087 2339 5143 illum
2371 5107 2386 5143 :
2415 5100 2469 5147 et
2507 5092 2783 5150 confessus
2826 5106 2940 5162 est,
2982 5109 3035 5154 et
3073 5101 3223 5167 dixit,
3273 5102 3482 5160 Peccavi

1903 5158 1974 5244 (ἰι
2001 5173 2127 5245 Reg.
2151 5193 2246 5244 xu,
2275 5180 2386 5250 15).
2419 5181 2543 5237 Haec
2571 5183 2662 5238 fuit
2688 5185 2854 5255 prima
2880 5158 3110 5257 cogitatio
3137 5158 3476 5248 conﬁientis;

1899 5262 2148 5336 Cogitatio
2186 5270 2403 5326 hominis
2440 5275 2757 5343 conﬁtebitur
2791 5277 2895 5331 tibi.
2925 5277 3052 5342 Quae
3080 5291 3230 5335 erant
3254 5285 3481 5352 reliquie:

1901 5361 2214 5430 cogitationis
2234 5364 2259 5416 l’
2293 5363 2515 5432 Quando
2543 5368 2617 5421 ait
2642 5385 2654 5421 :
2682 5367 2746 5422 Et
2775 5379 3027 5438 peccatum
3057 5389 3222 5427 meum
3259 5385 3373 5429 ante
3403 5395 3478 5432 me

1899 5461 1972 5506 est
1994 5469 2188 5525 semper
2212 5454 2381 5530 (Psal.
2410 5476 2460 5525 L,
2488 5461 2567 5531 ὅ).
2594 5461 2722 5528 Quae
2745 5459 2844 5516 fuit
2863 5477 2990 5534 ergo
3012 5465 3176 5534 prima
3199 5468 3435 5538 cogitatio
3453 5470 3479 5524 ?

1901 5543 1968 5600 Ut
1997 5547 2271 5605 recederet
2298 5565 2325 5602 a
2355 5562 2592 5621 peccato.
2625 5554 2690 5606 Et
2719 5555 2760 5607 si
2786 5554 2893 5624 jam
2925 5559 3143 5610 recessit
3171 5573 3198 5611 a
3233 5570 3472 5630 peccato,

1893 5640 2163 5708 quomodo
2200 5654 2472 5711 peccatum
2505 5646 2640 5699 illius
2667 5656 2789 5702 ante
2817 5648 2960 5701 illum
2988 5659 3341 5720 estsemper,
3374 5655 3471 5710 nisi

1897 5731 2020 5800 quia
2050 5733 2281 5802 cogitatio
2309 5736 2397 5790 illa
2429 5738 2655 5804 transiit,
2684 5737 2778 5793 sed
2803 5738 3026 5809 reliquid:
3050 5743 3366 5812 cogitationis
3389 5761 3450 5802 so

1966 5865 1989 5945 ξ
2009 5867 2080 5945 sic
2093 5864 2281 5945 aliquot
2305 5879 2406 5945 Mss.
2427 5872 2638 5945 Al_Edtl.:
2665 5879 2719 5924 Et
2743 5873 2847 5925 lucc
2864 5873 3082 5942 cogitatio
3099 5877 3376 5945 conﬁtentis.

1968 5929 1989 5959 ²
2012 5929 2147 5990 Edd.,
2169 5929 2256 5993 pro
2280 5933 2426 5983 nobis.
2455 5936 2614 5998 Abest,
2641 5948 2744 5998 pro,
2770 5949 2795 5985 a
2822 5929 2924 5988 Mssl
