3966 6452
586 366 693 428 961

593 481 786 539 temnis
813 475 1126 534 celebrant?
1152 469 1543 528 Meminerimus
1572 463 1934 539 ergoytratres
1964 459 2165 513 charis-

593 575 712 632 sim}
737 589 752 636 ;
781 585 1026 639 rogamus
1057 580 1150 619 vos
1179 584 1193 620 ;
1221 561 1458 633 quisquis
1485 560 1734 611 liberﬂus
1759 564 1841 610 est
1863 573 1888 603 ξι
1919 560 2135 621 ρυυρςιιη
2153 591 2167 616 ,

596 662 898 722 Ineuuncrit
928 661 1048 730 quid
1084 662 1210 718 luit;
1243 658 1345 708 sint
1375 656 1422 707 in
1463 653 1550 705 illo
1583 649 1806 719 reliquid:
1833 644 2167 717 cogitationis.

595 757 744 814 Tunc
770 757 908 811 enim
955 762 1124 820 portat
1156 751 1314 803 alium
1345 745 1639 800 sanandum
1667 786 1681 807 ,
1714 742 1759 796 si
1789 759 1846 794 se
1875 738 2174 792 meminerit

597 866 716 906 csse
741 857 1000 902 sanatum.
1035 845 1172 913 Ergo
1194 840 1553 909 unusquisque
1576 836 1885 891 rt-eoidetur
1905 833 2030 902 quid
2057 829 2172 896 fuit,

599 952 655 997 ct
683 951 857 993 ult'ttm
889 939 995 1004 jam
1028 955 1130 990 non
1159 938 1255 997 sit;
1285 944 1330 988 et
1364 944 1485 986 tunc
1512 931 1780 982 subveniet
1811 927 1858 981 ei
1890 927 1976 997 qui
2005 925 2178 978 adhuc

597 1044 673 1090 est
705 1031 844 1100 quod
874 1030 960 1084 ilTe
982 1029 1088 1098 jam
1121 1044 1226 1080 nun
1247 1036 1346 1078 est.
1375 1024 1428 1079 Si
1459 1032 1632 1076 autem
1659 1022 1821 1091 jactat
1853 1035 1909 1073 se
1935 1016 2082 1087 quasi
2111 1016 2179 1070 de

601 1123 806 1178 meritis
832 1123 962 1184 suis,
991 1130 1042 1174 et
1073 1119 1275 1185 repellit
1304 1127 1550 1184 tauquam
1581 1113 1822 1177 indiguus
1850 1117 2175 1173 icccatores,

599 1227 651 1272 et
683 1217 797 1269 sine.
843 1212 1199 1268 misericordia
1232 1211 1417 1268 smvit;
1459 1222 1652 1274 equum
1698 1202 1974 1266 ascendit,
2007 1201 2181 1254 videat

601 1328 670 1369 ne
690 1313 912 1367 dormiat
940 1329 953 1364 :
977 1311 1368 1364 dormituvcnmt
1391 1307 1528 1360 enim
1554 1306 1641 1377 qui
1661 1303 1988 1356 asreudvrimt
2009 1311 2178 1366 equas.

603 1403 718 1458 Jam
753 1413 874 1456 tunc
905 1402 1099 1454 dimisit
1132 1415 1323 1470 equum
1350 1414 1364 1461 ;
1399 1397 1692 1451 illlltliiimil
1719 1411 1777 1449 se
1809 1412 1821 1447 :
1858 1408 1960 1444 non
1992 1393 2180 1444 iterum

607 1495 855 1550 asct-udat
899 1510 1089 1563 equum
1116 1535 1130 1556 ,
1165 1493 1213 1544 id
1246 1500 1325 1544 est
1348 1533 1362 1554 ,
1395 1506 1497 1543 non
1526 1505 1584 1544 se
1611 1503 1794 1541 rursus
1820 1486 1984 1554 erigat
2016 1484 2066 1536 iu
2097 1497 2187 1535 su-

606 1589 863 1658 perbiam.
893 1585 1044 1641 Unde
1073 1585 1144 1638 illi
1179 1584 1276 1638 hoc
1307 1583 1403 1636 ﬁt?
1429 1582 1482 1637 Si
1509 1581 1730 1650 reliquie:
1757 1576 2074 1649 cogitationis
2097 1588 2183 1628 so—

607 1680 802 1734 leumia
830 1678 1097 1732 celebrent
1129 1676 1253 1731 Deo.

683 1769 767 1824 16.
801 1768 950 1841 [rem
976 1765 1088 1835 19...]
1125 1764 1323 1828 Vovete,
1343 1774 1387 1818 et
1411 1763 1603 1817 reddite
1625 1761 1846 1816 Domino
1868 1759 1976 1814 Deo
1994 1767 2186 1812 nostra.

611 1862 846 1929 Quisque
883 1858 1024 1929 quod
1059 1868 1234 1930 potest
1259 1865 1466 1916 voveat.
1509 1867 1558 1910 et
1591 1855 1798 1910 reddat.
1831 1853 1905 1907 Ne
1927 1850 2184 1915 voveatis,

609 1964 665 2008 et
699 1970 802 2007 non
845 1950 1107 2013 reddans;
1156 1949 1248 2003 sed
1272 1950 1494 2019 quisque
1521 1947 1661 2018 quod
1692 1956 1866 2016 petest
1889 1955 2108 2006 voveat,
2136 1953 2190 1998 et

609 2043 818 2099 reddat.
847 2041 961 2095 Non
984 2041 1100 2095 sitis
1127 2041 1258 2111 pigri
1284 2040 1348 2093 ad
1381 2040 1675 2092 vovendum
1699 2057 1712 2098 :
1756 2056 1858 2090 non
1889 2039 2030 2093 enim
2057 2037 2189 2090 viri-

611 2138 712 2192 bus
742 2135 932 2190 vestris
957 2133 1266 2202 implebitis.
1311 2131 1577 2186 lleiicielis
1599 2174 1614 2192 ,
1648 2133 1689 2184 si
1723 2130 1790 2185 de
1821 2130 1967 2182 vobis
1991 2145 2191 2200 przcsu-

615 2230 794 2290 mitis;
845 2227 888 2281 si
931 2235 1106 2280 autem
1133 2224 1201 2280 de
1245 2224 1335 2276 illo
1373 2223 1455 2276 cui
1486 2223 1707 2286 vtivetis,
1753 2233 1977 2282 vovele.
2017 2220 2188 2276 securi

616 2318 869 2374 reddi-tis.
907 2315 1102 2381 Favete,
1122 2326 1167 2368 et
1189 2314 1381 2368 reddite
1401 2313 1619 2366 Domino
1640 2311 1748 2366 Deo
1775 2323 1962 2364 nostra.
1990 2310 2190 2367 Omnes

616 2410 970 2466 communiter
1001 2407 1126 2476 quid
1149 2406 1406 2460 debemus
1431 2405 1657 2458 vovere?
1685 2404 1914 2460 Credere
1938 2406 1988 2457 in
2021 2404 2190 2471 illum,

621 2515 838 2570 sperare
859 2501 926 2553 ab
954 2500 1043 2551 illo
1064 2499 1222 2549 vitam
1247 2507 1521 2559 aiteruam,
1545 2497 1678 2549 bene
1700 2497 1876 2550 virere
1905 2495 2192 2549 secundum

620 2607 959 2650 communem
992 2590 1226 2644 modum.
1283 2589 1376 2644 Est
1401 2590 1540 2644 enim
1581 2587 1794 2658 quidam
1828 2588 2013 2641 modus
2043 2602 2196 2642 coin-

625 2686 798 2741 nluni~
826 2684 1091 2738 omnibus.
1125 2682 1342 2736 Furtum
1365 2697 1466 2734 ιιοιι
1497 2681 1691 2745 facere,
1712 2696 1815 2734 non
1843 2680 2194 2734 castimoniali

623 2779 942 2848 pra-cipitur,
972 2786 1024 2830 ct
1051 2785 1226 2844 nuptae
1253 2791 1355 2828 non
1385 2775 1685 2842 pra-ripitur
1713 2792 1726 2826 :
1755 2773 2070 2828 adulteiiuiu
2092 2788 2196 2828 non

628 2873 820 2930 facere,
853 2872 1097 2924 omnibus
1125 2868 1427 2939 pra-cipitur
1459 2885 1472 2921 :
1501 2883 1602 2922 non
1628 2883 1807 2920 amare
1833 2867 2195 2930 vinolentiam,

624 2979 724 3033 qua
761 2961 1108 3028 ingurgitatur
1130 2957 1336 3022 anima,
1366 2969 1415 3010 et
1445 2958 1737 3025 Corrumpit
1765 2957 1816 3010 in
1854 2971 1912 3008 se
1943 2956 2198 3022 templum

629 3053 717 3107 Dei
741 3095 754 3111 ,
800 3051 1043 3103 omnibus
1071 3049 1347 3115 :rqualiter
1385 3048 1686 3116 percipitur
1718 3065 1731 3100 :
1768 3063 1871 3100 non
1901 3046 2198 3115 Supcrbire,

624 3141 870 3196 omnibus
911 3139 1186 3206 :rqualiter
1235 3137 1536 3205 pr:rcipitur
1565 3153 1580 3189 :
1613 3152 1715 3188 nou
1759 3136 2024 3190 hominem
2054 3136 2199 3191 occi-

624 3235 773 3296 dere,
807 3246 909 3284 non
949 3229 1124 3284 udise
1158 3229 1368 3282 fratrem
1392 3269 1406 3289 ,
1450 3242 1552 3281 non
1590 3226 1842 3280 adversus
1866 3228 2093 3294 aliquem
2125 3235 2204 3280 te-

627 3340 754 3380 nere
803 3323 1088 3390 pemiciem
1114 3361 1127 3380 ,
1176 3319 1425 3374 omuilms
1464 3319 1514 3372 in
1555 3334 1836 3373 contumue
1879 3319 2200 3387 pra-ripitur.

628 3413 739 3468 lloc
767 3422 931 3466 totum
974 3424 1162 3464 euntes
1188 3425 1381 3464 voveie
1407 3408 1680 3462 debemus.
1730 3409 1865 3461 Sunt
1893 3409 2051 3465 etiam
2080 3419 2201 3463 Vota

631 3503 840 3572 propria
867 3500 1193 3569 singulorum
1225 3515 1239 3549 :
1269 3497 1406 3552 alius
1432 3507 1584 3551 vovet
1625 3498 1731 3554 lleo
1755 3499 2048 3554 castitatem
2071 3514 2204 3552 cou-

628 3592 859 3663 jugaleiu
881 3632 894 3652 ,
923 3601 976 3643 ut
1008 3602 1200 3658 pra-ter
1225 3605 1448 3643 uxorem
1477 3604 1624 3642 suam
1655 3604 1757 3642 non
1783 3591 1983 3644 noverit
2007 3591 2202 3657 aliam;

630 3685 706 3738 sic
753 3692 806 3738 et
855 3681 1083 3741 fctiiiua,
1129 3691 1185 3736 ut
1234 3691 1424 3749 pra-ter
1466 3681 1634 3734 virum
1683 3698 1834 3734 smmi
1867 3698 1969 3734 non
2000 3682 2207 3736 noverit

629 3775 810 3829 alium.
835 3773 932 3827 Alii
961 3773 1118 3826 etiam
1143 3781 1330 3827 \‘tHClII
1355 3813 1369 3835 ,
1396 3773 1492 3828 etsi
1515 3773 1718 3837 experti
1749 3772 1853 3827 tale
1877 3773 2203 3843 cuiijuginm,

633 3868 764 3919 ultra
795 3864 920 3916 nihil
950 3864 1055 3916 tale
1087 3861 1191 3931 pati
1215 3904 1230 3925 ,
1275 3862 1402 3916 nihil
1430 3863 1534 3915 tale
1561 3863 1943 3930 concupiscere
1967 3877 2051 3915 aut
2081 3879 2205 3919 sus-

635 3957 804 4010 tinere
833 3972 847 4008 :
885 3963 938 4010 ct
970 3953 1066 4026 ipsi
1115 3963 1372 4008 voverunt
1397 3953 1596 4023 aliquid
1618 3956 1786 4022 majus
1807 3970 1962 4022 quam
1983 3954 2074 4007 illi.
2103 3955 2205 4008 Alii

633 4045 983 4115 virginitatem
1017 4047 1181 4113 ipsam
1209 4045 1277 4098 ah
1305 4046 1519 4100 ineunte
1539 4055 1699 4099 :etate
1736 4056 1954 4110 Vovent,
1990 4057 2044 4100 ιιι
2075 4047 2202 4102 nihil

633 4136 742 4192 tale
769 4136 847 4188 vel
869 4135 1212 4204 experiantur
1236 4177 1252 4202 ,
1299 4136 1454 4204 quale
1481 4136 1552 4190 illi
1583 4139 1784 4204 experti
1839 4139 2160 4204 reliquerunt
2188 4155 2203 4193 :

631 4237 685 4285 et
716 4229 799 4282 isti
825 4237 1078 4282 voverunt
1115 4227 1416 4298 plurimum.
1464 4227 1564 4281 Alii
1596 4238 1787 4282 vovcttt
1817 4228 2032 4283 domum
2056 4244 2206 4285 suam

634 4334 755 4375 esse
822 4318 1137 4386 hospitalem
1203 4317 1451 4371 oumibus
1503 4320 1699 4372 sauciis
1748 4319 2203 4376 advenientibus:

637 4427 882 4482 maguum
913 4420 1090 4464 votum
1110 4421 1323 4464 vovent.
1355 4409 1502 4464 Alius
1528 4419 1681 4464 vovet
1704 4411 2003 4482 relinquere
2027 4413 2206 4466 omnia

632 4517 726 4557 sua
747 4501 1107 4558 distribncnda
1138 4499 1476 4570 pauperibus,
1498 4509 1553 4555 et
1577 4501 1654 4556 ire
1683 4501 1733 4554 in
1759 4517 2095 4558 communem
2127 4502 2207 4556 vi-

635 4601 762 4657 tam,
785 4592 835 4646 in
861 4593 1168 4646 societatem
1189 4600 1492 4646 sanctorum
1524 4609 1538 4645 ε
1562 4608 1806 4661 maguum
1825 4605 2004 4646 vottnn
2032 4604 2206 4650 vovet.

644 4681 826 4738 Vorete
845 4725 860 4748 ,
887 4694 934 4736 et
961 4683 1153 4737 reddite
1179 4681 1401 4737 Domino
1432 4682 1543 4738 Deo
1573 4696 1763 4740 nostra.
1811 4686 2045 4755 Quisque
2068 4689 2207 4759 qttod

633 4786 829 4827 vovere
858 4772 1084 4826 voluerit
1122 4784 1312 4827 voveat
1341 4789 1355 4827 :
1387 4773 1511 4828 illud
1545 4773 1817 4837 attendat,
1867 4787 1923 4828 ιιι
1946 4779 2086 4846 quod
2119 4794 2211 4830 vo-

635 4863 768 4918 verit
808 4861 1015 4918 reddat.
1045 4862 1421 4933 Unusquisque
1454 4863 1562 4918 Deo
1585 4865 1726 4936 quod
1753 4877 1930 4931 vovet,
1965 4868 2008 4922 si
2045 4871 2213 4940 respi-

633 4964 703 5007 Cll
747 4962 1040 5008 retrorsum
1061 4995 1076 5020 ,
1109 4954 1304 5009 maltnn
1335 4963 1438 5009 est.
1488 4954 1676 5012 Nescio
1695 4973 1810 5026 qum
1831 4957 2210 5016 castimonialis

633 5046 836 5100 nnhcre
867 5045 1024 5099 voluit
1053 5063 1066 5100 :
1098 5046 1225 5115 quid
1259 5047 1466 5102 voluit?
1501 5049 1652 5117 Quod
1678 5059 1732 5103 et
1760 5052 1910 5122 virgo
1934 5053 2207 5123 quzelibet.

636 5138 772 5207 Quid
800 5139 1005 5193 Vtiittil?
1048 5138 1200 5206 Quod
1230 5148 1285 5194 et
1309 5152 1478 5196 mater
1505 5142 1688 5211 ipsius.
1721 5141 1931 5212 Aliquid
1961 5145 2085 5200 mali
2118 5162 2211 5201 vo-

634 5230 765 5284 luit?
796 5230 914 5286 Mali
948 5231 1122 5300 plane.
1171 5231 1388 5300 Quare?
1430 5233 1560 5300 Quia
1603 5234 1710 5304 jam
1741 5246 1955 5292 voverat
1988 5238 2210 5295 Domino

633 5321 744 5375 Deo
768 5337 884 5377 suo.
938 5322 1074 5391 Quid
1103 5325 1243 5378 enim
1271 5323 1403 5377 dixit
1431 5325 1499 5378 de
1525 5325 1718 5380 talibus
1760 5332 2033 5394 apos'IquS
2078 5331 2211 5385 Pan-

632 5411 759 5467 lus?
789 5415 918 5466 Cum
939 5413 1082 5469 dicat
1101 5415 1286 5469 viduas
1311 5415 1735 5472 adulescentulas
1759 5421 1956 5476 nubere
1976 5423 2018 5477 si
2048 5425 2210 5478 velint

633 5503 673 5574 (I
707 5502 835 5557 Tim.
869 5521 934 5570 V,
974 5505 1054 5573 H)
1079 5546 1094 5570 ,
1133 5506 1224 5560 sed
1249 5515 1424 5561 tamen
1457 5510 1529 5561 ait
1557 5509 1784 5575 qltudam
1813 5511 1930 5566 loco
1963 5532 1975 5566 :
2005 5512 2210 5570 Βιαιὶον

632 5605 800 5647 autem
828 5595 948 5657 erit,
987 5595 1032 5648 si
1067 5596 1139 5648 sic
1180 5599 1508 5665 permanserit
1537 5602 1808 5655 semiudum
1843 5621 2005 5657 meum
2037 5607 2208 5661 consi-

635 5682 759 5738 lium
790 5684 833 5756 (Ι
863 5684 979 5740 Cor.
1006 5702 1077 5741 vn
1102 5729 1117 5756 ,
1143 5689 1258 5760 40).
1287 5689 1527 5746 Ostendit
1561 5693 1880 5762 beatiorem,
1912 5698 1954 5752 si
1981 5698 2057 5754 sic
2085 5715 2206 5770 per-

1829 348 1889 405 S.
1928 337 2296 402 AUGUSTINI
2336 338 2636 398 EPISCOPI

2281 456 2401 510 erit.
2431 454 2566 524 Quid
2606 463 2783 509 autem
2809 457 2886 512 ait
2907 455 2977 512 de
2995 456 3318 527 quihusdam
3346 475 3456 530 quae
3484 479 3746 538 reventum

2282 563 2385 601 non
2427 546 2809 603 reddiderunt?
2870 547 3162 613 Habentes,
3215 549 3414 619 inquit.
3455 555 3746 635 ιιιηιυιηιξτιιιεη⁸

2281 640 2398 706 quia
2426 639 2638 706 primaut
2661 640 2810 708 ﬁdem
2831 640 3026 694 irritam
3052 646 3280 713 [nerunt
3302 643 3342 712 (I
3365 643 3483 699 Tun.
3502 663 3546 711 v,
3573 649 3751 721 l2).ng

2285 739 2387 795 est,
2418 733 2632 798 primum
2657 731 2809 800 [idem
2831 733 3024 785 irritant
3050 733 3318 801 recurunt?
3362 735 3610 799 Voverunt.
3631 755 3670 798 et
3689 763 3752 804 non

2285 823 2647 878 reddiderunt.
2693 822 2866 880 Nemo
2889 839 3016 895 ergo
3045 825 3256 894 positus
3281 826 3329 880 iu
3360 835 3634 885 monasterio
3653 835 3755 894 frater

2284 916 2424 972 dicat
2459 935 2473 972 :
2505 917 2713 971 Recedo
2747 917 2818 973 de
2847 919 3177 972 monasterio
3200 959 3217 984 ,
3262 935 3425 987 neque
3463 923 3585 976 enim
3615 926 3685 980 soli
3703 914 3758 998 qui

2287 1020 2410 1063 sunt
2437 1009 2485 1063 iu
2516 1008 2841 1064 monasterio
2866 1009 3178 1078 perventuri
3208 1019 3330 1064 sinit
3355 1011 3417 1067 ad
3449 1029 3632 1078 regnum
3653 1021 3757 1075 celo-

2288 1117 2426 1162 rum,
2458 1109 2512 1154 et
2540 1100 2612 1154 illi
2639 1099 2728 1170 qui
2761 1100 2831 1153 ibi
2867 1115 2971 1154 non
3000 1111 3128 1154 sunt
3147 1101 3215 1155 ad
3250 1101 3408 1156 Deum
3437 1119 3530 1158 non
3560 1109 3756 1175 pertinent.

2291 1192 2666 1261 Respondetur
2693 1191 2742 1246 ei
2773 1209 2788 1246 ε
2819 1190 2925 1248 Sed
2954 1192 3025 1246 illi
3069 1207 3176 1247 non
3218 1206 3500 1259 voverunt;
3544 1207 3588 1251 tu
3617 1202 3758 1267 vovisti,

2292 1293 2346 1338 tu
2385 1293 2530 1338 retro
2570 1283 2872 1352 reSpt-xisti.
2919 1283 2992 1336 De
3012 1283 3102 1338 die
3129 1283 3316 1350 iudicii
3341 1301 3455 1340 cum
3486 1287 3683 1345 Dominus
3700 1298 3758 1349 mi-

2293 1385 2511 1430 naretur
2533 1418 2546 1436 ,
2578 1377 2702 1444 quid
2734 1376 2842 1430 ait?
2887 1375 3195 1431 Μεηιειιιυιε
3219 1380 3388 1433 uxoris
3419 1379 3506 1435 Lat
3535 1383 3654 1452 (Luc.
3679 1363 3769 1453 xvii,i

2293 1467 2405 1539 32).
2437 1468 2695 1523 Omnibus
2720 1468 2871 1522 dixit.
2902 1468 3038 1537 Quid
3067 1472 3212 1524 enim
3237 1469 3358 1524 fecit
3385 1489 3507 1526 uxor
3529 1473 3605 1528 Lol
3626 1476 3759 1535 iLibo-

2293 1571 2402 1617 rata
2434 1571 2517 1616 est
2544 1578 2570 1612 τι
2600 1560 2851 1616 Sodomis
2875 1603 2890 1627 ,
2941 1571 2993 1617 et
3027 1562 3080 1616 in
3114 1563 3198 1617 via
3244 1565 3405 1633 posita
3446 1577 3679 1622 retrorsum
3708 1587 3760 1624 re-

2294 1654 2506 1723 spexit:
2539 1652 2625 1705 ubi
2657 1652 2922 1722 respexit,
2948 1653 3017 1707 ibi
3052 1653 3332 1708 remansit.
3385 1654 3528 1711 Facta
3557 1667 3625 1712 est
3649 1670 3759 1717 autem

2295 1755 2466 1800 statua
2499 1745 2624 1799 salis
2649 1743 2801 1812 (Gen.
2835 1761 2926 1799 χιχ
2954 1787 2967 1809 ,
2997 1745 3094 1817 26)
3119 1787 3134 1810 ,
3176 1755 3234 1800 ut
3260 1747 3393 1800 illius
3419 1752 3760 1820 centeinplatiune

2294 1837 2610 1892 condiantur
2635 1837 2905 1902 homines;
2934 1852 3030 1892 cor
3061 1837 3315 1904 habeant,
3341 1855 3438 1895 non
3456 1843 3547 1895 sint
3568 1842 3680 1908 fatui,
3699 1860 3763 1900 non

2297 1936 2444 1984 retro
2475 1928 2796 1998 respiciant.
2845 1943 2912 1984 ne
2955 1929 3156 1983 malum
3183 1931 3473 2000 exemplum
3497 1931 3675 1995 dantes.
3702 1935 3766 2003 ipsi

2297 2029 2610 2076 remaneant
2629 2060 2642 2080 .
2673 2029 2727 2073 et
2765 2019 2898 2073 alios
2931 2019 3209 2074 condiant.
3239 2020 3366 2076 Nam
3390 2031 3440 2076 et
3463 2023 3597 2078 modo
3616 2024 3767 2081 dicimus

2299 2111 2422 2164 illud
2453 2111 2767 2178 quihusdam
2802 2110 3056 2166 fra'ribns
3086 2113 3317 2174 uestris.
3347 2130 3474 2182 quos
3504 2115 3615 2172 forte
3633 2117 3765 2172 videri-

2301 2216 2422 2256 mus
2456 2202 2599 2255 velut
2631 2202 2884 2255 inﬁrmari
2931 2202 2983 2255 in
3033 2204 3310 2272 proposito
3354 2205 3483 2260 bono
3511 2223 3524 2262 :
3552 2207 3769 2264 Ettalist'it

2299 2310 2453 2355 esse.
2497 2296 2672 2364 qualis
2695 2296 2824 2350 ille?
2867 2296 3167 2364 Obiicimus
3201 2298 3305 2353 illis
3338 2300 3568 2369 quosdam
3596 2301 3766 2370 quintio

2301 2395 2674 2454 respexerunt.
2704 2385 2778 2440 llli
2807 2385 2933 2440 fatui
2965 2398 3096 2444 sunt
3126 2389 3178 2444 in
3208 2404 3297 2452 se,
3327 2391 3416 2445 sed
3438 2391 3558 2446 alios
3578 2369 3762 2456 condiunt,

2299 2477 2514 2546 quando
2557 2489 3085 2546 cuiumemomntnr,
3131 2489 3189 2535 ut
3235 2481 3434 2536 illorum
3475 2481 3761 2552 exemplumti-

2303 2582 2509 2627 mentes
2539 2573 2623 2626 isti
2660 2581 2806 2627 retro
2842 2589 2946 2628 non
2989 2575 3301 2644 respiciant.
3354 2573 3544 2640 Varete,
3577 2584 3615 2630 et
3647 2574 3762 2630 reddite

2305 2662 2524 2719 Domino
2554 2662 2665 2720 Deo
2687 2676 2876 2726 nostra.
2905 2667 3028 2737 quia
3059 2667 3146 2722 illa
3181 2684 3315 2723 uxor
3343 2667 3432 2724 [.ut
3454 2669 3512 2724 ad
3535 2684 3679 2723 omnes
3693 2683 3760 2736 pr-

2303 2767 2456 2814 tinet.
2509 2759 2748 2814 Mai-itala
2795 2763 2990 2816 mulier
3019 2763 3194 2818 νιιΙιιίι
3224 2763 3392 2819 facere
3417 2764 3699 2821 adulterium:
3723 2761 3760 2817 de

2305 2850 2420 2905 loco
2457 2866 2555 2904 suo
2579 2866 2687 2920 quo
2714 2863 3032 2921 pervenerat
3078 2865 3226 2911 retro
3264 2857 3496 2924 respexit.
3539 2853 3667 2910 Vidua
3692 2868 3759 2922 qua

2299 2941 2409 3012 jam
2436 2942 2512 2996 sie
2541 2958 2861 3012 permanere
2887 2957 3105 3000 voverat
3135 2987 3152 3015 ,
3195 2947 3359 3001 voluit
3388 2947 3588 3009 nubere.
3623 2945 3760 3000 tincto-

2304 3035 2404 3090 luit
2449 3036 2588 3106 quod
2622 3036 2769 3091 licuit
2792 3037 2841 3091 ei
2886 3054 3008 3107 quze
3045 3041 3272 3108 nupsit;
3319 3040 3405 3095 sed
3439 3040 3504 3097 illi
3545 3056 3627 3094 non
3657 3037 3758 3097 licuit,

2305 3129 2424 3196 quia
2452 3126 2520 3182 de
2564 3127 2680 3180 loco
2705 3142 2804 3182 suo
2853 3136 2997 3182 retro
3029 3132 3291 3199 reapexit.
3347 3130 3492 3200 Virgo
3513 3141 3584 3185 est
3602 3129 3761 3184 castimo-

2309 3216 2486 3282 nialis,
2505 3218 2614 3283 jam
2640 3218 2815 3272 dicata
2844 3219 2986 3284 Deo;
3028 3219 3264 3278 habebat
3286 3231 3335 3278 et
3355 3231 3526 3276 cetera
3545 3261 3559 3278 .
3582 3236 3668 3289 qua:
3684 3231 3759 3270 vett

2307 3317 2502 3362 ornant
2530 3309 2696 3376 ipsam
2730 3310 3090 3378 virginitatem
3115 3355 3130 3377 ,
3165 3323 3217 3368 et
3246 3315 3358 3368 sine
3390 3313 3557 3383 quibus
3583 3312 3646 3365 illa
3667 3307 3761 3375 virgi-

2309 3399 2446 3452 nitas
2473 3401 2642 3466 turpis
2671 3411 2772 3455 est.
2817 3403 2956 3467 Quid
2981 3403 3025 3458 si
3056 3404 3203 3458 enim
3225 3406 3292 3459 sit
3318 3418 3522 3474 corpore
3545 3402 3758 3469 integunt!

2311 3497 2491 3544 mente
2510 3492 2805 3561 corrupta?
2847 3492 2984 3559 Quid
3011 3504 3095 3546 est
3125 3497 3265 3564 quod
3297 3494 3432 3549 divi?
3469 3491 3580 3560 Quid
3599 3491 3631 3545 si
3653 3488 3757 3543 nillil

2313 3579 2544 3649 tetigerit
2565 3595 2779 3650 c0rpus,
2826 3583 2919 3636 sed
2949 3584 2993 3637 si
3028 3583 3169 3639 forte
3197 3585 3399 3640 ebriosa
3425 3584 3502 3642 sit.
3525 3581 3691 3650 superlu
3706 3577 3752 3637 sit.

2315 3670 2541 3738 litigiosa
2568 3672 2672 3737 sit,
2718 3673 2954 3738 linguosa
2981 3675 3085 3730 sit?
3130 3675 3253 3732 lla-c
3280 3676 3446 3730 omnia
3472 3673 3642 3728 damnat
3662 3669 3752 3720 [ιι-ιιι.

2313 3761 2368 3816 Si
2397 3771 2680 3828 anteqnam
2726 3764 2956 3818 vovisset
3001 3767 3306 3836 nupsisset,
3355 3783 3450 3821 non
3483 3763 3749 3819 damnaretur:

2311 3854 2470 3924 elegit
2493 3854 2688 3922 aliquid
2733 3855 2959 3920 melius,
2993 3859 3270 3926 superavit
3293 3856 3424 3924 quod
3447 3855 3490 3910 ei
3519 3853 3753 3908 lict-Iutur-

2316 3946 2508 4014 pet’bil,
2546 3957 2602 4000 et
2629 3946 2811 4001 illicita
2841 3957 2986 4001 tanta
3012 3950 3322 4004 cmumittit.
3345 3947 3446 4002 Hoc
3470 3945 3571 4000 dico
3592 3959 3604 3996 :
3624 3938 3752 3996 Nubere

2316 4035 2439 4091 lit-et
2463 4046 2743 4106 :n.tequam
2777 4049 2998 4101 voveat;
3030 4040 3308 4104 superbire
3343 4052 3581 4107 nunquam
3607 4032 3701 4086 licet.
3728 4020 3752 4076 0

2318 4138 2372 4182 ιιι
2401 4127 2552 4199 virgo
2576 4129 2686 4192 Dei,
2719 4130 2921 4184 nubere
2951 4131 3188 4190 noluisti.
3216 4131 3353 4204 quod
3385 4130 3525 4191 licet;
3548 4121 3696 4181 exuillis
3710 4125 3750 4178 te.

2312 4224 2454 4293 quod
2488 4240 2590 4277 non
2624 4224 2765 4278 liret.
2802 4224 2990 4280 Melior
3010 4225 3158 4294 virgo
3185 4226 3422 4289 humilis,
3450 4237 3580 4294 quam
3599 4215 3750 4271 tinnula

2314 4315 2560 4380 humilis;
2611 4316 2705 4372 sed
2746 4316 2935 4372 melior
2973 4318 3214 4373 maritam
3260 4317 3482 4376 humilis.
3517 4323 3636 4383 quam
3662 4303 3751 4366 νὶνὲο

2313 4409 2567 4476 superba.
2611 4407 2742 4475 Quae
2785 4419 2964 4464 autem
2997 4410 3231 4480 respexit
3255 4408 3319 4463 ad
3354 4405 3660 4475 unptias.nnn
3678 4391 3748 4462 (Ιυίδ1

2312 4499 2479 4554 voluit
2504 4499 2702 4554 nubere
2726 4499 3037 4566 damnatur;
3061 4479 3301 4569 sed'quia
3333 4503 3427 4561 iam
3449 4493 3708 4577 antecesserat
3724 4479 3745 4577 ἐ

2313 4600 2370 4647 et
2396 4592 2452 4644 tit
2478 4605 2610 4643 uxor
2632 4589 2731 4645 Lot
2756 4593 3091 4660 respiciendo
3116 4601 3419 4646 retrorsum.
3464 4585 3558 4642 Non
3576 4580 3659 4634 sitis
3672 4573 3745 4643 [iisti

2314 4683 2403 4753 qui
2435 4683 2656 4750 potestis
2680 4723 2694 4746 ,
2727 4683 2920 4754 quibus
2948 4685 3148 4754 aspirat
3179 4685 3315 4739 Deus
3332 4672 3658 4751 apprehende“
3675 4677 3746 4735 ιη·

2314 4774 2414 4828 dus
2444 4775 2726 4840 meliores,
2774 4775 2896 4844 quia
2929 4791 3035 4830 non
3066 4776 3161 4830 ista
3188 4775 3305 4830 ideo
3344 4771 3602 4841 loquimur,
3631 4764 3745 4812 utnon

2312 4865 2589 4930 voveatis,
2635 4865 2729 4920 sed
2772 4875 2831 4920 ut
2867 4868 3140 4931 voveatis,
3183 4874 3238 4920 et
3283 4862 3533 4920 reddam:
3566 4848 3747 4907 γοοιιεια

2314 4956 2508 5012 reddite
2531 4955 2752 5011 Domino
2775 4957 2882 5011 Deo
2908 4970 3099 5013 nostra.
3126 4957 3240 5013 Jam
3264 4956 3378 5026 quia
3400 4953 3486 5007 ista
3501 4941 3743 5033 tractm'iﬂti“:

2316 5046 2454 5103 forte
2482 5048 2698 5103 volebas
2723 5063 2920 5103 vovere
2941 5090 2954 5112 ,
3000 5060 3056 5104 et
3093 5049 3248 5104 modo
3276 5063 3375 5102 non
3404 5043 3473 5096 vis
3495 5021 3744 5138 ritis”;

2315 5139 2439 5210 quid
2469 5139 2563 5193 tibi
2583 5139 2775 5194 dixerit
2802 5139 3045 5196 Psalmtts
3068 5182 3083 5201 .
3110 5139 3342 5195 attende.
3379 5134 3480 5191 Non
3504 5126 3617 5185 dixit,
3641 5114 3743 5214 litim"

2318 5243 2546 5295 vovere;
2584 5230 2698 5292 sed,
2738 5229 2932 5294 Vowe,
2960 5241 3007 5286 et
3035 5233 3242 5286 reddite.
3272 5229 3393 5297 Quia
3417 5219 3590 5281 audisti,
3612 5205 3740 5312 νεάάέθξ,

2317 5336 2422 5374 non
2461 5322 2538 5374 vis
2583 5321 2820 5375 vovere?
2865 5321 3005 5392 Ergo
3045 5338 3235 5378 vovere
3260 5319 3482 5379 volebas.
3517 5309 3740 5398 θιυθωέ

2315 5413 2481 5470 dere?
2530 5413 2640 5468 lino
2675 5424 2960 5484 utrumque
2999 5418 3102 5472 fac.
3158 5416 3321 5474 Unum
3353 5413 3415 5468 sit
3438 5423 3491 5463 ex
3523 5397 3741 5472 proicis“me

2317 5517 2435 5572 tua;
2487 5507 2629 5562 aliud
2674 5523 2736 5562 ex
2765 5508 3030 5577 adjutnrio
3058 5509 3148 5564 Dei
3189 5505 3478 5579 perﬁcietur.
3513 5487 3736 5579 ΑεΡίθῖαξξη

2313 5599 2403 5670 qui
2437 5609 2487 5652 te
2515 5598 2659 5654 ducit
2685 5641 2698 5664 ,
2743 5609 2796 5655 et
2827 5573 2931 5654 non
2962 5573 3214 5670 respicies
3237 5608 3399 5660 retro,
3425 5587 3537 5646 υηδθ
3557 5573 3736 5670 “id”?

2264 5760 2269 5765 ,
2314 5661 2414 5760 Qui
2443 5701 2494 5748 te
2527 5661 2712 5756 ducit,
2741 5700 2866 5747 ante
2893 5700 2945 5748 te
2977 5661 3236 5754 ambulat;
3284 5685 3407 5743 unde
3441 5691 3484 5738 te
3501 5661 3734 5732 educam“

637 5777 925 5844 manserit;
985 5797 1090 5836 non
1136 5792 1310 5837 tamen
1336 5784 1684 5842 damnandam
1710 5831 1723 5855 ,
1757 5790 1799 5844 si
1833 5792 2028 5850 nubere
2051 5795 2201 5854 volu-
2268 5816 2295 5851 ι
2387 5808 2399 5836 ί
2428 5808 2496 5853 sic
2520 5812 2621 5851 Mss.
2649 5813 2698 5853 At
2733 5805 2866 5864 ﬁdit,
2889 5811 2998 5854 ante
3023 5807 3290 5855 memorat.
