3966 6444
187 351 314 411 969

186 479 250 525 te
286 478 404 528 est.
456 466 589 525 Ama
629 467 909 525 ducentem
931 510 947 536 ,
994 478 1180 527 etnon
1210 477 1264 526 te
1292 471 1511 529 damnat
1540 480 1686 529 retro
1710 488 1796 531 re-

188 561 547 632 Spicieutem.
588 560 788 627 Vovete,
830 571 878 616 et
904 562 1096 618 reddite
1117 559 1336 617 Domino
1364 561 1690 621 Deo‘uostro.

271 654 371 709 ΓΙ.
404 653 589 708 Omnes
607 656 691 725 qui
712 655 763 708 iu
785 654 997 708 circuitu
1024 655 1135 719 eius
1155 664 1273 709 sunt
1288 697 1304 721 ,
1327 654 1538 725 oﬂ'crcnt
1564 674 1794 715 munera.

182 746 297 814 Qui
331 758 460 800 sunt
493 746 542 801 in
567 747 788 803 circuitu
813 747 969 816 ejus?
998 745 1097 804 Ubi
1126 748 1267 804 enim
1284 760 1368 805 est
1386 751 1504 816 iste,
1532 753 1795 822 ntdicat‘,

188 837 398 894 Omnes
417 841 505 911 qui
525 841 577 897 iu
597 842 808 895 circuitu
830 841 942 911 ejus
962 843 1123 897 sunt?
1149 842 1203 898 Si
1229 843 1394 899 Deum
1420 845 1628 903 Patrem
1657 849 1795 920 cogi-

184 942 309 1000 tes,
358 936 448 991 ubi
478 952 582 991 non
607 947 695 993 est
720 938 809 1009 qui
853 938 1049 1010 ubipie
1079 955 1314 1009 przesens
1342 943 1468 997 est?
1517 944 1571 998 Si
1603 943 1792 998 Filium

179 1027 409 1096 Cogites
455 1028 749 1084 secundum
798 1028 1021 1085 [urinam
1067 1031 1399 1100 divinitatis,
1450 1043 1505 1090 et
1530 1034 1643 1105 ipse
1667 1049 1789 1090 cum

182 1122 359 1178 Patre
390 1123 588 1195 ubique
616 1135 735 1188 est;
764 1125 883 1195 quia
914 1126 1026 1193 ipse
1052 1136 1134 1181 est
1155 1126 1425 1198 Sapientia
1459 1129 1574 1194 Dei,
1597 1128 1666 1183 de
1687 1144 1788 1197 qua

176 1215 403 1271 dictum
428 1228 507 1272 est
540 1234 554 1271 :
586 1218 797 1289 Attingit
817 1228 983 1272 autent
1011 1219 1191 1288 ubique
1217 1229 1422 1290 prapter
1453 1237 1600 1275 suam
1640 1237 1789 1276 mun-

175 1308 379 1362 ditiam
422 1308 578 1381 (Sap.
606 1325 694 1373 vn,
724 1309 843 1379 ει).
892 1309 948 1365 Si
978 1319 1154 1365 autem
1188 1311 1378 1368 Filium
1401 1313 1478 1367 sic
1502 1314 1788 1384 intelligas,

173 1402 492 1457 secundum
522 1402 661 1473 quod
688 1404 978 1471 assumpsit
1006 1419 1222 1458 carnem
1249 1445 1266 1471 ,
1294 1415 1341 1459 et
1371 1407 1515 1459 visus
1540 1415 1622 1461 est
1653 1407 1790 1461 inter

174 1492 469 1561 homines,
491 1501 545 1549 et
563 1493 850 1549 crucifixus
866 1502 968 1559 est,
992 1505 1043 1548 et
1068 1496 1380 1558 resurrexit,
1404 1497 1649 1551 novimus
1666 1498 1788 1567 quia

1266 354 1665 416 ENARRATIO
1702 357 1768 417 IN
1792 359 2117 419 PSALMUM
2157 364 2391 422 LXXVI.

3386 384 3495 447 970

1914 476 2117 574 cipum,
2146 482 2361 550 superbi
2387 492 2511 541 sunt
2534 486 2770 558 spiritus.
2804 489 2898 547 illi
2926 508 3053 566 ergo
3081 511 3188 554 non
3221 508 3346 557 sunt
3371 504 3491 574 spi-

1912 570 2046 627 ritus
2070 571 2223 641 ejns;
2255 575 2377 646 quia
2399 587 2451 631 et
2480 578 2525 631 si
2550 580 2750 651 aliquid
2782 598 3075 656 noverunt,
3109 604 3265 646 suum
3296 570 3483 652 volunt

1906 678 2047 732 esse,
2092 683 2195 723 non
2222 669 2491 741 publicum
2523 692 2538 728 :
2568 674 2661 729 sed
2689 670 2775 731 ille
2801 679 2889 749 qui
2914 684 3253 741 commendat
3281 701 3341 742 se
3364 697 3485 744 tan-

1905 772 2062 830 quam
2087 764 2345 833 arqualem
2386 766 2668 834 omnibus,
2711 771 2800 841 qui
2845 786 2904 827 se
2935 773 2986 827 in
3018 776 3194 831 medio
3219 780 3394 850 ponit,
3427 791 3486 836 ut

1904 864 2089 906 omnes
2115 854 2327 923 capiant
2363 867 2619 927 quantum
2652 870 2905 929 possunt,
2934 866 3188 936 quidquid
3224 881 3481 939 possunt;

1902 954 2010 996 non
2034 940 2102 997 de
2130 943 2441 1015 cujusquam
2489 949 2722 1005 hominis
2745 994 2763 1018 ,
2811 954 2905 1009 sed
2930 955 2998 1011 de
3026 957 3119 1013 Dei
3144 1000 3159 1025 ,
3188 970 3242 1015 et
3272 962 3391 1019 ideo
3415 964 3485 1021 de

1900 1045 2016 1096 suo,
2048 1036 2170 1104 quia
2203 1036 2299 1107 ipsi
2328 1038 2449 1095 facti
2471 1052 2596 1097 sunt
2625 1042 2761 1112 ejus.
2811 1043 2953 1116 Ergo
2983 1048 3056 1103 illi
3084 1064 3273 1108 onmes
3297 1051 3498 1110 bumi-'

1902 1123 1980 1179 les
2022 1124 2131 1181 sint
2179 1144 2397 1187 necesse
2445 1141 2575 1189 est:
2620 1135 2967 1205 perdiderunt
3008 1141 3252 1210 spiritum
3300 1161 3480 1214 suum,

1898 1225 1954 1272 et
1981 1218 2236 1288 Spiritum
2266 1221 2361 1279 Dei
2394 1225 2610 1281 habent.
2644 1230 2684 1282 Α
2727 1245 2832 1299 quo
2858 1232 3202 1301 perdiderunt
3231 1239 3479 1308 spiritum

1897 1312 2092 1401 suum?
2113 1313 2195 1367 ΑΙ)
2224 1314 2316 1369 illo
2340 1318 2427 1387 qui
2450 1318 2617 1387 aufert
2643 1321 2873 1391 spiritum
2900 1325 3218 1397 principum;
3244 1333 3486 1401 quando-

1895 1399 2109 1470 quidem
2140 1402 2335 1460 dicitur
2363 1407 2411 1462 ei
2450 1408 2503 1464 in
2533 1410 2637 1464 alio
2672 1411 2789 1466 loco
2821 1431 2835 1469 :
2879 1414 3091 1487 Auferes
3130 1399 3361 1491 spiritum
3392 1442 3484 1480 eo-

1896 1507 2048 1561 rum,
2076 1506 2123 1548 et
2152 1496 2405 1566 deﬁcient,
2453 1511 2500 1556 et
2546 1503 2597 1555 in
2635 1506 2889 1575 pulverem
2930 1525 3074 1563 suum
3115 1526 3480 1574 convertentur.

1896 1581 2107 1640 Emittes
2132 1587 2384 1658 Spiritum
2414 1602 2588 1659 tuum,
2617 1605 2663 1649 et
2688 1597 2991 1682 crpubuntur
3008 1642 3022 1665 ,
3050 1613 3095 1657 et
3122 1605 3380 1664 innovabis
3399 1612 3484 1682 [u-

1892 1674 2017 1728 ciem
2041 1685 2187 1732 terrm
2212 1679 2387 1742 (Psal.
2418 1699 2530 1751 cm,
2562 1684 2653 1752 ‘29,
2685 1661 2801 1758 (τό).
2848 1661 3041 1745 Nescio
3067 1695 3188 1763 quis
3217 1661 3481 1759 intellegit

1892 1766 2088 1835 aliquid
2116 1784 2131 1834 ;
2178 1786 2333 1826 suum
2362 1775 2475 1829 vult
2505 1790 2628 1831 esse
2651 1817 2666 1842 ,
2713 1777 2887 1834 adhuc
2926 1782 3168 1850 spiritum
3199 1802 3353 1844 suum
3385 1791 3483 1847 ha-

1893 1858 1981 1914 bet
2006 1877 2020 1915 :
2049 1861 2245 1917 bonum
2270 1874 2355 1920 est
2384 1865 2457 1920 illi
2488 1874 2545 1922 ut
2576 1868 2764 1938 perdat
2788 1872 3037 1941 Spiritum
3064 1890 3219 1932 suum
3247 1922 3261 1947 ,
3291 1890 3346 1937 et
3375 1883 3477 1937 ha-

1892 1948 2013 2005 beat
2053 1952 2308 2021 Spiritqu
2343 1957 2433 2012 Dei
2467 1975 2481 2013 :
2512 1960 2689 2016 adhuc
2737 1962 2875 2017 inter
2907 1965 3173 2038 principes
3198 1975 3477 2045 superbit;

1891 2040 2085 2096 bonum
2116 2054 2197 2099 e-t
2224 2054 2279 2100 ut
2304 2047 2567 2105 redeatad
2586 2052 2855 2122 pulverem
2887 2068 3063 2124 suum,
3089 2069 3142 2113 et
3166 2040 3326 2129 dicat,
3358 2040 3477 2123 Me;

1891 2146 2086 2234 mento,
2134 2135 2392 2208 Domine,
2433 2143 2553 2210 quia
2591 2144 2754 2213 pulvis
2795 2163 2968 2202 sumus
2998 2148 3170 2217 (Psul.
3201 2170 3270 2211 cn
3295 2199 3309 2221 ,
3362 2160 3473 2234 14).

170 1586 443 1642 ascendit
469 1587 520 1642 in
546 1588 762 1644 coelum.
794 1587 892 1656 Qui
917 1597 1041 1643 sunt
1068 1589 1120 1643 iu
1150 1590 1371 1644 circuitu
1396 1589 1555 1661 ejus?
1578 1591 1786 1659 Angeli.

171 1679 329 1749 Ergo
361 1695 469 1734 nos
496 1696 600 1735 non
645 1679 920 1736 oderimus
949 1695 1164 1735 munera
1190 1721 1208 1749 ,
1254 1682 1375 1752 quia
1424 1682 1608 1737 Omnes
1627 1684 1712 1756 qui
1737 1684 1789 1738 in

165 1772 412 1827 circuitu
448 1774 558 1842 ejus
594 1782 710 1826 sunt
735 1814 749 1835 ,
781 1771 936 1833 dixit,
959 1771 1168 1839 o/Terent
1195 1789 1425 1829 munera.
1467 1772 1522 1829 Si
1548 1775 1788 1844 sepultus

169 1862 461 1919 Dominus
487 1872 668 1918 noster
692 1863 780 1919 hic
805 1873 948 1918 esset
974 1865 1025 1917 in
1058 1876 1228 1930 terra,
1268 1874 1324 1921 et
1362 1866 1565 1935 jaceret
1591 1882 1787 1936 corpus

167 1954 373 2027 ipsius,
411 1954 682 2023 quomodo
710 1954 935 2025 alicujus
964 1954 1212 2027 martyris
1239 1954 1320 2009 vel
1350 1957 1595 2025 apostoli,
1624 1968 1788 2012 atten-

160 2047 383 2102 dereuu
405 2063 448 2101 IS
476 2061 572 2101 eos
596 2046 685 2117 qui
713 2047 764 2100 in
790 2047 1014 2101 circuitu
1046 2046 1163 2116 ejus
1191 2055 1394 2114 essent,
1422 2063 1782 2119 quecumque

164 2140 255 2197 vel
299 2149 510 2213 gentes
557 2148 738 2195 essent
782 2139 923 2197 circa
972 2140 1145 2210 ipsum
1177 2141 1349 2197 locum
1378 2142 1651 2213 undique,
1701 2144 1781 2199 vel

168 2231 577 2288 cinivenientes
606 2231 671 2284 ad
715 2230 855 2285 illam
902 2231 1230 2300 sepulturam
1276 2247 1398 2288 cum
1430 2234 1780 2289 muneribus:

175 2339 329 2379 nunc
378 2331 561 2376 autem
611 2320 893 2385 ascendit;
949 2337 1160 2376 sursum
1210 2332 1313 2377 est.
1372 2322 1507 2393 Quid
1546 2323 1779 2392 esthoc,

177 2413 381 2471 Omnes
409 2412 496 2483 qui
522 2413 574 2466 in
604 2412 815 2467 circuitu
836 2412 947 2483 ejus
976 2422 1109 2476 sunt,
1143 2411 1358 2479 o/I'crent
1385 2415 1638 2470 munera?
1672 2416 1783 2471 Hoc

174 2509 404 2565 interim
435 2505 576 2577 quod
608 2505 746 2561 Deus
770 2504 1021 2561 admonet
1043 2506 1216 2562 dicam
1241 2507 1412 2573 vobis,
1444 2507 1572 2578 quid
1599 2523 1665 2563 ex
1698 2508 1782 2564 his

176 2602 367 2657 verbis
421 2600 550 2654 Inibi
593 2600 707 2670 ipse
754 2597 1019 2668 inspirare
1069 2601 1317 2669 dignatus
1346 2602 1460 2655 sit:
1502 2601 1546 2656 si
1589 2602 1779 2658 ntelius

175 2695 392 2768 aliquid
420 2704 602 2764 postea
634 2694 801 2748 visum
833 2693 989 2748 fut-rit
1014 2735 1028 2757 .
1063 2705 1115 2748 et
1151 2693 1252 2746 hoc
1281 2704 1515 2748 vestrum
1543 2702 1627 2750 est
1655 2695 1780 2764 quia

172 2787 494 2844 communis
536 2793 618 2841 est
666 2785 916 2840 omnibus
961 2786 1179 2840 veritas.
1233 2784 1346 2840 Non
1384 2794 1468 2841 est
1508 2801 1606 2841 nec
1637 2801 1777 2850 mea,

179 2894 288 2935 nec.
316 2888 444 2940 tua;
488 2894 591 2931 non
619 2885 702 2931 est
733 2877 889 2939 illius,
922 2885 1012 2929 aut
1043 2877 1185 2930 illius
1217 2894 1231 2930 :
1260 2877 1510 2932 omnibus
1537 2892 1778 2932 commu-

174 2972 263 3027 nis
296 2981 403 3026 est.
436 2969 498 3023 Et
525 2968 749 3024 fortasse
782 2967 1090 3023 ideomedia
1117 2978 1217 3030 est,
1250 2979 1301 3022 ut
1334 2969 1385 3023 in
1411 2969 1632 3023 circuitu
1663 2968 1778 3038 ejus

172 3065 288 3120 sint.
330 3076 526 3116 onmes
564 3061 652 3132 qui
704 3060 932 3129 diligunt.
975 3061 1273 3114 veritatem.
1320 3060 1583 3131 Quidquid
1631 3060 1775 3115 enim

170 3153 439 3207 oriinihus
467 3166 750 3205 coiuuume
777 3160 878 3207 est.
913 3151 964 3204 in
990 3150 1167 3205 medio
1192 3159 1293 3205 est.
1323 3150 1501 3219 Quare
1523 3152 1573 3205 in
1601 3152 1777 3208 medio

170 3244 417 3301 dicitur?
446 3242 507 3299 Ut
543 3251 746 3296 tantum
775 3242 935 3295 distet
962 3243 1031 3297 ab
1055 3242 1322 3309 omnibus,
1345 3254 1397 3296 et
1430 3254 1634 3298 tantum
1664 3261 1775 3314 pro-

172 3338 407 3408 pinquet
434 3334 701 3389 utnnibus.
730 3332 880 3401 Quod
913 3349 1016 3388 non
1045 3344 1129 3388 est
1164 3335 1214 3388 in
1243 3335 1448 3397 medio.
1482 3337 1633 3405 quasi
1664 3338 1775 3407 pri-

168 3438 361 3483 νςιιιιιιι
395 3427 472 3480 lit.
525 3424 676 3494 Quod
711 3424 975 3493 publicmu
1009 3435 1091 3481 est
1112 3467 1128 3488 ,
1160 3426 1211 3479 in
1243 3426 1419 3482 medio
1445 3428 1683 3496 punitur,
1718 3436 1771 3482 ut

168 3534 368 3575 ontues
399 3519 493 3586 qui
524 3516 773 3578 veniunt.
824 3518 1150 3587 percipiant,
1183 3517 1567 3572 illuminentur.
1605 3519 1775 3575 Nemo

166 3615 318 3668 dicat
344 3656 357 3673 ν
406 3610 589 3667 Meum
620 3620 698 3663 est
725 3626 740 3669 :
794 3623 860 3663 te
890 3609 941 3663 in
970 3619 1118 3679 parte
1141 3622 1235 3665 sua
1267 3610 1392 3665 velit
1427 3609 1602 3667 facere
1629 3613 1772 3681 quod

166 3707 219 3761 in
250 3704 442 3760 medio
481 3711 563 3757 est
602 3700 870 3756 omnibus.
915 3700 1049 3768 Quid
1079 3709 1352 3772 estergo,
1398 3700 1584 3757 Omnes
1609 3704 1695 3773 qui
1720 3704 1773 3759 in

163 3797 384 3850 circuitu
411 3795 530 3863 ejus
550 3803 683 3854 sunt,
710 3791 923 3859 offerent
961 3793 1210 3848 munera?
1236 3793 1436 3849 Omnes
1457 3795 1545 3865 qui
1574 3795 1771 3851 intelli-

163 3901 292 3961 gunt
323 3902 675 3945 communem
696 3899 815 3941 csse
836 3886 1086 3941 omnibus
1109 3887 1403 3950 veritatem,
1425 3897 1479 3943 et
1501 3904 1605 3943 non
1626 3888 1769 3945 illam

164 3981 371 4038 fatittttl
396 3978 561 4050 quasi
587 3994 737 4034 suam
769 3976 1125 4044 superbiendo
1150 3977 1218 4032 de
1258 3978 1379 4041 illa,
1412 3978 1512 4049 ipsi
1544 3979 1771 4035 olierent

166 4090 439 4139 munera;
483 4073 605 4140 quia
641 4070 990 4126 lunui’itatem
1024 4070 1221 4126 habem
1248 4090 1261 4126 :
1291 4073 1380 4142 qui
1411 4081 1586 4129 autem
1614 4074 1768 4144 quasi

170 4181 327 4221 suum
374 4163 578 4219 facimu
605 4161 747 4233 quod
773 4161 1023 4218 clunibus
1051 4176 1340 4218 cominune
1361 4174 1473 4231 est,
1519 4173 1767 4237 tanquam

174 4259 226 4313 in
255 4256 442 4312 medio
470 4254 725 4324 positum.
746 4250 813 4308 ad
844 4261 1045 4323 partem
1074 4253 1333 4309 seducere
1361 4263 1641 4320 conantur,
1661 4273 1767 4314 non

171 4349 408 4404 oﬂ'crent
451 4346 502 4401 lii
543 4359 800 4409 munera;
844 4346 964 4416 quia
999 4344 1187 4400 Omnes
1212 4346 1299 4416 qui
1339 4348 1388 4400 in
1418 4348 1628 4402 circuitu
1659 4353 1770 4420 ejus

169 4450 313 4506 sunt,
346 4437 563 4506 o/I'ercut
594 4454 800 4491 munera
827 4438 1056 4491 terribili.
1078 4435 1382 4493 (Mereatur
1411 4453 1631 4494 munera
1665 4449 1770 4495 ter-

171 4533 318 4591 ribili
357 4550 370 4585 :
406 4532 631 4585 timeant
656 4544 785 4600 ergo
812 4545 1001 4587 omnes
1024 4531 1113 4599 qui
1149 4531 1200 4583 in
1225 4530 1449 4587 circuitu
1476 4529 1593 4601 ejus
1618 4542 1765 4590 sunt.

172 4624 304 4682 Ideo
333 4621 480 4679 enim
509 4620 791 4683 timebunt,
822 4627 879 4674 et
903 4635 1024 4673 eum
1056 4628 1286 4676 tremore
1307 4621 1617 4689 laudabunt,
1643 4623 1765 4694 quia

173 4715 300 4773 ideo
330 4715 386 4771 in
403 4710 630 4769 circuitu
642 4711 912 4778 ejussnnt,
938 4718 996 4763 ιιι
1012 4724 1202 4765 οιηιιεε
1227 4721 1581 4777 assequamur
1607 4728 1753 4781 cum,

174 4816 232 4865 et
277 4806 493 4881 publice
520 4803 771 4860 oumibus
797 4802 1068 4869 conﬂuat,
1122 4812 1179 4857 et
1220 4802 1431 4872 publice
1461 4802 1763 4861 illuminet:

172 4899 282 4959 hoc
311 4907 415 4963 est,
444 4896 883 4953 contremiscere.
907 4894 986 4950 Τιι
1010 4910 1131 4949 cum
1156 4893 1346 4950 feceris
1367 4894 1459 4949 tibi
1480 4911 1600 4950 eum
1615 4898 1765 4966 quasi

174 4990 459 5064 proprium
479 5031 494 5056 ,
538 4996 594 5045 et
616 4988 726 5060 jam
756 5002 860 5043 non
883 5001 1223 5042 communem
1245 5028 1262 5052 ,
1299 4986 1576 5042 extolleris
1596 4988 1648 5041 in
1674 5003 1765 5043 su-

172 5083 455 5154 perbiam;
499 5094 621 5135 cum
664 5079 919 5151 scriptum
965 5078 1076 5133 sit:
1116 5076 1311 5132 Servitc
1350 5076 1571 5132 Domino
1616 5077 1669 5132 in
1702 5078 1767 5133 ti-

176 5189 318 5229 more
340 5215 356 5239 ,
391 5181 439 5227 et
466 5172 712 5226 multati:
735 5172 780 5225 ei
806 5187 920 5226 cum
945 5179 1157 5225 tremore
1182 5166 1357 5237 (Psal.
1389 5183 1457 5234 ιι,
1484 5168 1590 5240 ll).
1627 5168 1765 5241 Ergo

175 5264 406 5321 offerent
435 5277 657 5318 munera
677 5262 767 5333 qui
797 5262 852 5317 in
878 5262 1101 5317 circuitu
1131 5260 1249 5330 ejus
1286 5268 1411 5313 sunt
1443 5277 1456 5314 :
1493 5259 1591 5331 ipsi
1619 5260 1762 5316 enim

177 5355 410 5410 bundles
441 5363 568 5410 sunt
590 5394 605 5418 ,
658 5353 747 5424 qui
778 5367 1117 5408 communem
1149 5358 1345 5406 norunt
1371 5363 1492 5405 esse
1518 5351 1764 5407 omnibus

176 5446 481 5500 veritatem.

250 5537 336 5592 18.
368 5537 518 5608 [θεῖε.
546 5534 657 5608 15.]
688 5534 781 5589 Cui
809 5533 1030 5589 offerent
1066 5533 1321 5589 munera?
1353 5532 1605 5599 Terribili,
1645 5538 1764 5591 etei

180 5627 264 5693 qui
305 5630 470 5698 aufert
514 5627 747 5695 spiritum
772 5627 794 5657 ’
825 5624 1129 5695 principum.
1176 5624 1406 5693 Spiritus
1432 5625 1575 5681 enim
1622 5626 1761 5696 prin-

244 5740 263 5771 ι
287 5738 423 5797 ωτι..
442 5744 493 5790 ιιι
517 5738 679 5791 ducat.
705 5734 872 5788 Melius
891 5741 1023 5794 uss,
1046 5740 1096 5785 ut
1119 5732 1268 5797 dicat.

181 5795 478 5912 maxumum
510 5808 618 5855 uss.
660 5800 752 5851 hoc
781 5806 968 5850 tantum
997 5797 1119 5860 loco,
1155 5795 1355 5863 spiritus
1394 5808 1414 5850 .'
1447 5804 1502 5849 et
1535 5798 1606 5850 sic
1635 5800 1762 5863 apud

458 5948 683 6011 ὅλωστε.
734 5952 1011 6008 Ασεοετ.
1057 5945 1160 6007 ιν.

1888 2223 1944 2282 Si
1980 2228 2120 2280 enim
2150 2239 2202 2284 te
2224 2230 2502 2288 confessus
2528 2234 2692 2291 fueris
2715 2239 2982 2307 pulverem
3004 2287 3019 2306 ,
3056 2245 3196 2303 Deus
3219 2250 3235 2281 ¹
3264 2251 3332 2305 de
3361 2223 3476 2321 pui-

1889 2332 2016 2372 vere
2046 2318 2162 2374 facit
2185 2319 2476 2379 bomiuetu.
2518 2325 2718 2383 Omnes
2746 2333 2833 2401 qui
2863 2334 2913 2389 in
2939 2338 3161 2393 circuitu
3188 2342 3307 2411 ejus
3325 2318 3471 2416 sunt,

1886 2406 2116 2463 otii-runt
2160 2428 2379 2470 munera
2415 2433 2428 2470 :
2461 2432 2648 2473 omnes
2690 2420 2915 2481 humiles
2953 2406 3273 2488 confitentur
3300 2438 3384 2499 ci,
3417 2406 3475 2495 ei

1885 2499 2109 2556 adurant
2136 2518 2278 2558 eum.
2330 2505 2562 2563 Terribili
2588 2512 2815 2570 oll‘eruut
2843 2534 3082 2576 numera.
3129 2524 3280 2582 Unde
3317 2532 3474 2586 terri-

1884 2590 2016 2645 bili?
2062 2593 2326 2652 Exsultule
2348 2614 2461 2654 cum
2504 2611 2719 2660 tremore
2746 2605 2918 2676 (Psul.
2969 2629 3026 2680 ιι,
3062 2615 3151 2685 ll)
3176 2658 3191 2683 ,
3223 2630 3272 2673 et
3301 2622 3350 2676 ei
3385 2625 3475 2694 qui

1884 2685 2049 2754 aufert
2100 2687 2332 2754 spiritum
2383 2691 2666 2764 principum
2700 2713 2720 2750 :
2745 2697 2793 2752 id
2841 2710 2959 2769 est,
3008 2707 3147 2761 tollit
3189 2685 3469 2772 audaciam

1883 2774 2261 2843 superborum.
2324 2778 2551 2837 Terribili
2592 2788 2735 2855 apud
2777 2806 2916 2861 reges
2966 2803 3128 2850 terrm.
3182 2799 3472 2862 Terribiles

1883 2878 2008 2923 sunt
2050 2886 2203 2941 rcges
2244 2883 2438 2940 terrm;
2493 2878 2584 2931 sed
2618 2879 2705 2934 ille
2736 2897 2897 2952 super
2928 2901 3115 2945 omnes
3140 2932 3155 2955 ,
3183 2896 3271 2963 qui
3303 2907 3470 2955 terret

1882 2974 2037 3030 reges
2058 2970 2234 3018 terrm.
2254 2964 2378 3018 Esto
2399 2982 2489 3022 rex
2515 2977 2689 3036 terrm,
2716 2983 2766 3027 et
2785 2974 2889 3029 erit
2916 2979 3006 3031 tibi
3033 2985 3288 3041 terribilis
3304 2989 3466 3045 Deus.

1880 3048 2160 3120 Quomodo
2183 3094 2199 3120 ,
2228 3055 2430 3125 inquies
2456 3097 2472 3124 ,
2509 3074 2602 3114 ero
2628 3076 2720 3117 rex
2753 3069 2948 3123 teri-te?
2996 3070 3141 3142 Rege
3167 3084 3382 3145 terram,
3414 3092 3474 3138 et

1880 3142 1988 3198 eris
2014 3158 2108 3198 rex
2148 3154 2324 3199 terrm.
2378 3147 2492 3202 Noli
2517 3164 2645 3221 ergo
2675 3154 2925 3212 aviditate
2948 3160 3242 3231 imperandi
3267 3142 3470 3238 ponere

1882 3234 1974 3289 tibi
1999 3245 2122 3290 ante
2150 3238 2335 3293 oculos
2375 3242 2674 3309 provincias
2698 3247 2988 3307 latissimas
3008 3296 3023 3322 ,
3052 3273 3154 3327 qua
3188 3234 3281 3315 tua
3304 3280 3469 3335 regna

1878 3324 2185 3423 ditTuudas;
2228 3339 2424 3386 terram
2454 3349 2613 3403 quam
2645 3348 2826 3405 portas
2864 3358 3006 3412 rege.
3063 3324 3200 3403 Audi
3236 3324 3469 3423 Aposto-

1880 3414 1987 3470 lum
2011 3430 2279 3488 regentem
2313 3430 2510 3479 terram
2544 3443 2558 3481 :
2592 3424 2713 3482 Non
2741 3431 2816 3484 sic
2835 3435 3059 3504 pugillor
3081 3478 3093 3500 ,
3122 3445 3269 3508 quasi
3285 3414 3465 3504 'aercm

1879 3508 2174 3572 verberans;
2214 3511 2303 3565 sed
2336 3517 2528 3587 castigo
2566 3534 2751 3589 corpus
2779 3538 2977 3590 meum,
3016 3538 3061 3582 et
3099 3531 3151 3584 in
3177 3538 3466 3593 servitutem

1878 3598 2052 3669 redigo
2072 3642 2086 3662 ,
2125 3617 2187 3654 ue
2208 3606 2338 3671 forte
2363 3606 2480 3658 aliis
2521 3610 2835 3674 praedicans,
2879 3615 2987 3683 ipse
3022 3623 3261 3690 reprobus
3281 3629 3472 3699 c/Iiciar

1879 3688 1921 3757 (Ι
1945 3686 2062 3743 Cor.
2088 3705 2160 3750 ιιι.
2193 3691 2293 3757 26,
2324 3693 2441 3761 27).
2489 3698 2627 3767 Ergo
2648 3741 2661 3763 ,
2702 3700 2893 3759 fratres
2918 3709 3055 3771 mei,
3077 3686 3257 3769 estote
3362 3720 3470 3774 eir-

1876 3780 2018 3833 cuitu
2045 3781 2181 3849 ejus,
2206 3793 2261 3836 ut
2283 3798 2376 3852 per
2396 3801 2783 3862 quemcumque
2810 3796 2959 3852 vobis
2990 3800 3182 3856 veritas
3201 3810 3463 3876 senuerit,

1877 3889 1983 3928 non
2027 3873 2169 3927 illam
2198 3876 2469 3945 imputetis
2500 3880 2571 3933 illi
2604 3897 2698 3950 per
2724 3900 2881 3953 quem
2908 3902 3060 3969 sonat
3085 3909 3099 3955 ;
3135 3896 3228 3949 sed
3256 3896 3324 3953 de
3353 3873 3467 3957 me;

1876 3966 1966 4021 dio
2005 3967 2074 4021 sit
2118 3968 2366 4024 omnibus
2389 4012 2406 4035 ,
2453 3973 2573 4041 quia
2600 3976 2876 4044 :equaliter
2898 3966 3049 4035 adest
3076 3988 3343 4043 omnibus.
3394 3990 3468 4047 Et

1874 4067 2047 4114 estote
2077 4057 2327 4123 humiles,
2355 4076 2422 4116 ne
2451 4062 2602 4117 vobis
2626 4073 2681 4120 et
2709 4082 2801 4122 vos
2827 4068 2924 4138 ipsi
2952 4076 3241 4143 usui-petis,
3270 4078 3314 4132 si
3333 4080 3464 4150 quid

1874 4147 2012 4205 forte
2039 4150 2161 4206 boui
2190 4152 2331 4207 illius
2361 4153 2732 4211 intellexeritis
2762 4176 2775 4212 :
2808 4162 2928 4230 quia
2959 4172 3012 4218 et
3048 4181 3147 4220 nos
3171 4170 3312 4239 quod
3349 4147 3465 4230 iue-

1876 4241 1978 4296 lius
2009 4241 2429 4299 intelleXerinms
2451 4286 2467 4309 ,
2496 4255 2730 4302 vestrum
2757 4259 2868 4314 est,
2900 4262 2955 4308 et
2977 4256 3117 4325 quod
3148 4274 3242 4313 vos
3269 4263 3463 4319 melius

1875 4331 2272 4400 intellexeritis,
2305 4345 2548 4392 nostrum
2578 4348 2679 4404 est,
2712 4349 2767 4395 ut
2798 4342 2849 4396 in
2877 4344 3101 4402 circuitu
3129 4350 3246 4417 ejus
3269 4354 3458 4423 simus,

1873 4436 1926 4483 et
1967 4425 2192 4481 humiles
2235 4429 2423 4484 simus.
2476 4431 2650 4501 Atque
2678 4432 2747 4486 ita
2777 4435 3062 4504 perdentcs
3085 4442 3336 4510 spiritum
3362 4461 3461 4500 no-

1873 4524 2065 4584 strum,
2089 4517 2376 4575 nt't'ercmus
2398 4536 2613 4577 munera
2646 4524 2872 4580 terribili
2898 4544 3059 4600 super
3089 4545 3277 4589 omnes
3304 4551 3459 4608 rcges

1875 4616 2032 4665 terra:
2055 4650 2073 4675 ,
2108 4610 2159 4663 id
2200 4620 2282 4664 est
2326 4629 2488 4681 super
2527 4628 2716 4670 οιιιιιεε
2756 4629 3003 4687 regentes
3030 4636 3248 4680 carnem
3279 4642 3453 4694 suam,

1872 4701 1964 4756 sed
1992 4702 2259 4773 subjectus
2288 4704 2525 4760 Creatori
2557 4720 2675 4761 suo.

2179 4834 2404 4846 ἠ*-

1878 4836 2156 4847 ιη--οι-

2276 4912 2356 4972 ΙΝ
2400 4912 2778 4974 PSALMUM
2819 4914 3085 4979 LXXVI

2445 5033 2864 5091 ENARRATIO.

2397 5162 2568 5204 εειιιιο
2593 5163 2661 5203 ΔΙ)
2689 5165 2914 5205 νιεεειι.

1941 5261 1994 5317 1.
2027 5258 2178 5331 [eers.
2206 5256 2284 5331 L]
2327 5258 2520 5313 Psalmi
2575 5259 2733 5330 hujus
2774 5262 2933 5316 limen
2975 5260 3046 5315 ita
3090 5261 3439 5325 inscribitur:

1868 5353 1935 5408 In
1963 5354 2147 5423 ﬁnem,
2186 5370 2277 5424 pro
2304 5351 2546 5417 ldithuu,
2576 5353 2814 5411 Psulinus
2847 5356 2943 5427 ipsi
2974 5357 3164 5428 Asuplt.
3200 5360 3263 5414 lu
3293 5363 3445 5432 ﬁnem

1867 5448 1991 5520 quid
2017 5449 2104 5511 sit,
2129 5448 2326 5503 nostis:
2360 5445 2508 5502 Finis
2532 5450 2663 5502 enim
2686 5447 2835 5518 Legis
2859 5447 3090 5505 Christus
3112 5454 3181 5505 ad
3190 5454 3449 5524 justitiam

1869 5540 2005 5595 omni
2025 5540 2243 5594 credendi
2268 5539 2444 5614 (Rom.
2467 5556 2521 5603 ι,
2542 5540 2621 5612 4).
2648 5540 2856 5595 ldithuu
2877 5541 3253 5612 interpretatur
3276 5548 3450 5604 Trano-

1869 5633 2051 5689 sitiens
2079 5646 2204 5697 eos;
2236 5633 2411 5702 Asapb
2449 5632 2827 5703 interpretatur
2855 5633 3226 5707 Congregatiu.
3256 5639 3448 5713 Loqui-

1868 5726 2061 5788 ηενωο
2084 5739 2214 5796 ergo
2241 5724 2577 5795 congregatio
2607 5725 2941 5794 transiliens,
2973 5736 3031 5782 ut.
3068 5733 3344 5800 perveniat
3378 5737 3447 5794 ad

1928 5871 1949 5893 «ι
1980 5871 2104 5908 Tw;
2128 5866 2249 5917 \tss.,
2279 5867 2405 5907 Deus
2428 5863 2472 5905 te
2503 5858 2562 5906 tit:
2586 5857 2797 5921 puluere,
2828 5869 2921 5912 etc.

2650 5944 2837 6021 (Tren
2849 5952 3128 6019 te~ttnc.)
