  <div class='ocr_page' id='page_1' title='image "/cluster/home/n/w/nwhite01/storage/ocr_20150623/36/uva.x000827105/499.png"; bbox 0 0 3966 6466; ppageno 0'>
   <div class='ocr_carea' id='block_1_1' title="bbox 559 378 661 444">
    <p class='ocr_par' dir='ltr' id='par_1_1' title="bbox 559 378 661 444">
     <span class='ocr_line' id='line_1_1' title="bbox 559 378 661 444; baseline 0 -1"><span class='ocrx_word' id='word_1_1' title='bbox 559 378 661 444; x_wconf 70' lang='lat'><strong>97!</strong></span> 
     </span>
    </p>
   </div>
   <div class='ocr_carea' id='block_1_2' title="bbox 558 484 2145 566">
    <p class='ocr_par' dir='ltr' id='par_1_2' title="bbox 558 484 2145 566">
     <span class='ocr_line' id='line_1_2' title="bbox 558 484 2145 566; baseline -0.006 -12"><span class='ocrx_word' id='word_1_2' title='bbox 558 503 721 554; x_wconf 82' lang='lat' dir='ltr'><strong>tinem</strong></span> <span class='ocrx_word' id='word_1_3' title='bbox 746 492 836 566; x_wconf 99' lang='lat' dir='ltr'><strong>qui</strong></span> <span class='ocrx_word' id='word_1_4' title='bbox 864 500 945 549; x_wconf 89' lang='lat' dir='ltr'><strong>est</strong></span> <span class='ocrx_word' id='word_1_5' title='bbox 968 489 1211 549; x_wconf 76' lang='lat' dir='ltr'><strong>Christus</strong></span> <span class='ocrx_word' id='word_1_6' title='bbox 1230 489 1407 546; x_wconf 74' lang='lat' dir='ltr'><strong>Iesus.</strong></span> <span class='ocrx_word' id='word_1_7' title='bbox 1438 488 1568 559; x_wconf 77' lang='lat' dir='ltr'><strong>Quae</strong></span> <span class='ocrx_word' id='word_1_8' title='bbox 1601 488 1709 545; x_wconf 85' lang='lat' dir='ltr'><strong>sint</strong></span> <span class='ocrx_word' id='word_1_9' title='bbox 1738 488 1914 561; x_wconf 84' lang='lat' dir='ltr'><strong>itaque</strong></span> <span class='ocrx_word' id='word_1_10' title='bbox 1945 484 2145 545; x_wconf 83' lang='lat' dir='ltr'><strong>transi-</strong></span> 
     </span>
    </p>
   </div>
   <div class='ocr_carea' id='block_1_3' title="bbox 561 582 2145 658">
    <p class='ocr_par' dir='ltr' id='par_1_3' title="bbox 561 582 2145 658">
     <span class='ocr_line' id='line_1_3' title="bbox 561 582 2145 658; baseline -0.005 -11"><span class='ocrx_word' id='word_1_11' title='bbox 561 591 760 657; x_wconf 88' lang='lat' dir='ltr'><strong>lienda,</strong></span> <span class='ocrx_word' id='word_1_12' title='bbox 790 598 846 643; x_wconf 93' lang='lat' dir='ltr'><strong>nt</strong></span> <span class='ocrx_word' id='word_1_13' title='bbox 866 589 930 643; x_wconf 86' lang='lat' dir='ltr'><strong>ad</strong></span> <span class='ocrx_word' id='word_1_14' title='bbox 963 589 1107 643; x_wconf 89' lang='lat' dir='ltr'><strong>illum</strong></span> <span class='ocrx_word' id='word_1_15' title='bbox 1139 587 1296 642; x_wconf 87' lang='lat' dir='ltr'><strong>linem</strong></span> <span class='ocrx_word' id='word_1_16' title='bbox 1320 586 1597 658; x_wconf 81' lang='lat' dir='ltr'><strong>pervenire</strong></span> <span class='ocrx_word' id='word_1_17' title='bbox 1621 583 1903 655; x_wconf 87' lang='lat' dir='ltr'><strong>possimus,</strong></span> <span class='ocrx_word' id='word_1_18' title='bbox 1926 582 2145 653; x_wconf 75' lang='lat' dir='ltr'><strong>nbilam</strong></span> 
     </span>
    </p>
   </div>
   <div class='ocr_carea' id='block_1_4' title="bbox 561 675 2159 755">
    <p class='ocr_par' dir='ltr' id='par_1_4' title="bbox 561 675 2159 755">
     <span class='ocr_line' id='line_1_4' title="bbox 561 675 2159 755; baseline -0.003 -20"><span class='ocrx_word' id='word_1_19' title='bbox 561 683 700 755; x_wconf 85' lang='lat' dir='ltr'><strong>quod</strong></span> <span class='ocrx_word' id='word_1_20' title='bbox 750 682 1105 737; x_wconf 87' lang='lat' dir='ltr'><strong>transiliamus</strong></span> <span class='ocrx_word' id='word_1_21' title='bbox 1160 696 1263 734; x_wconf 89' lang='lat' dir='ltr'><strong>non</strong></span> <span class='ocrx_word' id='word_1_22' title='bbox 1315 677 1625 733; x_wconf 83' lang='lat' dir='ltr'><strong>habebimus</strong></span> <span class='ocrx_word' id='word_1_23' title='bbox 1653 676 1694 741; x_wconf 79' lang='grc'><strong>⁸,</strong></span> <span class='ocrx_word' id='word_1_24' title='bbox 1736 675 1929 732; x_wconf 77' lang='lat' dir='ltr'><strong>Psalmi</strong></span> <span class='ocrx_word' id='word_1_25' title='bbox 1973 682 2159 755; x_wconf 46' lang='lat' dir='ltr'><strong>textus!</strong></span> 
     </span>
    </p>
   </div>
   <div class='ocr_carea' id='block_1_5' title="bbox 568 750 2159 847">
    <p class='ocr_par' dir='ltr' id='par_1_5' title="bbox 568 750 2159 847">
     <span class='ocr_line' id='line_1_5' title="bbox 568 750 2159 847; baseline -0.008 -15"><span class='ocrx_word' id='word_1_26' title='bbox 568 750 683 847; x_wconf 76' lang='lat' dir='ltr'><strong>ipse</strong></span> <span class='ocrx_word' id='word_1_27' title='bbox 715 775 1065 829; x_wconf 89' lang='lat' dir='ltr'><strong>demonstrat.</strong></span> <span class='ocrx_word' id='word_1_28' title='bbox 1100 772 1309 827; x_wconf 86' lang='lat' dir='ltr'><strong>Etenim</strong></span> <span class='ocrx_word' id='word_1_29' title='bbox 1350 769 1547 824; x_wconf 83' lang='lat' dir='ltr'><strong>tamdiu</strong></span> <span class='ocrx_word' id='word_1_30' title='bbox 1585 766 1849 824; x_wconf 84' lang='lat' dir='ltr'><strong>transilire</strong></span> <span class='ocrx_word' id='word_1_31' title='bbox 1889 750 2159 844; x_wconf 57' lang='lat' dir='ltr'><strong>debemus:</strong></span> 
     </span>
    </p>
   </div>
   <div class='ocr_carea' id='block_1_6' title="bbox 569 858 2150 938">
    <p class='ocr_par' dir='ltr' id='par_1_6' title="bbox 569 858 2150 938">
     <span class='ocr_line' id='line_1_6' title="bbox 569 858 2150 938; baseline -0.001 -21"><span class='ocrx_word' id='word_1_32' title='bbox 569 866 819 938; x_wconf 86' lang='lat' dir='ltr'><strong>quidquid</strong></span> <span class='ocrx_word' id='word_1_33' title='bbox 844 881 941 920; x_wconf 92' lang='lat' dir='ltr'><strong>nos</strong></span> <span class='ocrx_word' id='word_1_34' title='bbox 963 864 1202 933; x_wconf 82' lang='lat' dir='ltr'><strong>impedit,</strong></span> <span class='ocrx_word' id='word_1_35' title='bbox 1229 861 1483 933; x_wconf 85' lang='lat' dir='ltr'><strong>quidquid</strong></span> <span class='ocrx_word' id='word_1_36' title='bbox 1510 859 1704 927; x_wconf 89' lang='lat' dir='ltr'><strong>irretit,</strong></span> <span class='ocrx_word' id='word_1_37' title='bbox 1727 858 1981 932; x_wconf 81' lang='lat' dir='ltr'><strong>quidquid</strong></span> <span class='ocrx_word' id='word_1_38' title='bbox 2004 858 2150 915; x_wconf 85' lang='lat' dir='ltr'><strong>visco</strong></span> 
     </span>
    </p>
   </div>
   <div class='ocr_carea' id='block_1_7' title="bbox 567 952 2146 1029">
    <p class='ocr_par' dir='ltr' id='par_1_7' title="bbox 567 952 2146 1029">
     <span class='ocr_line' id='line_1_7' title="bbox 567 952 2146 1029; baseline -0.003 -19"><span class='ocrx_word' id='word_1_39' title='bbox 567 958 795 1029; x_wconf 84' lang='lat' dir='ltr'><strong>quodam</strong></span> <span class='ocrx_word' id='word_1_40' title='bbox 829 956 991 1028; x_wconf 78' lang='lat' dir='ltr'><strong>illigat</strong></span> <span class='ocrx_word' id='word_1_41' title='bbox 1012 1000 1025 1018; x_wconf 87' lang='lat'><strong>.</strong></span> <span class='ocrx_word' id='word_1_42' title='bbox 1056 965 1110 1011; x_wconf 91' lang='lat' dir='ltr'><strong>et</strong></span> <span class='ocrx_word' id='word_1_43' title='bbox 1131 969 1297 1011; x_wconf 86' lang='lat' dir='ltr'><strong>onere</strong></span> <span class='ocrx_word' id='word_1_44' title='bbox 1320 961 1570 1026; x_wconf 68' lang='lat' dir='ltr'><strong>aggravat</strong></span> <span class='ocrx_word' id='word_1_45' title='bbox 1599 952 1831 1007; x_wconf 87' lang='lat' dir='ltr'><strong>volatum</strong></span> <span class='ocrx_word' id='word_1_46' title='bbox 1873 959 2111 1006; x_wconf 88' lang='lat' dir='ltr'><strong>nostrum</strong></span> <span class='ocrx_word' id='word_1_47' title='bbox 2130 993 2146 1017; x_wconf 93' lang='lat'><strong>,</strong></span> 
     </span>
    </p>
   </div>
   <div class='ocr_carea' id='block_1_8' title="bbox 566 1039 2156 1127">
    <p class='ocr_par' dir='ltr' id='par_1_8' title="bbox 566 1039 2156 1127">
     <span class='ocr_line' id='line_1_8' title="bbox 566 1039 2156 1127; baseline -0.005 -22"><span class='ocrx_word' id='word_1_48' title='bbox 566 1051 734 1105; x_wconf 86' lang='lat' dir='ltr'><strong>donec</strong></span> <span class='ocrx_word' id='word_1_49' title='bbox 776 1049 1146 1120; x_wconf 78' lang='lat' dir='ltr'><strong>perveniamus</strong></span> <span class='ocrx_word' id='word_1_50' title='bbox 1189 1047 1254 1101; x_wconf 90' lang='lat' dir='ltr'><strong>ad</strong></span> <span class='ocrx_word' id='word_1_51' title='bbox 1300 1046 1352 1102; x_wconf 90' lang='lat' dir='ltr'><strong>id</strong></span> <span class='ocrx_word' id='word_1_52' title='bbox 1394 1044 1536 1117; x_wconf 90' lang='lat' dir='ltr'><strong>quod</strong></span> <span class='ocrx_word' id='word_1_53' title='bbox 1572 1043 1803 1113; x_wconf 78' lang='lat' dir='ltr'><strong>sufficit,</strong></span> <span class='ocrx_word' id='word_1_54' title='bbox 1835 1044 1969 1098; x_wconf 88' lang='lat' dir='ltr'><strong>ultra</strong></span> <span class='ocrx_word' id='word_1_55' title='bbox 2010 1039 2156 1127; x_wconf 25' lang='lat' dir='ltr'><strong>quod.</strong></span> 
     </span>
    </p>
   </div>
   <div class='ocr_carea' id='block_1_9' title="bbox 564 1138 2152 1210">
    <p class='ocr_par' dir='ltr' id='par_1_9' title="bbox 564 1138 2152 1210">
     <span class='ocr_line' id='line_1_9' title="bbox 564 1138 2152 1210; baseline -0.004 -15"><span class='ocrx_word' id='word_1_56' title='bbox 564 1142 696 1196; x_wconf 83' lang='lat' dir='ltr'><strong>nihil</strong></span> <span class='ocrx_word' id='word_1_57' title='bbox 720 1151 821 1206; x_wconf 82' lang='lat' dir='ltr'><strong>est,</strong></span> <span class='ocrx_word' id='word_1_58' title='bbox 856 1140 989 1195; x_wconf 88' lang='lat' dir='ltr'><strong>infra</strong></span> <span class='ocrx_word' id='word_1_59' title='bbox 1021 1139 1162 1210; x_wconf 90' lang='lat' dir='ltr'><strong>quod</strong></span> <span class='ocrx_word' id='word_1_60' title='bbox 1195 1147 1320 1195; x_wconf 89' lang='lat' dir='ltr'><strong>sunt</strong></span> <span class='ocrx_word' id='word_1_61' title='bbox 1347 1138 1548 1203; x_wconf 86' lang='lat' dir='ltr'><strong>omnia,</strong></span> <span class='ocrx_word' id='word_1_62' title='bbox 1580 1147 1632 1193; x_wconf 83' lang='lat' dir='ltr'><strong>et</strong></span> <span class='ocrx_word' id='word_1_63' title='bbox 1659 1151 1727 1191; x_wconf 78' lang='lat' dir='ltr'><strong>ex</strong></span> <span class='ocrx_word' id='word_1_64' title='bbox 1752 1146 1858 1206; x_wconf 85' lang='lat' dir='ltr'><strong>quo</strong></span> <span class='ocrx_word' id='word_1_65' title='bbox 1886 1145 2009 1190; x_wconf 88' lang='lat' dir='ltr'><strong>sunt</strong></span> <span class='ocrx_word' id='word_1_66' title='bbox 2033 1148 2152 1190; x_wconf 86' lang='lat' dir='ltr'><strong>om-</strong></span> 
     </span>
    </p>
   </div>
   <div class='ocr_carea' id='block_1_10' title="bbox 562 1219 2156 1305">
    <p class='ocr_par' dir='ltr' id='par_1_10' title="bbox 562 1219 2156 1305">
     <span class='ocr_line' id='line_1_10' title="bbox 562 1219 2156 1305; baseline -0.005 -14"><span class='ocrx_word' id='word_1_67' title='bbox 562 1237 671 1291; x_wconf 82' lang='lat' dir='ltr'><strong>nia.</strong></span> <span class='ocrx_word' id='word_1_68' title='bbox 696 1236 904 1290; x_wconf 81' lang='lat' dir='ltr'><strong>Patrem</strong></span> <span class='ocrx_word' id='word_1_69' title='bbox 940 1234 1132 1305; x_wconf 84' lang='lat' dir='ltr'><strong>quippe</strong></span> <span class='ocrx_word' id='word_1_70' title='bbox 1172 1234 1344 1300; x_wconf 90' lang='lat' dir='ltr'><strong>ipsum</strong></span> <span class='ocrx_word' id='word_1_71' title='bbox 1375 1229 1588 1287; x_wconf 83' lang='lat' dir='ltr'><strong>volebat</strong></span> <span class='ocrx_word' id='word_1_72' title='bbox 1619 1229 1891 1301; x_wconf 83' lang='lat' dir='ltr'><strong>Philippus</strong></span> <span class='ocrx_word' id='word_1_73' title='bbox 1927 1227 2118 1284; x_wconf 86' lang='lat' dir='ltr'><strong>intueri</strong></span> <span class='ocrx_word' id='word_1_74' title='bbox 2134 1219 2156 1295; x_wconf 85' lang='lat'><strong>,&#39;</strong></span> 
     </span>
    </p>
   </div>
   <div class='ocr_carea' id='block_1_11' title="bbox 562 1317 2149 1389">
    <p class='ocr_par' dir='ltr' id='par_1_11' title="bbox 562 1317 2149 1389">
     <span class='ocr_line' id='line_1_11' title="bbox 562 1317 2149 1389; baseline -0.006 -7"><span class='ocrx_word' id='word_1_75' title='bbox 562 1336 617 1382; x_wconf 87' lang='lat' dir='ltr'><strong>et</strong></span> <span class='ocrx_word' id='word_1_76' title='bbox 638 1326 845 1380; x_wconf 83' lang='lat' dir='ltr'><strong>dicebat</strong></span> <span class='ocrx_word' id='word_1_77' title='bbox 870 1325 1096 1380; x_wconf 81' lang='lat' dir='ltr'><strong>Domitio</strong></span> <span class='ocrx_word' id='word_1_78' title='bbox 1113 1324 1239 1379; x_wconf 84' lang='lat' dir='ltr'><strong>.lesu</strong></span> <span class='ocrx_word' id='word_1_79' title='bbox 1256 1322 1470 1378; x_wconf 83' lang='lat' dir='ltr'><strong>Christo</strong></span> <span class='ocrx_word' id='word_1_80' title='bbox 1485 1364 1500 1389; x_wconf 94' lang='lat'><strong>,</strong></span> <span class='ocrx_word' id='word_1_81' title='bbox 1522 1320 1743 1377; x_wconf 76' lang='lat' dir='ltr'><strong>Ostende</strong></span> <span class='ocrx_word' id='word_1_82' title='bbox 1762 1319 1901 1376; x_wconf 85' lang='lat' dir='ltr'><strong>nobis</strong></span> <span class='ocrx_word' id='word_1_83' title='bbox 1924 1317 2149 1388; x_wconf 80' lang='lat' dir='ltr'><strong>Patrem,</strong></span> 
     </span>
    </p>
   </div>
   <div class='ocr_carea' id='block_1_12' title="bbox 563 1410 2153 1488">
    <p class='ocr_par' dir='ltr' id='par_1_12' title="bbox 563 1410 2153 1488">
     <span class='ocr_line' id='line_1_12' title="bbox 563 1410 2153 1488; baseline -0.004 -17"><span class='ocrx_word' id='word_1_84' title='bbox 563 1430 610 1471; x_wconf 80' lang='lat' dir='ltr'><strong>et</strong></span> <span class='ocrx_word' id='word_1_85' title='bbox 654 1418 834 1488; x_wconf 66' lang='lat' dir='ltr'><strong>sufﬁcit</strong></span> <span class='ocrx_word' id='word_1_86' title='bbox 866 1416 1005 1470; x_wconf 88' lang='lat' dir='ltr'><strong>nobis</strong></span> <span class='ocrx_word' id='word_1_87' title='bbox 1029 1433 1047 1480; x_wconf 90' lang='lat'><strong><em>;</em></strong></span> <span class='ocrx_word' id='word_1_88' title='bbox 1095 1426 1343 1483; x_wconf 80' lang='lat' dir='ltr'><strong>tanquam</strong></span> <span class='ocrx_word' id='word_1_89' title='bbox 1387 1413 1587 1469; x_wconf 79' lang='lat' dir='ltr'><strong>tamdiu</strong></span> <span class='ocrx_word' id='word_1_90' title='bbox 1633 1412 1706 1468; x_wconf 87' lang='lat' dir='ltr'><strong>illi</strong></span> <span class='ocrx_word' id='word_1_91' title='bbox 1753 1410 2153 1467; x_wconf 79' lang='lat' dir='ltr'><strong>transiliendum</strong></span> 
     </span>
    </p>
   </div>
   <div class='ocr_carea' id='block_1_13' title="bbox 561 1503 2151 1579">
    <p class='ocr_par' dir='ltr' id='par_1_13' title="bbox 561 1503 2151 1579">
     <span class='ocr_line' id='line_1_13' title="bbox 561 1503 2151 1579; baseline -0.001 -17"><span class='ocrx_word' id='word_1_92' title='bbox 561 1519 708 1565; x_wconf 23' lang='lat' dir='ltr'><strong>esset</strong></span> <span class='ocrx_word' id='word_1_93' title='bbox 765 1508 1021 1579; x_wconf 81' lang='lat' dir='ltr'><strong>quidquid</strong></span> <span class='ocrx_word' id='word_1_94' title='bbox 1074 1506 1219 1561; x_wconf 84' lang='lat' dir='ltr'><strong>aliud</strong></span> <span class='ocrx_word' id='word_1_95' title='bbox 1268 1513 1447 1573; x_wconf 87' lang='lat' dir='ltr'><strong>esset,</strong></span> <span class='ocrx_word' id='word_1_96' title='bbox 1504 1506 1675 1562; x_wconf 90' lang='lat' dir='ltr'><strong>donec</strong></span> <span class='ocrx_word' id='word_1_97' title='bbox 1731 1507 2036 1576; x_wconf 70' lang='lat' dir='ltr'><strong>perveniret</strong></span> <span class='ocrx_word' id='word_1_98' title='bbox 2083 1503 2151 1560; x_wconf 90' lang='lat' dir='ltr'><strong>ad</strong></span> 
     </span>
    </p>
   </div>
   <div class='ocr_carea' id='block_1_14' title="bbox 561 1595 2152 1667">
    <p class='ocr_par' dir='ltr' id='par_1_14' title="bbox 561 1595 2152 1667">
     <span class='ocr_line' id='line_1_14' title="bbox 561 1595 2152 1667; baseline -0.003 -10"><span class='ocrx_word' id='word_1_99' title='bbox 561 1602 775 1657; x_wconf 72' lang='lat' dir='ltr'><strong>Patrem</strong></span> <span class='ocrx_word' id='word_1_100' title='bbox 798 1640 811 1665; x_wconf 93' lang='lat'><strong>,</strong></span> <span class='ocrx_word' id='word_1_101' title='bbox 842 1601 926 1652; x_wconf 89' lang='lat' dir='ltr'><strong>tthi</strong></span> <span class='ocrx_word' id='word_1_102' title='bbox 957 1599 1065 1667; x_wconf 81' lang='lat' dir='ltr'><strong>jam</strong></span> <span class='ocrx_word' id='word_1_103' title='bbox 1100 1612 1318 1652; x_wconf 89' lang='lat' dir='ltr'><strong>securus</strong></span> <span class='ocrx_word' id='word_1_104' title='bbox 1346 1598 1622 1652; x_wconf 78' lang='lat' dir='ltr'><strong>assisteret</strong></span> <span class='ocrx_word' id='word_1_105' title='bbox 1649 1638 1664 1663; x_wconf 93' lang='lat'><strong>,</strong></span> <span class='ocrx_word' id='word_1_106' title='bbox 1698 1606 1752 1651; x_wconf 92' lang='lat' dir='ltr'><strong>et</strong></span> <span class='ocrx_word' id='word_1_107' title='bbox 1777 1595 1903 1667; x_wconf 90' lang='lat' dir='ltr'><strong>quid</strong></span> <span class='ocrx_word' id='word_1_108' title='bbox 1929 1596 1977 1652; x_wconf 89' lang='lat' dir='ltr'><strong>ei</strong></span> <span class='ocrx_word' id='word_1_109' title='bbox 2011 1596 2152 1652; x_wconf 81' lang='lat' dir='ltr'><strong>ultra</strong></span> 
     </span>
    </p>
   </div>
   <div class='ocr_carea' id='block_1_15' title="bbox 561 1682 2152 1761">
    <p class='ocr_par' dir='ltr' id='par_1_15' title="bbox 561 1682 2152 1761">
     <span class='ocr_line' id='line_1_15' title="bbox 561 1682 2152 1761; baseline -0.003 -14"><span class='ocrx_word' id='word_1_110' title='bbox 561 1691 936 1761; x_wconf 74' lang='lat' dir='ltr'><strong>requirendum</strong></span> <span class='ocrx_word' id='word_1_111' title='bbox 959 1698 1098 1745; x_wconf 88' lang='lat' dir='ltr'><strong>esset</strong></span> <span class='ocrx_word' id='word_1_112' title='bbox 1125 1688 1455 1744; x_wconf 86' lang='lat' dir='ltr'><strong>nonhaberet</strong></span> <span class='ocrx_word' id='word_1_113' title='bbox 1480 1708 1493 1743; x_wconf 90' lang='lat'><strong>:</strong></span> <span class='ocrx_word' id='word_1_114' title='bbox 1514 1691 1615 1744; x_wconf 90' lang='lat' dir='ltr'><strong>hoc</strong></span> <span class='ocrx_word' id='word_1_115' title='bbox 1637 1697 1720 1744; x_wconf 91' lang='lat' dir='ltr'><strong>est</strong></span> <span class='ocrx_word' id='word_1_116' title='bbox 1738 1690 1901 1753; x_wconf 82' lang='lat' dir='ltr'><strong>cnim,</strong></span> <span class='ocrx_word' id='word_1_117' title='bbox 1933 1682 2152 1760; x_wconf 70' lang='lat' dir='ltr'><strong>Sufﬁcit.</strong></span> 
     </span>
    </p>
   </div>
   <div class='ocr_carea' id='block_1_16' title="bbox 563 1776 2157 1851">
    <p class='ocr_par' dir='ltr' id='par_1_16' title="bbox 563 1776 2157 1851">
     <span class='ocr_line' id='line_1_16' title="bbox 563 1776 2157 1851; baseline -0.001 -16"><span class='ocrx_word' id='word_1_118' title='bbox 563 1782 763 1837; x_wconf 67' lang='lat' dir='ltr'><strong>Verum</strong></span> <span class='ocrx_word' id='word_1_119' title='bbox 784 1782 871 1836; x_wconf 88' lang='lat' dir='ltr'><strong>ille</strong></span> <span class='ocrx_word' id='word_1_120' title='bbox 902 1782 989 1850; x_wconf 88' lang='lat' dir='ltr'><strong>qtti</strong></span> <span class='ocrx_word' id='word_1_121' title='bbox 1019 1781 1293 1836; x_wconf 76' lang='lat' dir='ltr'><strong>verissime</strong></span> <span class='ocrx_word' id='word_1_122' title='bbox 1321 1779 1548 1842; x_wconf 79' lang='lat' dir='ltr'><strong>dixerat,</strong></span> <span class='ocrx_word' id='word_1_123' title='bbox 1586 1776 1698 1851; x_wconf 79' lang='lat' dir='ltr'><strong>Ego</strong></span> <span class='ocrx_word' id='word_1_124' title='bbox 1727 1788 1774 1834; x_wconf 87' lang='lat' dir='ltr'><strong>ct</strong></span> <span class='ocrx_word' id='word_1_125' title='bbox 1806 1777 1964 1835; x_wconf 75' lang='lat' dir='ltr'><strong>Pater</strong></span> <span class='ocrx_word' id='word_1_126' title='bbox 2001 1794 2157 1834; x_wconf 81' lang='lat' dir='ltr'><strong>unum</strong></span> 
     </span>
    </p>
   </div>
   <div class='ocr_carea' id='block_1_17' title="bbox 562 1867 2157 1941">
    <p class='ocr_par' dir='ltr' id='par_1_17' title="bbox 562 1867 2157 1941">
     <span class='ocr_line' id='line_1_17' title="bbox 562 1867 2157 1941; baseline -0.001 -15"><span class='ocrx_word' id='word_1_127' title='bbox 562 1886 736 1927; x_wconf 85' lang='lat' dir='ltr'><strong>sumus</strong></span> <span class='ocrx_word' id='word_1_128' title='bbox 756 1871 929 1940; x_wconf 83' lang='lat' dir='ltr'><strong>(Joatt.</strong></span> <span class='ocrx_word' id='word_1_129' title='bbox 961 1886 1012 1934; x_wconf 69' lang='grc' dir='ltr'><strong>χ,</strong></span> <span class='ocrx_word' id='word_1_130' title='bbox 1043 1870 1154 1941; x_wconf 77' lang='lat'><strong>50),</strong></span> <span class='ocrx_word' id='word_1_131' title='bbox 1200 1869 1474 1924; x_wconf 77' lang='lat' dir='ltr'><strong>admonuit</strong></span> <span class='ocrx_word' id='word_1_132' title='bbox 1513 1867 1842 1938; x_wconf 80' lang='lat' dir='ltr'><strong>Philippum,</strong></span> <span class='ocrx_word' id='word_1_133' title='bbox 1870 1868 2157 1940; x_wconf 80' lang='lat' dir='ltr'><strong>docuitque</strong></span> 
     </span>
    </p>
   </div>
   <div class='ocr_carea' id='block_1_18' title="bbox 564 1960 2155 2032">
    <p class='ocr_par' dir='ltr' id='par_1_18' title="bbox 564 1960 2155 2032">
     <span class='ocr_line' id='line_1_18' title="bbox 564 1960 2155 2032; baseline -0.001 -14"><span class='ocrx_word' id='word_1_134' title='bbox 564 1980 779 2019; x_wconf 85' lang='lat' dir='ltr'><strong>munem</strong></span> <span class='ocrx_word' id='word_1_135' title='bbox 815 1965 1084 2019; x_wconf 87' lang='lat' dir='ltr'><strong>hominem</strong></span> <span class='ocrx_word' id='word_1_136' title='bbox 1115 1962 1203 2032; x_wconf 89' lang='lat' dir='ltr'><strong>qui</strong></span> <span class='ocrx_word' id='word_1_137' title='bbox 1234 1960 1503 2018; x_wconf 85' lang='lat' dir='ltr'><strong>Christum</strong></span> <span class='ocrx_word' id='word_1_138' title='bbox 1535 1961 1879 2032; x_wconf 79' lang='lat' dir='ltr'><strong>intelligeret,</strong></span> <span class='ocrx_word' id='word_1_139' title='bbox 1910 1961 2070 2016; x_wconf 88' lang='lat' dir='ltr'><strong>etiam</strong></span> <span class='ocrx_word' id='word_1_140' title='bbox 2102 1961 2155 2016; x_wconf 90' lang='lat' dir='ltr'><strong>in</strong></span> 
     </span>
    </p>
   </div>
   <div class='ocr_carea' id='block_1_19' title="bbox 559 2052 2152 2127">
    <p class='ocr_par' dir='ltr' id='par_1_19' title="bbox 559 2052 2152 2127">
     <span class='ocr_line' id='line_1_19' title="bbox 559 2052 2152 2127; baseline -0.004 -14"><span class='ocrx_word' id='word_1_141' title='bbox 559 2075 626 2113; x_wconf 88' lang='lat' dir='ltr'><strong>eo</strong></span> <span class='ocrx_word' id='word_1_142' title='bbox 647 2059 839 2113; x_wconf 71' lang='lat' dir='ltr'><strong>habere</strong></span> <span class='ocrx_word' id='word_1_143' title='bbox 865 2060 1043 2117; x_wconf 86' lang='lat' dir='ltr'><strong>tinem,</strong></span> <span class='ocrx_word' id='word_1_144' title='bbox 1064 2056 1185 2127; x_wconf 90' lang='lat' dir='ltr'><strong>quia</strong></span> <span class='ocrx_word' id='word_1_145' title='bbox 1210 2056 1325 2125; x_wconf 88' lang='lat' dir='ltr'><strong>ipse</strong></span> <span class='ocrx_word' id='word_1_146' title='bbox 1341 2064 1395 2110; x_wconf 91' lang='lat' dir='ltr'><strong>et</strong></span> <span class='ocrx_word' id='word_1_147' title='bbox 1418 2054 1576 2109; x_wconf 85' lang='lat' dir='ltr'><strong>Pater</strong></span> <span class='ocrx_word' id='word_1_148' title='bbox 1596 2068 1759 2110; x_wconf 85' lang='lat' dir='ltr'><strong>unum</strong></span> <span class='ocrx_word' id='word_1_149' title='bbox 1786 2062 1910 2108; x_wconf 89' lang='lat' dir='ltr'><strong>sunt</strong></span> <span class='ocrx_word' id='word_1_150' title='bbox 1932 2072 1942 2083; x_wconf 82' lang='grc'>·</span> <span class='ocrx_word' id='word_1_151' title='bbox 1969 2052 2152 2121; x_wconf 85' lang='lat' dir='ltr'><strong>Tanto,</strong></span> 
     </span>
    </p>
   </div>
   <div class='ocr_carea' id='block_1_20' title="bbox 559 2144 2158 2221">
    <p class='ocr_par' dir='ltr' id='par_1_20' title="bbox 559 2144 2158 2221">
     <span class='ocr_line' id='line_1_20' title="bbox 559 2144 2158 2221; baseline -0.006 -14"><span class='ocrx_word' id='word_1_152' title='bbox 559 2153 752 2221; x_wconf 82' lang='lat' dir='ltr'><strong>inquit,</strong></span> <span class='ocrx_word' id='word_1_153' title='bbox 783 2160 1003 2221; x_wconf 67' lang='lat' dir='ltr'><strong>tempore</strong></span> <span class='ocrx_word' id='word_1_154' title='bbox 1031 2149 1283 2202; x_wconf 76' lang='lat' dir='ltr'><strong>vobiscum</strong></span> <span class='ocrx_word' id='word_1_155' title='bbox 1309 2163 1440 2210; x_wconf 82' lang='lat' dir='ltr'><strong>sunt,</strong></span> <span class='ocrx_word' id='word_1_156' title='bbox 1467 2152 1513 2199; x_wconf 85' lang='lat' dir='ltr'><strong>et</strong></span> <span class='ocrx_word' id='word_1_157' title='bbox 1540 2161 1641 2199; x_wconf 86' lang='lat' dir='ltr'><strong>non</strong></span> <span class='ocrx_word' id='word_1_158' title='bbox 1665 2146 1861 2200; x_wconf 80' lang='lat' dir='ltr'><strong>uidistis</strong></span> <span class='ocrx_word' id='word_1_159' title='bbox 1880 2162 1957 2199; x_wconf 87' lang='lat' dir='ltr'><strong>me</strong></span> <span class='ocrx_word' id='word_1_160' title='bbox 1978 2147 2005 2201; x_wconf 72' lang='lat'><strong>.9</strong></span> <span class='ocrx_word' id='word_1_161' title='bbox 2031 2144 2158 2199; x_wconf 81' lang='lat' dir='ltr'><strong>Phi-</strong></span> 
     </span>
    </p>
   </div>
   <div class='ocr_carea' id='block_1_21' title="bbox 561 2238 2152 2315">
    <p class='ocr_par' dir='ltr' id='par_1_21' title="bbox 561 2238 2152 2315">
     <span class='ocr_line' id='line_1_21' title="bbox 561 2238 2152 2315; baseline -0.001 -18"><span class='ocrx_word' id='word_1_162' title='bbox 561 2246 716 2315; x_wconf 76' lang='lat' dir='ltr'><strong>lippe,</strong></span> <span class='ocrx_word' id='word_1_163' title='bbox 761 2246 845 2313; x_wconf 87' lang='lat' dir='ltr'><strong>qtti</strong></span> <span class='ocrx_word' id='word_1_164' title='bbox 896 2260 971 2298; x_wconf 84' lang='lat' dir='ltr'><strong>me</strong></span> <span class='ocrx_word' id='word_1_165' title='bbox 1014 2244 1167 2304; x_wconf 78' lang='lat' dir='ltr'><strong>videt,</strong></span> <span class='ocrx_word' id='word_1_166' title='bbox 1216 2241 1347 2295; x_wconf 80' lang='lat' dir='ltr'><strong>videt</strong></span> <span class='ocrx_word' id='word_1_167' title='bbox 1383 2249 1428 2294; x_wconf 82' lang='lat' dir='ltr'><strong>et</strong></span> <span class='ocrx_word' id='word_1_168' title='bbox 1471 2238 1680 2294; x_wconf 82' lang='lat' dir='ltr'><strong>Patrem</strong></span> <span class='ocrx_word' id='word_1_169' title='bbox 1710 2238 1822 2311; x_wconf 77' lang='lat' dir='ltr'><strong>(Id.</strong></span> <span class='ocrx_word' id='word_1_170' title='bbox 1851 2252 1960 2305; x_wconf 79' lang='lat' dir='ltr'><strong>xtv,</strong></span> <span class='ocrx_word' id='word_1_171' title='bbox 1994 2240 2045 2303; x_wconf 88' lang='lat'><strong>8,</strong></span> <span class='ocrx_word' id='word_1_172' title='bbox 2071 2238 2152 2309; x_wconf 91' lang='lat'><strong>9).</strong></span> 
     </span>
    </p>
   </div>
   <div class='ocr_carea' id='block_1_22' title="bbox 558 2332 2149 2407">
    <p class='ocr_par' dir='ltr' id='par_1_22' title="bbox 558 2332 2149 2407">
     <span class='ocr_line' id='line_1_22' title="bbox 558 2332 2149 2407; baseline 0.001 -20"><span class='ocrx_word' id='word_1_173' title='bbox 558 2335 814 2406; x_wconf 85' lang='lat' dir='ltr'><strong>Quisquis</strong></span> <span class='ocrx_word' id='word_1_174' title='bbox 841 2352 969 2406; x_wconf 79' lang='lat' dir='ltr'><strong>ergo</strong></span> <span class='ocrx_word' id='word_1_175' title='bbox 997 2335 1184 2407; x_wconf 62' lang='lat' dir='ltr'><strong>psalmi</strong></span> <span class='ocrx_word' id='word_1_176' title='bbox 1215 2333 1370 2403; x_wconf 89' lang='lat' dir='ltr'><strong>hujus</strong></span> <span class='ocrx_word' id='word_1_177' title='bbox 1392 2334 1625 2387; x_wconf 89' lang='lat' dir='ltr'><strong>animum</strong></span> <span class='ocrx_word' id='word_1_178' title='bbox 1643 2335 1665 2365; x_wconf 81' lang='lat'>&#39;</span> <span class='ocrx_word' id='word_1_179' title='bbox 1687 2333 1906 2398; x_wconf 85' lang='lat' dir='ltr'><strong>sentire,</strong></span> <span class='ocrx_word' id='word_1_180' title='bbox 1939 2332 2149 2400; x_wconf 88' lang='lat' dir='ltr'><strong>imitari,</strong></span> 
     </span>
    </p>
   </div>
   <div class='ocr_carea' id='block_1_23' title="bbox 566 2424 2149 2493">
    <p class='ocr_par' dir='ltr' id='par_1_23' title="bbox 566 2424 2149 2493">
     <span class='ocr_line' id='line_1_23' title="bbox 566 2424 2149 2493; baseline -0.001 -13"><span class='ocrx_word' id='word_1_181' title='bbox 566 2436 750 2482; x_wconf 83' lang='lat' dir='ltr'><strong>tenere</strong></span> <span class='ocrx_word' id='word_1_182' title='bbox 803 2427 907 2480; x_wconf 79' lang='lat' dir='ltr'><strong>vnit</strong></span> <span class='ocrx_word' id='word_1_183' title='bbox 941 2469 954 2492; x_wconf 96' lang='lat'><strong>,</strong></span> <span class='ocrx_word' id='word_1_184' title='bbox 1013 2427 1191 2479; x_wconf 85' lang='lat' dir='ltr'><strong>omnia</strong></span> <span class='ocrx_word' id='word_1_185' title='bbox 1245 2424 1511 2478; x_wconf 82' lang='lat' dir='ltr'><strong>desideria</strong></span> <span class='ocrx_word' id='word_1_186' title='bbox 1561 2424 1789 2478; x_wconf 78' lang='lat' dir='ltr'><strong>carnalia</strong></span> <span class='ocrx_word' id='word_1_187' title='bbox 1851 2424 2149 2493; x_wconf 83' lang='lat' dir='ltr'><strong>transiliat,</strong></span> 
     </span>
    </p>
   </div>
   <div class='ocr_carea' id='block_1_24' title="bbox 562 2513 2147 2593">
    <p class='ocr_par' dir='ltr' id='par_1_24' title="bbox 562 2513 2147 2593">
     <span class='ocr_line' id='line_1_24' title="bbox 562 2513 2147 2593; baseline 0 -22"><span class='ocrx_word' id='word_1_188' title='bbox 562 2517 853 2583; x_wconf 75' lang='lat' dir='ltr'><strong>surculique</strong></span> <span class='ocrx_word' id='word_1_189' title='bbox 881 2516 1037 2582; x_wconf 84' lang='lat' dir='ltr'><strong>hujus</strong></span> <span class='ocrx_word' id='word_1_190' title='bbox 1067 2530 1311 2583; x_wconf 81' lang='lat' dir='ltr'><strong>pompam</strong></span> <span class='ocrx_word' id='word_1_191' title='bbox 1338 2525 1391 2569; x_wconf 89' lang='lat' dir='ltr'><strong>et</strong></span> <span class='ocrx_word' id='word_1_192' title='bbox 1418 2513 1723 2570; x_wconf 85' lang='lat' dir='ltr'><strong>illecebratn</strong></span> <span class='ocrx_word' id='word_1_193' title='bbox 1745 2515 1914 2570; x_wconf 87' lang='lat' dir='ltr'><strong>calcet</strong></span> <span class='ocrx_word' id='word_1_194' title='bbox 1940 2558 1954 2581; x_wconf 90' lang='lat'><strong>,</strong></span> <span class='ocrx_word' id='word_1_195' title='bbox 1983 2514 2147 2593; x_wconf 34' lang='lat' dir='ltr'><strong>nihil:</strong></span> 
     </span>
    </p>
   </div>
   <div class='ocr_carea' id='block_1_25' title="bbox 555 2606 2154 2678">
    <p class='ocr_par' dir='ltr' id='par_1_25' title="bbox 555 2606 2154 2678">
     <span class='ocr_line' id='line_1_25' title="bbox 555 2606 2154 2678; baseline 0.001 -17"><span class='ocrx_word' id='word_1_196' title='bbox 555 2623 666 2677; x_wconf 81' lang='lat' dir='ltr'><strong>que</strong></span> <span class='ocrx_word' id='word_1_197' title='bbox 695 2607 791 2661; x_wconf 86' lang='lat' dir='ltr'><strong>sibi</strong></span> <span class='ocrx_word' id='word_1_198' title='bbox 817 2606 957 2661; x_wconf 83' lang='lat' dir='ltr'><strong>aliud</strong></span> <span class='ocrx_word' id='word_1_199' title='bbox 986 2616 1247 2675; x_wconf 79' lang='lat' dir='ltr'><strong>proponat</strong></span> <span class='ocrx_word' id='word_1_200' title='bbox 1272 2606 1358 2658; x_wconf 91' lang='lat' dir='ltr'><strong>ubi</strong></span> <span class='ocrx_word' id='word_1_201' title='bbox 1380 2606 1653 2671; x_wconf 58' lang='lat' dir='ltr'><strong>consistat,</strong></span> <span class='ocrx_word' id='word_1_202' title='bbox 1681 2606 1780 2661; x_wconf 90' lang='lat' dir='ltr'><strong>nisi</strong></span> <span class='ocrx_word' id='word_1_203' title='bbox 1808 2622 1870 2660; x_wconf 82' lang='lat' dir='ltr'><strong>ex</strong></span> <span class='ocrx_word' id='word_1_204' title='bbox 1895 2620 2000 2678; x_wconf 84' lang='lat' dir='ltr'><strong>quo</strong></span> <span class='ocrx_word' id='word_1_205' title='bbox 2029 2614 2154 2664; x_wconf 90' lang='lat' dir='ltr'><strong>sunt</strong></span> 
     </span>
    </p>
   </div>
   <div class='ocr_carea' id='block_1_26' title="bbox 560 2695 2153 2767">
    <p class='ocr_par' dir='ltr' id='par_1_26' title="bbox 560 2695 2153 2767">
     <span class='ocr_line' id='line_1_26' title="bbox 560 2695 2153 2767; baseline 0.001 -14"><span class='ocrx_word' id='word_1_206' title='bbox 560 2701 739 2753; x_wconf 76' lang='lat' dir='ltr'><strong>munia</strong></span> <span class='ocrx_word' id='word_1_207' title='bbox 771 2714 784 2751; x_wconf 91' lang='lat'><strong>:</strong></span> <span class='ocrx_word' id='word_1_208' title='bbox 817 2698 866 2751; x_wconf 92' lang='lat' dir='ltr'><strong>in</strong></span> <span class='ocrx_word' id='word_1_209' title='bbox 898 2698 1087 2767; x_wconf 88' lang='lat' dir='ltr'><strong>quibus</strong></span> <span class='ocrx_word' id='word_1_210' title='bbox 1115 2695 1363 2752; x_wconf 90' lang='lat' dir='ltr'><strong>omnibus</strong></span> <span class='ocrx_word' id='word_1_211' title='bbox 1399 2698 1561 2753; x_wconf 85' lang='lat' dir='ltr'><strong>etiam</strong></span> <span class='ocrx_word' id='word_1_212' title='bbox 1591 2697 1703 2766; x_wconf 86' lang='lat' dir='ltr'><strong>ipse</strong></span> <span class='ocrx_word' id='word_1_213' title='bbox 1744 2696 1947 2752; x_wconf 78' lang='lat' dir='ltr'><strong>laborat</strong></span> <span class='ocrx_word' id='word_1_214' title='bbox 1982 2697 2153 2754; x_wconf 85' lang='lat' dir='ltr'><strong>donec</strong></span> 
     </span>
    </p>
   </div>
   <div class='ocr_carea' id='block_1_27' title="bbox 558 2784 2149 2857">
    <p class='ocr_par' dir='ltr' id='par_1_27' title="bbox 558 2784 2149 2857">
     <span class='ocr_line' id='line_1_27' title="bbox 558 2784 2149 2857; baseline 0.001 -16"><span class='ocrx_word' id='word_1_215' title='bbox 558 2787 625 2842; x_wconf 89' lang='lat' dir='ltr'><strong>ad</strong></span> <span class='ocrx_word' id='word_1_216' title='bbox 654 2788 810 2841; x_wconf 85' lang='lat' dir='ltr'><strong>tinem</strong></span> <span class='ocrx_word' id='word_1_217' title='bbox 840 2787 1125 2857; x_wconf 83' lang='lat' dir='ltr'><strong>perveniat.</strong></span> <span class='ocrx_word' id='word_1_218' title='bbox 1156 2784 1294 2852; x_wconf 84' lang='lat' dir='ltr'><strong>Quid</strong></span> <span class='ocrx_word' id='word_1_219' title='bbox 1319 2786 1477 2841; x_wconf 91' lang='lat' dir='ltr'><strong>nobis</strong></span> <span class='ocrx_word' id='word_1_220' title='bbox 1501 2801 1628 2857; x_wconf 81' lang='lat' dir='ltr'><strong>ergo</strong></span> <span class='ocrx_word' id='word_1_221' title='bbox 1658 2786 1853 2842; x_wconf 88' lang='lat' dir='ltr'><strong>indicat</strong></span> <span class='ocrx_word' id='word_1_222' title='bbox 1873 2787 1975 2842; x_wconf 90' lang='lat' dir='ltr'><strong>iste</strong></span> <span class='ocrx_word' id='word_1_223' title='bbox 1999 2799 2149 2843; x_wconf 84' lang='lat' dir='ltr'><strong>tran-</strong></span> 
     </span>
    </p>
   </div>
   <div class='ocr_carea' id='block_1_28' title="bbox 561 2879 790 2935">
    <p class='ocr_par' dir='ltr' id='par_1_28' title="bbox 561 2879 790 2935">
     <span class='ocr_line' id='line_1_28' title="bbox 561 2879 790 2935; baseline -0.009 -1"><span class='ocrx_word' id='word_1_224' title='bbox 561 2879 790 2935; x_wconf 85' lang='lat' dir='ltr'><strong>siiiens?</strong></span> 
     </span>
    </p>
   </div>
   <div class='ocr_carea' id='block_1_29' title="bbox 628 2966 2151 3043">
    <p class='ocr_par' dir='ltr' id='par_1_29' title="bbox 628 2966 2151 3043">
     <span class='ocr_line' id='line_1_29' title="bbox 628 2966 2151 3043; baseline 0.002 -18"><span class='ocrx_word' id='word_1_225' title='bbox 628 2972 683 3025; x_wconf 61' lang='grc' dir='ltr'><strong>Ω.</strong></span> <span class='ocrx_word' id='word_1_226' title='bbox 717 2969 867 3043; x_wconf 71' lang='grc' dir='ltr'><strong>[νει-ε.</strong></span> <span class='ocrx_word' id='word_1_227' title='bbox 901 2969 997 3043; x_wconf 70' lang='grc'><strong>2.]</strong></span> <span class='ocrx_word' id='word_1_228' title='bbox 1034 2968 1165 3023; x_wconf 82' lang='lat' dir='ltr'><strong>Voce</strong></span> <span class='ocrx_word' id='word_1_229' title='bbox 1202 2984 1340 3035; x_wconf 82' lang='lat' dir='ltr'><strong>meo,</strong></span> <span class='ocrx_word' id='word_1_230' title='bbox 1368 2969 1565 3041; x_wconf 86' lang='lat' dir='ltr'><strong>inquit,</strong></span> <span class='ocrx_word' id='word_1_231' title='bbox 1606 2970 1674 3023; x_wconf 86' lang='lat' dir='ltr'><strong>ad</strong></span> <span class='ocrx_word' id='word_1_232' title='bbox 1700 2966 1971 3025; x_wconf 85' lang='lat' dir='ltr'><strong>Dominum</strong></span> <span class='ocrx_word' id='word_1_233' title='bbox 1996 2972 2017 3004; x_wconf 82' lang='grc'>³</span> <span class='ocrx_word' id='word_1_234' title='bbox 2042 2973 2151 3028; x_wconf 80' lang='lat' dir='ltr'><strong>cla-</strong></span> 
     </span>
    </p>
   </div>
   <div class='ocr_carea' id='block_1_30' title="bbox 559 3062 2155 3134">
    <p class='ocr_par' dir='ltr' id='par_1_30' title="bbox 559 3062 2155 3134">
     <span class='ocr_line' id='line_1_30' title="bbox 559 3062 2155 3134; baseline 0.003 -17"><span class='ocrx_word' id='word_1_235' title='bbox 559 3066 712 3118; x_wconf 83' lang='lat' dir='ltr'><strong>mavi.</strong></span> <span class='ocrx_word' id='word_1_236' title='bbox 737 3064 839 3119; x_wconf 87' lang='lat' dir='ltr'><strong>Sed</strong></span> <span class='ocrx_word' id='word_1_237' title='bbox 870 3064 1018 3118; x_wconf 90' lang='lat' dir='ltr'><strong>multi</strong></span> <span class='ocrx_word' id='word_1_238' title='bbox 1042 3064 1276 3117; x_wconf 80' lang='lat' dir='ltr'><strong>clamant</strong></span> <span class='ocrx_word' id='word_1_239' title='bbox 1306 3062 1370 3116; x_wconf 87' lang='lat' dir='ltr'><strong>ad</strong></span> <span class='ocrx_word' id='word_1_240' title='bbox 1405 3063 1691 3118; x_wconf 90' lang='lat' dir='ltr'><strong>Dominum</strong></span> <span class='ocrx_word' id='word_1_241' title='bbox 1717 3080 1815 3134; x_wconf 90' lang='lat' dir='ltr'><strong>pro</strong></span> <span class='ocrx_word' id='word_1_242' title='bbox 1841 3064 2041 3120; x_wconf 80' lang='lat' dir='ltr'><strong>divitiis</strong></span> <span class='ocrx_word' id='word_1_243' title='bbox 2070 3078 2155 3122; x_wconf 38' lang='lat' dir='ltr'><strong>aes</strong></span> 
     </span>
    </p>
   </div>
   <div class='ocr_carea' id='block_1_31' title="bbox 555 3153 2147 3226">
    <p class='ocr_par' dir='ltr' id='par_1_31' title="bbox 555 3153 2147 3226">
     <span class='ocr_line' id='line_1_31' title="bbox 555 3153 2147 3226; baseline 0.003 -17"><span class='ocrx_word' id='word_1_244' title='bbox 555 3156 827 3226; x_wconf 85' lang='lat' dir='ltr'><strong>quirendis</strong></span> <span class='ocrx_word' id='word_1_245' title='bbox 851 3155 1164 3225; x_wconf 57' lang='lat' dir='ltr'><strong>damnis-que</strong></span> <span class='ocrx_word' id='word_1_246' title='bbox 1203 3153 1503 3209; x_wconf 86' lang='lat' dir='ltr'><strong>devitandis</strong></span> <span class='ocrx_word' id='word_1_247' title='bbox 1527 3196 1541 3218; x_wconf 88' lang='lat'><strong>,</strong></span> <span class='ocrx_word' id='word_1_248' title='bbox 1571 3170 1667 3223; x_wconf 88' lang='lat' dir='ltr'><strong>pro</strong></span> <span class='ocrx_word' id='word_1_249' title='bbox 1694 3172 1909 3211; x_wconf 82' lang='lat' dir='ltr'><strong>suorum</strong></span> <span class='ocrx_word' id='word_1_250' title='bbox 1938 3156 2147 3226; x_wconf 81' lang='lat' dir='ltr'><strong>salute,</strong></span> 
     </span>
    </p>
   </div>
   <div class='ocr_carea' id='block_1_32' title="bbox 555 3244 2146 3320">
    <p class='ocr_par' dir='ltr' id='par_1_32' title="bbox 555 3244 2146 3320">
     <span class='ocr_line' id='line_1_32' title="bbox 555 3244 2146 3320; baseline 0.001 -18"><span class='ocrx_word' id='word_1_251' title='bbox 555 3264 654 3319; x_wconf 86' lang='lat' dir='ltr'><strong>pro</strong></span> <span class='ocrx_word' id='word_1_252' title='bbox 682 3248 968 3301; x_wconf 80' lang='lat' dir='ltr'><strong>stabilitate</strong></span> <span class='ocrx_word' id='word_1_253' title='bbox 996 3247 1189 3301; x_wconf 75' lang='lat' dir='ltr'><strong>domus</strong></span> <span class='ocrx_word' id='word_1_254' title='bbox 1225 3260 1358 3313; x_wconf 64' lang='lat' dir='ltr'><strong>sunt,</strong></span> <span class='ocrx_word' id='word_1_255' title='bbox 1404 3258 1499 3317; x_wconf 87' lang='lat' dir='ltr'><strong>pro</strong></span> <span class='ocrx_word' id='word_1_256' title='bbox 1539 3244 1788 3303; x_wconf 85' lang='lat' dir='ltr'><strong>felicitate</strong></span> <span class='ocrx_word' id='word_1_257' title='bbox 1823 3248 2146 3320; x_wconf 90' lang='lat' dir='ltr'><strong>temporali,</strong></span> 
     </span>
    </p>
   </div>
   <div class='ocr_carea' id='block_1_33' title="bbox 556 3338 2145 3409">
    <p class='ocr_par' dir='ltr' id='par_1_33' title="bbox 556 3338 2145 3409">
     <span class='ocr_line' id='line_1_33' title="bbox 556 3338 2145 3409; baseline 0.001 -17"><span class='ocrx_word' id='word_1_258' title='bbox 556 3354 654 3409; x_wconf 85' lang='lat' dir='ltr'><strong>pro</strong></span> <span class='ocrx_word' id='word_1_259' title='bbox 682 3339 938 3408; x_wconf 78' lang='lat' dir='ltr'><strong>dignitate</strong></span> <span class='ocrx_word' id='word_1_260' title='bbox 978 3338 1255 3399; x_wconf 61' lang='lat' dir='ltr'><strong>Saeculari;</strong></span> <span class='ocrx_word' id='word_1_261' title='bbox 1287 3348 1561 3407; x_wconf 87' lang='lat' dir='ltr'><strong>postremo</strong></span> <span class='ocrx_word' id='word_1_262' title='bbox 1588 3352 1684 3407; x_wconf 90' lang='lat' dir='ltr'><strong>pro</strong></span> <span class='ocrx_word' id='word_1_263' title='bbox 1718 3339 1829 3408; x_wconf 86' lang='lat' dir='ltr'><strong>ipsa</strong></span> <span class='ocrx_word' id='word_1_264' title='bbox 1857 3340 2018 3395; x_wconf 88' lang='lat' dir='ltr'><strong>etiam</strong></span> <span class='ocrx_word' id='word_1_265' title='bbox 2054 3354 2145 3397; x_wconf 85' lang='lat' dir='ltr'><strong>sa-</strong></span> 
     </span>
    </p>
   </div>
   <div class='ocr_carea' id='block_1_34' title="bbox 556 3428 2149 3500">
    <p class='ocr_par' dir='ltr' id='par_1_34' title="bbox 556 3428 2149 3500">
     <span class='ocr_line' id='line_1_34' title="bbox 556 3428 2149 3500; baseline 0.003 -16"><span class='ocrx_word' id='word_1_266' title='bbox 556 3428 667 3484; x_wconf 85' lang='lat' dir='ltr'><strong>lute</strong></span> <span class='ocrx_word' id='word_1_267' title='bbox 693 3429 959 3497; x_wconf 81' lang='lat' dir='ltr'><strong>corporis,</strong></span> <span class='ocrx_word' id='word_1_268' title='bbox 993 3444 1112 3497; x_wconf 71' lang='lat' dir='ltr'><strong>qum</strong></span> <span class='ocrx_word' id='word_1_269' title='bbox 1137 3428 1511 3496; x_wconf 80' lang='lat' dir='ltr'><strong>patrimonium</strong></span> <span class='ocrx_word' id='word_1_270' title='bbox 1533 3437 1615 3483; x_wconf 88' lang='lat' dir='ltr'><strong>est</strong></span> <span class='ocrx_word' id='word_1_271' title='bbox 1645 3431 1909 3500; x_wconf 85' lang='lat' dir='ltr'><strong>pauperis.</strong></span> <span class='ocrx_word' id='word_1_272' title='bbox 1936 3430 2042 3488; x_wconf 89' lang='lat' dir='ltr'><strong>Pro</strong></span> <span class='ocrx_word' id='word_1_273' title='bbox 2066 3431 2149 3489; x_wconf 88' lang='lat' dir='ltr'><strong>his</strong></span> 
     </span>
    </p>
   </div>
   <div class='ocr_carea' id='block_1_35' title="bbox 557 3518 2143 3592">
    <p class='ocr_par' dir='ltr' id='par_1_35' title="bbox 557 3518 2143 3592">
     <span class='ocr_line' id='line_1_35' title="bbox 557 3518 2143 3592; baseline 0.003 -16"><span class='ocrx_word' id='word_1_274' title='bbox 557 3535 719 3592; x_wconf 86' lang='lat' dir='ltr'><strong>atque</strong></span> <span class='ocrx_word' id='word_1_275' title='bbox 746 3521 1047 3590; x_wconf 74' lang='lat' dir='ltr'><strong>huiusmodi</strong></span> <span class='ocrx_word' id='word_1_276' title='bbox 1089 3520 1244 3576; x_wconf 84' lang='lat' dir='ltr'><strong>rebus</strong></span> <span class='ocrx_word' id='word_1_277' title='bbox 1270 3521 1417 3575; x_wconf 87' lang='lat' dir='ltr'><strong>mttlti</strong></span> <span class='ocrx_word' id='word_1_278' title='bbox 1449 3521 1681 3577; x_wconf 85' lang='lat' dir='ltr'><strong>clamant</strong></span> <span class='ocrx_word' id='word_1_279' title='bbox 1711 3521 1777 3577; x_wconf 88' lang='lat' dir='ltr'><strong>ad</strong></span> <span class='ocrx_word' id='word_1_280' title='bbox 1816 3518 2096 3579; x_wconf 86' lang='lat' dir='ltr'><strong>Dominum</strong></span> <span class='ocrx_word' id='word_1_281' title='bbox 2127 3542 2143 3592; x_wconf 86' lang='lat'><strong>;</strong></span> 
     </span>
    </p>
   </div>
   <div class='ocr_carea' id='block_1_36' title="bbox 557 3608 2146 3687">
    <p class='ocr_par' dir='ltr' id='par_1_36' title="bbox 557 3608 2146 3687">
     <span class='ocr_line' id='line_1_36' title="bbox 557 3608 2146 3687; baseline 0.005 -22"><span class='ocrx_word' id='word_1_282' title='bbox 557 3614 647 3667; x_wconf 92' lang='lat' dir='ltr'><strong>vix</strong></span> <span class='ocrx_word' id='word_1_283' title='bbox 674 3613 952 3684; x_wconf 82' lang='lat' dir='ltr'><strong>quisquam</strong></span> <span class='ocrx_word' id='word_1_284' title='bbox 984 3620 1197 3682; x_wconf 76' lang='lat' dir='ltr'><strong>promer</strong></span> <span class='ocrx_word' id='word_1_285' title='bbox 1224 3612 1391 3682; x_wconf 85' lang='lat' dir='ltr'><strong>ipsum</strong></span> <span class='ocrx_word' id='word_1_286' title='bbox 1419 3612 1720 3667; x_wconf 84' lang='lat' dir='ltr'><strong>Dominum.</strong></span> <span class='ocrx_word' id='word_1_287' title='bbox 1746 3608 1924 3671; x_wconf 79' lang='lat' dir='ltr'><strong>Facile</strong></span> <span class='ocrx_word' id='word_1_288' title='bbox 1949 3616 2146 3687; x_wconf 87' lang='lat' dir='ltr'><strong>quippe</strong></span> 
     </span>
    </p>
   </div>
   <div class='ocr_carea' id='block_1_37' title="bbox 559 3701 2143 3777">
    <p class='ocr_par' dir='ltr' id='par_1_37' title="bbox 559 3701 2143 3777">
     <span class='ocr_line' id='line_1_37' title="bbox 559 3701 2143 3777; baseline 0.002 -17"><span class='ocrx_word' id='word_1_289' title='bbox 559 3706 762 3760; x_wconf 89' lang='lat' dir='ltr'><strong>homini</strong></span> <span class='ocrx_word' id='word_1_290' title='bbox 788 3714 871 3759; x_wconf 91' lang='lat' dir='ltr'><strong>est</strong></span> <span class='ocrx_word' id='word_1_291' title='bbox 897 3704 1169 3774; x_wconf 85' lang='lat' dir='ltr'><strong>quodlibet</strong></span> <span class='ocrx_word' id='word_1_292' title='bbox 1198 3701 1507 3758; x_wconf 83' lang='lat' dir='ltr'><strong>desiderare</strong></span> <span class='ocrx_word' id='word_1_293' title='bbox 1535 3718 1565 3758; x_wconf 89' lang='lat' dir='ltr'><strong>a</strong></span> <span class='ocrx_word' id='word_1_294' title='bbox 1597 3704 1854 3771; x_wconf 90' lang='lat' dir='ltr'><strong>Domino,</strong></span> <span class='ocrx_word' id='word_1_295' title='bbox 1887 3714 1939 3761; x_wconf 92' lang='lat' dir='ltr'><strong>et</strong></span> <span class='ocrx_word' id='word_1_296' title='bbox 1971 3707 2143 3777; x_wconf 89' lang='lat' dir='ltr'><strong>ipsum</strong></span> 
     </span>
    </p>
   </div>
   <div class='ocr_carea' id='block_1_38' title="bbox 557 3793 2144 3866">
    <p class='ocr_par' dir='ltr' id='par_1_38' title="bbox 557 3793 2144 3866">
     <span class='ocr_line' id='line_1_38' title="bbox 557 3793 2144 3866; baseline 0.002 -12"><span class='ocrx_word' id='word_1_297' title='bbox 557 3797 841 3854; x_wconf 86' lang='lat' dir='ltr'><strong>Dominum</strong></span> <span class='ocrx_word' id='word_1_298' title='bbox 883 3811 989 3850; x_wconf 88' lang='lat' dir='ltr'><strong>non</strong></span> <span class='ocrx_word' id='word_1_299' title='bbox 1026 3793 1373 3861; x_wconf 86' lang='lat' dir='ltr'><strong>desiderare;</strong></span> <span class='ocrx_word' id='word_1_300' title='bbox 1412 3796 1562 3866; x_wconf 87' lang='lat' dir='ltr'><strong>quasi</strong></span> <span class='ocrx_word' id='word_1_301' title='bbox 1600 3812 1729 3853; x_wconf 90' lang='lat' dir='ltr'><strong>vero</strong></span> <span class='ocrx_word' id='word_1_302' title='bbox 1775 3798 1990 3854; x_wconf 82' lang='lat' dir='ltr'><strong>suavius</strong></span> <span class='ocrx_word' id='word_1_303' title='bbox 2022 3814 2144 3857; x_wconf 90' lang='lat' dir='ltr'><strong>esse</strong></span> 
     </span>
    </p>
   </div>
   <div class='ocr_carea' id='block_1_39' title="bbox 556 3887 2144 3965">
    <p class='ocr_par' dir='ltr' id='par_1_39' title="bbox 556 3887 2144 3965">
     <span class='ocr_line' id='line_1_39' title="bbox 556 3887 2144 3965; baseline 0.004 -22"><span class='ocrx_word' id='word_1_304' title='bbox 556 3891 723 3961; x_wconf 78' lang='lat' dir='ltr'><strong>pOSSil</strong></span> <span class='ocrx_word' id='word_1_305' title='bbox 764 3887 904 3958; x_wconf 79' lang='lat' dir='ltr'><strong>quod</strong></span> <span class='ocrx_word' id='word_1_306' title='bbox 944 3887 1051 3949; x_wconf 85' lang='lat' dir='ltr'><strong>dat,</strong></span> <span class='ocrx_word' id='word_1_307' title='bbox 1099 3903 1255 3957; x_wconf 83' lang='lat' dir='ltr'><strong>quam</strong></span> <span class='ocrx_word' id='word_1_308' title='bbox 1296 3887 1411 3957; x_wconf 90' lang='lat' dir='ltr'><strong>ipse</strong></span> <span class='ocrx_word' id='word_1_309' title='bbox 1456 3889 1544 3955; x_wconf 88' lang='lat' dir='ltr'><strong>qui</strong></span> <span class='ocrx_word' id='word_1_310' title='bbox 1579 3888 1690 3944; x_wconf 87' lang='lat' dir='ltr'><strong>dat.</strong></span> <span class='ocrx_word' id='word_1_311' title='bbox 1721 3889 1973 3962; x_wconf 84' lang='lat' dir='ltr'><strong>Quisquis</strong></span> <span class='ocrx_word' id='word_1_312' title='bbox 2016 3908 2144 3965; x_wconf 79' lang='lat' dir='ltr'><strong>ergo</strong></span> 
     </span>
    </p>
   </div>
   <div class='ocr_carea' id='block_1_40' title="bbox 561 3978 2145 4052">
    <p class='ocr_par' dir='ltr' id='par_1_40' title="bbox 561 3978 2145 4052">
     <span class='ocr_line' id='line_1_40' title="bbox 561 3978 2145 4052; baseline 0.003 -17"><span class='ocrx_word' id='word_1_313' title='bbox 561 3995 660 4052; x_wconf 87' lang='lat' dir='ltr'><strong>pro</strong></span> <span class='ocrx_word' id='word_1_314' title='bbox 691 3981 790 4033; x_wconf 86' lang='lat' dir='ltr'><strong>alia</strong></span> <span class='ocrx_word' id='word_1_315' title='bbox 817 3994 877 4035; x_wconf 90' lang='lat' dir='ltr'><strong>re</strong></span> <span class='ocrx_word' id='word_1_316' title='bbox 905 3979 1136 4047; x_wconf 85' lang='lat' dir='ltr'><strong>qualibet</strong></span> <span class='ocrx_word' id='word_1_317' title='bbox 1156 3980 1351 4034; x_wconf 79' lang='lat' dir='ltr'><strong>clamat</strong></span> <span class='ocrx_word' id='word_1_318' title='bbox 1374 3978 1440 4034; x_wconf 89' lang='lat' dir='ltr'><strong>ad</strong></span> <span class='ocrx_word' id='word_1_319' title='bbox 1472 3979 1774 4045; x_wconf 88' lang='lat' dir='ltr'><strong>Dominum,</strong></span> <span class='ocrx_word' id='word_1_320' title='bbox 1799 3981 2033 4037; x_wconf 90' lang='lat' dir='ltr'><strong>nondum</strong></span> <span class='ocrx_word' id='word_1_321' title='bbox 2060 3993 2145 4039; x_wconf 87' lang='lat' dir='ltr'><strong>est</strong></span> 
     </span>
    </p>
   </div>
   <div class='ocr_carea' id='block_1_41' title="bbox 557 4074 2145 4146">
    <p class='ocr_par' dir='ltr' id='par_1_41' title="bbox 557 4074 2145 4146">
     <span class='ocr_line' id='line_1_41' title="bbox 557 4074 2145 4146; baseline 0.003 -16"><span class='ocrx_word' id='word_1_322' title='bbox 557 4074 879 4130; x_wconf 86' lang='lat' dir='ltr'><strong>transiliens.</strong></span> <span class='ocrx_word' id='word_1_323' title='bbox 913 4074 1006 4128; x_wconf 89' lang='lat' dir='ltr'><strong>llic</strong></span> <span class='ocrx_word' id='word_1_324' title='bbox 1033 4088 1163 4127; x_wconf 85' lang='lat' dir='ltr'><strong>vero</strong></span> <span class='ocrx_word' id='word_1_325' title='bbox 1189 4074 1492 4131; x_wconf 89' lang='lat' dir='ltr'><strong>transiliens</strong></span> <span class='ocrx_word' id='word_1_326' title='bbox 1521 4074 1647 4146; x_wconf 87' lang='lat' dir='ltr'><strong>quid</strong></span> <span class='ocrx_word' id='word_1_327' title='bbox 1676 4076 1848 4133; x_wconf 84' lang='lat' dir='ltr'><strong>dicit?</strong></span> <span class='ocrx_word' id='word_1_328' title='bbox 1883 4075 2013 4134; x_wconf 84' lang='lat' dir='ltr'><strong>Voce</strong></span> <span class='ocrx_word' id='word_1_329' title='bbox 2032 4095 2145 4135; x_wconf 86' lang='lat' dir='ltr'><strong>mea</strong></span> 
     </span>
    </p>
   </div>
   <div class='ocr_carea' id='block_1_42' title="bbox 560 4166 2143 4243">
    <p class='ocr_par' dir='ltr' id='par_1_42' title="bbox 560 4166 2143 4243">
     <span class='ocr_line' id='line_1_42' title="bbox 560 4166 2143 4243; baseline 0.006 -23"><span class='ocrx_word' id='word_1_330' title='bbox 560 4166 631 4220; x_wconf 88' lang='lat' dir='ltr'><strong>ad</strong></span> <span class='ocrx_word' id='word_1_331' title='bbox 660 4166 935 4219; x_wconf 87' lang='lat' dir='ltr'><strong>Dominum</strong></span> <span class='ocrx_word' id='word_1_332' title='bbox 972 4166 1203 4220; x_wconf 82' lang='lat' dir='ltr'><strong>clamavi.</strong></span> <span class='ocrx_word' id='word_1_333' title='bbox 1232 4167 1298 4222; x_wconf 86' lang='lat' dir='ltr'><strong>Et</strong></span> <span class='ocrx_word' id='word_1_334' title='bbox 1340 4182 1408 4223; x_wconf 90' lang='lat' dir='ltr'><strong>ne</strong></span> <span class='ocrx_word' id='word_1_335' title='bbox 1449 4167 1724 4225; x_wconf 87' lang='lat' dir='ltr'><strong>arbitreris</strong></span> <span class='ocrx_word' id='word_1_336' title='bbox 1752 4182 1935 4226; x_wconf 88' lang='lat' dir='ltr'><strong>vocem</strong></span> <span class='ocrx_word' id='word_1_337' title='bbox 1978 4171 2143 4243; x_wconf 91' lang='lat' dir='ltr'><strong>ipsius</strong></span> 
     </span>
    </p>
   </div>
   <div class='ocr_carea' id='block_1_43' title="bbox 554 4256 2141 4329">
    <p class='ocr_par' dir='ltr' id='par_1_43' title="bbox 554 4256 2141 4329">
     <span class='ocr_line' id='line_1_43' title="bbox 554 4256 2141 4329; baseline 0.006 -20"><span class='ocrx_word' id='word_1_338' title='bbox 554 4272 658 4329; x_wconf 88' lang='lat' dir='ltr'><strong>qua</strong></span> <span class='ocrx_word' id='word_1_339' title='bbox 703 4258 949 4312; x_wconf 85' lang='lat' dir='ltr'><strong>clamavit</strong></span> <span class='ocrx_word' id='word_1_340' title='bbox 990 4257 1056 4311; x_wconf 89' lang='lat' dir='ltr'><strong>ad</strong></span> <span class='ocrx_word' id='word_1_341' title='bbox 1101 4256 1402 4324; x_wconf 75' lang='lat' dir='ltr'><strong>hominum,</strong></span> <span class='ocrx_word' id='word_1_342' title='bbox 1439 4271 1656 4329; x_wconf 89' lang='lat' dir='ltr'><strong>propter</strong></span> <span class='ocrx_word' id='word_1_343' title='bbox 1701 4260 1845 4317; x_wconf 90' lang='lat' dir='ltr'><strong>aliud</strong></span> <span class='ocrx_word' id='word_1_344' title='bbox 1887 4263 2141 4319; x_wconf 88' lang='lat' dir='ltr'><strong>emissam</strong></span> 
     </span>
    </p>
   </div>
   <div class='ocr_carea' id='block_1_44' title="bbox 556 4348 2143 4419">
    <p class='ocr_par' dir='ltr' id='par_1_44' title="bbox 556 4348 2143 4419">
     <span class='ocr_line' id='line_1_44' title="bbox 556 4348 2143 4419; baseline 0.007 -19"><span class='ocrx_word' id='word_1_345' title='bbox 556 4364 715 4419; x_wconf 87' lang='lat' dir='ltr'><strong>quam</strong></span> <span class='ocrx_word' id='word_1_346' title='bbox 747 4358 961 4418; x_wconf 89' lang='lat' dir='ltr'><strong>propter</strong></span> <span class='ocrx_word' id='word_1_347' title='bbox 990 4349 1161 4419; x_wconf 86' lang='lat' dir='ltr'><strong>ipsum</strong></span> <span class='ocrx_word' id='word_1_348' title='bbox 1191 4348 1506 4416; x_wconf 89' lang='lat' dir='ltr'><strong>Dominum,</strong></span> <span class='ocrx_word' id='word_1_349' title='bbox 1551 4361 1765 4408; x_wconf 90' lang='lat' dir='ltr'><strong>secutus</strong></span> <span class='ocrx_word' id='word_1_350' title='bbox 1788 4353 1900 4409; x_wconf 90' lang='lat' dir='ltr'><strong>ait:</strong></span> <span class='ocrx_word' id='word_1_351' title='bbox 1933 4353 2001 4409; x_wconf 86' lang='lat' dir='ltr'><strong>Et</strong></span> <span class='ocrx_word' id='word_1_352' title='bbox 2044 4372 2143 4412; x_wconf 72' lang='lat' dir='ltr'><strong>vox</strong></span> 
     </span>
    </p>
   </div>
   <div class='ocr_carea' id='block_1_45' title="bbox 562 4439 2140 4516">
    <p class='ocr_par' dir='ltr' id='par_1_45' title="bbox 562 4439 2140 4516">
     <span class='ocr_line' id='line_1_45' title="bbox 562 4439 2140 4516; baseline 0.006 -20"><span class='ocrx_word' id='word_1_353' title='bbox 562 4458 677 4496; x_wconf 81' lang='lat' dir='ltr'><strong>mea</strong></span> <span class='ocrx_word' id='word_1_354' title='bbox 702 4442 772 4494; x_wconf 83' lang='lat' dir='ltr'><strong>ad</strong></span> <span class='ocrx_word' id='word_1_355' title='bbox 792 4439 977 4495; x_wconf 83' lang='lat' dir='ltr'><strong>Deum.</strong></span> <span class='ocrx_word' id='word_1_356' title='bbox 1012 4441 1284 4496; x_wconf 81' lang='lat' dir='ltr'><strong>Emittitur</strong></span> <span class='ocrx_word' id='word_1_357' title='bbox 1310 4443 1452 4497; x_wconf 88' lang='lat' dir='ltr'><strong>enim</strong></span> <span class='ocrx_word' id='word_1_358' title='bbox 1491 4457 1590 4499; x_wconf 82' lang='lat' dir='ltr'><strong>vox</strong></span> <span class='ocrx_word' id='word_1_359' title='bbox 1620 4459 1721 4516; x_wconf 90' lang='lat' dir='ltr'><strong>qua</strong></span> <span class='ocrx_word' id='word_1_360' title='bbox 1755 4446 2048 4503; x_wconf 87' lang='lat' dir='ltr'><strong>clamemus</strong></span> <span class='ocrx_word' id='word_1_361' title='bbox 2073 4448 2140 4505; x_wconf 91' lang='lat' dir='ltr'><strong>ad</strong></span> 
     </span>
    </p>
   </div>
   <div class='ocr_carea' id='block_1_46' title="bbox 558 4533 2140 4604">
    <p class='ocr_par' dir='ltr' id='par_1_46' title="bbox 558 4533 2140 4604">
     <span class='ocr_line' id='line_1_46' title="bbox 558 4533 2140 4604; baseline 0.006 -16"><span class='ocrx_word' id='word_1_362' title='bbox 558 4534 760 4599; x_wconf 87' lang='lat' dir='ltr'><strong>Deum,</strong></span> <span class='ocrx_word' id='word_1_363' title='bbox 790 4544 843 4588; x_wconf 90' lang='lat' dir='ltr'><strong>et</strong></span> <span class='ocrx_word' id='word_1_364' title='bbox 886 4535 999 4604; x_wconf 88' lang='lat' dir='ltr'><strong>ipsa</strong></span> <span class='ocrx_word' id='word_1_365' title='bbox 1029 4549 1129 4590; x_wconf 86' lang='lat' dir='ltr'><strong>vox</strong></span> <span class='ocrx_word' id='word_1_366' title='bbox 1170 4533 1236 4590; x_wconf 87' lang='lat' dir='ltr'><strong>ad</strong></span> <span class='ocrx_word' id='word_1_367' title='bbox 1275 4534 1418 4591; x_wconf 88' lang='lat' dir='ltr'><strong>aliud</strong></span> <span class='ocrx_word' id='word_1_368' title='bbox 1450 4546 1550 4601; x_wconf 81' lang='lat' dir='ltr'><strong>est,</strong></span> <span class='ocrx_word' id='word_1_369' title='bbox 1590 4553 1697 4592; x_wconf 89' lang='lat' dir='ltr'><strong>non</strong></span> <span class='ocrx_word' id='word_1_370' title='bbox 1742 4539 1807 4595; x_wconf 88' lang='lat' dir='ltr'><strong>ad</strong></span> <span class='ocrx_word' id='word_1_371' title='bbox 1846 4540 2033 4596; x_wconf 87' lang='lat' dir='ltr'><strong>Deum.</strong></span> <span class='ocrx_word' id='word_1_372' title='bbox 2060 4541 2140 4597; x_wconf 85' lang='lat' dir='ltr'><strong>Ad</strong></span> 
     </span>
    </p>
   </div>
   <div class='ocr_carea' id='block_1_47' title="bbox 558 4625 2140 4699">
    <p class='ocr_par' dir='ltr' id='par_1_47' title="bbox 558 4625 2140 4699">
     <span class='ocr_line' id='line_1_47' title="bbox 558 4625 2140 4699; baseline 0.007 -18"><span class='ocrx_word' id='word_1_373' title='bbox 558 4625 665 4681; x_wconf 82' lang='lat' dir='ltr'><strong>hoc</strong></span> <span class='ocrx_word' id='word_1_374' title='bbox 694 4628 833 4680; x_wconf 89' lang='lat' dir='ltr'><strong>enim</strong></span> <span class='ocrx_word' id='word_1_375' title='bbox 858 4638 939 4681; x_wconf 84' lang='lat' dir='ltr'><strong>est</strong></span> <span class='ocrx_word' id='word_1_376' title='bbox 969 4643 1089 4691; x_wconf 83' lang='lat' dir='ltr'><strong>vox,</strong></span> <span class='ocrx_word' id='word_1_377' title='bbox 1126 4637 1345 4697; x_wconf 86' lang='lat' dir='ltr'><strong>propter</strong></span> <span class='ocrx_word' id='word_1_378' title='bbox 1366 4629 1506 4699; x_wconf 89' lang='lat' dir='ltr'><strong>quod</strong></span> <span class='ocrx_word' id='word_1_379' title='bbox 1534 4629 1708 4686; x_wconf 87' lang='lat' dir='ltr'><strong>editur</strong></span> <span class='ocrx_word' id='word_1_380' title='bbox 1728 4648 1851 4689; x_wconf 88' lang='lat' dir='ltr'><strong>vox.</strong></span> <span class='ocrx_word' id='word_1_381' title='bbox 1886 4634 1988 4690; x_wconf 91' lang='lat' dir='ltr'><strong>Iste</strong></span> <span class='ocrx_word' id='word_1_382' title='bbox 2014 4651 2140 4692; x_wconf 91' lang='lat' dir='ltr'><strong>vero</strong></span> 
     </span>
    </p>
   </div>
   <div class='ocr_carea' id='block_1_48' title="bbox 565 4718 2142 4790">
    <p class='ocr_par' dir='ltr' id='par_1_48' title="bbox 565 4718 2142 4790">
     <span class='ocr_line' id='line_1_48' title="bbox 565 4718 2142 4790; baseline 0.008 -20"><span class='ocrx_word' id='word_1_383' title='bbox 565 4721 655 4789; x_wconf 86' lang='lat' dir='ltr'><strong>qui</strong></span> <span class='ocrx_word' id='word_1_384' title='bbox 691 4719 853 4771; x_wconf 88' lang='lat' dir='ltr'><strong>Deum</strong></span> <span class='ocrx_word' id='word_1_385' title='bbox 882 4718 1047 4787; x_wconf 86' lang='lat' dir='ltr'><strong>gratis</strong></span> <span class='ocrx_word' id='word_1_386' title='bbox 1079 4720 1309 4787; x_wconf 87' lang='lat' dir='ltr'><strong>amabat,</strong></span> <span class='ocrx_word' id='word_1_387' title='bbox 1352 4722 1439 4790; x_wconf 91' lang='lat' dir='ltr'><strong>qui</strong></span> <span class='ocrx_word' id='word_1_388' title='bbox 1473 4723 1774 4780; x_wconf 86' lang='lat' dir='ltr'><strong>voluntarie</strong></span> <span class='ocrx_word' id='word_1_389' title='bbox 1806 4724 1914 4782; x_wconf 89' lang='lat' dir='ltr'><strong>Deo</strong></span> <span class='ocrx_word' id='word_1_390' title='bbox 1940 4727 2142 4783; x_wconf 82' lang='lat' dir='ltr'><strong>sacriﬁ-</strong></span> 
     </span>
    </p>
   </div>
   <div class='ocr_carea' id='block_1_49' title="bbox 557 4808 2139 4887">
    <p class='ocr_par' dir='ltr' id='par_1_49' title="bbox 557 4808 2139 4887">
     <span class='ocr_line' id='line_1_49' title="bbox 557 4808 2139 4887; baseline 0.006 -21"><span class='ocrx_word' id='word_1_391' title='bbox 557 4810 715 4866; x_wconf 88' lang='lat' dir='ltr'><strong>cabat</strong></span> <span class='ocrx_word' id='word_1_392' title='bbox 757 4808 925 4877; x_wconf 82' lang='lat' dir='ltr'><strong>(Psal.</strong></span> <span class='ocrx_word' id='word_1_393' title='bbox 955 4826 1064 4874; x_wconf 84' lang='lat' dir='ltr'><strong>Lili,</strong></span> <span class='ocrx_word' id='word_1_394' title='bbox 1093 4809 1169 4883; x_wconf 86' lang='lat'><strong>8),</strong></span> <span class='ocrx_word' id='word_1_395' title='bbox 1217 4812 1308 4882; x_wconf 85' lang='lat' dir='ltr'><strong>qui</strong></span> <span class='ocrx_word' id='word_1_396' title='bbox 1357 4814 1681 4871; x_wconf 82' lang='lat' dir='ltr'><strong>transilietat</strong></span> <span class='ocrx_word' id='word_1_397' title='bbox 1718 4816 1973 4887; x_wconf 85' lang='lat' dir='ltr'><strong>quidquid</strong></span> <span class='ocrx_word' id='word_1_398' title='bbox 2006 4819 2139 4876; x_wconf 84' lang='lat' dir='ltr'><strong>infra</strong></span> 
     </span>
    </p>
   </div>
   <div class='ocr_carea' id='block_1_50' title="bbox 556 4902 2141 4977">
    <p class='ocr_par' dir='ltr' id='par_1_50' title="bbox 556 4902 2141 4977">
     <span class='ocr_line' id='line_1_50' title="bbox 556 4902 2141 4977; baseline 0.006 -20"><span class='ocrx_word' id='word_1_399' title='bbox 556 4913 660 4964; x_wconf 90' lang='lat' dir='ltr'><strong>est,</strong></span> <span class='ocrx_word' id='word_1_400' title='bbox 695 4902 933 4971; x_wconf 73' lang='lat' dir='ltr'><strong>nihilque</strong></span> <span class='ocrx_word' id='word_1_401' title='bbox 966 4902 1107 4956; x_wconf 89' lang='lat' dir='ltr'><strong>aliud</strong></span> <span class='ocrx_word' id='word_1_402' title='bbox 1150 4915 1310 4972; x_wconf 82' lang='lat' dir='ltr'><strong>supra</strong></span> <span class='ocrx_word' id='word_1_403' title='bbox 1354 4919 1414 4959; x_wconf 89' lang='lat' dir='ltr'><strong>se</strong></span> <span class='ocrx_word' id='word_1_404' title='bbox 1454 4905 1660 4961; x_wconf 86' lang='lat' dir='ltr'><strong>viderat</strong></span> <span class='ocrx_word' id='word_1_405' title='bbox 1699 4922 1805 4977; x_wconf 86' lang='lat' dir='ltr'><strong>quo</strong></span> <span class='ocrx_word' id='word_1_406' title='bbox 1846 4908 2141 4967; x_wconf 80' lang='lat' dir='ltr'><strong>cli&#39;underet</strong></span> 
     </span>
    </p>
   </div>
   <div class='ocr_carea' id='block_1_51' title="bbox 556 4992 2140 5074">
    <p class='ocr_par' dir='ltr' id='par_1_51' title="bbox 556 4992 2140 5074">
     <span class='ocr_line' id='line_1_51' title="bbox 556 4992 2140 5074; baseline 0.007 -27"><span class='ocrx_word' id='word_1_407' title='bbox 556 4995 788 5048; x_wconf 88' lang='lat' dir='ltr'><strong>animam</strong></span> <span class='ocrx_word' id='word_1_408' title='bbox 822 5008 971 5047; x_wconf 74' lang='lat' dir='ltr'><strong>suam</strong></span> <span class='ocrx_word' id='word_1_409' title='bbox 993 5034 1006 5055; x_wconf 92' lang='lat'><strong>,</strong></span> <span class='ocrx_word' id='word_1_410' title='bbox 1038 4992 1136 5046; x_wconf 92' lang='lat' dir='ltr'><strong>nisi</strong></span> <span class='ocrx_word' id='word_1_411' title='bbox 1184 5009 1250 5048; x_wconf 83' lang='lat' dir='ltr'><strong>ex</strong></span> <span class='ocrx_word' id='word_1_412' title='bbox 1278 5011 1382 5065; x_wconf 90' lang='lat' dir='ltr'><strong>quo</strong></span> <span class='ocrx_word' id='word_1_413' title='bbox 1404 5037 1418 5061; x_wconf 92' lang='lat'><strong>,</strong></span> <span class='ocrx_word' id='word_1_414' title='bbox 1448 5004 1505 5051; x_wconf 86' lang='lat' dir='ltr'><strong>et</strong></span> <span class='ocrx_word' id='word_1_415' title='bbox 1528 5012 1626 5067; x_wconf 89' lang='lat' dir='ltr'><strong>per</strong></span> <span class='ocrx_word' id='word_1_416' title='bbox 1654 5013 1811 5069; x_wconf 90' lang='lat' dir='ltr'><strong>quem</strong></span> <span class='ocrx_word' id='word_1_417' title='bbox 1830 5042 1845 5065; x_wconf 95' lang='lat'><strong>,</strong></span> <span class='ocrx_word' id='word_1_418' title='bbox 1873 5010 1929 5057; x_wconf 91' lang='lat' dir='ltr'><strong>et</strong></span> <span class='ocrx_word' id='word_1_419' title='bbox 1958 5003 2010 5056; x_wconf 91' lang='lat' dir='ltr'><strong>in</strong></span> <span class='ocrx_word' id='word_1_420' title='bbox 2035 5018 2140 5074; x_wconf 88' lang='lat' dir='ltr'><strong>quo</strong></span> 
     </span>
    </p>
   </div>
   <div class='ocr_carea' id='block_1_52' title="bbox 553 5084 2139 5158">
    <p class='ocr_par' dir='ltr' id='par_1_52' title="bbox 553 5084 2139 5158">
     <span class='ocr_line' id='line_1_52' title="bbox 553 5084 2139 5158; baseline 0.006 -16"><span class='ocrx_word' id='word_1_421' title='bbox 553 5097 764 5142; x_wconf 85' lang='lat' dir='ltr'><strong>creatus</strong></span> <span class='ocrx_word' id='word_1_422' title='bbox 794 5097 927 5151; x_wconf 84' lang='lat' dir='ltr'><strong>erat,</strong></span> <span class='ocrx_word' id='word_1_423' title='bbox 953 5084 1018 5141; x_wconf 91' lang='lat' dir='ltr'><strong>ad</strong></span> <span class='ocrx_word' id='word_1_424' title='bbox 1049 5100 1206 5156; x_wconf 90' lang='lat' dir='ltr'><strong>quem</strong></span> <span class='ocrx_word' id='word_1_425' title='bbox 1234 5086 1557 5143; x_wconf 86' lang='lat' dir='ltr'><strong>clamaverat</strong></span> <span class='ocrx_word' id='word_1_426' title='bbox 1586 5106 1721 5148; x_wconf 89' lang='lat' dir='ltr'><strong>voce</strong></span> <span class='ocrx_word' id='word_1_427' title='bbox 1750 5108 1867 5158; x_wconf 90' lang='lat' dir='ltr'><strong>sua,</strong></span> <span class='ocrx_word' id='word_1_428' title='bbox 1894 5094 1961 5150; x_wconf 87' lang='lat' dir='ltr'><strong>ad</strong></span> <span class='ocrx_word' id='word_1_429' title='bbox 1990 5095 2139 5151; x_wconf 90' lang='lat' dir='ltr'><strong>illum</strong></span> 
     </span>
    </p>
   </div>
   <div class='ocr_carea' id='block_1_53' title="bbox 551 5178 2141 5257">
    <p class='ocr_par' dir='ltr' id='par_1_53' title="bbox 551 5178 2141 5257">
     <span class='ocr_line' id='line_1_53' title="bbox 551 5178 2141 5257; baseline 0.006 -24"><span class='ocrx_word' id='word_1_430' title='bbox 551 5193 673 5233; x_wconf 88' lang='lat' dir='ltr'><strong>esse</strong></span> <span class='ocrx_word' id='word_1_431' title='bbox 706 5178 903 5233; x_wconf 78' lang='lat' dir='ltr'><strong>fecerat</strong></span> <span class='ocrx_word' id='word_1_432' title='bbox 924 5178 1090 5247; x_wconf 91' lang='lat' dir='ltr'><strong>ipsam</strong></span> <span class='ocrx_word' id='word_1_433' title='bbox 1115 5192 1299 5233; x_wconf 85' lang='lat' dir='ltr'><strong>vocem</strong></span> <span class='ocrx_word' id='word_1_434' title='bbox 1330 5192 1479 5234; x_wconf 86' lang='lat' dir='ltr'><strong>suam</strong></span> <span class='ocrx_word' id='word_1_435' title='bbox 1508 5200 1520 5234; x_wconf 89' lang='lat'>:</span> <span class='ocrx_word' id='word_1_436' title='bbox 1563 5178 1677 5238; x_wconf 72' lang='lat' dir='ltr'><strong>Vox</strong></span> <span class='ocrx_word' id='word_1_437' title='bbox 1704 5201 1834 5250; x_wconf 88' lang='lat' dir='ltr'><strong>mea,</strong></span> <span class='ocrx_word' id='word_1_438' title='bbox 1859 5185 2048 5257; x_wconf 87' lang='lat' dir='ltr'><strong>inquit,</strong></span> <span class='ocrx_word' id='word_1_439' title='bbox 2070 5186 2141 5243; x_wconf 83' lang='lat' dir='ltr'><strong>ad</strong></span> 
     </span>
    </p>
   </div>
   <div class='ocr_carea' id='block_1_54' title="bbox 552 5269 2134 5349">
    <p class='ocr_par' dir='ltr' id='par_1_54' title="bbox 552 5269 2134 5349">
     <span class='ocr_line' id='line_1_54' title="bbox 552 5269 2134 5349; baseline 0.008 -25"><span class='ocrx_word' id='word_1_440' title='bbox 552 5269 741 5325; x_wconf 81' lang='lat' dir='ltr'><strong>Deum.</strong></span> <span class='ocrx_word' id='word_1_441' title='bbox 772 5271 839 5325; x_wconf 85' lang='lat' dir='ltr'><strong>Et</strong></span> <span class='ocrx_word' id='word_1_442' title='bbox 885 5269 1138 5340; x_wconf 87' lang='lat' dir='ltr'><strong>numquid</strong></span> <span class='ocrx_word' id='word_1_443' title='bbox 1175 5270 1292 5325; x_wconf 87' lang='lat' dir='ltr'><strong>sine</strong></span> <span class='ocrx_word' id='word_1_444' title='bbox 1317 5274 1516 5328; x_wconf 85' lang='lat' dir='ltr'><strong>causa?</strong></span> <span class='ocrx_word' id='word_1_445' title='bbox 1544 5272 1675 5332; x_wconf 86' lang='lat' dir='ltr'><strong>Vide</strong></span> <span class='ocrx_word' id='word_1_446' title='bbox 1703 5276 1829 5348; x_wconf 88' lang='lat' dir='ltr'><strong>quid</strong></span> <span class='ocrx_word' id='word_1_447' title='bbox 1855 5279 2097 5349; x_wconf 89' lang='lat' dir='ltr'><strong>sequitur</strong></span> <span class='ocrx_word' id='word_1_448' title='bbox 2121 5299 2134 5336; x_wconf 93' lang='lat'><strong>:</strong></span> 
     </span>
    </p>
   </div>
   <div class='ocr_carea' id='block_1_55' title="bbox 551 5358 2137 5446">
    <p class='ocr_par' dir='ltr' id='par_1_55' title="bbox 551 5358 2137 5446">
     <span class='ocr_line' id='line_1_55' title="bbox 551 5358 2137 5446; baseline 0.009 -32"><span class='ocrx_word' id='word_1_449' title='bbox 551 5358 622 5415; x_wconf 89' lang='lat' dir='ltr'><strong>Et</strong></span> <span class='ocrx_word' id='word_1_450' title='bbox 651 5362 861 5416; x_wconf 81' lang='lat' dir='ltr'><strong>attendit</strong></span> <span class='ocrx_word' id='word_1_451' title='bbox 890 5363 1033 5416; x_wconf 80' lang='lat' dir='ltr'><strong>mihi.</strong></span> <span class='ocrx_word' id='word_1_452' title='bbox 1061 5361 1198 5417; x_wconf 84' lang='lat' dir='ltr'><strong>Vere</strong></span> <span class='ocrx_word' id='word_1_453' title='bbox 1228 5369 1356 5419; x_wconf 88' lang='lat' dir='ltr'><strong>tunc</strong></span> <span class='ocrx_word' id='word_1_454' title='bbox 1388 5360 1479 5423; x_wconf 80' lang='lat' dir='ltr'><strong>tibi</strong></span> <span class='ocrx_word' id='word_1_455' title='bbox 1518 5367 1776 5437; x_wconf 87' lang='lat' dir='ltr'><strong>attendit,</strong></span> <span class='ocrx_word' id='word_1_456' title='bbox 1818 5371 2031 5441; x_wconf 85' lang='lat' dir='ltr'><strong>quando</strong></span> <span class='ocrx_word' id='word_1_457' title='bbox 2055 5372 2137 5446; x_wconf 86' lang='lat' dir='ltr'><strong>ip-</strong></span> 
     </span>
    </p>
   </div>
   <div class='ocr_carea' id='block_1_56' title="bbox 549 5452 2133 5533">
    <p class='ocr_par' dir='ltr' id='par_1_56' title="bbox 549 5452 2133 5533">
     <span class='ocr_line' id='line_1_56' title="bbox 549 5452 2133 5533; baseline 0.009 -27"><span class='ocrx_word' id='word_1_458' title='bbox 549 5466 669 5508; x_wconf 88' lang='lat' dir='ltr'><strong>sum</strong></span> <span class='ocrx_word' id='word_1_459' title='bbox 716 5454 944 5523; x_wconf 74' lang='lat' dir='ltr'><strong>quzrris,</strong></span> <span class='ocrx_word' id='word_1_460' title='bbox 992 5468 1097 5507; x_wconf 90' lang='lat' dir='ltr'><strong>non</strong></span> <span class='ocrx_word' id='word_1_461' title='bbox 1137 5452 1353 5524; x_wconf 84' lang='lat' dir='ltr'><strong>quando</strong></span> <span class='ocrx_word' id='word_1_462' title='bbox 1397 5468 1494 5524; x_wconf 88' lang='lat' dir='ltr'><strong>per</strong></span> <span class='ocrx_word' id='word_1_463' title='bbox 1536 5455 1709 5526; x_wconf 88' lang='lat' dir='ltr'><strong>ipsum</strong></span> <span class='ocrx_word' id='word_1_464' title='bbox 1737 5458 1881 5516; x_wconf 88' lang='lat' dir='ltr'><strong>aliud</strong></span> <span class='ocrx_word' id='word_1_465' title='bbox 1914 5466 2133 5533; x_wconf 61' lang='lat' dir='ltr'><strong>quaeris.</strong></span> 
     </span>
    </p>
   </div>
   <div class='ocr_carea' id='block_1_57' title="bbox 548 5542 2136 5631">
    <p class='ocr_par' dir='ltr' id='par_1_57' title="bbox 548 5542 2136 5631">
     <span class='ocr_line' id='line_1_57' title="bbox 548 5542 2136 5631; baseline 0.009 -29"><span class='ocrx_word' id='word_1_466' title='bbox 548 5545 759 5604; x_wconf 77' lang='lat' dir='ltr'><strong>Dictum</strong></span> <span class='ocrx_word' id='word_1_467' title='bbox 786 5556 865 5602; x_wconf 84' lang='lat' dir='ltr'><strong>est</strong></span> <span class='ocrx_word' id='word_1_468' title='bbox 893 5545 959 5602; x_wconf 90' lang='lat' dir='ltr'><strong>de</strong></span> <span class='ocrx_word' id='word_1_469' title='bbox 981 5545 1297 5617; x_wconf 81' lang='lat' dir='ltr'><strong>quibusdam</strong></span> <span class='ocrx_word' id='word_1_470' title='bbox 1325 5565 1338 5603; x_wconf 93' lang='lat'><strong>:</strong></span> <span class='ocrx_word' id='word_1_471' title='bbox 1366 5542 1757 5622; x_wconf 78' lang='lat' dir='ltr'><strong>Clatnaoernnt,</strong></span> <span class='ocrx_word' id='word_1_472' title='bbox 1797 5569 1888 5612; x_wconf 83' lang='lat' dir='ltr'><strong>nec</strong></span> <span class='ocrx_word' id='word_1_473' title='bbox 1913 5566 2025 5613; x_wconf 80' lang='lat' dir='ltr'><strong>erat</strong></span> <span class='ocrx_word' id='word_1_474' title='bbox 2049 5559 2136 5631; x_wconf 81' lang='lat' dir='ltr'><strong>qui</strong></span> 
     </span>
    </p>
   </div>
   <div class='ocr_carea' id='block_1_58' title="bbox 613 5742 1729 5812">
    <p class='ocr_par' dir='ltr' id='par_1_58' title="bbox 613 5742 1729 5812">
     <span class='ocr_line' id='line_1_58' title="bbox 613 5742 1729 5812; baseline 0.012 -22"><span class='ocrx_word' id='word_1_475' title='bbox 613 5744 633 5812; x_wconf 63' lang='grc' dir='ltr'><strong>ξ</strong></span> <span class='ocrx_word' id='word_1_476' title='bbox 660 5744 735 5812; x_wconf 74' lang='lat' dir='ltr'><strong>sic</strong></span> <span class='ocrx_word' id='word_1_477' title='bbox 761 5748 856 5790; x_wconf 79' lang='lat' dir='ltr'><strong>Am.</strong></span> <span class='ocrx_word' id='word_1_478' title='bbox 877 5749 937 5812; x_wconf 41' lang='lat' dir='ltr'><strong>.et</strong></span> <span class='ocrx_word' id='word_1_479' title='bbox 956 5749 1065 5792; x_wconf 77' lang='lat' dir='ltr'><strong>Mss.</strong></span> <span class='ocrx_word' id='word_1_480' title='bbox 1086 5746 1233 5793; x_wconf 77' lang='lat' dir='ltr'><strong>AtEt‘.</strong></span> <span class='ocrx_word' id='word_1_481' title='bbox 1265 5748 1317 5796; x_wconf 90' lang='lat' dir='ltr'><strong>et</strong></span> <span class='ocrx_word' id='word_1_482' title='bbox 1331 5748 1461 5809; x_wconf 58' lang='lat' dir='ltr'><strong>tam,</strong></span> <span class='ocrx_word' id='word_1_483' title='bbox 1486 5742 1729 5803; x_wconf 77' lang='lat' dir='ltr'><strong>habemus.</strong></span> 
     </span>
    </p>
   </div>
   <div class='ocr_carea' id='block_1_59' title="bbox 610 5806 1035 5860">
    <p class='ocr_par' dir='ltr' id='par_1_59' title="bbox 610 5806 1035 5860">
     <span class='ocr_line' id='line_1_59' title="bbox 610 5806 1035 5860; baseline 0.009 -9"><span class='ocrx_word' id='word_1_484' title='bbox 610 5806 631 5836; x_wconf 74' lang='grc' dir='ltr'><strong>ι</strong></span> <span class='ocrx_word' id='word_1_485' title='bbox 654 5811 784 5860; x_wconf 65' lang='grc' dir='ltr'><strong>Μδεη</strong></span> <span class='ocrx_word' id='word_1_486' title='bbox 807 5806 1035 5854; x_wconf 68' lang='lat' dir='ltr'><strong>intimam.</strong></span> 
     </span>
    </p>
   </div>
   <div class='ocr_carea' id='block_1_60' title="bbox 612 5863 1183 5930">
    <p class='ocr_par' dir='ltr' id='par_1_60' title="bbox 612 5863 1183 5930">
     <span class='ocr_line' id='line_1_60' title="bbox 612 5863 1183 5930; baseline 0.014 -18"><span class='ocrx_word' id='word_1_487' title='bbox 612 5865 635 5899; x_wconf 78' lang='grc'><em>³</em></span> <span class='ocrx_word' id='word_1_488' title='bbox 654 5863 841 5927; x_wconf 74' lang='lat' dir='ltr'><strong>Aliquot</strong></span> <span class='ocrx_word' id='word_1_489' title='bbox 863 5874 988 5930; x_wconf 68' lang='lat' dir='ltr'><strong>Mss,</strong></span> <span class='ocrx_word' id='word_1_490' title='bbox 1014 5875 1183 5920; x_wconf 80' lang='lat' dir='ltr'><strong>Deum.</strong></span> 
     </span>
    </p>
   </div>
   <div class='ocr_carea' id='block_1_61' title="bbox 518 5960 539 5987">
    <p class='ocr_par' dir='ltr' id='par_1_61' title="bbox 518 5960 539 5987">
     <span class='ocr_line' id='line_1_61' title="bbox 518 5960 539 5987; baseline 0 0"><span class='ocrx_word' id='word_1_491' title='bbox 518 5960 539 5987; x_wconf 62' lang='grc' dir='ltr'><em>ὁ</em></span> 
     </span>
    </p>
   </div>
   <div class='ocr_carea' id='block_1_62' title="bbox 1798 360 3722 456">
    <p class='ocr_par' dir='ltr' id='par_1_62' title="bbox 1798 360 3722 456">
     <span class='ocr_line' id='line_1_62' title="bbox 1798 360 3722 456; baseline 0.011 -22"><span class='ocrx_word' id='word_1_492' title='bbox 1798 374 1859 434; x_wconf 91' lang='lat' dir='ltr'><strong>s.</strong></span> <span class='ocrx_word' id='word_1_493' title='bbox 1899 360 2268 434; x_wconf 67' lang='lat' dir='ltr'><strong>AUGUSTIM</strong></span> <span class='ocrx_word' id='word_1_494' title='bbox 2304 366 2611 434; x_wconf 69' lang='lat' dir='ltr'><strong>EPISCOPI</strong></span> <span class='ocrx_word' id='word_1_495' title='bbox 3659 390 3722 456; x_wconf 76' lang='lat' dir='ltr'><strong>tu</strong></span> 
     </span>
    </p>
   </div>
   <div class='ocr_carea' id='block_1_63' title="bbox 2257 480 3723 581">
    <p class='ocr_par' dir='ltr' id='par_1_63' title="bbox 2257 480 3723 581">
     <span class='ocr_line' id='line_1_63' title="bbox 2257 480 3723 581; baseline 0.015 -36"><span class='ocrx_word' id='word_1_496' title='bbox 2257 482 2425 548; x_wconf 72' lang='lat' dir='ltr'><strong>salvos</strong></span> <span class='ocrx_word' id='word_1_497' title='bbox 2449 492 2676 567; x_wconf 70' lang='lat' dir='ltr'><strong>faceret,</strong></span> <span class='ocrx_word' id='word_1_498' title='bbox 2707 490 2777 547; x_wconf 82' lang='lat' dir='ltr'><strong>ad</strong></span> <span class='ocrx_word' id='word_1_499' title='bbox 2799 480 3078 551; x_wconf 74' lang='lat' dir='ltr'><strong>Dominum</strong></span> <span class='ocrx_word' id='word_1_500' title='bbox 3094 535 3109 561; x_wconf 95' lang='lat'><strong>,</strong></span> <span class='ocrx_word' id='word_1_501' title='bbox 3141 511 3234 553; x_wconf 80' lang='lat' dir='ltr'><strong>nec</strong></span> <span class='ocrx_word' id='word_1_502' title='bbox 3261 499 3496 560; x_wconf 58' lang='lat' dir='ltr'><strong>“audivit</strong></span> <span class='ocrx_word' id='word_1_503' title='bbox 3518 521 3587 562; x_wconf 73' lang='lat' dir='ltr'><strong>eos</strong></span> <span class='ocrx_word' id='word_1_504' title='bbox 3612 506 3723 581; x_wconf 65' lang='lat' dir='ltr'><strong>(Pal.</strong></span> 
     </span>
    </p>
   </div>
   <div class='ocr_carea' id='block_1_64' title="bbox 2257 584 3726 663">
    <p class='ocr_par' dir='ltr' id='par_1_64' title="bbox 2257 584 3726 663">
     <span class='ocr_line' id='line_1_64' title="bbox 2257 584 3726 663; baseline 0.014 -21"><span class='ocrx_word' id='word_1_505' title='bbox 2257 599 2385 651; x_wconf 72' lang='lat' dir='ltr'><strong>XVII,</strong></span> <span class='ocrx_word' id='word_1_506' title='bbox 2409 584 2526 657; x_wconf 64' lang='grc' dir='ltr'><strong>ιε).</strong></span> <span class='ocrx_word' id='word_1_507' title='bbox 2554 585 2775 655; x_wconf 84' lang='lat' dir='ltr'><strong>Quare?</strong></span> <span class='ocrx_word' id='word_1_508' title='bbox 2800 584 2932 656; x_wconf 86' lang='lat' dir='ltr'><strong>Quia</strong></span> <span class='ocrx_word' id='word_1_509' title='bbox 2961 604 3066 646; x_wconf 90' lang='lat' dir='ltr'><strong>vox</strong></span> <span class='ocrx_word' id='word_1_510' title='bbox 3096 606 3285 649; x_wconf 85' lang='lat' dir='ltr'><strong>eorum</strong></span> <span class='ocrx_word' id='word_1_511' title='bbox 3312 609 3409 652; x_wconf 93' lang='lat' dir='ltr'><strong>non</strong></span> <span class='ocrx_word' id='word_1_512' title='bbox 3429 598 3487 653; x_wconf 82' lang='lat' dir='ltr'><strong>ad</strong></span> <span class='ocrx_word' id='word_1_513' title='bbox 3510 598 3726 663; x_wconf 72' lang='lat' dir='ltr'><strong>Domitium.</strong></span> 
     </span>
    </p>
   </div>
   <div class='ocr_carea' id='block_1_65' title="bbox 2257 678 3728 757">
    <p class='ocr_par' dir='ltr' id='par_1_65' title="bbox 2257 678 3728 757">
     <span class='ocr_line' id='line_1_65' title="bbox 2257 678 3728 757; baseline 0.01 -21"><span class='ocrx_word' id='word_1_514' title='bbox 2257 678 2520 749; x_wconf 83' lang='lat' dir='ltr'><strong>Exprimit</strong></span> <span class='ocrx_word' id='word_1_515' title='bbox 2544 678 2648 737; x_wconf 85' lang='lat' dir='ltr'><strong>hoc</strong></span> <span class='ocrx_word' id='word_1_516' title='bbox 2671 678 2779 737; x_wconf 90' lang='lat' dir='ltr'><strong>alio</strong></span> <span class='ocrx_word' id='word_1_517' title='bbox 2803 680 2921 737; x_wconf 90' lang='lat' dir='ltr'><strong>loco</strong></span> <span class='ocrx_word' id='word_1_518' title='bbox 2938 681 3236 755; x_wconf 84' lang='lat' dir='ltr'><strong>Scriptura,</strong></span> <span class='ocrx_word' id='word_1_519' title='bbox 3265 687 3350 742; x_wconf 88' lang='lat' dir='ltr'><strong>ubi</strong></span> <span class='ocrx_word' id='word_1_520' title='bbox 3368 685 3557 748; x_wconf 86' lang='lat' dir='ltr'><strong>dicitde</strong></span> <span class='ocrx_word' id='word_1_521' title='bbox 3578 696 3728 757; x_wconf 75' lang='lat' dir='ltr'><strong>talibus;</strong></span> 
     </span>
    </p>
   </div>
   <div class='ocr_carea' id='block_1_66' title="bbox 2258 768 3730 851">
    <p class='ocr_par' dir='ltr' id='par_1_66' title="bbox 2258 768 3730 851">
     <span class='ocr_line' id='line_1_66' title="bbox 2258 768 3730 851; baseline 0.013 -26"><span class='ocrx_word' id='word_1_522' title='bbox 2258 768 2534 827; x_wconf 78' lang='lat' dir='ltr'><strong>Dominum</strong></span> <span class='ocrx_word' id='word_1_523' title='bbox 2586 789 2688 828; x_wconf 81' lang='lat' dir='ltr'><strong>non</strong></span> <span class='ocrx_word' id='word_1_524' title='bbox 2734 773 3108 831; x_wconf 80' lang='lat' dir='ltr'><strong>invocaverunt.</strong></span> <span class='ocrx_word' id='word_1_525' title='bbox 3139 775 3221 832; x_wconf 80' lang='lat' dir='ltr'><strong>Ad</strong></span> <span class='ocrx_word' id='word_1_526' title='bbox 3265 776 3407 838; x_wconf 90' lang='lat' dir='ltr'><strong>illum</strong></span> <span class='ocrx_word' id='word_1_527' title='bbox 3444 782 3632 844; x_wconf 82' lang='lat' dir='ltr'><strong>clamare</strong></span> <span class='ocrx_word' id='word_1_528' title='bbox 3665 807 3730 851; x_wconf 68' lang='lat' dir='ltr'><strong>non</strong></span> 
     </span>
    </p>
   </div>
   <div class='ocr_carea' id='block_1_67' title="bbox 2259 862 3731 939">
    <p class='ocr_par' dir='ltr' id='par_1_67' title="bbox 2259 862 3731 939">
     <span class='ocr_line' id='line_1_67' title="bbox 2259 862 3731 939; baseline 0.01 -20"><span class='ocrx_word' id='word_1_529' title='bbox 2259 873 2645 929; x_wconf 89' lang='lat' dir='ltr'><strong>cessaverunt;</strong></span> <span class='ocrx_word' id='word_1_530' title='bbox 2692 874 2747 921; x_wconf 92' lang='lat' dir='ltr'><strong>et</strong></span> <span class='ocrx_word' id='word_1_531' title='bbox 2798 873 2972 926; x_wconf 77' lang='lat' dir='ltr'><strong>tamen</strong></span> <span class='ocrx_word' id='word_1_532' title='bbox 3018 862 3298 923; x_wconf 85' lang='lat' dir='ltr'><strong>Dominum</strong></span> <span class='ocrx_word' id='word_1_533' title='bbox 3333 888 3428 927; x_wconf 85' lang='lat' dir='ltr'><strong>non</strong></span> <span class='ocrx_word' id='word_1_534' title='bbox 3460 870 3731 939; x_wconf 71' lang='lat' dir='ltr'><strong>inscensum</strong></span> 
     </span>
    </p>
   </div>
   <div class='ocr_carea' id='block_1_68' title="bbox 2257 953 3734 1034">
    <p class='ocr_par' dir='ltr' id='par_1_68' title="bbox 2257 953 3734 1034">
     <span class='ocr_line' id='line_1_68' title="bbox 2257 953 3734 1034; baseline 0.013 -24"><span class='ocrx_word' id='word_1_535' title='bbox 2257 953 2396 1025; x_wconf 87' lang='lat' dir='ltr'><strong>Quid</strong></span> <span class='ocrx_word' id='word_1_536' title='bbox 2424 965 2526 1025; x_wconf 90' lang='lat' dir='ltr'><strong>est,</strong></span> <span class='ocrx_word' id='word_1_537' title='bbox 2558 956 2835 1014; x_wconf 83' lang='lat' dir='ltr'><strong>Dominum</strong></span> <span class='ocrx_word' id='word_1_538' title='bbox 2859 974 2960 1015; x_wconf 81' lang='lat' dir='ltr'><strong>non</strong></span> <span class='ocrx_word' id='word_1_539' title='bbox 2986 959 3379 1020; x_wconf 74' lang='lat' dir='ltr'><strong>invocaverunt?</strong></span> <span class='ocrx_word' id='word_1_540' title='bbox 3402 964 3630 1028; x_wconf 81' lang='lat' dir='ltr'><strong>Dominum</strong></span> <span class='ocrx_word' id='word_1_541' title='bbox 3649 974 3684 1030; x_wconf 80' lang='lat' dir='ltr'><strong>is</strong></span> <span class='ocrx_word' id='word_1_542' title='bbox 3698 992 3734 1034; x_wconf 76' lang='lat' dir='ltr'><strong>se</strong></span> 
     </span>
    </p>
   </div>
   <div class='ocr_carea' id='block_1_69' title="bbox 2259 1050 3731 1122">
    <p class='ocr_par' dir='ltr' id='par_1_69' title="bbox 2259 1050 3731 1122">
     <span class='ocr_line' id='line_1_69' title="bbox 2259 1050 3731 1122; baseline 0.011 -17"><span class='ocrx_word' id='word_1_543' title='bbox 2259 1063 2366 1105; x_wconf 92' lang='lat' dir='ltr'><strong>non</strong></span> <span class='ocrx_word' id='word_1_544' title='bbox 2395 1057 2756 1107; x_wconf 86' lang='lat' dir='ltr'><strong>vocaverunt:</strong></span> <span class='ocrx_word' id='word_1_545' title='bbox 2788 1050 2854 1106; x_wconf 90' lang='lat' dir='ltr'><strong>ad</strong></span> <span class='ocrx_word' id='word_1_546' title='bbox 2886 1068 2982 1109; x_wconf 87' lang='lat' dir='ltr'><strong>cor</strong></span> <span class='ocrx_word' id='word_1_547' title='bbox 3002 1068 3161 1109; x_wconf 88' lang='lat' dir='ltr'><strong>suum</strong></span> <span class='ocrx_word' id='word_1_548' title='bbox 3198 1053 3464 1114; x_wconf 87' lang='lat' dir='ltr'><strong>Dominum</strong></span> <span class='ocrx_word' id='word_1_549' title='bbox 3498 1076 3588 1118; x_wconf 83' lang='lat' dir='ltr'><strong>non</strong></span> <span class='ocrx_word' id='word_1_550' title='bbox 3608 1062 3731 1122; x_wconf 77' lang='lat' dir='ltr'><strong>invits-</strong></span> 
     </span>
    </p>
   </div>
   <div class='ocr_carea' id='block_1_70' title="bbox 2260 1140 3729 1228">
    <p class='ocr_par' dir='ltr' id='par_1_70' title="bbox 2260 1140 3729 1228">
     <span class='ocr_line' id='line_1_70' title="bbox 2260 1140 3729 1228; baseline 0.013 -33"><span class='ocrx_word' id='word_1_551' title='bbox 2260 1148 2449 1196; x_wconf 86' lang='lat' dir='ltr'><strong>verunt</strong></span> <span class='ocrx_word' id='word_1_552' title='bbox 2471 1157 2487 1206; x_wconf 91' lang='lat'><strong>;</strong></span> <span class='ocrx_word' id='word_1_553' title='bbox 2509 1156 2539 1195; x_wconf 90' lang='lat' dir='ltr'><strong>a</strong></span> <span class='ocrx_word' id='word_1_554' title='bbox 2566 1140 2790 1197; x_wconf 89' lang='lat' dir='ltr'><strong>Domino</strong></span> <span class='ocrx_word' id='word_1_555' title='bbox 2814 1155 2873 1198; x_wconf 89' lang='lat' dir='ltr'><strong>se</strong></span> <span class='ocrx_word' id='word_1_556' title='bbox 2900 1142 3129 1201; x_wconf 83' lang='lat' dir='ltr'><strong>habitari</strong></span> <span class='ocrx_word' id='word_1_557' title='bbox 3157 1145 3447 1204; x_wconf 77' lang='lat' dir='ltr'><strong>noluerunt.</strong></span> <span class='ocrx_word' id='word_1_558' title='bbox 3468 1140 3525 1207; x_wconf 76' lang='lat' dir='ltr'><strong>Et</strong></span> <span class='ocrx_word' id='word_1_559' title='bbox 3543 1150 3729 1228; x_wconf 77' lang='lat' dir='ltr'><strong>ideoquid</strong></span> 
     </span>
    </p>
   </div>
   <div class='ocr_carea' id='block_1_71' title="bbox 2259 1233 3733 1313">
    <p class='ocr_par' dir='ltr' id='par_1_71' title="bbox 2259 1233 3733 1313">
     <span class='ocr_line' id='line_1_71' title="bbox 2259 1233 3733 1313; baseline 0.009 -22"><span class='ocrx_word' id='word_1_560' title='bbox 2259 1238 2340 1291; x_wconf 87' lang='lat' dir='ltr'><strong>eis</strong></span> <span class='ocrx_word' id='word_1_561' title='bbox 2362 1236 2578 1307; x_wconf 77' lang='lat' dir='ltr'><strong>Contigit</strong></span> <span class='ocrx_word' id='word_1_562' title='bbox 2601 1236 2627 1292; x_wconf 66' lang='grc' dir='ltr'><em>ἲ</em></span> <span class='ocrx_word' id='word_1_563' title='bbox 2654 1233 2683 1291; x_wconf 84' lang='lat' dir='ltr'><strong><em>I</em></strong></span> <span class='ocrx_word' id='word_1_564' title='bbox 2690 1235 2739 1292; x_wconf 83' lang='lat' dir='ltr'><strong>bi</strong></span> <span class='ocrx_word' id='word_1_565' title='bbox 2775 1237 3157 1309; x_wconf 81' lang='lat' dir='ltr'><strong>trepidavertmt</strong></span> <span class='ocrx_word' id='word_1_566' title='bbox 3183 1240 3378 1310; x_wconf 82' lang='lat' dir='ltr'><strong>timore,</strong></span> <span class='ocrx_word' id='word_1_567' title='bbox 3406 1242 3482 1299; x_wconf 84' lang='lat' dir='ltr'><strong>ubi</strong></span> <span class='ocrx_word' id='word_1_568' title='bbox 3500 1264 3586 1313; x_wconf 74' lang='lat' dir='ltr'><strong>nos</strong></span> <span class='ocrx_word' id='word_1_569' title='bbox 3606 1254 3733 1306; x_wconf 76' lang='lat' dir='ltr'><strong>eruti-</strong></span> 
     </span>
    </p>
   </div>
   <div class='ocr_carea' id='block_1_72' title="bbox 2266 1327 3732 1407">
    <p class='ocr_par' dir='ltr' id='par_1_72' title="bbox 2266 1327 3732 1407">
     <span class='ocr_line' id='line_1_72' title="bbox 2266 1327 3732 1407; baseline 0.012 -25"><span class='ocrx_word' id='word_1_570' title='bbox 2266 1343 2378 1383; x_wconf 86' lang='lat' dir='ltr'><strong>mor</strong></span> <span class='ocrx_word' id='word_1_571' title='bbox 2404 1327 2578 1401; x_wconf 81' lang='lat' dir='ltr'><strong>(Psal.</strong></span> <span class='ocrx_word' id='word_1_572' title='bbox 2614 1344 2727 1396; x_wconf 75' lang='lat' dir='ltr'><strong>snt,</strong></span> <span class='ocrx_word' id='word_1_573' title='bbox 2758 1330 2837 1399; x_wconf 85' lang='lat'><strong>5).</strong></span> <span class='ocrx_word' id='word_1_574' title='bbox 2866 1329 2991 1388; x_wconf 89' lang='lat' dir='ltr'><strong>Ideo</strong></span> <span class='ocrx_word' id='word_1_575' title='bbox 3020 1331 3090 1389; x_wconf 88' lang='lat' dir='ltr'><strong>de</strong></span> <span class='ocrx_word' id='word_1_576' title='bbox 3113 1349 3289 1390; x_wconf 88' lang='lat' dir='ltr'><strong>rerum</strong></span> <span class='ocrx_word' id='word_1_577' title='bbox 3318 1340 3613 1407; x_wconf 63' lang='lat' dir='ltr'><strong>praesentium</strong></span> <span class='ocrx_word' id='word_1_578' title='bbox 3630 1343 3732 1400; x_wconf 51' lang='lat' dir='ltr'><strong>anis.</strong></span> 
     </span>
    </p>
   </div>
   <div class='ocr_carea' id='block_1_73' title="bbox 2260 1419 3733 1507">
    <p class='ocr_par' dir='ltr' id='par_1_73' title="bbox 2260 1419 3733 1507">
     <span class='ocr_line' id='line_1_73' title="bbox 2260 1419 3733 1507; baseline 0.01 -32"><span class='ocrx_word' id='word_1_579' title='bbox 2260 1419 2410 1476; x_wconf 87' lang='lat' dir='ltr'><strong>sione</strong></span> <span class='ocrx_word' id='word_1_580' title='bbox 2436 1429 2786 1487; x_wconf 89' lang='lat' dir='ltr'><strong>tremuerunt,</strong></span> <span class='ocrx_word' id='word_1_581' title='bbox 2813 1423 3065 1494; x_wconf 89' lang='lat' dir='ltr'><strong>quoniam</strong></span> <span class='ocrx_word' id='word_1_582' title='bbox 3089 1441 3197 1481; x_wconf 82' lang='lat' dir='ltr'><strong>non</strong></span> <span class='ocrx_word' id='word_1_583' title='bbox 3219 1430 3365 1482; x_wconf 89' lang='lat' dir='ltr'><strong>erant</strong></span> <span class='ocrx_word' id='word_1_584' title='bbox 3392 1427 3519 1502; x_wconf 84' lang='lat' dir='ltr'><strong>pleni</strong></span> <span class='ocrx_word' id='word_1_585' title='bbox 3548 1430 3733 1507; x_wconf 72' lang='lat' dir='ltr'><strong>illoqueu</strong></span> 
     </span>
    </p>
   </div>
   <div class='ocr_carea' id='block_1_74' title="bbox 2256 1512 3733 1588">
    <p class='ocr_par' dir='ltr' id='par_1_74' title="bbox 2256 1512 3733 1588">
     <span class='ocr_line' id='line_1_74' title="bbox 2256 1512 3733 1588; baseline 0.012 -22"><span class='ocrx_word' id='word_1_586' title='bbox 2256 1526 2368 1585; x_wconf 87' lang='lat' dir='ltr'><strong>non</strong></span> <span class='ocrx_word' id='word_1_587' title='bbox 2419 1512 2818 1570; x_wconf 88' lang='lat' dir='ltr'><strong>invocaverunt.</strong></span> <span class='ocrx_word' id='word_1_588' title='bbox 2845 1512 2961 1570; x_wconf 85' lang='lat' dir='ltr'><strong>Non</strong></span> <span class='ocrx_word' id='word_1_589' title='bbox 2990 1515 3162 1587; x_wconf 72' lang='lat' dir='ltr'><strong>gratis</strong></span> <span class='ocrx_word' id='word_1_590' title='bbox 3187 1531 3499 1588; x_wconf 86' lang='lat' dir='ltr'><strong>amaverunt,</strong></span> <span class='ocrx_word' id='word_1_591' title='bbox 3529 1526 3577 1579; x_wconf 84' lang='lat' dir='ltr'><strong>ut</strong></span> <span class='ocrx_word' id='word_1_592' title='bbox 3597 1524 3733 1585; x_wconf 68' lang='lat' dir='ltr'><strong>amissis</strong></span> 
     </span>
    </p>
   </div>
   <div class='ocr_carea' id='block_1_75' title="bbox 2263 1604 3735 1679">
    <p class='ocr_par' dir='ltr' id='par_1_75' title="bbox 2263 1604 3735 1679">
     <span class='ocr_line' id='line_1_75' title="bbox 2263 1604 3735 1679; baseline 0.011 -21"><span class='ocrx_word' id='word_1_593' title='bbox 2263 1604 2643 1674; x_wconf 83' lang='lat' dir='ltr'><strong>temporalibus</strong></span> <span class='ocrx_word' id='word_1_594' title='bbox 2706 1604 2868 1663; x_wconf 81' lang='lat' dir='ltr'><strong>rebus</strong></span> <span class='ocrx_word' id='word_1_595' title='bbox 2912 1615 3139 1679; x_wconf 88' lang='lat' dir='ltr'><strong>possent</strong></span> <span class='ocrx_word' id='word_1_596' title='bbox 3191 1608 3403 1669; x_wconf 82' lang='lat' dir='ltr'><strong>dicere:</strong></span> <span class='ocrx_word' id='word_1_597' title='bbox 3433 1612 3561 1669; x_wconf 76' lang='lat' dir='ltr'><strong>Sicut</strong></span> <span class='ocrx_word' id='word_1_598' title='bbox 3590 1610 3735 1673; x_wconf 69' lang='lat' dir='ltr'><strong>Domist</strong></span> 
     </span>
    </p>
   </div>
   <div class='ocr_carea' id='block_1_76' title="bbox 2264 1695 3733 1768">
    <p class='ocr_par' dir='ltr' id='par_1_76' title="bbox 2264 1695 3733 1768">
     <span class='ocr_line' id='line_1_76' title="bbox 2264 1695 3733 1768; baseline 0.013 -21"><span class='ocrx_word' id='word_1_599' title='bbox 2264 1695 2483 1766; x_wconf 81' lang='lat' dir='ltr'><strong>placuit,</strong></span> <span class='ocrx_word' id='word_1_600' title='bbox 2521 1696 2593 1749; x_wconf 90' lang='lat' dir='ltr'><strong>ita</strong></span> <span class='ocrx_word' id='word_1_601' title='bbox 2618 1700 2812 1768; x_wconf 79' lang='lat' dir='ltr'><strong>factum</strong></span> <span class='ocrx_word' id='word_1_602' title='bbox 2842 1708 2953 1765; x_wconf 79' lang='lat' dir='ltr'><strong>est;</strong></span> <span class='ocrx_word' id='word_1_603' title='bbox 2978 1702 3047 1756; x_wconf 87' lang='lat' dir='ltr'><strong>sit</strong></span> <span class='ocrx_word' id='word_1_604' title='bbox 3073 1717 3256 1757; x_wconf 81' lang='lat' dir='ltr'><strong>nomen</strong></span> <span class='ocrx_word' id='word_1_605' title='bbox 3299 1701 3489 1760; x_wconf 80' lang='lat' dir='ltr'><strong>Domini</strong></span> <span class='ocrx_word' id='word_1_606' title='bbox 3516 1704 3733 1766; x_wconf 70' lang='lat' dir='ltr'><strong>benedictus</strong></span> 
     </span>
    </p>
   </div>
   <div class='ocr_carea' id='block_1_77' title="bbox 2265 1785 3737 1867">
    <p class='ocr_par' dir='ltr' id='par_1_77' title="bbox 2265 1785 3737 1867">
     <span class='ocr_line' id='line_1_77' title="bbox 2265 1785 3737 1867; baseline 0.011 -27"><span class='ocrx_word' id='word_1_607' title='bbox 2265 1785 2387 1858; x_wconf 80' lang='lat' dir='ltr'><strong>(Job</strong></span> <span class='ocrx_word' id='word_1_608' title='bbox 2434 1803 2471 1854; x_wconf 79' lang='grc' dir='ltr'><strong>ι,</strong></span> <span class='ocrx_word' id='word_1_609' title='bbox 2517 1788 2634 1859; x_wconf 73' lang='grc'><strong>21).</strong></span> <span class='ocrx_word' id='word_1_610' title='bbox 2675 1788 2816 1862; x_wconf 79' lang='lat' dir='ltr'><strong>Ergo</strong></span> <span class='ocrx_word' id='word_1_611' title='bbox 2844 1789 2966 1855; x_wconf 86' lang='lat' dir='ltr'><strong>iste,</strong></span> <span class='ocrx_word' id='word_1_612' title='bbox 3028 1788 3144 1848; x_wconf 73' lang='lat' dir='ltr'><strong>Vox</strong></span> <span class='ocrx_word' id='word_1_613' title='bbox 3170 1810 3303 1859; x_wconf 78' lang='lat' dir='ltr'><strong>mea,</strong></span> <span class='ocrx_word' id='word_1_614' title='bbox 3338 1795 3512 1867; x_wconf 88' lang='lat' dir='ltr'><strong>inquit,</strong></span> <span class='ocrx_word' id='word_1_615' title='bbox 3549 1800 3605 1853; x_wconf 76' lang='lat' dir='ltr'><strong>ad</strong></span> <span class='ocrx_word' id='word_1_616' title='bbox 3623 1792 3737 1857; x_wconf 61' lang='lat' dir='ltr'><strong>Doni.</strong></span> 
     </span>
    </p>
   </div>
   <div class='ocr_carea' id='block_1_78' title="bbox 2264 1876 3682 1957">
    <p class='ocr_par' dir='ltr' id='par_1_78' title="bbox 2264 1876 3682 1957">
     <span class='ocr_line' id='line_1_78' title="bbox 2264 1876 3682 1957; baseline 0.012 -27"><span class='ocrx_word' id='word_1_617' title='bbox 2264 1891 2407 1941; x_wconf 84' lang='lat' dir='ltr'><strong>num,</strong></span> <span class='ocrx_word' id='word_1_618' title='bbox 2435 1888 2482 1933; x_wconf 84' lang='lat' dir='ltr'><strong>ct</strong></span> <span class='ocrx_word' id='word_1_619' title='bbox 2502 1878 2716 1933; x_wconf 83' lang='lat' dir='ltr'><strong>attendit</strong></span> <span class='ocrx_word' id='word_1_620' title='bbox 2735 1880 2878 1935; x_wconf 79' lang='lat' dir='ltr'><strong>mitti.</strong></span> <span class='ocrx_word' id='word_1_621' title='bbox 2921 1876 3121 1939; x_wconf 87' lang='lat' dir='ltr'><strong>Doceat</strong></span> <span class='ocrx_word' id='word_1_622' title='bbox 3155 1898 3253 1941; x_wconf 90' lang='lat' dir='ltr'><strong>nos</strong></span> <span class='ocrx_word' id='word_1_623' title='bbox 3277 1886 3522 1957; x_wconf 87' lang='lat' dir='ltr'><strong>quomodo</strong></span> <span class='ocrx_word' id='word_1_624' title='bbox 3542 1887 3584 1945; x_wconf 85' lang='lat' dir='ltr'><strong>id</strong></span> <span class='ocrx_word' id='word_1_625' title='bbox 3603 1884 3682 1947; x_wconf 82' lang='lat' dir='ltr'><strong>list.</strong></span> 
     </span>
    </p>
   </div>
   <div class='ocr_carea' id='block_1_79' title="bbox 2335 1964 3736 2053">
    <p class='ocr_par' dir='ltr' id='par_1_79' title="bbox 2335 1964 3736 2053">
     <span class='ocr_line' id='line_1_79' title="bbox 2335 1964 3736 2053; baseline 0.01 -30"><span class='ocrx_word' id='word_1_626' title='bbox 2335 1968 2388 2024; x_wconf 79' lang='grc'><strong>5.</strong></span> <span class='ocrx_word' id='word_1_627' title='bbox 2414 1964 2562 2044; x_wconf 54' lang='lat' dir='ltr'><strong>[verm</strong></span> <span class='ocrx_word' id='word_1_628' title='bbox 2583 1966 2661 2044; x_wconf 76' lang='lat'><strong>3.]</strong></span> <span class='ocrx_word' id='word_1_629' title='bbox 2695 1969 2761 2025; x_wconf 84' lang='lat' dir='ltr'><strong>In</strong></span> <span class='ocrx_word' id='word_1_630' title='bbox 2797 1972 2878 2028; x_wconf 86' lang='lat' dir='ltr'><strong>die</strong></span> <span class='ocrx_word' id='word_1_631' title='bbox 2895 1973 3244 2031; x_wconf 78' lang='lat' dir='ltr'><strong>tribulationis</strong></span> <span class='ocrx_word' id='word_1_632' title='bbox 3263 1994 3380 2033; x_wconf 72' lang='lat' dir='ltr'><strong>mete</strong></span> <span class='ocrx_word' id='word_1_633' title='bbox 3398 1976 3538 2035; x_wconf 71' lang='lat' dir='ltr'><strong>Dauni</strong></span> <span class='ocrx_word' id='word_1_634' title='bbox 3558 1982 3736 2053; x_wconf 58' lang='lat' dir='ltr'><strong>quisid.</strong></span> 
     </span>
    </p>
   </div>
   <div class='ocr_carea' id='block_1_80' title="bbox 2264 2052 3738 2141">
    <p class='ocr_par' dir='ltr' id='par_1_80' title="bbox 2264 2052 3738 2141">
     <span class='ocr_line' id='line_1_80' title="bbox 2264 2052 3738 2141; baseline 0.012 -29"><span class='ocrx_word' id='word_1_635' title='bbox 2264 2052 2393 2131; x_wconf 84' lang='lat' dir='ltr'><strong>Quis</strong></span> <span class='ocrx_word' id='word_1_636' title='bbox 2421 2075 2503 2124; x_wconf 90' lang='lat' dir='ltr'><strong>es,</strong></span> <span class='ocrx_word' id='word_1_637' title='bbox 2536 2063 2625 2133; x_wconf 87' lang='lat' dir='ltr'><strong>qui</strong></span> <span class='ocrx_word' id='word_1_638' title='bbox 2654 2062 2758 2117; x_wconf 90' lang='lat' dir='ltr'><strong>hoc</strong></span> <span class='ocrx_word' id='word_1_639' title='bbox 2789 2061 2961 2119; x_wconf 78' lang='lat' dir='ltr'><strong>facis?</strong></span> <span class='ocrx_word' id='word_1_640' title='bbox 2993 2064 3053 2120; x_wconf 89' lang='lat' dir='ltr'><strong>in</strong></span> <span class='ocrx_word' id='word_1_641' title='bbox 3077 2066 3167 2123; x_wconf 88' lang='lat' dir='ltr'><strong>die</strong></span> <span class='ocrx_word' id='word_1_642' title='bbox 3196 2068 3528 2127; x_wconf 89' lang='lat' dir='ltr'><strong>tribulationis</strong></span> <span class='ocrx_word' id='word_1_643' title='bbox 3549 2052 3643 2141; x_wconf 70' lang='lat' dir='ltr'><strong>tua,</strong></span> <span class='ocrx_word' id='word_1_644' title='bbox 3661 2072 3738 2130; x_wconf 76' lang='lat' dir='ltr'><strong>vide</strong></span> 
     </span>
    </p>
   </div>
   <div class='ocr_carea' id='block_1_81' title="bbox 2263 2153 3738 2235">
    <p class='ocr_par' dir='ltr' id='par_1_81' title="bbox 2263 2153 3738 2235">
     <span class='ocr_line' id='line_1_81' title="bbox 2263 2153 3738 2235; baseline 0.012 -29"><span class='ocrx_word' id='word_1_645' title='bbox 2263 2153 2391 2223; x_wconf 87' lang='lat' dir='ltr'><strong>quid</strong></span> <span class='ocrx_word' id='word_1_646' title='bbox 2420 2156 2687 2225; x_wconf 85' lang='lat' dir='ltr'><strong>exquiras.</strong></span> <span class='ocrx_word' id='word_1_647' title='bbox 2736 2154 2793 2213; x_wconf 86' lang='lat' dir='ltr'><strong>Si</strong></span> <span class='ocrx_word' id='word_1_648' title='bbox 2842 2172 3029 2216; x_wconf 84' lang='lat' dir='ltr'><strong>carcer</strong></span> <span class='ocrx_word' id='word_1_649' title='bbox 3072 2157 3199 2216; x_wconf 91' lang='lat' dir='ltr'><strong>facit</strong></span> <span class='ocrx_word' id='word_1_650' title='bbox 3252 2161 3615 2235; x_wconf 84' lang='lat' dir='ltr'><strong>tribulationem,</strong></span> <span class='ocrx_word' id='word_1_651' title='bbox 3645 2166 3738 2223; x_wconf 75' lang='lat' dir='ltr'><strong>exire</strong></span> 
     </span>
    </p>
   </div>
   <div class='ocr_carea' id='block_1_82' title="bbox 2261 2246 3735 2330">
    <p class='ocr_par' dir='ltr' id='par_1_82' title="bbox 2261 2246 3735 2330">
     <span class='ocr_line' id='line_1_82' title="bbox 2261 2246 3735 2330; baseline 0.012 -28"><span class='ocrx_word' id='word_1_652' title='bbox 2261 2246 2329 2304; x_wconf 89' lang='lat' dir='ltr'><strong>de</strong></span> <span class='ocrx_word' id='word_1_653' title='bbox 2371 2263 2588 2307; x_wconf 88' lang='lat' dir='ltr'><strong>carcere</strong></span> <span class='ocrx_word' id='word_1_654' title='bbox 2620 2250 2857 2323; x_wconf 81' lang='lat' dir='ltr'><strong>exquiris</strong></span> <span class='ocrx_word' id='word_1_655' title='bbox 2887 2271 2901 2309; x_wconf 75' lang='grc' dir='ltr'><strong><em>ε</em></strong></span> <span class='ocrx_word' id='word_1_656' title='bbox 2928 2254 2975 2309; x_wconf 90' lang='lat' dir='ltr'><strong>si</strong></span> <span class='ocrx_word' id='word_1_657' title='bbox 3019 2254 3189 2314; x_wconf 77' lang='lat' dir='ltr'><strong>febris</strong></span> <span class='ocrx_word' id='word_1_658' title='bbox 3241 2254 3364 2314; x_wconf 84' lang='lat' dir='ltr'><strong>facit</strong></span> <span class='ocrx_word' id='word_1_659' title='bbox 3405 2260 3735 2330; x_wconf 70' lang='lat' dir='ltr'><strong>tribulationem,</strong></span> 
     </span>
    </p>
   </div>
   <div class='ocr_carea' id='block_1_83' title="bbox 2262 2340 3736 2421">
    <p class='ocr_par' dir='ltr' id='par_1_83' title="bbox 2262 2340 3736 2421">
     <span class='ocr_line' id='line_1_83' title="bbox 2262 2340 3736 2421; baseline 0.012 -26"><span class='ocrx_word' id='word_1_660' title='bbox 2262 2340 2549 2399; x_wconf 82' lang='lat' dir='ltr'><strong>sanitatem</strong></span> <span class='ocrx_word' id='word_1_661' title='bbox 2581 2345 2822 2415; x_wconf 78' lang='lat' dir='ltr'><strong>exquiris</strong></span> <span class='ocrx_word' id='word_1_662' title='bbox 2851 2363 2865 2402; x_wconf 92' lang='lat'><strong>:</strong></span> <span class='ocrx_word' id='word_1_663' title='bbox 2896 2346 2939 2401; x_wconf 91' lang='lat' dir='ltr'><strong>si</strong></span> <span class='ocrx_word' id='word_1_664' title='bbox 2966 2345 3140 2406; x_wconf 87' lang='lat' dir='ltr'><strong>fames</strong></span> <span class='ocrx_word' id='word_1_665' title='bbox 3166 2348 3290 2406; x_wconf 85' lang='lat' dir='ltr'><strong>facit</strong></span> <span class='ocrx_word' id='word_1_666' title='bbox 3314 2346 3736 2421; x_wconf 59' lang='lat' dir='ltr'><strong>tribulationcmmv</strong></span> 
     </span>
    </p>
   </div>
   <div class='ocr_carea' id='block_1_84' title="bbox 2262 2433 3732 2514">
    <p class='ocr_par' dir='ltr' id='par_1_84' title="bbox 2262 2433 3732 2514">
     <span class='ocr_line' id='line_1_84' title="bbox 2262 2433 3732 2514; baseline 0.013 -27"><span class='ocrx_word' id='word_1_667' title='bbox 2262 2433 2533 2489; x_wconf 86' lang='lat' dir='ltr'><strong>turitatem</strong></span> <span class='ocrx_word' id='word_1_668' title='bbox 2567 2434 2805 2507; x_wconf 83' lang='lat' dir='ltr'><strong>exquiris</strong></span> <span class='ocrx_word' id='word_1_669' title='bbox 2838 2455 2852 2491; x_wconf 91' lang='lat'>:</span> <span class='ocrx_word' id='word_1_670' title='bbox 2884 2438 2929 2494; x_wconf 91' lang='lat' dir='ltr'><strong>si</strong></span> <span class='ocrx_word' id='word_1_671' title='bbox 2956 2437 3156 2496; x_wconf 86' lang='lat' dir='ltr'><strong>damna</strong></span> <span class='ocrx_word' id='word_1_672' title='bbox 3185 2442 3732 2514; x_wconf 80' lang='lat' dir='ltr'><strong>faciunttribulatlunettt,</strong></span> 
     </span>
    </p>
   </div>
   <div class='ocr_carea' id='block_1_85' title="bbox 2261 2523 3729 2607">
    <p class='ocr_par' dir='ltr' id='par_1_85' title="bbox 2261 2523 3729 2607">
     <span class='ocr_line' id='line_1_85' title="bbox 2261 2523 3729 2607; baseline 0.013 -28"><span class='ocrx_word' id='word_1_673' title='bbox 2261 2523 2470 2580; x_wconf 86' lang='lat' dir='ltr'><strong>lucrum</strong></span> <span class='ocrx_word' id='word_1_674' title='bbox 2493 2529 2731 2598; x_wconf 85' lang='lat' dir='ltr'><strong>exquiris</strong></span> <span class='ocrx_word' id='word_1_675' title='bbox 2765 2548 2777 2584; x_wconf 91' lang='lat'>:</span> <span class='ocrx_word' id='word_1_676' title='bbox 2807 2530 2851 2587; x_wconf 89' lang='lat' dir='ltr'><strong>si</strong></span> <span class='ocrx_word' id='word_1_677' title='bbox 2890 2536 3259 2607; x_wconf 80' lang='lat' dir='ltr'><strong>peregrinatio</strong></span> <span class='ocrx_word' id='word_1_678' title='bbox 3286 2535 3404 2595; x_wconf 89' lang='lat' dir='ltr'><strong>facit</strong></span> <span class='ocrx_word' id='word_1_679' title='bbox 3423 2539 3729 2605; x_wconf 69' lang='lat' dir='ltr'><strong>tribulationem.</strong></span> 
     </span>
    </p>
   </div>
   <div class='ocr_carea' id='block_1_86' title="bbox 2261 2615 3729 2703">
    <p class='ocr_par' dir='ltr' id='par_1_86' title="bbox 2261 2615 3729 2703">
     <span class='ocr_line' id='line_1_86' title="bbox 2261 2615 3729 2703; baseline 0.016 -34"><span class='ocrx_word' id='word_1_680' title='bbox 2261 2615 2537 2671; x_wconf 85' lang='lat' dir='ltr'><strong>civitatem</strong></span> <span class='ocrx_word' id='word_1_681' title='bbox 2584 2628 2686 2674; x_wconf 53' lang='lat' dir='ltr'><strong>tua!</strong></span> <span class='ocrx_word' id='word_1_682' title='bbox 2711 2623 2889 2678; x_wconf 89' lang='lat' dir='ltr'><strong>carnis</strong></span> <span class='ocrx_word' id='word_1_683' title='bbox 2916 2628 3180 2696; x_wconf 73' lang='lat' dir='ltr'><strong>exquiris.</strong></span> <span class='ocrx_word' id='word_1_684' title='bbox 3214 2625 3281 2684; x_wconf 86' lang='lat' dir='ltr'><strong>Et</strong></span> <span class='ocrx_word' id='word_1_685' title='bbox 3307 2629 3425 2703; x_wconf 88' lang='lat' dir='ltr'><strong>quid</strong></span> <span class='ocrx_word' id='word_1_686' title='bbox 3466 2644 3622 2689; x_wconf 81' lang='lat' dir='ltr'><strong>cuncta</strong></span> <span class='ocrx_word' id='word_1_687' title='bbox 3641 2646 3729 2692; x_wconf 73' lang='grc' dir='ltr'><strong>ωι-</strong></span> 
     </span>
    </p>
   </div>
   <div class='ocr_carea' id='block_1_87' title="bbox 2260 2716 3729 2786">
    <p class='ocr_par' dir='ltr' id='par_1_87' title="bbox 2260 2716 3729 2786">
     <span class='ocr_line' id='line_1_87' title="bbox 2260 2716 3729 2786; baseline 0.014 -23"><span class='ocrx_word' id='word_1_688' title='bbox 2260 2720 2554 2765; x_wconf 86' lang='lat' dir='ltr'><strong>memorem</strong></span> <span class='ocrx_word' id='word_1_689' title='bbox 2581 2753 2596 2780; x_wconf 94' lang='lat'><strong>,</strong></span> <span class='ocrx_word' id='word_1_690' title='bbox 2629 2721 2720 2769; x_wconf 88' lang='lat' dir='ltr'><strong>aut</strong></span> <span class='ocrx_word' id='word_1_691' title='bbox 2761 2716 2976 2786; x_wconf 88' lang='lat' dir='ltr'><strong>quando</strong></span> <span class='ocrx_word' id='word_1_692' title='bbox 3029 2730 3225 2778; x_wconf 90' lang='lat' dir='ltr'><strong>cuncta</strong></span> <span class='ocrx_word' id='word_1_693' title='bbox 3256 2726 3651 2783; x_wconf 77' lang='lat' dir='ltr'><strong>commemorent?</strong></span> <span class='ocrx_word' id='word_1_694' title='bbox 3676 2722 3729 2783; x_wconf 74' lang='lat' dir='ltr'><strong>iis</strong></span> 
     </span>
    </p>
   </div>
   <div class='ocr_carea' id='block_1_88' title="bbox 2258 2802 3725 2875">
    <p class='ocr_par' dir='ltr' id='par_1_88' title="bbox 2258 2802 3725 2875">
     <span class='ocr_line' id='line_1_88' title="bbox 2258 2802 3725 2875; baseline 0.014 -20"><span class='ocrx_word' id='word_1_695' title='bbox 2258 2814 2379 2857; x_wconf 88' lang='lat' dir='ltr'><strong>esse</strong></span> <span class='ocrx_word' id='word_1_696' title='bbox 2428 2802 2775 2861; x_wconf 75' lang='lat' dir='ltr'><strong>transiliens?</strong></span> <span class='ocrx_word' id='word_1_697' title='bbox 2803 2805 2860 2863; x_wconf 86' lang='lat' dir='ltr'><strong>in</strong></span> <span class='ocrx_word' id='word_1_698' title='bbox 2911 2808 2999 2866; x_wconf 91' lang='lat' dir='ltr'><strong>die</strong></span> <span class='ocrx_word' id='word_1_699' title='bbox 3030 2812 3379 2873; x_wconf 88' lang='lat' dir='ltr'><strong>tribulationis</strong></span> <span class='ocrx_word' id='word_1_700' title='bbox 3416 2825 3504 2873; x_wconf 67' lang='lat' dir='ltr'><strong>tua:</strong></span> <span class='ocrx_word' id='word_1_701' title='bbox 3530 2818 3654 2873; x_wconf 81' lang='lat' dir='ltr'><strong>Deum</strong></span> <span class='ocrx_word' id='word_1_702' title='bbox 3670 2833 3725 2875; x_wconf 78' lang='lat' dir='ltr'><strong>et-</strong></span> 
     </span>
    </p>
   </div>
   <div class='ocr_carea' id='block_1_89' title="bbox 2257 2894 3726 2974">
    <p class='ocr_par' dir='ltr' id='par_1_89' title="bbox 2257 2894 3726 2974">
     <span class='ocr_line' id='line_1_89' title="bbox 2257 2894 3726 2974; baseline 0.014 -26"><span class='ocrx_word' id='word_1_703' title='bbox 2257 2894 2454 2965; x_wconf 89' lang='lat' dir='ltr'><strong>quire:</strong></span> <span class='ocrx_word' id='word_1_704' title='bbox 2496 2910 2603 2955; x_wconf 91' lang='lat' dir='ltr'><strong>non</strong></span> <span class='ocrx_word' id='word_1_705' title='bbox 2648 2915 2743 2971; x_wconf 87' lang='lat' dir='ltr'><strong>per</strong></span> <span class='ocrx_word' id='word_1_706' title='bbox 2784 2900 2953 2959; x_wconf 89' lang='lat' dir='ltr'><strong>Deum</strong></span> <span class='ocrx_word' id='word_1_707' title='bbox 3002 2904 3151 2965; x_wconf 87' lang='lat' dir='ltr'><strong>aliud</strong></span> <span class='ocrx_word' id='word_1_708' title='bbox 3183 2948 3198 2974; x_wconf 88' lang='lat'><strong>,</strong></span> <span class='ocrx_word' id='word_1_709' title='bbox 3253 2909 3344 2965; x_wconf 87' lang='lat' dir='ltr'><strong>sed</strong></span> <span class='ocrx_word' id='word_1_710' title='bbox 3384 2926 3442 2966; x_wconf 89' lang='lat' dir='ltr'><strong>ex</strong></span> <span class='ocrx_word' id='word_1_711' title='bbox 3487 2912 3726 2969; x_wconf 74' lang='lat' dir='ltr'><strong>tribulatione</strong></span> 
     </span>
    </p>
   </div>
   <div class='ocr_carea' id='block_1_90' title="bbox 2258 2986 3726 3069">
    <p class='ocr_par' dir='ltr' id='par_1_90' title="bbox 2258 2986 3726 3069">
     <span class='ocr_line' id='line_1_90' title="bbox 2258 2986 3726 3069; baseline 0.012 -28"><span class='ocrx_word' id='word_1_712' title='bbox 2258 2986 2461 3056; x_wconf 88' lang='lat' dir='ltr'><strong>Deum;</strong></span> <span class='ocrx_word' id='word_1_713' title='bbox 2493 2999 2550 3046; x_wconf 92' lang='lat' dir='ltr'><strong>ut</strong></span> <span class='ocrx_word' id='word_1_714' title='bbox 2576 2990 2641 3048; x_wconf 88' lang='lat' dir='ltr'><strong>ad</strong></span> <span class='ocrx_word' id='word_1_715' title='bbox 2687 2992 2790 3051; x_wconf 89' lang='lat' dir='ltr'><strong>hoc</strong></span> <span class='ocrx_word' id='word_1_716' title='bbox 2819 2994 2959 3051; x_wconf 88' lang='lat' dir='ltr'><strong>Deus</strong></span> <span class='ocrx_word' id='word_1_717' title='bbox 2998 3008 3275 3055; x_wconf 88' lang='lat' dir='ltr'><strong>removeat</strong></span> <span class='ocrx_word' id='word_1_718' title='bbox 3303 3000 3668 3069; x_wconf 86' lang='lat' dir='ltr'><strong>tribulationem,</strong></span> <span class='ocrx_word' id='word_1_719' title='bbox 3694 3010 3726 3059; x_wconf 82' lang='lat' dir='ltr'><strong>ut</strong></span> 
     </span>
    </p>
   </div>
   <div class='ocr_carea' id='block_1_91' title="bbox 2255 3080 3725 3148">
    <p class='ocr_par' dir='ltr' id='par_1_91' title="bbox 2255 3080 3725 3148">
     <span class='ocr_line' id='line_1_91' title="bbox 2255 3080 3725 3148; baseline 0.01 -15"><span class='ocrx_word' id='word_1_720' title='bbox 2255 3093 2479 3137; x_wconf 87' lang='lat' dir='ltr'><strong>securus</strong></span> <span class='ocrx_word' id='word_1_721' title='bbox 2504 3080 2767 3141; x_wconf 66' lang='lat' dir='ltr'><strong>inhaerens</strong></span> <span class='ocrx_word' id='word_1_722' title='bbox 2809 3086 2937 3143; x_wconf 88' lang='lat' dir='ltr'><strong>Deo.</strong></span> <span class='ocrx_word' id='word_1_723' title='bbox 2961 3085 3029 3144; x_wconf 84' lang='lat' dir='ltr'><strong>In</strong></span> <span class='ocrx_word' id='word_1_724' title='bbox 3060 3090 3146 3146; x_wconf 81' lang='lat' dir='ltr'><strong>die</strong></span> <span class='ocrx_word' id='word_1_725' title='bbox 3181 3090 3492 3148; x_wconf 73' lang='lat' dir='ltr'><strong>tribulationis</strong></span> <span class='ocrx_word' id='word_1_726' title='bbox 3506 3110 3604 3148; x_wconf 72' lang='lat' dir='ltr'><strong>mea</strong></span> <span class='ocrx_word' id='word_1_727' title='bbox 3626 3090 3725 3147; x_wconf 71' lang='lat' dir='ltr'><strong>Deut:</strong></span> 
     </span>
    </p>
   </div>
   <div class='ocr_carea' id='block_1_92' title="bbox 2255 3172 3726 3257">
    <p class='ocr_par' dir='ltr' id='par_1_92' title="bbox 2255 3172 3726 3257">
     <span class='ocr_line' id='line_1_92' title="bbox 2255 3172 3726 3257; baseline 0.009 -31"><span class='ocrx_word' id='word_1_728' title='bbox 2255 3172 2500 3243; x_wconf 73' lang='lat' dir='ltr'><strong>exquisivi</strong></span> <span class='ocrx_word' id='word_1_729' title='bbox 2518 3191 2537 3229; x_wconf 88' lang='lat'><strong><em>:</em></strong></span> <span class='ocrx_word' id='word_1_730' title='bbox 2563 3191 2668 3232; x_wconf 88' lang='lat' dir='ltr'><strong>non</strong></span> <span class='ocrx_word' id='word_1_731' title='bbox 2718 3177 2859 3239; x_wconf 88' lang='lat' dir='ltr'><strong>aliud</strong></span> <span class='ocrx_word' id='word_1_732' title='bbox 2887 3178 3088 3251; x_wconf 85' lang='lat' dir='ltr'><strong>aliquid</strong></span> <span class='ocrx_word' id='word_1_733' title='bbox 3112 3224 3129 3251; x_wconf 93' lang='lat'><strong>,</strong></span> <span class='ocrx_word' id='word_1_734' title='bbox 3162 3186 3256 3239; x_wconf 87' lang='lat' dir='ltr'><strong>sed</strong></span> <span class='ocrx_word' id='word_1_735' title='bbox 3284 3182 3438 3239; x_wconf 72' lang='lat' dir='ltr'><strong>Deam</strong></span> <span class='ocrx_word' id='word_1_736' title='bbox 3460 3185 3664 3257; x_wconf 63' lang='lat' dir='ltr'><strong>manu.</strong></span> <span class='ocrx_word' id='word_1_737' title='bbox 3684 3182 3726 3239; x_wconf 79' lang='lat' dir='ltr'><strong>Et</strong></span> 
     </span>
    </p>
   </div>
   <div class='ocr_carea' id='block_1_93' title="bbox 2255 3265 3721 3336">
    <p class='ocr_par' dir='ltr' id='par_1_93' title="bbox 2255 3265 3721 3336">
     <span class='ocr_line' id='line_1_93' title="bbox 2255 3265 3721 3336; baseline 0.008 -21"><span class='ocrx_word' id='word_1_738' title='bbox 2255 3265 2523 3334; x_wconf 89' lang='lat' dir='ltr'><strong>quomodo</strong></span> <span class='ocrx_word' id='word_1_739' title='bbox 2563 3268 2836 3336; x_wconf 82' lang='lat' dir='ltr'><strong>exquisisti</strong></span> <span class='ocrx_word' id='word_1_740' title='bbox 2862 3266 2887 3323; x_wconf 65' lang='grc' dir='ltr'><em>ἲ</em></span> <span class='ocrx_word' id='word_1_741' title='bbox 2916 3266 3161 3330; x_wconf 79' lang='lat' dir='ltr'><strong>Manibus</strong></span> <span class='ocrx_word' id='word_1_742' title='bbox 3203 3276 3321 3330; x_wconf 82' lang='lat' dir='ltr'><strong>meis</strong></span> <span class='ocrx_word' id='word_1_743' title='bbox 3365 3287 3495 3331; x_wconf 78' lang='lat' dir='ltr'><strong>nocte</strong></span> <span class='ocrx_word' id='word_1_744' title='bbox 3534 3291 3721 3332; x_wconf 65' lang='lat' dir='ltr'><strong>corona.</strong></span> 
     </span>
    </p>
   </div>
   <div class='ocr_carea' id='block_1_94' title="bbox 2256 3355 3722 3442">
    <p class='ocr_par' dir='ltr' id='par_1_94' title="bbox 2256 3355 3722 3442">
     <span class='ocr_line' id='line_1_94' title="bbox 2256 3355 3722 3442; baseline 0.01 -32"><span class='ocrx_word' id='word_1_745' title='bbox 2256 3355 2351 3411; x_wconf 90' lang='lat' dir='ltr'><strong>Dic</strong></span> <span class='ocrx_word' id='word_1_746' title='bbox 2378 3356 2479 3413; x_wconf 92' lang='lat' dir='ltr'><strong>hoc</strong></span> <span class='ocrx_word' id='word_1_747' title='bbox 2517 3375 2703 3416; x_wconf 85' lang='lat' dir='ltr'><strong>rursus</strong></span> <span class='ocrx_word' id='word_1_748' title='bbox 2735 3379 2747 3414; x_wconf 93' lang='lat'>:</span> <span class='ocrx_word' id='word_1_749' title='bbox 2784 3362 3079 3435; x_wconf 80' lang='lat' dir='ltr'><strong>videamus,</strong></span> <span class='ocrx_word' id='word_1_750' title='bbox 3129 3367 3497 3442; x_wconf 78' lang='lat' dir='ltr'><strong>intelligamuS.</strong></span> <span class='ocrx_word' id='word_1_751' title='bbox 3519 3369 3722 3433; x_wconf 81' lang='lat' dir='ltr'><strong>imitentur,</strong></span> 
     </span>
    </p>
   </div>
   <div class='ocr_carea' id='block_1_95' title="bbox 2254 3450 3721 3536">
    <p class='ocr_par' dir='ltr' id='par_1_95' title="bbox 2254 3450 3721 3536">
     <span class='ocr_line' id='line_1_95' title="bbox 2254 3450 3721 3536; baseline 0.009 -33"><span class='ocrx_word' id='word_1_752' title='bbox 2254 3450 2298 3536; x_wconf 87' lang='lat' dir='ltr'><strong>si</strong></span> <span class='ocrx_word' id='word_1_753' title='bbox 2325 3465 2625 3520; x_wconf 85' lang='lat' dir='ltr'><strong>possumus.</strong></span> <span class='ocrx_word' id='word_1_754' title='bbox 2654 3453 2708 3508; x_wconf 89' lang='lat' dir='ltr'><strong>in</strong></span> <span class='ocrx_word' id='word_1_755' title='bbox 2743 3452 2830 3511; x_wconf 88' lang='lat' dir='ltr'><strong>die</strong></span> <span class='ocrx_word' id='word_1_756' title='bbox 2861 3455 3220 3517; x_wconf 88' lang='lat' dir='ltr'><strong>tribulationis</strong></span> <span class='ocrx_word' id='word_1_757' title='bbox 3248 3473 3349 3520; x_wconf 72' lang='lat' dir='ltr'><strong>tute</strong></span> <span class='ocrx_word' id='word_1_758' title='bbox 3374 3459 3487 3536; x_wconf 81' lang='lat' dir='ltr'><strong>quid</strong></span> <span class='ocrx_word' id='word_1_759' title='bbox 3501 3461 3721 3533; x_wconf 76' lang='lat' dir='ltr'><strong>exquisisti?</strong></span> 
     </span>
    </p>
   </div>
   <div class='ocr_carea' id='block_1_96' title="bbox 2260 3534 3721 3625">
    <p class='ocr_par' dir='ltr' id='par_1_96' title="bbox 2260 3534 3721 3625">
     <span class='ocr_line' id='line_1_96' title="bbox 2260 3534 3721 3625; baseline 0.008 -25"><span class='ocrx_word' id='word_1_760' title='bbox 2260 3534 2441 3602; x_wconf 82' lang='lat' dir='ltr'><strong>Deum.</strong></span> <span class='ocrx_word' id='word_1_761' title='bbox 2474 3546 2754 3619; x_wconf 85' lang='lat' dir='ltr'><strong>Quomodo</strong></span> <span class='ocrx_word' id='word_1_762' title='bbox 2791 3552 3113 3625; x_wconf 79' lang='lat' dir='ltr'><strong>exquisisti?</strong></span> <span class='ocrx_word' id='word_1_763' title='bbox 3139 3552 3371 3614; x_wconf 71' lang='lat' dir='ltr'><strong>Manibus</strong></span> <span class='ocrx_word' id='word_1_764' title='bbox 3394 3534 3532 3615; x_wconf 22' lang='lat' dir='ltr'><strong>Vincis.</strong></span> <span class='ocrx_word' id='word_1_765' title='bbox 3573 3554 3721 3625; x_wconf 68' lang='lat' dir='ltr'><strong>Quintis</strong></span> 
     </span>
    </p>
   </div>
   <div class='ocr_carea' id='block_1_97' title="bbox 2252 3634 3716 3719">
    <p class='ocr_par' dir='ltr' id='par_1_97' title="bbox 2252 3634 3716 3719">
     <span class='ocr_line' id='line_1_97' title="bbox 2252 3634 3716 3719; baseline 0.005 -26"><span class='ocrx_word' id='word_1_766' title='bbox 2252 3639 2563 3710; x_wconf 79' lang='lat' dir='ltr'><strong>exquisisti;</strong></span> <span class='ocrx_word' id='word_1_767' title='bbox 2592 3634 2777 3699; x_wconf 85' lang='lat' dir='ltr'><strong>Nocte.</strong></span> <span class='ocrx_word' id='word_1_768' title='bbox 2812 3638 2912 3701; x_wconf 87' lang='lat' dir='ltr'><strong>Ubi</strong></span> <span class='ocrx_word' id='word_1_769' title='bbox 2951 3648 3274 3719; x_wconf 85' lang='lat' dir='ltr'><strong>exquisisti?</strong></span> <span class='ocrx_word' id='word_1_770' title='bbox 3318 3648 3487 3708; x_wconf 79' lang='lat' dir='ltr'><strong>Carum</strong></span> <span class='ocrx_word' id='word_1_771' title='bbox 3505 3666 3567 3706; x_wconf 82' lang='lat' dir='ltr'><strong>eo.</strong></span> <span class='ocrx_word' id='word_1_772' title='bbox 3592 3649 3639 3705; x_wconf 78' lang='lat' dir='ltr'><strong>Et</strong></span> <span class='ocrx_word' id='word_1_773' title='bbox 3654 3661 3716 3718; x_wconf 84' lang='lat' dir='ltr'><strong>quo</strong></span> 
     </span>
    </p>
   </div>
   <div class='ocr_carea' id='block_1_98' title="bbox 2250 3729 3715 3814">
    <p class='ocr_par' dir='ltr' id='par_1_98' title="bbox 2250 3729 3715 3814">
     <span class='ocr_line' id='line_1_98' title="bbox 2250 3729 3715 3814; baseline 0.007 -30"><span class='ocrx_word' id='word_1_774' title='bbox 2250 3729 2425 3786; x_wconf 78' lang='lat' dir='ltr'><strong>fructu</strong></span> <span class='ocrx_word' id='word_1_775' title='bbox 2473 3732 2801 3804; x_wconf 74' lang='lat' dir='ltr'><strong>exquisisti?</strong></span> <span class='ocrx_word' id='word_1_776' title='bbox 2842 3734 2913 3795; x_wconf 81' lang='lat' dir='ltr'><strong>Et</strong></span> <span class='ocrx_word' id='word_1_777' title='bbox 2972 3754 3076 3793; x_wconf 84' lang='lat' dir='ltr'><strong>non</strong></span> <span class='ocrx_word' id='word_1_778' title='bbox 3142 3758 3255 3797; x_wconf 84' lang='lat' dir='ltr'><strong>sum</strong></span> <span class='ocrx_word' id='word_1_779' title='bbox 3312 3741 3538 3814; x_wconf 76' lang='lat' dir='ltr'><strong>deceptus.</strong></span> <span class='ocrx_word' id='word_1_780' title='bbox 3595 3737 3715 3798; x_wconf 76' lang='lat' dir='ltr'><strong>Omni:</strong></span> 
     </span>
    </p>
   </div>
   <div class='ocr_carea' id='block_1_99' title="bbox 2249 3822 3713 3899">
    <p class='ocr_par' dir='ltr' id='par_1_99' title="bbox 2249 3822 3713 3899">
     <span class='ocr_line' id='line_1_99' title="bbox 2249 3822 3713 3899; baseline 0.007 -23"><span class='ocrx_word' id='word_1_781' title='bbox 2249 3836 2377 3893; x_wconf 83' lang='lat' dir='ltr'><strong>ergo</strong></span> <span class='ocrx_word' id='word_1_782' title='bbox 2404 3822 2677 3881; x_wconf 86' lang='lat' dir='ltr'><strong>videamus</strong></span> <span class='ocrx_word' id='word_1_783' title='bbox 2699 3867 2713 3892; x_wconf 96' lang='lat'><strong>,</strong></span> <span class='ocrx_word' id='word_1_784' title='bbox 2745 3823 2957 3894; x_wconf 82' lang='lat' dir='ltr'><strong>fratres,</strong></span> <span class='ocrx_word' id='word_1_785' title='bbox 2986 3831 3167 3887; x_wconf 89' lang='lat' dir='ltr'><strong>omnia</strong></span> <span class='ocrx_word' id='word_1_786' title='bbox 3206 3834 3581 3899; x_wconf 87' lang='lat' dir='ltr'><strong>consideremus,</strong></span> <span class='ocrx_word' id='word_1_787' title='bbox 3601 3830 3713 3888; x_wconf 71' lang='lat' dir='ltr'><strong>omnia</strong></span> 
     </span>
    </p>
   </div>
   <div class='ocr_carea' id='block_1_100' title="bbox 2251 3914 3713 3995">
    <p class='ocr_par' dir='ltr' id='par_1_100' title="bbox 2251 3914 3713 3995">
     <span class='ocr_line' id='line_1_100' title="bbox 2251 3914 3713 3995; baseline 0.003 -26"><span class='ocrx_word' id='word_1_788' title='bbox 2251 3914 2678 3988; x_wconf 73' lang='lat' dir='ltr'><strong>interrogemus;</strong></span> <span class='ocrx_word' id='word_1_789' title='bbox 2729 3928 2785 3976; x_wconf 90' lang='lat' dir='ltr'><strong>et</strong></span> <span class='ocrx_word' id='word_1_790' title='bbox 2844 3920 2977 3993; x_wconf 86' lang='lat' dir='ltr'><strong>quid</strong></span> <span class='ocrx_word' id='word_1_791' title='bbox 2998 3922 3068 3978; x_wconf 89' lang='lat' dir='ltr'><strong>sit</strong></span> <span class='ocrx_word' id='word_1_792' title='bbox 3117 3923 3378 3981; x_wconf 87' lang='lat' dir='ltr'><strong>tribulatio</strong></span> <span class='ocrx_word' id='word_1_793' title='bbox 3403 3967 3420 3993; x_wconf 90' lang='lat'><strong>,</strong></span> <span class='ocrx_word' id='word_1_794' title='bbox 3463 3923 3508 3981; x_wconf 89' lang='lat' dir='ltr'><strong>iu</strong></span> <span class='ocrx_word' id='word_1_795' title='bbox 3550 3937 3624 3995; x_wconf 84' lang='lat' dir='ltr'><strong>qus</strong></span> <span class='ocrx_word' id='word_1_796' title='bbox 3655 3921 3713 3974; x_wconf 75' lang='lat' dir='ltr'><strong>iste</strong></span> 
     </span>
    </p>
   </div>
   <div class='ocr_carea' id='block_1_101' title="bbox 2250 4008 3713 4086">
    <p class='ocr_par' dir='ltr' id='par_1_101' title="bbox 2250 4008 3713 4086">
     <span class='ocr_line' id='line_1_101' title="bbox 2250 4008 3713 4086; baseline 0.005 -23"><span class='ocrx_word' id='word_1_797' title='bbox 2250 4008 2418 4065; x_wconf 89' lang='lat' dir='ltr'><strong>Deum</strong></span> <span class='ocrx_word' id='word_1_798' title='bbox 2476 4011 2797 4083; x_wconf 79' lang='lat' dir='ltr'><strong>exquisivit,</strong></span> <span class='ocrx_word' id='word_1_799' title='bbox 2848 4023 2902 4070; x_wconf 93' lang='lat' dir='ltr'><strong>et</strong></span> <span class='ocrx_word' id='word_1_800' title='bbox 2971 4015 3101 4086; x_wconf 88' lang='lat' dir='ltr'><strong>quid</strong></span> <span class='ocrx_word' id='word_1_801' title='bbox 3146 4018 3216 4075; x_wconf 92' lang='lat' dir='ltr'><strong>sit</strong></span> <span class='ocrx_word' id='word_1_802' title='bbox 3270 4017 3491 4075; x_wconf 87' lang='lat' dir='ltr'><strong>manibus</strong></span> <span class='ocrx_word' id='word_1_803' title='bbox 3535 4015 3713 4086; x_wconf 81' lang='lat' dir='ltr'><strong>inquirere</strong></span> 
     </span>
    </p>
   </div>
   <div class='ocr_carea' id='block_1_102' title="bbox 2249 4101 3713 4183">
    <p class='ocr_par' dir='ltr' id='par_1_102' title="bbox 2249 4101 3713 4183">
     <span class='ocr_line' id='line_1_102' title="bbox 2249 4101 3713 4183; baseline 0.001 -27"><span class='ocrx_word' id='word_1_804' title='bbox 2249 4101 2438 4171; x_wconf 90' lang='lat' dir='ltr'><strong>Deum,</strong></span> <span class='ocrx_word' id='word_1_805' title='bbox 2466 4112 2522 4159; x_wconf 88' lang='lat' dir='ltr'><strong>et</strong></span> <span class='ocrx_word' id='word_1_806' title='bbox 2556 4104 2682 4176; x_wconf 88' lang='lat' dir='ltr'><strong>quid</strong></span> <span class='ocrx_word' id='word_1_807' title='bbox 2730 4107 2800 4162; x_wconf 90' lang='lat' dir='ltr'><strong>sit</strong></span> <span class='ocrx_word' id='word_1_808' title='bbox 2836 4116 3014 4176; x_wconf 89' lang='lat' dir='ltr'><strong>nocte,</strong></span> <span class='ocrx_word' id='word_1_809' title='bbox 3043 4118 3101 4165; x_wconf 89' lang='lat' dir='ltr'><strong>et</strong></span> <span class='ocrx_word' id='word_1_810' title='bbox 3147 4110 3274 4183; x_wconf 88' lang='lat' dir='ltr'><strong>quid</strong></span> <span class='ocrx_word' id='word_1_811' title='bbox 3304 4112 3369 4168; x_wconf 87' lang='lat' dir='ltr'><strong>sit</strong></span> <span class='ocrx_word' id='word_1_812' title='bbox 3394 4125 3547 4168; x_wconf 85' lang='lat' dir='ltr'><strong>coram</strong></span> <span class='ocrx_word' id='word_1_813' title='bbox 3569 4108 3713 4165; x_wconf 82' lang='lat' dir='ltr'><strong>illozet</strong></span> 
     </span>
    </p>
   </div>
   <div class='ocr_carea' id='block_1_103' title="bbox 2247 4194 3711 4275">
    <p class='ocr_par' dir='ltr' id='par_1_103' title="bbox 2247 4194 3711 4275">
     <span class='ocr_line' id='line_1_103' title="bbox 2247 4194 3711 4275; baseline 0.007 -27"><span class='ocrx_word' id='word_1_814' title='bbox 2247 4194 2507 4265; x_wconf 88' lang='lat' dir='ltr'><strong>sequitur,</strong></span> <span class='ocrx_word' id='word_1_815' title='bbox 2555 4196 2697 4268; x_wconf 86' lang='lat' dir='ltr'><strong>quod</strong></span> <span class='ocrx_word' id='word_1_816' title='bbox 2743 4214 2930 4257; x_wconf 86' lang='lat' dir='ltr'><strong>omnes</strong></span> <span class='ocrx_word' id='word_1_817' title='bbox 2956 4200 3281 4275; x_wconf 77' lang='lat' dir='ltr'><strong>intelligunt,</strong></span> <span class='ocrx_word' id='word_1_818' title='bbox 3308 4201 3374 4258; x_wconf 84' lang='lat' dir='ltr'><strong>Et</strong></span> <span class='ocrx_word' id='word_1_819' title='bbox 3391 4219 3481 4261; x_wconf 78' lang='lat' dir='ltr'><strong>non</strong></span> <span class='ocrx_word' id='word_1_820' title='bbox 3512 4216 3598 4258; x_wconf 77' lang='lat' dir='ltr'><strong>sunt</strong></span> <span class='ocrx_word' id='word_1_821' title='bbox 3617 4198 3711 4252; x_wconf 67' lang='grc' dir='ltr'><strong>ὀῶε·</strong></span> 
     </span>
    </p>
   </div>
   <div class='ocr_carea' id='block_1_104' title="bbox 2248 4284 3709 4368">
    <p class='ocr_par' dir='ltr' id='par_1_104' title="bbox 2248 4284 3709 4368">
     <span class='ocr_line' id='line_1_104' title="bbox 2248 4284 3709 4368; baseline 0.006 -28"><span class='ocrx_word' id='word_1_822' title='bbox 2248 4294 2381 4356; x_wconf 84' lang='lat' dir='ltr'><strong>ptus.</strong></span> <span class='ocrx_word' id='word_1_823' title='bbox 2437 4284 2573 4356; x_wconf 86' lang='lat' dir='ltr'><strong>Quid</strong></span> <span class='ocrx_word' id='word_1_824' title='bbox 2615 4299 2698 4345; x_wconf 90' lang='lat' dir='ltr'><strong>est</strong></span> <span class='ocrx_word' id='word_1_825' title='bbox 2744 4289 2911 4363; x_wconf 88' lang='lat' dir='ltr'><strong>enim,</strong></span> <span class='ocrx_word' id='word_1_826' title='bbox 2955 4292 3025 4349; x_wconf 86' lang='lat' dir='ltr'><strong>Et</strong></span> <span class='ocrx_word' id='word_1_827' title='bbox 3066 4312 3167 4353; x_wconf 84' lang='lat' dir='ltr'><strong>non</strong></span> <span class='ocrx_word' id='word_1_828' title='bbox 3196 4313 3308 4353; x_wconf 84' lang='lat' dir='ltr'><strong>sum</strong></span> <span class='ocrx_word' id='word_1_829' title='bbox 3352 4293 3584 4368; x_wconf 73' lang='lat' dir='ltr'><strong>deceptas?</strong></span> <span class='ocrx_word' id='word_1_830' title='bbox 3611 4290 3709 4346; x_wconf 65' lang='grc' dir='ltr'><strong>Ιυτιε</strong></span> 
     </span>
    </p>
   </div>
   <div class='ocr_carea' id='block_1_105' title="bbox 2247 4378 2975 4450">
    <p class='ocr_par' dir='ltr' id='par_1_105' title="bbox 2247 4378 2975 4450">
     <span class='ocr_line' id='line_1_105' title="bbox 2247 4378 2975 4450; baseline 0.005 -17"><span class='ocrx_word' id='word_1_831' title='bbox 2247 4378 2301 4433; x_wconf 92' lang='lat' dir='ltr'><strong>ni</strong></span> <span class='ocrx_word' id='word_1_832' title='bbox 2331 4378 2472 4450; x_wconf 91' lang='lat' dir='ltr'><strong>quod</strong></span> <span class='ocrx_word' id='word_1_833' title='bbox 2500 4379 2825 4449; x_wconf 67' lang='lat' dir='ltr'><strong>quaerebam.</strong></span> <span class='ocrx_word' id='word_1_834' title='bbox 2965 4381 2975 4389; x_wconf 87' lang='grc'><em>’</em></span> 
     </span>
    </p>
   </div>
   <div class='ocr_carea' id='block_1_106' title="bbox 2317 4468 3707 4555">
    <p class='ocr_par' dir='ltr' id='par_1_106' title="bbox 2317 4468 3707 4555">
     <span class='ocr_line' id='line_1_106' title="bbox 2317 4468 3707 4555; baseline 0.006 -28"><span class='ocrx_word' id='word_1_835' title='bbox 2317 4471 2373 4527; x_wconf 73' lang='grc'><strong>4.</strong></span> <span class='ocrx_word' id='word_1_836' title='bbox 2400 4471 2699 4530; x_wconf 82' lang='lat' dir='ltr'><strong>Tribulatio</strong></span> <span class='ocrx_word' id='word_1_837' title='bbox 2726 4491 2834 4531; x_wconf 91' lang='lat' dir='ltr'><strong>non</strong></span> <span class='ocrx_word' id='word_1_838' title='bbox 2877 4475 2965 4532; x_wconf 81' lang='lat' dir='ltr'><strong>illa</strong></span> <span class='ocrx_word' id='word_1_839' title='bbox 3002 4479 3089 4536; x_wconf 82' lang='lat' dir='ltr'><strong>vel</strong></span> <span class='ocrx_word' id='word_1_840' title='bbox 3114 4480 3204 4537; x_wconf 89' lang='lat' dir='ltr'><strong>illa</strong></span> <span class='ocrx_word' id='word_1_841' title='bbox 3253 4479 3506 4555; x_wconf 74' lang='lat' dir='ltr'><strong>cogitanda</strong></span> <span class='ocrx_word' id='word_1_842' title='bbox 3543 4484 3619 4535; x_wconf 81' lang='lat' dir='ltr'><strong>est.</strong></span> <span class='ocrx_word' id='word_1_843' title='bbox 3650 4468 3707 4528; x_wconf 69' lang='grc' dir='ltr'><strong>Β·</strong></span> 
     </span>
    </p>
   </div>
   <div class='ocr_carea' id='block_1_107' title="bbox 2255 4565 3705 4642">
    <p class='ocr_par' dir='ltr' id='par_1_107' title="bbox 2255 4565 3705 4642">
     <span class='ocr_line' id='line_1_107' title="bbox 2255 4565 3705 4642; baseline 0.012 -21"><span class='ocrx_word' id='word_1_844' title='bbox 2255 4566 2397 4621; x_wconf 88' lang='lat' dir='ltr'><strong>enim</strong></span> <span class='ocrx_word' id='word_1_845' title='bbox 2421 4565 2785 4640; x_wconf 90' lang='lat' dir='ltr'><strong>unusquisque</strong></span> <span class='ocrx_word' id='word_1_846' title='bbox 2806 4571 3041 4627; x_wconf 89' lang='lat' dir='ltr'><strong>nondum</strong></span> <span class='ocrx_word' id='word_1_847' title='bbox 3074 4574 3388 4642; x_wconf 86' lang='lat' dir='ltr'><strong>transiliens,</strong></span> <span class='ocrx_word' id='word_1_848' title='bbox 3404 4571 3592 4630; x_wconf 83' lang='lat' dir='ltr'><strong>nondum</strong></span> <span class='ocrx_word' id='word_1_849' title='bbox 3614 4570 3705 4638; x_wconf 72' lang='grc' dir='ltr'><strong>νοω</strong></span> 
     </span>
    </p>
   </div>
   <div class='ocr_carea' id='block_1_108' title="bbox 2246 4657 3703 4738">
    <p class='ocr_par' dir='ltr' id='par_1_108' title="bbox 2246 4657 3703 4738">
     <span class='ocr_line' id='line_1_108' title="bbox 2246 4657 3703 4738; baseline 0.005 -24"><span class='ocrx_word' id='word_1_850' title='bbox 2246 4673 2368 4714; x_wconf 85' lang='lat' dir='ltr'><strong>esse</strong></span> <span class='ocrx_word' id='word_1_851' title='bbox 2390 4657 2811 4728; x_wconf 86' lang='lat' dir='ltr'><strong>tribulationem,</strong></span> <span class='ocrx_word' id='word_1_852' title='bbox 2854 4665 2956 4720; x_wconf 91' lang='lat' dir='ltr'><strong>nisi</strong></span> <span class='ocrx_word' id='word_1_853' title='bbox 2984 4680 3105 4738; x_wconf 75' lang='lat' dir='ltr'><strong>qua:</strong></span> <span class='ocrx_word' id='word_1_854' title='bbox 3150 4668 3395 4726; x_wconf 85' lang='lat' dir='ltr'><strong>acciderit</strong></span> <span class='ocrx_word' id='word_1_855' title='bbox 3420 4665 3630 4723; x_wconf 65' lang='lat' dir='ltr'><strong>huicritte</strong></span> <span class='ocrx_word' id='word_1_856' title='bbox 3660 4672 3703 4716; x_wconf 77' lang='lat' dir='ltr'><strong>el</strong></span> 
     </span>
    </p>
   </div>
   <div class='ocr_carea' id='block_1_109' title="bbox 2245 4748 3703 4825">
    <p class='ocr_par' dir='ltr' id='par_1_109' title="bbox 2245 4748 3703 4825">
     <span class='ocr_line' id='line_1_109' title="bbox 2245 4748 3703 4825; baseline 0.005 -21"><span class='ocrx_word' id='word_1_857' title='bbox 2245 4748 2424 4823; x_wconf 88' lang='lat' dir='ltr'><strong>aliquo</strong></span> <span class='ocrx_word' id='word_1_858' title='bbox 2451 4752 2588 4809; x_wconf 88' lang='lat' dir='ltr'><strong>tristi</strong></span> <span class='ocrx_word' id='word_1_859' title='bbox 2617 4763 2860 4825; x_wconf 89' lang='lat' dir='ltr'><strong>tempore</strong></span> <span class='ocrx_word' id='word_1_860' title='bbox 2891 4758 2992 4813; x_wconf 77' lang='lat' dir='ltr'><strong>:at</strong></span> <span class='ocrx_word' id='word_1_861' title='bbox 3016 4774 3144 4816; x_wconf 88' lang='lat' dir='ltr'><strong>vero</strong></span> <span class='ocrx_word' id='word_1_862' title='bbox 3170 4760 3258 4817; x_wconf 90' lang='lat' dir='ltr'><strong>ille</strong></span> <span class='ocrx_word' id='word_1_863' title='bbox 3286 4760 3567 4820; x_wconf 80' lang='lat' dir='ltr'><strong>transiliens.</strong></span> <span class='ocrx_word' id='word_1_864' title='bbox 3588 4761 3703 4811; x_wconf 68' lang='lat' dir='ltr'><strong>totam</strong></span> 
     </span>
    </p>
   </div>
   <div class='ocr_carea' id='block_1_110' title="bbox 2245 4843 3703 4926">
    <p class='ocr_par' dir='ltr' id='par_1_110' title="bbox 2245 4843 3703 4926">
     <span class='ocr_line' id='line_1_110' title="bbox 2245 4843 3703 4926; baseline 0.003 -27"><span class='ocrx_word' id='word_1_865' title='bbox 2245 4844 2407 4901; x_wconf 90' lang='lat' dir='ltr'><strong>vitam</strong></span> <span class='ocrx_word' id='word_1_866' title='bbox 2455 4846 2611 4903; x_wconf 87' lang='lat' dir='ltr'><strong>istam</strong></span> <span class='ocrx_word' id='word_1_867' title='bbox 2665 4849 3061 4907; x_wconf 87' lang='lat' dir='ltr'><strong>tribulationem</strong></span> <span class='ocrx_word' id='word_1_868' title='bbox 3093 4867 3241 4910; x_wconf 85' lang='lat' dir='ltr'><strong>suam</strong></span> <span class='ocrx_word' id='word_1_869' title='bbox 3290 4862 3495 4926; x_wconf 80' lang='lat' dir='ltr'><strong>reputat.</strong></span> <span class='ocrx_word' id='word_1_870' title='bbox 3529 4849 3597 4907; x_wconf 85' lang='lat' dir='ltr'><strong>Sic</strong></span> <span class='ocrx_word' id='word_1_871' title='bbox 3612 4843 3703 4903; x_wconf 70' lang='lat' dir='ltr'><strong>enim</strong></span> 
     </span>
    </p>
   </div>
   <div class='ocr_carea' id='block_1_111' title="bbox 2244 4939 3701 5021">
    <p class='ocr_par' dir='ltr' id='par_1_111' title="bbox 2244 4939 3701 5021">
     <span class='ocr_line' id='line_1_111' title="bbox 2244 4939 3701 5021; baseline 0.006 -30"><span class='ocrx_word' id='word_1_872' title='bbox 2244 4946 2389 4993; x_wconf 89' lang='lat' dir='ltr'><strong>amat</strong></span> <span class='ocrx_word' id='word_1_873' title='bbox 2413 4940 2635 5010; x_wconf 86' lang='lat' dir='ltr'><strong>patriam</strong></span> <span class='ocrx_word' id='word_1_874' title='bbox 2664 4957 2971 5013; x_wconf 86' lang='lat' dir='ltr'><strong>supernam,</strong></span> <span class='ocrx_word' id='word_1_875' title='bbox 3006 4955 3066 5002; x_wconf 91' lang='lat' dir='ltr'><strong>ut</strong></span> <span class='ocrx_word' id='word_1_876' title='bbox 3088 4955 3293 5005; x_wconf 88' lang='lat' dir='ltr'><strong>terrena</strong></span> <span class='ocrx_word' id='word_1_877' title='bbox 3319 4939 3701 5021; x_wconf 57' lang='lat' dir='ltr'><strong>peregrinaturis“</strong></span> 
     </span>
    </p>
   </div>
   <div class='ocr_carea' id='block_1_112' title="bbox 2246 5032 3695 5109">
    <p class='ocr_par' dir='ltr' id='par_1_112' title="bbox 2246 5032 3695 5109">
     <span class='ocr_line' id='line_1_112' title="bbox 2246 5032 3695 5109; baseline 0.001 -22"><span class='ocrx_word' id='word_1_878' title='bbox 2246 5032 2321 5087; x_wconf 89' lang='lat' dir='ltr'><strong>sit</strong></span> <span class='ocrx_word' id='word_1_879' title='bbox 2343 5035 2576 5091; x_wconf 82' lang='lat' dir='ltr'><strong>maxima</strong></span> <span class='ocrx_word' id='word_1_880' title='bbox 2603 5036 2890 5094; x_wconf 85' lang='lat' dir='ltr'><strong>tribulatio.</strong></span> <span class='ocrx_word' id='word_1_881' title='bbox 2920 5040 3198 5109; x_wconf 86' lang='lat' dir='ltr'><strong>Quomodo</strong></span> <span class='ocrx_word' id='word_1_882' title='bbox 3226 5042 3365 5099; x_wconf 87' lang='lat' dir='ltr'><strong>enim</strong></span> <span class='ocrx_word' id='word_1_883' title='bbox 3385 5057 3476 5097; x_wconf 91' lang='lat' dir='ltr'><strong>non</strong></span> <span class='ocrx_word' id='word_1_884' title='bbox 3497 5038 3553 5095; x_wconf 84' lang='lat' dir='ltr'><strong>sit</strong></span> <span class='ocrx_word' id='word_1_885' title='bbox 3583 5032 3695 5089; x_wconf 72' lang='lat' dir='ltr'><strong>tribr</strong></span> 
     </span>
    </p>
   </div>
   <div class='ocr_carea' id='block_1_113' title="bbox 2244 5121 3696 5204">
    <p class='ocr_par' dir='ltr' id='par_1_113' title="bbox 2244 5121 3696 5204">
     <span class='ocr_line' id='line_1_113' title="bbox 2244 5121 3696 5204; baseline 0.003 -25"><span class='ocrx_word' id='word_1_886' title='bbox 2244 5121 2372 5181; x_wconf 87' lang='lat' dir='ltr'><strong>latio</strong></span> <span class='ocrx_word' id='word_1_887' title='bbox 2398 5127 2502 5182; x_wconf 86' lang='lat' dir='ltr'><strong>vita</strong></span> <span class='ocrx_word' id='word_1_888' title='bbox 2530 5129 2652 5194; x_wconf 86' lang='lat' dir='ltr'><strong>ista,</strong></span> <span class='ocrx_word' id='word_1_889' title='bbox 2676 5142 2810 5202; x_wconf 72' lang='lat' dir='ltr'><strong>rogo</strong></span> <span class='ocrx_word' id='word_1_890' title='bbox 2830 5133 2959 5187; x_wconf 82' lang='lat' dir='ltr'><strong>vos?</strong></span> <span class='ocrx_word' id='word_1_891' title='bbox 2985 5133 3248 5204; x_wconf 89' lang='lat' dir='ltr'><strong>quomodo</strong></span> <span class='ocrx_word' id='word_1_892' title='bbox 3272 5148 3372 5190; x_wconf 90' lang='lat' dir='ltr'><strong>non</strong></span> <span class='ocrx_word' id='word_1_893' title='bbox 3397 5132 3460 5189; x_wconf 84' lang='lat' dir='ltr'><strong>sit</strong></span> <span class='ocrx_word' id='word_1_894' title='bbox 3480 5121 3696 5186; x_wconf 61' lang='lat' dir='ltr'><strong>tribulium</strong></span> 
     </span>
    </p>
   </div>
   <div class='ocr_carea' id='block_1_114' title="bbox 2245 5215 3696 5296">
    <p class='ocr_par' dir='ltr' id='par_1_114' title="bbox 2245 5215 3696 5296">
     <span class='ocr_line' id='line_1_114' title="bbox 2245 5215 3696 5296; baseline -0.002 -24"><span class='ocrx_word' id='word_1_895' title='bbox 2245 5234 2364 5289; x_wconf 73' lang='lat' dir='ltr'><strong>qua&quot;:</strong></span> <span class='ocrx_word' id='word_1_896' title='bbox 2386 5219 2529 5276; x_wconf 89' lang='lat' dir='ltr'><strong>dicta</strong></span> <span class='ocrx_word' id='word_1_897' title='bbox 2558 5231 2644 5277; x_wconf 88' lang='lat' dir='ltr'><strong>est</strong></span> <span class='ocrx_word' id='word_1_898' title='bbox 2674 5231 2780 5279; x_wconf 87' lang='lat' dir='ltr'><strong>tota</strong></span> <span class='ocrx_word' id='word_1_899' title='bbox 2823 5226 3085 5282; x_wconf 83' lang='lat' dir='ltr'><strong>tentatio?</strong></span> <span class='ocrx_word' id='word_1_900' title='bbox 3123 5226 3294 5285; x_wconf 82' lang='lat' dir='ltr'><strong>Habes</strong></span> <span class='ocrx_word' id='word_1_901' title='bbox 3318 5241 3398 5284; x_wconf 85' lang='lat' dir='ltr'><strong>scr</strong></span> <span class='ocrx_word' id='word_1_902' title='bbox 3414 5233 3535 5296; x_wconf 83' lang='lat' dir='ltr'><strong>ptum</strong></span> <span class='ocrx_word' id='word_1_903' title='bbox 3552 5215 3696 5275; x_wconf 74' lang='lat' dir='ltr'><strong>inlibto</strong></span> 
     </span>
    </p>
   </div>
   <div class='ocr_carea' id='block_1_115' title="bbox 2243 5309 3693 5386">
    <p class='ocr_par' dir='ltr' id='par_1_115' title="bbox 2243 5309 3693 5386">
     <span class='ocr_line' id='line_1_115' title="bbox 2243 5309 3693 5386; baseline 0.001 -19"><span class='ocrx_word' id='word_1_904' title='bbox 2243 5309 2380 5368; x_wconf 84' lang='lat' dir='ltr'><strong>Job:</strong></span> <span class='ocrx_word' id='word_1_905' title='bbox 2409 5310 2677 5386; x_wconf 80' lang='lat' dir='ltr'><strong>Numquid</strong></span> <span class='ocrx_word' id='word_1_906' title='bbox 2718 5331 2821 5371; x_wconf 81' lang='lat' dir='ltr'><strong>non</strong></span> <span class='ocrx_word' id='word_1_907' title='bbox 2845 5318 3053 5374; x_wconf 84' lang='lat' dir='ltr'><strong>tentatio</strong></span> <span class='ocrx_word' id='word_1_908' title='bbox 3083 5320 3276 5375; x_wconf 78' lang='lat' dir='ltr'><strong>estvita</strong></span> <span class='ocrx_word' id='word_1_909' title='bbox 3297 5321 3491 5375; x_wconf 72' lang='lat' dir='ltr'><strong>humus</strong></span> <span class='ocrx_word' id='word_1_910' title='bbox 3508 5324 3620 5382; x_wconf 70' lang='lat' dir='ltr'><strong>stipat</strong></span> <span class='ocrx_word' id='word_1_911' title='bbox 3631 5313 3693 5361; x_wconf 68' lang='lat' dir='ltr'><strong>lt&quot;</strong></span> 
     </span>
    </p>
   </div>
   <div class='ocr_carea' id='block_1_116' title="bbox 2249 5405 3693 5483">
    <p class='ocr_par' dir='ltr' id='par_1_116' title="bbox 2249 5405 3693 5483">
     <span class='ocr_line' id='line_1_116' title="bbox 2249 5405 3693 5483; baseline 0 -22"><span class='ocrx_word' id='word_1_912' title='bbox 2249 5422 2361 5462; x_wconf 83' lang='lat' dir='ltr'><strong>ram</strong></span> <span class='ocrx_word' id='word_1_913' title='bbox 2381 5405 2493 5480; x_wconf 87' lang='lat' dir='ltr'><strong>(Id.</strong></span> <span class='ocrx_word' id='word_1_914' title='bbox 2511 5419 2603 5474; x_wconf 77' lang='lat' dir='ltr'><strong>vn,</strong></span> <span class='ocrx_word' id='word_1_915' title='bbox 2625 5411 2649 5464; x_wconf 86' lang='lat' dir='ltr'><strong>l</strong></span> <span class='ocrx_word' id='word_1_916' title='bbox 2672 5410 2695 5465; x_wconf 79' lang='lat' dir='ltr'><strong>‘i</strong></span> <span class='ocrx_word' id='word_1_917' title='bbox 2716 5410 2977 5483; x_wconf 83' lang='lat' dir='ltr'><strong>Numquid</strong></span> <span class='ocrx_word' id='word_1_918' title='bbox 3003 5412 3168 5473; x_wconf 83' lang='lat' dir='ltr'><strong>dixit:</strong></span> <span class='ocrx_word' id='word_1_919' title='bbox 3190 5416 3424 5472; x_wconf 86' lang='lat' dir='ltr'><strong>Tentatur</strong></span> <span class='ocrx_word' id='word_1_920' title='bbox 3442 5412 3526 5466; x_wconf 82' lang='lat' dir='ltr'><strong>vita</strong></span> <span class='ocrx_word' id='word_1_921' title='bbox 3540 5407 3693 5463; x_wconf 64' lang='lat' dir='ltr'><strong>huius!</strong></span> 
     </span>
    </p>
   </div>
   <div class='ocr_carea' id='block_1_117' title="bbox 2242 5491 3685 5575">
    <p class='ocr_par' dir='ltr' id='par_1_117' title="bbox 2242 5491 3685 5575">
     <span class='ocr_line' id='line_1_117' title="bbox 2242 5491 3685 5575; baseline 0.005 -20"><span class='ocrx_word' id='word_1_922' title='bbox 2242 5512 2405 5571; x_wconf 87' lang='lat' dir='ltr'><strong>super</strong></span> <span class='ocrx_word' id='word_1_923' title='bbox 2429 5501 2667 5557; x_wconf 82' lang='lat' dir='ltr'><strong>terram?</strong></span> <span class='ocrx_word' id='word_1_924' title='bbox 2698 5501 2815 5572; x_wconf 78' lang='lat' dir='ltr'><strong>ipsa</strong></span> <span class='ocrx_word' id='word_1_925' title='bbox 2842 5505 2944 5561; x_wconf 71' lang='lat' dir='ltr'><strong>vita</strong></span> <span class='ocrx_word' id='word_1_926' title='bbox 2965 5510 3175 5565; x_wconf 82' lang='lat' dir='ltr'><strong>tentatia</strong></span> <span class='ocrx_word' id='word_1_927' title='bbox 3197 5518 3267 5566; x_wconf 80' lang='lat' dir='ltr'><strong>est</strong></span> <span class='ocrx_word' id='word_1_928' title='bbox 3288 5524 3306 5564; x_wconf 90' lang='lat'><strong><em>:</em></strong></span> <span class='ocrx_word' id='word_1_929' title='bbox 3327 5508 3367 5564; x_wconf 87' lang='lat' dir='ltr'><strong>si</strong></span> <span class='ocrx_word' id='word_1_930' title='bbox 3390 5518 3496 5575; x_wconf 72' lang='lat' dir='ltr'><strong>ergo</strong></span> <span class='ocrx_word' id='word_1_931' title='bbox 3518 5491 3685 5556; x_wconf 63' lang='grc' dir='ltr'><strong>ιωωιδον</strong></span> 
     </span>
    </p>
   </div>
   <div class='ocr_carea' id='block_1_118' title="bbox 2243 5586 3690 5671">
    <p class='ocr_par' dir='ltr' id='par_1_118' title="bbox 2243 5586 3690 5671">
     <span class='ocr_line' id='line_1_118' title="bbox 2243 5586 3690 5671; baseline 0.008 -25"><span class='ocrx_word' id='word_1_932' title='bbox 2243 5593 2429 5663; x_wconf 87' lang='lat' dir='ltr'><strong>utique</strong></span> <span class='ocrx_word' id='word_1_933' title='bbox 2477 5592 2769 5650; x_wconf 80' lang='lat' dir='ltr'><strong>tribulatio.</strong></span> <span class='ocrx_word' id='word_1_934' title='bbox 2801 5595 2859 5651; x_wconf 86' lang='lat' dir='ltr'><strong>in</strong></span> <span class='ocrx_word' id='word_1_935' title='bbox 2888 5596 2991 5655; x_wconf 86' lang='lat' dir='ltr'><strong>hac</strong></span> <span class='ocrx_word' id='word_1_936' title='bbox 3037 5600 3193 5671; x_wconf 70' lang='lat' dir='ltr'><strong>igitur</strong></span> <span class='ocrx_word' id='word_1_937' title='bbox 3220 5598 3526 5659; x_wconf 76' lang='lat' dir='ltr'><strong>tribulatione.</strong></span> <span class='ocrx_word' id='word_1_938' title='bbox 3551 5586 3690 5644; x_wconf 67' lang='grc'><strong>11⁸⁸⁸³</strong></span> 
     </span>
    </p>
   </div>
   <div class='ocr_carea' id='block_1_119' title="bbox 2242 5681 3686 5761">
    <p class='ocr_par' dir='ltr' id='par_1_119' title="bbox 2242 5681 3686 5761">
     <span class='ocr_line' id='line_1_119' title="bbox 2242 5681 3686 5761; baseline 0.004 -21"><span class='ocrx_word' id='word_1_939' title='bbox 2242 5682 2298 5740; x_wconf 82' lang='lat' dir='ltr'><strong>iit</strong></span> <span class='ocrx_word' id='word_1_940' title='bbox 2329 5682 2428 5739; x_wconf 88' lang='lat' dir='ltr'><strong>hac</strong></span> <span class='ocrx_word' id='word_1_941' title='bbox 2451 5684 2579 5750; x_wconf 86' lang='lat' dir='ltr'><strong>vita,</strong></span> <span class='ocrx_word' id='word_1_942' title='bbox 2607 5686 2772 5742; x_wconf 89' lang='lat' dir='ltr'><strong>Deum</strong></span> <span class='ocrx_word' id='word_1_943' title='bbox 2794 5689 3079 5761; x_wconf 80' lang='lat' dir='ltr'><strong>exquisivit</strong></span> <span class='ocrx_word' id='word_1_944' title='bbox 3105 5692 3201 5749; x_wconf 85' lang='lat' dir='ltr'><strong>iste</strong></span> <span class='ocrx_word' id='word_1_945' title='bbox 3231 5689 3508 5748; x_wconf 73' lang='lat' dir='ltr'><strong>transiliens.</strong></span> <span class='ocrx_word' id='word_1_946' title='bbox 3528 5681 3686 5761; x_wconf 54' lang='grc' dir='ltr'><strong>ρων</strong></span> 
     </span>
    </p>
   </div>
   <div class='ocr_carea' id='block_1_120' title="bbox 2242 5760 3687 5856">
    <p class='ocr_par' dir='ltr' id='par_1_120' title="bbox 2242 5760 3687 5856">
     <span class='ocr_line' id='line_1_120' title="bbox 2242 5760 3687 5856; baseline 0.004 -23"><span class='ocrx_word' id='word_1_947' title='bbox 2242 5776 2350 5835; x_wconf 85' lang='lat' dir='ltr'><strong>do?</strong></span> <span class='ocrx_word' id='word_1_948' title='bbox 2378 5776 2616 5835; x_wconf 47' lang='lat' dir='ltr'><strong>nam</strong></span> <span class='ocrx_word' id='word_1_949' title='bbox 2640 5821 2658 5848; x_wconf 92' lang='lat'><strong>,</strong></span> <span class='ocrx_word' id='word_1_950' title='bbox 2709 5760 2902 5854; x_wconf 63' lang='lat' dir='ltr'><strong>hquis,</strong></span> <span class='ocrx_word' id='word_1_951' title='bbox 2932 5785 3076 5842; x_wconf 71' lang='lat' dir='ltr'><strong>assis.</strong></span> <span class='ocrx_word' id='word_1_952' title='bbox 3103 5784 3234 5856; x_wconf 85' lang='lat' dir='ltr'><strong>Quid</strong></span> <span class='ocrx_word' id='word_1_953' title='bbox 3258 5795 3351 5850; x_wconf 82' lang='lat' dir='ltr'><strong>est,</strong></span> <span class='ocrx_word' id='word_1_954' title='bbox 3378 5760 3687 5838; x_wconf 61' lang='lat' dir='ltr'><strong>Mat-il</strong></span> 
     </span>
    </p>
   </div>
   <div class='ocr_carea' id='block_1_121' title="bbox 2245 5870 3682 5954">
    <p class='ocr_par' dir='ltr' id='par_1_121' title="bbox 2245 5870 3682 5954">
     <span class='ocr_line' id='line_1_121' title="bbox 2245 5870 3682 5954; baseline 0.01 -26"><span class='ocrx_word' id='word_1_955' title='bbox 2245 5870 2508 5944; x_wconf 89' lang='lat' dir='ltr'><strong>Operibus</strong></span> <span class='ocrx_word' id='word_1_956' title='bbox 2535 5876 2689 5931; x_wconf 83' lang='lat' dir='ltr'><strong>meis.</strong></span> <span class='ocrx_word' id='word_1_957' title='bbox 2729 5876 2841 5933; x_wconf 84' lang='lat' dir='ltr'><strong>Non</strong></span> <span class='ocrx_word' id='word_1_958' title='bbox 2871 5879 3013 5936; x_wconf 85' lang='lat' dir='ltr'><strong>cnim</strong></span> <span class='ocrx_word' id='word_1_959' title='bbox 3050 5879 3240 5954; x_wconf 86' lang='lat' dir='ltr'><strong>aliquid</strong></span> <span class='ocrx_word' id='word_1_960' title='bbox 3260 5888 3524 5952; x_wconf 79' lang='lat' dir='ltr'><strong>corporeum</strong></span> <span class='ocrx_word' id='word_1_961' title='bbox 3544 5872 3682 5941; x_wconf 51' lang='grc' dir='ltr'><strong>(μεθ’</strong></span> 
     </span>
    </p>
   </div>
   <div class='ocr_carea' id='block_1_122' title="bbox 3526 5992 3854 6368">
    <p class='ocr_par' dir='ltr' id='par_1_122' title="bbox 3530 5992 3850 6364">
     <span class='ocr_line' id='line_1_122' title="bbox 3530 5992 3850 6364; baseline 0.003 -23"><span class='ocrx_word' id='word_1_962' title='bbox 3530 5992 3850 6364; x_wconf 44' lang='grc' dir='ltr'><em>Δ</em></span> 
     </span>
    </p>
   </div>
  </div>
