3966 6474
201 541 303 601 973

202 663 309 726 bat,
338 667 396 715 ut
430 656 812 714 contrectaodo
835 654 1097 712 inveniret
1134 650 1276 724 quod
1324 649 1667 722 perdiderat;
1721 652 1778 698 ut

199 751 734 820 manibusquazreret
757 763 1031 803 nummum
1057 787 1072 813 ,
1105 761 1314 808 aurum,
1345 754 1650 816 argentum,
1679 756 1774 795 ve-

196 853 350 907 stem,
387 841 648 913 quidquid-
667 841 770 896 tale
797 848 880 896 est
915 839 1056 911 quod
1104 837 1348 893 manibus
1372 838 1538 892 teneri
1583 833 1771 904 possit.

195 934 505 1004 Quanquam
557 941 612 988 ct
662 932 775 1002 ipse
806 932 1062 988 Dominus
1112 939 1293 986 noster
1319 928 1478 985 Jesns
1524 925 1773 984 Christus

197 1027 357 1081 voluit
381 1041 440 1080 sc
460 1024 703 1080 manibus
727 1025 939 1094 inquiri,
971 1022 1183 1093 quando
1223 1019 1485 1080 dubitanti
1513 1017 1775 1088 discipulo

198 1117 473 1174 cicatrices
497 1115 748 1171 ostendit.
774 1114 879 1170 Sed
909 1113 1165 1185 numquid
1213 1126 1334 1169 cum
1362 1112 1451 1169 ille
1481 1110 1775 1167 exclamas-

195 1221 276 1267 set
303 1220 524 1282 tangens
564 1210 842 1266 cicatrices
872 1209 1152 1262 vulnerum
1195 1206 1333 1275 ejus,
1365 1203 1609 1262 Dominus
1635 1219 1772 1257 meus

194 1314 242 1360 et
273 1302 414 1359 Deus
432 1304 606 1358 metra!
625 1317 802 1358 nonne
837 1299 1069 1355 audivit:
1098 1297 1232 1366 Quia
1273 1296 1459 1361 vidisti,
1484 1292 1772 1358 credidisti;

195 1397 323 1454 beati
344 1397 431 1465 qui
455 1411 558 1451 non
577 1395 870 1450 uiderunt-ct
890 1392 1213 1448 crediderim:
1231 1388 1412 1460 (lauit.
1438 1404 1528 1453 xx,
1549 1385 1771 1456 37-39)?

194 1490 250 1549 Si
276 1505 405 1562 ergo
436 1490 524 1545 ilic
554 1490 806 1545 matribus
846 1499 1092 1558 quaerens
1117 1484 1387 1540 Christum
1410 1524 1426 1548 ,
1454 1481 1558 1536 hoc
1583 1479 1770 1538 audire

192 1586 408 1648 meruit,
429 1594 486 1640 ut
514 1583 858 1656 opprobrium
880 1582 926 1636 ei
955 1579 1114 1636 fuerit
1139 1580 1210 1634 ita
1247 1578 1532 1649 quaesisse;
1562 1590 1658 1631 nos
1682 1573 1772 1644 qui

191 1679 332 1736 beati
361 1678 489 1733 dicti
519 1687 703 1732 sumus
743 1675 836 1747 qui
861 1690 963 1728 non
989 1672 1215 1727 vidimus
1240 1680 1294 1727 et
1317 1669 1603 1735 credimus,
1646 1665 1772 1737 quid

191 1783 338 1842 ergo,
359 1770 426 1824 ad
457 1783 552 1824 nos
578 1783 682 1824 non
706 1768 937 1838 pertinet
953 1763 1193 1820 manibus
1209 1761 1485 1834 quaerere?
1515 1759 1770 1827 Pertinet,

192 1863 329 1917 sicut
358 1860 491 1921 dixi.
523 1859 780 1929 operibus
816 1871 1078 1928 qmerere.
1134 1853 1359 1922 Quando
1406 1852 1551 1910 hoc?
1581 1849 1767 1906 Nocte.

161 1993 163 1995 ι
191 1953 328 2023 Quid
357 1958 462 2015 est,
489 1961 634 2006 nocte
653 1951 679 2004 Ρ
707 1950 762 2005 lu
803 1949 906 2005 hoc
953 1947 1170 2003 saeculo.
1197 1945 1312 2000 Nox
1341 1945 1482 2000 enim
1507 1950 1592 1999 est
1617 1951 1770 1998 antc-

189 2059 348 2117 quam
377 2041 632 2112 elluigeat
674 2041 790 2097 dies
836 2041 891 2096 in
943 2039 1172 2095 adventu
1220 2036 1512 2094 clariﬁeato
1561 2031 1772 2090 Domini

192 2137 360 2192 nostri
386 2135 512 2191 l‘esu
537 2135 764 2189 Christi.
796 2132 926 2188 Nam
967 2130 1136 2186 vultis
1165 2129 1347 2186 videre
1373 2128 1494 2199 quia
1522 2142 1628 2183 nox
1647 2125 1772 2182 est?

191 2227 310 2284 Nisi
331 2228 606 2284 ilicetum
652 2223 739 2280 hic
786 2223 1125 2286 haberemus,
1163 2220 1218 2277 in
1271 2218 1505 2276 tenebris
1555 2233 1770 2289 perma-

192 2336 464 2377 neremus.
495 2318 684 2373 Petrus
728 2315 878 2371 enim
899 2314 1061 2369 dicit:
1086 2312 1154 2368 Et
1187 2327 1280 2366 nos
1307 2315 1552 2366 habemus
1583 2308 1770 2364 certio-

193 2429 300 2470 rem
323 2410 674 2482 proplictirunt
698 2413 1013 2472 aerumnam,
1040 2405 1124 2459 cui
1161 2404 1280 2464 bene
1305 2403 1478 2475 facitis
1499 2401 1768 2462 intendan—

192 2515 296 2569 m,
326 2505 461 2560 velut
488 2500 710 2557 lucerna
729 2501 918 2555 lucenti
958 2498 1010 2553 in
1049 2497 1264 2553 obscuro
1295 2495 1405 2553 loco
1424 2535 1440 2564 ,
1485 2495 1644 2557 donec
1663 2491 1771 2554 diu

195 2595 435 2660 lucescat,
470 2603 516 2648 ct
542 2591 725 2662 lucifer
754 2592 954 2646 orietur
976 2590 1028 2645 in
1055 2588 1291 2644 cordibus
1317 2588 1494 2644 uestris
1515 2586 1586 2656 (ll
1616 2585 1766 2642 Pelr.

192 2703 230 2756 t,
257 2689 368 2759 l9).
401 2685 670 2741 Venturos
714 2689 798 2739 est
843 2697 972 2752 ergo
1019 2681 1134 2738 dies
1179 2690 1301 2751 post.
1328 2682 1486 2736 istam
1517 2687 1766 2744 noctem;

192 2781 404 2837 interim
436 2779 487 2833 in
518 2778 618 2833 hac
646 2787 801 2833 ιιοειε
845 2776 1062 2830 lucerna
1108 2787 1216 2828 non
1245 2772 1402 2828 desit.
1435 2772 1501 2827 Et
1551 2771 1651 2824 hoc
1689 2777 1772 2826 est

192 2873 418 2929 fortasse
436 2869 578 2942 quod
603 2884 744 2924 nunc
766 2867 988 2924 lucinius
1013 2884 1028 2921 :
1055 2865 1152 2921 has
1177 2864 1403 2919 Litteras
1430 2862 1764 2932 erponendo,

192 2964 466 3020 lucernam
498 2960 822 3026 infernalis,
870 2967 928 3013 ut
968 2958 1022 3013 in
1080 2956 1178 3012 hac
1217 2962 1376 3012 nocte
1421 2953 1766 3026 gaudeamus.

193 3056 323 3123 Quae
349 3055 562 3127 quidem
588 3054 746 3110 debet
773 3063 996 3107 accensa
1020 3064 1142 3107 esse
1185 3063 1402 3118 semper
1444 3048 1497 3102 in
1524 3047 1770 3102 domibus

193 3131 406 3204 vestris.
435 3147 652 3204 Tum
674 3145 820 3200 enim
845 3144 1076 3199 dicitur:
1108 3141 1360 3212 Spiritum
1403 3139 1559 3197 nolite
1580 3139 1771 3194 exstin-

193 3240 404 3312 guere“
427 3237 602 3293 Thuc.
636 3254 687 3304 ν,
714 3237 821 3306 1-9).
853 3236 922 3291 Ει
947 3246 1198 3306 tanquam
1233 3243 1506 3304 exponens
1532 3232 1657 3303 quid
1686 3232 1769 3288 di-

191 3342 360 3397 ceret,
392 3342 606 3388 secutll
622 3331 718 3397 ait,
743 3328 1074 3402 Prophetth
1097 3330 1252 3384 nolite
1270 3343 1504 3399 spernere
1531 3343 1552 3381 :
1579 3327 1628 3382 id
1663 3334 1766 3393 est,

193 3424 408 3482 lucerna
434 3425 486 3478 in
511 3424 663 3479 vobis
688 3437 901 3492 semper
921 3422 1110 3476 luceat.
1143 3421 1210 3475 Et
1238 3421 1352 3474 haec
1393 3419 1606 3490 quidem
1634 3419 1722 3474 lux
1749 3417 1769 3451 ί

193 3515 244 3570 in
268 3513 665 3584 comparatione
686 3512 966 3582 cujusdam
989 3511 1270 3566 iueﬂ‘abizlis
1292 3510 1396 3566 diei
1420 3526 1528 3566 nox
1550 3509 1768 3566 dicitur.

189 3604 320 3661 Nam
333 3606 448 3675 ipsa
470 3605 580 3660 vita
606 3603 838 3659 ﬁdelium
856 3603 910 3657 in
933 3602 1325 3672 compara-tione
1343 3603 1465 3658 vita:
1481 3601 1770 3658 inﬁdelium

194 3696 308 3753 dies
325 3707 428 3753 est.
445 3696 722 3764 Quomodo
734 3695 990 3752 atatemsit
1004 3711 1128 3757 nox,
1139 3695 1250 3764 jam
1270 3695 1520 3762 diximus,
1534 3705 1584 3750 et
1599 3703 1772 3750 osten-

194 3785 365 3842 dimus
386 3786 533 3842 Petri
561 3785 790 3856 apostoli
811 3787 1116 3842 testimonio
1135 3803 1150 3839 :
1168 3786 1257 3856 qui
1286 3784 1500 3856 quidem
1529 3785 1689 3841 etiam
1716 3793 1772 3841 et

191 3879 462 3935 lucernam
480 3879 785 3945 ominavit,
803 3888 857 3934 et
874 3877 942 3934 de
963 3878 1072 3948 ipsa
1086 3877 1299 3933 luccrna
1317 3893 1414 3932 nos
1423 3877 1694 3933 admonuit
1713 3889 1771 3934 ut

193 3973 532 4030 intendamus
559 3973 631 4039 ei,
655 3971 708 4027 id
735 3981 816 4026 est
841 3970 1152 4042 prophetico
1176 3970 1441 4037 sermoni,
1475 3970 1634 4026 donec
1662 3971 1770 4026 diu

194 4066 432 4133 lucescat,
455 4075 504 4120 ct
524 4064 701 4133 lucifer
722 4065 914 4119 oriatur
937 4065 990 4117 in
1008 4061 1244 4118 cordibus
1264 4064 1462 4118 nostris.
1491 4062 1772 4130 Quomodo

195 4168 366 4212 autem
385 4158 500 4228 jam
525 4156 629 4210 vita
660 4155 890 4210 lidelium
914 4154 1028 4210 dies
1053 4155 1126 4208 sit
1149 4155 1202 4208 in
1230 4154 1626 4224 comparatione
1651 4155 1771 4210 vitae

195 4247 502 4322 impiorum,
530 4248 723 4304 Paulus
755 4247 986 4304 ostendit
1017 4265 1030 4300 :
1061 4246 1388 4317 Altji'ciamus,
1431 4245 1621 4316 inquit,
1653 4263 1773 4317 ope-

194 4355 255 4394 ra
299 4341 616 4397 tenebrarum
645 4381 661 4406 ,
701 4348 747 4393 et
800 4338 1074 4393 induantur
1100 4355 1244 4392 arma
1267 4339 1395 4393 lucis
1417 4355 1435 4403 ,°
1459 4339 1588 4392 sicut
1612 4338 1665 4392 in
1690 4339 1773 4393 die

197 4430 400 4487 honeste
421 4431 731 4486 ambulemus
758 4431 934 4500 (Rom.
968 4447 1080 4496 xm,
1135 4430 1244 4502 12).
1277 4431 1418 4502 Ergo
1445 4432 1668 4486 honeste
1692 4431 1772 4486 vi-

193 4539 401 4589 ventes,
427 4527 477 4580 in
503 4526 894 4596 comparatione
909 4526 1031 4580 vitae
1057 4526 1362 4595 impiorum,
1385 4525 1436 4579 in
1449 4524 1538 4580 die
1561 4539 1766 4580 sumus.

198 4615 304 4671 Sed
333 4617 432 4671 iste
453 4615 567 4670 dies
593 4617 715 4670 vita:
738 4615 971 4670 lidelium
1013 4631 1120 4669 non
1149 4617 1343 4672 sufﬁcit
1364 4616 1488 4672 huic
1518 4615 1760 4682 ldithun;

198 4708 461 4762 transilire
481 4706 590 4760 vult
617 4714 670 4761 et
714 4706 870 4760 istum
901 4705 1064 4771 diem,
1097 4704 1269 4761 donec
1309 4707 1486 4760 veniat
1522 4707 1588 4761 ad
1621 4707 1768 4763 illum

195 4799 333 4855 diem
355 4843 370 4861 .
413 4799 500 4856 ubi
527 4799 699 4855 noctis
726 4799 1068 4852 tentationem
1097 4799 1294 4853 nullam
1337 4800 1554 4853 ornnino
1583 4800 1767 4856 formi-

194 4890 300 4946 det.
331 4892 427 4947 Hic
448 4891 586 4947 enim
611 4890 853 4961 quamvis
869 4889 987 4944 dies
1025 4889 1098 4943 sit
1135 4890 1236 4942 vita
1265 4889 1521 4953 ﬁdelium,
1558 4892 1766 4945 tentatio

193 4984 263 5029 cst
309 4978 411 5030 vita
445 4977 665 5032 humana
694 4990 846 5045 super
880 4983 1062 5029 terram
1109 4971 1253 5042 (Iob
1279 4991 1368 5040 vn,
1401 4975 1424 5028 1
1459 4975 1500 5047 ).
1535 4974 1682 5042 Nox,
1713 4983 1766 5031 et

194 5065 307 5120 dies
333 5086 344 5121 :
367 5067 484 5122 dies
533 5067 584 5121 in
608 5067 1004 5136 comparatione
1029 5063 1320 5120 inﬁdelium
1348 5082 1362 5131 ;
1397 5082 1500 5124 nox
1530 5067 1582 5122 in
1621 5083 1766 5123 cont-

193 5161 465 5228 paratione
484 5159 826 5229 Angelorum.
853 5157 1061 5215 [labent
1076 5158 1216 5212 enim
1241 5158 1381 5215 diem
1397 5160 1584 5230 Angeli
1606 5177 1764 5231 quem

193 5265 287 5306 nos
317 5251 552 5310 nondum
581 5249 840 5310 habemus
867 5268 880 5305 :
905 5250 1014 5320 jam
1059 5265 1158 5306 nos
1185 5249 1443 5306 habemus
1470 5268 1629 5323 quem
1657 5268 1764 5310 non

193 5338 388 5397 habent
432 5341 706 5407 inﬁdeles;
741 5340 836 5398 sed
864 5341 1095 5398 nondum
1145 5339 1344 5396 habent
1370 5341 1552 5399 ﬁdeles
1605 5358 1763 5414 quem

164 5431 166 5435 ’
200 5432 382 5502 Angeli
436 5433 672 5489 habent:
705 5441 830 5487 tunc
870 5441 1047 5488 autem
1096 5431 1403 5498 habebunt.
1451 5450 1577 5490 cum
1609 5442 1766 5492 erunt

193 5525 418 5592 aequales
450 5527 667 5597 Angelis
701 5526 830 5590 Dei;
861 5526 999 5594 quod
1019 5525 1128 5588 illis
1155 5527 1206 5582 in
1227 5530 1620 5590 resurrectione
1636 5547 1765 5601 pro-

193 5615 410 5671 missum
437 5627 521 5674 est
539 5617 750 5690 (Matth.
785 5634 913 5685 uti,
938 5618 1049 5689 30).
1075 5617 1128 5675 lu
1153 5620 1250 5675 hac
1274 5635 1402 5690 ergo
1419 5621 1527 5692 jam
1559 5623 1646 5679 die
1666 5635 1764 5691 ,ει

193 5705 361 5763 adhuc
389 5720 576 5777 iuncte;
605 5721 760 5765 nocte
789 5710 842 5765 in
871 5712 1264 5781 comparatione
1290 5711 1450 5769 futuri
1473 5714 1579 5770 diei
1601 5732 1760 5787 quem

193 5794 580 5868 desideraturus,
621 5801 708 5857 die
758 5803 809 5858 in
840 5803 1236 5872 comparatione
1261 5807 1545 5876 praeteri-tre
1591 5809 1761 5866 noctis

193 5889 274 5942 cui
306 5894 717 5949 renuntiavimus
740 5912 753 5948 :
778 5894 831 5948 in
856 5895 952 5950 hac
975 5910 1121 5967 ergo,
1153 5896 1388 5969 inquam,
1411 5909 1564 5958 nocte
1595 5901 1761 5961 Deum

256 6023 269 6054 ⁸
295 6027 452 6079 rmbtc
475 6035 600 6081 uotae
618 6036 739 6089 Mss,
768 6042 878 6080 no.1“.

1311 519 1704 590 Ensnnatto
1744 513 1804 581 IN
1844 524 2158 604 asumma
2184 530 2415 590 LXXVI.

3355 540 3461 606 974

1886 645 2219 715 requiramus
2263 647 2510 702 manibus
2548 631 2767 706 nostris.
2821 650 2936 707 Non
2994 642 3205 709 cessent
3262 670 3455 724 opera;

1883 751 2180 805 quatramus
2208 739 2389 805 Deum,
2426 756 2528 794 non
2556 740 2624 802 sit
2651 741 2805 798 inane
2831 742 3171 800 desiderium.
3205 745 3263 801 Si
3294 747 3347 801 in
3375 727 3459 803 via

1881 843 2099 895 sumus,
2146 841 2388 903 sumptus
2415 848 2716 904 erogemus,
2751 844 2806 890 ut
2845 837 3121 907 pervenire
3146 841 3411 908 possimus
3442 859 3456 895 :

1881 921 2126 976 manibus
2148 939 2446 993 quaeramus
2472 924 2654 980 Deum.
2678 927 2788 982 Etsi
2813 939 2967 984 nocte
2993 931 3276 998 quaerimus
3301 947 3460 1001 quem

1880 1013 2125 1070 manibus
2169 1017 2493 1085 quaerimus,
2567 1034 2671 1074 non
2721 1019 3015 1089 decipimur
3050 1023 3171 1092 quia
3224 1043 3242 1075 ι
3276 1040 3458 1092 coram

1880 1102 1999 1173 ipso
2021 1123 2040 1157 ι
2059 1107 2364 1175 quaerimus.
2394 1109 2526 1177 Quid
2550 1118 2630 1168 cst
2655 1129 2674 1162 ι
2699 1125 2876 1167 coram
2910 1113 3022 1183 ipso
3037 1115 3059 1169 ?
3085 1114 3260 1171 Nolite
3286 1116 3460 1175 facere

1879 1195 2134 1268 justitiam
2179 1211 2407 1254 veStram
2447 1215 2626 1257 coram
2676 1203 3008 1272 hominibus,
3060 1218 3118 1263 ut
3167 1208 3458 1266 videamini

1879 1290 1948 1346 ab
2009 1292 2085 1348 eis
2109 1307 2132 1357 ;-
2189 1293 2384 1364 alioqui
2441 1313 2546 1351 non
2609 1295 2871 1354 habebitis
2935 1302 3238 1360 mercedem
3317 1304 3456 1377 apud

1879 1381 2090 1450 Patrem
2143 1394 2399 1443 vestrum.
2442 1385 2576 1445 Cum
2620 1404 2748 1459 ergo
2790 1389 2920 1448 lacis
2967 1394 3399 1470 eleemosynam,
3431 1415 3451 1451 ι

1878 1473 1974 1542 ait,
2022 1490 2211 1531 manus
2257 1477 2360 1532 illa:
2383 1489 2509 1534 sunt
2556 1493 2858 1552 querentes
2890 1484 3074 1552 Deum,
3110 1505 3128 1539 ι
3161 1488 3266 1543 noli
3318 1490 3460 1545 tubi-

1879 1567 2058 1622 cinare
2097 1577 2221 1624 ante
2274 1579 2360 1638 te,
2413 1576 2550 1627 sicut
2604 1575 2890 1645 hypocrita:
2948 1577 3181 1639 faciunt;
3239 1582 3333 1637 sed
3387 1583 3461 1638 sit

1879 1658 2220 1730 eleemosyna
2260 1670 2348 1716 tua
2391 1664 2440 1718 in
2471 1666 2698 1732 occulto,
2729 1677 2782 1722 et
2813 1667 2969 1724 Pater
3015 1681 3133 1726 tuus
3181 1675 3270 1744 qui
3316 1677 3461 1732 videt

1877 1748 1933 1807 in
1962 1751 2203 1819 occulto,
2233 1752 2419 1808 reddet
2468 1755 2560 1810 tibi
2606 1774 2625 1808 ι
2658 1757 2867 1821 (Matth.
2919 1777 2991 1827 vr,
3021 1763 3071 1826 l,
3103 1763 3159 1830 2,
3188 1761 3264 1836 4).
3297 1767 3455 1838 Ergo,

1884 1839 2155 1898 «Manibus
2179 1844 2309 1899 meis
2328 1855 2481 1900 nocte
2507 1862 2686 1903 coram
2709 1865 2772 1904 eo
2794 1859 2847 1906 et
2871 1867 2975 1907 non
3004 1869 3120 1908 sum
3144 1856 3417 1928 deceptus.
3433 1879 3452 1912 ι

1946 1933 2002 1990 5.
2042 1934 2246 2002 Quanta
2301 1947 2474 1994 tamen
2531 1941 2630 1996 iste
2685 1942 2892 2000 ldithun
2945 1950 3220 2017 pertulerit
3265 1952 3316 2007 in
3359 1952 3459 2010 hac

1877 2031 2016 2082 terra
2039 2067 2052 2094 ,
2085 2037 2136 2081 et
2159 2028 2210 2081 in
2243 2028 2339 2084 hac
2364 2041 2540 2099 nocte,
2563 2042 2617 2088 et
2641 2037 2907 2105 quomodo
2933 2038 3177 2098 habuerit
3205 2045 3459 2113 quodam-

1875 2115 2036 2172 modo
2063 2119 2388 2174 transiliendi
2417 2125 2784 2182 necessitatem
2805 2167 2818 2194 ,
2849 2129 3257 2201 ilnpingcntibus
3299 2146 3458 2208 atque

1875 2211 2228 2279 pungentibus
2249 2212 2496 2270 deorsum
2515 2217 2959 2290 tribulationibus,
2976 2233 3030 2279 ιιι
3056 2242 3272 2283 necesse
3303 2229 3459 2285 fuerit

1876 2303 2176 2370 transilire,
2222 2306 2575 2365 intentissima
2612 2314 2910 2371 audiamus.
2947 2317 3161 2389 Negavit
3205 2325 3459 2379 consolari

1873 2395 2045 2459 animo
2068 2413 2179 2451 utea
2203 2397 2242 2451 ‘.
2269 2399 2494 2464 Tantum
2528 2403 2738 2460 ttcdium
2781 2407 2868 2462 hic
2896 2425 2982 2466 me
3033 2416 3311 2481 occupavit
3340 2457 3354 2482 ,
3403 2425 3458 2474 ut

1875 2497 2061 2546 contra
2088 2505 2301 2551 omnem
2323 2494 2739 2551 consolationem
2757 2499 3026 2562 clauderet
3041 2519 3098 2559 se
3118 2507 3290 2572 anima
3316 2526 3454 2564 mea.

1875 2577 2010 2638 Huic
2039 2580 2132 2636 tali
2166 2581 2303 2644 unde
2340 2585 2552 2640 taedium
2576 2587 2599 2640 ?
2621 2586 2868 2646 Fortasse
2893 2593 3014 2662 quia
3042 2596 3191 2651 vinea
3239 2601 3456 2668 grandi-

1874 2680 1997 2734 nata
2025 2682 2104 2727 est
2125 2713 2141 2738 ,
2164 2683 2256 2730 aut
2282 2676 2402 2745 quia
2430 2677 2545 2734 olea
2573 2694 2678 2735 non
2707 2686 2980 2754 provenit,
3007 2696 3097 2744 aut
3119 2687 3239 2759 quia
3270 2694 3457 2750 vinde-

1877 2763 1983 2816 mia
2007 2777 2040 2816 a
2067 2764 2239 2833 pluvia
2269 2765 2556 2838 intercepta
2587 2780 2686 2826 est.
2716 2771 2866 2830 Unde
2891 2775 3011 2832 huic
3038 2781 3293 2848 taedium?
3325 2786 3458 2841 Audi

1875 2855 1979 2912 hoc
2003 2870 2067 2914 ex
2093 2856 2198 2910 alio
2223 2859 2446 2928 psalmo.
2476 2861 2648 2930 Ipsius
2689 2865 2830 2920 enim
2858 2875 2912 2921 et
2960 2868 3026 2924 ibi
3060 2887 3158 2925 vox
3194 2882 3275 2928 est
3305 2893 3321 2928 ι
3344 2875 3458 2931 Ta:-

1874 2945 2012 3004 tlium
2058 2947 2269 3038 detinuit
2298 2966 2406 3015 me,
2438 2968 2471 3005 a
2520 2956 2861 3021 peccatoribus
2885 2959 3271 3032 relinquentium
3299 2965 3457 3038 legem

1875 3045 2014 3092 tuam
2061 3036 2080 3106 (
2103 3037 2248 3094 Psal.
2276 3056 2458 3108 cxvnt,
2489 3042 2618 3116 55).
2643 3045 2814 3102 Tanto
2837 3064 2963 3120 ergo
2994 3053 3150 3108 taedio
3175 3055 3240 3111 de
3268 3036 3456 3126 hujus—

1873 3128 2024 3186 modi
2041 3131 2182 3186 malo
2199 3131 2444 3190 aﬂectum
2471 3149 2530 3191 se
2560 3136 2662 3192 iste
2683 3138 2830 3203 dicit,
2864 3149 2922 3196 ιιι
2945 3157 3160 3214 negaret
3189 3151 3454 3206 consolari

1873 3218 2049 3274 anima
2077 3221 2258 3291 ipsius.
2287 3223 2460 3294 Prope
2487 3227 2830 3286 absorbuerat
2855 3249 2974 3289 eum
3005 3237 3217 3293 taedium
3241 3281 3255 3305 ,
3291 3243 3456 3298 tristi-

1875 3313 2051 3384 tiaque
2074 3331 2196 3371 enin
2226 3320 2442 3373 omnino
2468 3320 2882 3392 irreparabiliter
2905 3341 3191 3401 memerat;
3212 3346 3369 3406 negat
3396 3351 3455 3394 se

1873 3409 2158 3464 consolari.
2191 3410 2326 3476 Quid
2351 3413 2508 3483 igitur
2535 3417 2804 3474 restabat?

1945 3497 1998 3553 ϐ.
2043 3498 2211 3573 [ειη.
2243 3503 2297 3558 ὁ.
2327 3502 2347 3578 ]
2387 3505 2565 3563 Primo
2607 3509 2725 3565 vide
2749 3513 2891 3569 unde
2917 3517 3240 3575 consoletur.
3268 3521 3453 3581 Nonne

1873 3590 2197 3646 sustinuerat
2237 3596 2325 3664 qui
2364 3597 2518 3652 simul
2548 3603 2972 3675 contristarctur,
3001 3617 3058 3664 et
3099 3627 3202 3667 non
3235 3614 3452 3674 invene-

1873 3679 1998 3751 rat(
2024 3679 2169 3736 Psal.
2199 3700 2382 3750 vam,
2409 3687 2471 3741 2!
2501 3689 2560 3758 )?
2583 3691 2700 3759 Quo
2717 3694 2858 3748 enim
2885 3711 2944 3751 se
2983 3710 3206 3757 verteret
3239 3705 3304 3759 ad
3325 3721 3453 3764 con-

1873 3773 2185 3829 solationem
2209 3819 2222 3840 ,
2249 3793 2405 3847 quem
2434 3795 2784 3852 occupaverat
2814 3787 3022 3843 taedium
3051 3791 3121 3848 de
3161 3800 3454 3861 peccatori-

1873 3865 1974 3922 bus
2011 3869 2430 3938 relinquenti-bus
2459 3874 2625 3945 legem
2658 3877 2783 3932 Dei?
2825 3879 2943 3946 Quo
2983 3896 3044 3939 se
3074 3891 3343 3944 verteret?
3369 3892 3452 3950 Ad

1874 3959 2141 4018 hominem
2188 3965 2280 4020 Dei
2320 3969 2640 4036 quemlibet?
2687 3972 2742 4026 ln
2792 3976 2970 4032 multis
3015 3977 3123 4047 jam
3175 3982 3310 4038 forte
3353 3985 3454 4042 iste

1871 4066 2123 4145 capenos
2165 4067 2278 4112 erat
2316 4074 2557 4131 magnam
2592 4062 2980 4123 tribulationem
3005 4110 3020 4134 ,
3052 4086 3157 4140 quo
3194 4076 3361 4145 magis
3385 4076 3452 4134 dc

1873 4143 2082 4199 iiiorum
2119 4147 2289 4218 aliqua
2325 4149 2671 4210 delectatione
2697 4171 3102 4228 praesumpserat
3133 4163 3174 4216 ³.
3201 4143 3454 4223 Vidrutu-r

1875 4237 2015 4290 enim
2043 4237 2325 4309 aliquando
2348 4241 2476 4312 justi
2505 4245 2768 4315 homines,
2795 4261 2845 4304 et
2869 4251 3130 4321 gaudetur
3155 4255 3220 4310 ad
3247 4273 3368 4326 eos;
3399 4270 3453 4316 ει

1875 4345 2094 4424 necesse
2117 4346 2197 4388 est
2221 4345 2278 4390 ut
2301 4337 2612 4406 gaudeatnr,
2644 4343 2891 4412 quoniam
2917 4346 3148 4403 cbaritas
3175 4352 3292 4407 sine
3317 4369 3451 4424 gau-

1874 4421 1963 4517 dio
1995 4424 2114 4479 talis
2137 4441 2256 4480 esse
2283 4443 2386 4482 non
2417 4439 2624 4500 potest:
2652 4433 2703 4487 in
2745 4434 2826 4489 his
2854 4446 3030 4492 autem
3060 4441 3110 4494 in
3140 4421 3450 4517 quibus‘ga-

1873 4515 2017 4571 visus
2042 4527 2124 4573 est
2149 4518 2306 4575 homo
2332 4563 2348 4588 ,
2378 4524 2422 4577 si
2472 4524 2607 4581 forte
2647 4527 2844 4598 aliquid
2885 4546 3103 4599 pravum
3137 4515 3446 4609 contigerit,

1871 4611 2139 4680 quomodo
2168 4629 2308 4686 saepe
2329 4619 2605 4688 contingit,
2633 4633 2826 4692 quanta
2856 4625 3032 4680 lzcti-tia
3061 4629 3131 4683 ibi
3175 4641 3306 4700 erat,
3337 4643 3452 4690 tan-

1873 4707 1958 4756 tus
2002 4718 2200 4760 maeror
2236 4707 2471 4775 accedit;
2505 4711 2573 4765 ita
2617 4721 2674 4767 ut
2721 4725 2901 4784 postea
2942 4718 3051 4786 jam
3081 4722 3262 4778 timeat
3292 4725 3450 4783 homo

1871 4794 2049 4852 laxare
2079 4799 2310 4856 habenas
2334 4803 2667 4872 gaudiorum,
2701 4808 2881 4863 timeat
2901 4824 2959 4865 se
2988 4813 3181 4869 notitiae
3202 4822 3450 4873 commit-

1872 4896 2003 4950 tere,
2033 4905 2102 4944 ne
2123 4902 2319 4960 quanto
2347 4899 2512 4965 magis
2542 4897 2744 4952 lirtatus
2767 4900 2955 4964 luerat.
2989 4913 3131 4960 tanto
3157 4909 3382 4978 amplius
3404 4912 3449 4965 si

1869 4980 2064 5051 aliquid
2092 4985 2407 5054 contigerit,
2436 4989 2792 5044 contabescat.
2824 4991 3109 5050 Percussus
3138 5013 3264 5068 ergo
3295 4987 3472 5054 scan-1'

1869 5071 2003 5126 dalis
2028 5074 2416 5132 abundantibus
2439 5119 2454 5146 ,
2485 5080 2632 5148 quasi
2661 5082 2838 5136 multis
2866 5086 3169 5141 vulneribus
3197 5129 3212 5154 ,
3259 5091 3450 5147 clausit

1867 5179 1928 5222 se
1956 5175 2139 5222 cutura
2169 5167 2452 5224 humanam
2477 5173 2914 5242 consolationem,
2946 5185 3000 5230 et
3025 5179 3232 5248 negavit
3258 5194 3451 5236 conso-

1867 5259 1964 5313 lari
2005 5263 2178 5315 anima
2223 5262 2407 5332 ipsius.
2441 5263 2508 5318 Et
2560 5265 2698 5320 ttnde
2746 5269 2897 5323 vita?
2945 5269 3084 5324 unde
3130 5274 3449 5344 respiratio?

1870 5351 2068 5407 Memor
2093 5357 2170 5425 fui
2200 5354 2290 5408 Dei
2316 5397 2330 5420 ,
2356 5366 2403 5409 et
2431 5356 2705 5414 delectatus
2734 5377 2863 5414 sum.
2897 5360 3008 5415 Non
3037 5362 3230 5418 frustra
3261 5383 3448 5424 manus

1869 5453 2101 5515 cperataa
2131 5444 2365 5512 fuerant;
2393 5448 2704 5506 invenerant
2740 5467 2986 5522 magnum
3031 5457 3443 5513 consolatorem.

1867 5534 1983 5589 Non
2033 5537 2352 5607 quiescendo
2403 5556 2594 5595 memor
2641 5543 2719 5612 fui
2767 5543 2900 5608 Dei,
2929 5555 2976 5598 et
3004 5547 3274 5603 delectatus
3312 5568 3442 5605 sum.

1869 5627 2241 5686 Przcdicandus
2267 5632 2427 5702 igitur
2451 5642 2532 5689 est
2560 5633 2721 5703 Deus,
2751 5634 2900 5705 cujus
2917 5635 3018 5693 iste
3056 5654 3261 5695 memor
3279 5641 3448 5699 lactus

1859 5870 1868 5880 -
1933 5850 1950 5884 ι
1973 5851 2048 5902 sic
2068 5849 2283 5902 melioris
2305 5859 2432 5903 nota:
2466 5857 2573 5902 Mss.
2615 5859 2672 5902 At
2703 5852 2834 5905 Edd.:
2877 5855 3052 5922 Negavi
3072 5856 3309 5911 calcolari
3341 5861 3449 5914 ani-

1865 5926 1996 5964 nam
2016 5926 2190 5964 nicum.

1930 5974 2344 6053 ξιξιειζὶιιιιεθίεεη
2385 5976 2671 6042 quiamagis
2704 5979 2764 6030 dc
2787 5978 2980 6034 illorum
3007 5983 3174 6053 aliqua
3197 5986 3449 6042 dilectione

1868 6046 2253 6100 pra'snmpscrat.
