3966 6452
612 508 719 576 9ῒό

613 629 912 688 delectatus
938 638 1048 696 est,
1082 637 1135 684 et
1162 626 1466 683 consolatus
1507 624 1561 681 in
1590 622 1819 695 quadam
1848 621 2056 679 tristitia
2080 663 2095 685 ,
2146 629 2207 678 et

614 720 1011 797 quodammodo
1040 722 1211 778 salute
1238 720 1519 791 desperata
1564 727 1833 774 recreatus
1864 734 1878 771 :
1912 715 2207 787 prretlican-

614 815 714 871 dus
742 823 823 873 est
852 814 1011 872 Deus.
1040 812 1278 884 Denique
1305 853 1319 874 .
1347 809 1488 883 quod
1513 810 1819 866 consolatus
1840 817 1921 864 est
1949 807 2051 865 iste
2074 850 2089 876 ,
2114 823 2205 863 se-

615 914 768 962 cutus
824 903 935 972 ait,
969 902 1189 961 Cerrini.
1236 902 1292 959 In
1324 904 1436 972 ipsa
1465 900 1832 956 consolatione
1875 914 2083 954 memor
2124 897 2205 954 fa-

612 1003 733 1053 ctus
757 994 873 1061 Dei,
896 994 1193 1053 delectatus
1218 994 1430 1065 garrivi.
1460 994 1597 1062 Quid
1628 1000 1732 1058 εει,
1764 991 2000 1064 garrivi?
2027 990 2204 1047 Lzeta-

614 1096 705 1145 tus
732 1103 849 1145 sum
874 1128 890 1154 ,
938 1087 1197 1144 exsultavi
1228 1085 1510 1159 loquendo.
1562 1085 1772 1142 Garruli
1816 1084 1959 1140 enim
1990 1083 2207 1156 proprie

614 1178 868 1235 dicuntur
890 1221 906 1246 ,
935 1180 1023 1249 qui
1049 1191 1080 1234 a
1109 1180 1269 1249 vulgo
1298 1177 1505 1233 verbosi
1532 1177 1887 1248 appellantur,
1918 1176 2206 1233 accedente

611 1271 795 1328 laetitia
827 1287 927 1328 nec
968 1271 1208 1328 valentes
1237 1287 1336 1328 nec
1373 1271 1614 1327 volentes
1659 1283 1856 1327 tacere.
1904 1270 2097 1327 Factus
2123 1279 2206 1326 est

611 1360 715 1419 iste
739 1363 877 1417 talis.
913 1363 978 1418 Et
1002 1377 1185 1417 rursus
1213 1361 1337 1434 quid
1358 1362 1470 1416 ait?
1500 1361 1563 1416 Et
1586 1362 1769 1435 defecit
1807 1363 2017 1433 spiritus
2041 1378 2201 1417 meus.

683 1453 740 1509 7.
789 1451 810 1525 [
835 1469 965 1508 vers.
993 1451 1086 1526 5.]
1115 1452 1298 1508 Taedio
1320 1451 1664 1508 contabuerat
1683 1494 1700 1519 ,
1732 1452 2014 1508 rccolendu
2038 1452 2203 1507 Deum

613 1543 908 1600 delectatus
958 1543 1129 1599 fuerat
1154 1586 1169 1610 ,
1194 1558 1381 1598 rursus
1424 1543 1708 1611 garriendo
1734 1541 2005 1599 defecerat
2030 1560 2046 1606 ;
2076 1540 2203 1614 quid

611 1633 900 1705 sequitur?
945 1634 1354 1705 Anticiparertmt
1399 1634 1597 1706 vigilias
1638 1650 1810 1689 omnes
1844 1634 2039 1688 inimici
2083 1634 2202 1690 mei.

609 1724 980 1798 Vigilaverunt
1008 1739 1169 1797 super
1211 1742 1293 1780 me
1325 1738 1513 1781 omnes
1557 1724 1755 1780 inimici
1787 1724 1891 1781 mei
1929 1743 1943 1780 :
1973 1724 2091 1794 plus
2119 1738 2205 1781 me

608 1817 964 1890 vigilavcrnnt
990 1835 1004 1884 ;
1030 1817 1293 1888 vigilando
1316 1825 1822 1888 pratoceupaverunt
1841 1833 1945 1873 ιιιε.
1969 1816 2068 1874 Ubi
2096 1831 2203 1872 non

609 1909 935 1981 muscipulrs
969 1910 1211 1979 ponunt?
1256 1908 1443 1964 Nonne
1474 1908 1678 1980 vigilias
1726 1924 1914 1964 omnes
1941 1908 2203 1979 anticipa-

608 2010 808 2057 vernnt
834 2002 851 2034 ¹
881 2000 1078 2056 inimici
1104 1999 1245 2055 mei?
1266 2000 1364 2067 Qui
1397 2010 1520 2054 sunt
1548 1999 1690 2054 enim
1720 1998 1806 2054 isti
1837 1999 2073 2064 inimici,
2100 1999 2201 2053 nisi

612 2094 691 2150 illi
718 2093 785 2150 de
812 2094 1003 2164 quibus
1028 2091 1158 2147 dicit
1188 2092 1474 2163 Apostolus
1502 2110 1516 2145 :
1549 2089 1670 2145 Non
1700 2101 1770 2147 est
1794 2091 1928 2145 vobis
1954 2090 2201 2144 collucta-

609 2188 681 2240 tio
704 2184 945 2240 adversus
966 2200 1166 2239 carnem
1193 2192 1240 2237 et
1257 2184 1595 2253 sanguinem;
1623 2182 1712 2236 sed
1746 2182 1989 2237 adversus
2013 2182 2205 2248 princi-

609 2285 760 2347 patus
778 2317 793 2340 ,
823 2284 871 2330 et
903 2282 1169 2345 potestates
1188 2315 1203 2338 ,
1231 2281 1279 2327 et
1318 2283 1534 2327 rectores
1564 2273 1740 2327 mundi
1765 2274 2082 2327 tenebrarum
2109 2272 2203 2327 Ita-

609 2385 744 2433 runt,
775 2367 1014 2423 adversus
1042 2365 1331 2435 spiritantia
1346 2364 1581 2435 nequities
1601 2366 1654 2419 in
1681 2364 1961 2420 celestilms
1983 2365 2198 2439 (Ephrs.

609 2459 875 2528 v1.12)?
922 2458 1065 2524 Ergo
1113 2457 1368 2511 adversus
1413 2456 1680 2510 diabolum
1729 2464 1783 2511 ct
1827 2457 2041 2527 angelos
2085 2457 2202 2528 ejus

610 2549 920 2606 inimicitias
942 2560 1274 2603 exercemus.
1301 2546 1556 2602 Rectores
1573 2560 1666 2601 cos
1692 2545 1873 2601 mundi
1894 2547 2048 2607 dixit.
2074 2548 2198 2618 quia

608 2642 714 2713 ipsi
745 2650 934 2713 regunt
958 2638 1246 2695 dilectores
1274 2637 1455 2693 mundi
1486 2655 1501 2692 :
1532 2653 1635 2693 non
1661 2639 1802 2693 enim
1822 2647 2016 2710 regunt
2042 2654 2198 2694 mun-

607 2734 735 2789 dum
763 2773 779 2797 ,
811 2730 959 2801 quasi
991 2739 1229 2784 rectores
1245 2728 1351 2784 sint
1379 2728 1499 2786 cmli
1523 2737 1577 2784 et
1607 2738 1795 2796 terrai;
1822 2728 1916 2785 sed
1944 2728 2197 2785 mundum

606 2831 915 2895 peceatores
945 2820 1093 2875 dicit.
1119 2818 1189 2874 Et
1213 2821 1429 2874 mundus
1457 2837 1569 2875 eum
1598 2837 1699 2874 non
1729 2820 1961 2891 cognovit
1992 2826 2011 2889 (
2034 2819 2195 2876 Joan.

603 2912 845 2985 ι,10)ε
891 2913 1050 2967 talem
1098 2910 1353 2966 mundum
1404 2911 1477 2966 illi
1524 2919 1751 2983 regunt,
1811 2911 1901 2981 qui
1955 2927 2060 2965 nun
2101 2926 2198 2966 co-

601 3000 1171 3076 gnoscit'Cbristtnn.
1201 3000 1398 3057 Contra
1449 3000 1546 3057 bos
1590 3000 1848 3056 habemus
1896 3001 2197 3056 inimicitias

604 3105 908 3167 perpetuas.
940 3093 1180 3162 Denique
1221 3091 1482 3162 quaslibet
1529 3091 1726 3146 habeas
1755 3089 2059 3146 inimicitias
2101 3090 2198 3145 ad-

605 3202 793 3243 versus
821 3185 1114 3249 hominem,
1137 3184 1339 3254 cogitas
1359 3181 1542 3247 linire;
1573 3180 1686 3236 sive
1714 3181 1856 3236 illius
1872 3182 2194 3237 satisfactio-

603 3295 704 3347 ne,
730 3279 773 3334 si
803 3279 916 3348 ipse
941 3286 994 3331 te
1023 3275 1193 3339 lzesit;
1225 3274 1337 3329 sive
1364 3283 1473 3337 tua,
1503 3272 1549 3328 si
1573 3280 1626 3327 ιιι
1653 3272 1867 3340 laesisti;
1898 3274 2012 3329 sive
2029 3273 2193 3330 alter-

602 3370 775 3426 utrius
800 3410 813 3434 ,
864 3369 908 3423 si
949 3382 1043 3422 vos
1080 3365 1306 3421 invicem
1351 3363 1595 3427 larsistis;
1640 3362 1851 3419 laboras
1888 3365 2195 3422 satisfacere

600 3468 658 3516 et
709 3457 1079 3517 concordare:
1108 3471 1230 3512 cum
1273 3453 1485 3510 diabolo
1530 3461 1707 3509 autem
1755 3464 1809 3510 et
1846 3455 2050 3526 angelis
2076 3457 2193 3524 ejus

602 3553 748 3610 nulla
775 3550 1056 3609 concordia
1087 3557 1185 3606 est.
1223 3548 1325 3619 Ipsi
1350 3547 1503 3603 nobis
1523 3546 1758 3603 invident
1785 3562 2004 3618 regnum
2025 3549 2191 3603 emto—

599 3662 740 3702 rnm.
775 3644 1050 3700 Mitescere
1079 3640 1299 3697 omnino
1326 3654 1449 3710 erga
1500 3654 1597 3694 nos
1625 3653 1730 3693 non
1777 3648 2019 3709 possunt,
2064 3641 2186 3711 quia

596 3740 997 3812 anticipavernnt
1020 3736 1216 3809 vigilias
1238 3749 1410 3789 omnes
1429 3733 1620 3787 inimici
1645 3732 1759 3786 mei.
1792 3732 1916 3788 Plus
1948 3732 2022 3788 illi
2053 3734 2187 3805 vigi-

598 3832 846 3888 laverunt
876 3828 942 3885 ad
965 3825 1359 3897 decipiendum,
1388 3839 1545 3895 quam
1566 3838 1665 3893 ego
1685 3822 1751 3877 ad
1778 3822 2184 3879 custodiendum

598 3939 687 3982 me
718 3942 732 3978 :
765 3922 1177 3994 Anticipareruut
1215 3919 1415 3989 uigilias
1454 3932 1628 3972 omnes
1674 3915 1865 3971 inimici
1891 3917 2006 3970 mei.
2037 3916 2185 3985 Qun-

597 4016 760 4073 modo
786 4015 932 4071 enim
977 4029 1083 4068 non
1129 4011 1549 4081 anticipaverunt
1590 4007 1823 4079 vigilias,
1850 4008 1938 4078 qui
1987 4008 2184 4079 ubique

596 4106 849 4165 scandala
874 4146 891 4171 ,
947 4104 1143 4174 ubique
1192 4100 1515 4172 muscipulas
1569 4099 1902 4171 posuerunt?
1940 4098 2180 4155 Taedium

594 4198 735 4254 inest
775 4195 922 4254 cordi
952 4212 967 4263 ;
1009 4193 1351 4251 metuendum
1382 4202 1464 4248 est
1504 4208 1571 4247 uc
1610 4190 1894 4247 absorbeat
1923 4191 2132 4247 tristitia
2162 4210 2178 4248 :

595 4290 651 4345 in
672 4289 854 4344 laetitia
884 4285 1226 4344 metuendum
1254 4294 1337 4341 est
1364 4299 1430 4340 ne
1470 4282 1752 4353 garriendo
1775 4282 1987 4339 deﬁciat
2018 4284 2177 4354 spiri-

594 4392 680 4437 ttts
704 4393 823 4437 tuus
856 4399 871 4437 :
911 4379 1321 4451 Antieiparerunt
1367 4377 1566 4450 uigilias
1615 4392 1787 4431 omnes
1835 4376 2028 4430 inimici
2057 4376 2174 4432 mei.

596 4476 831 4545 Denique
853 4475 905 4529 in
936 4475 1047 4544 ipsa
1074 4472 1405 4543 garrulitate,
1433 4471 1558 4525 dum
1586 4469 1820 4541 loqueris
1840 4512 1855 4536 ,
1880 4480 1934 4525 ct
1956 4485 2176 4528 securus

594 4568 821 4635 loqueris
848 4607 863 4629 ,
910 4573 1107 4634 quanta
1157 4564 1467 4633 plerumque
1496 4561 1836 4617 inveniuntur
1859 4577 1977 4632 quae
2015 4563 2176 4619 velint

592 4667 775 4713 tenere
801 4657 998 4711 inimici
1027 4665 1080 4711 et
1101 4654 1512 4726 reprehendere,
1540 4653 1679 4710 unde
1701 4656 2036 4710 velintetiam
2062 4657 2173 4712 cri~

588 4751 776 4807 minari
826 4760 879 4805 et
922 4749 1232 4806 calumniari
1277 4747 1432 4804 :lloc
1474 4746 1644 4813 dixit,
1677 4747 1803 4802 illud
1831 4750 2035 4815 sensit,
2069 4748 2171 4806 ltoc

584 4843 794 4899 locutus
821 4841 942 4898 est?
984 4840 1116 4911 Quid
1168 4837 1325 4896 faciat
1351 4838 1544 4904 homo,
1575 4840 1673 4894 nisi
1704 4838 1843 4910 quod
1887 4841 2169 4912 sequitur?

583 4934 919 4989 iiamnrbatus
972 4949 1118 4999 sum,
1148 4939 1196 4986 et
1243 4947 1345 4985 non
1384 4947 1493 4984 sum
1542 4930 1756 4985 locutus.
1805 4929 2167 4988 Conturbatus

578 5040 739 5096 ergo,
770 5040 837 5081 ne
883 5025 934 5079 in
964 5022 1080 5094 ejus
1114 5021 1425 5092 garrulitate
1455 5020 1651 5077 inimici
1695 5021 1872 5090 antici;
1893 5031 2044 5078 antes
2087 5024 2168 5080 vi-

577 5116 751 5188 gilias,
779 5116 1072 5172 calumnias
1095 5122 1396 5183 qua‘rerent
1423 5121 1478 5167 et
1504 5112 1821 5179 invenirent,
1846 5130 1951 5170 non
1977 5125 2060 5171 est
2084 5117 2165 5172 lo-

574 5219 748 5264 cutus.
775 5208 1049 5278 Nunquam
1071 5217 1245 5262 tamen
1274 5206 1373 5261 iste
1404 5206 1704 5261 transiliens
1725 5217 1960 5263 cessaret
1987 5209 2039 5263 in
2064 5225 2157 5266 se:

570 5314 626 5360 ει
653 5303 698 5359 si
728 5302 863 5358 forte
902 5317 931 5356 a
970 5300 1279 5373 garrulitate
1314 5300 1571 5365 cessavit,
1610 5315 1711 5370 qua
1742 5300 2083 5372 subrepscrat
2107 5302 2158 5359 ei

570 5396 638 5451 de
664 5395 778 5465 ipsa
807 5392 1071 5448 locutione
1098 5392 1305 5461 placere
1335 5390 1670 5454 hominibus;
1699 5406 1802 5445 non
1843 5402 2017 5449 tamen
2063 5393 2159 5450 de-

565 5480 701 5543 stitit
725 5526 741 5551 ,
770 5499 876 5539 non
915 5482 1149 5539 cessavit
1186 5492 1245 5537 ιιι
1272 5491 1553 5538 conaretur
1581 5495 1633 5539 et
1664 5482 1764 5540 hoc
1794 5483 1965 5554 ipsum
2013 5494 2157 5542 tran-

564 5577 846 5637 scendere.
877 5576 940 5632 Et
969 5573 1097 5647 quid
1124 5574 1299 5630 dicit?

634 5670 688 5728 8.
730 5667 752 5745 [
781 5685 910 5726 vers.
940 5666 996 5723 6.
1021 5664 1044 5741 ]
1074 5664 1299 5739 Cogitavi
1323 5666 1428 5722 dies
1452 5665 1698 5736 antiquos.
1740 5666 1856 5723 Jam
1885 5668 1983 5725 iste
2011 5671 2155 5726 velut

634 5806 654 5838 ⁸
679 5807 753 5857 Sic
773 5818 825 5855 tu
846 5812 954 5856 Itss.
988 5810 1043 5855 At
1064 5804 1115 5855 in
1135 5802 1272 5864 Edd,
1304 5802 1684 5870 muiciparerunt
1706 5816 1867 5855 omnes
1899 5818 1917 5855 :
1952 5813 2005 5870 et
2025 5808 2153 5870 apud

561 5873 697 5941 ex}.
718 5874 815 5939 est,
837 5873 1023 5931 pantes,
1046 5879 1239 5930 genere
1258 5873 1309 5916 et
1332 5865 1758 5917 casu’coucordans
1771 5879 1900 5928 cum,
1915 5865 2147 5932 echtltroi,

560 5941 802 6050 “ﬁgi,
822 5996 1119 6052 cognoscunt.
1146 5991 1325 6052 Aliquot
1350 6004 1468 6039 vero
1480 5997 1607 6045 Mss,
1632 5988 1882 6056 cognoscit.

1851 502 1911 566 ε.
1952 498 2320 567 Αυυυετικι
2362 497 2657 563 EPISL‘OPI
2850 478 2858 489 ’
3148 460 3151 467 ’

2233 507 2320 563 nvi
2362 497 2657 563 EPISL‘OPI
2850 478 2858 489 ’
3148 460 3151 467 ’
3727 522 3792 579 ,τε

2314 622 2404 692 qui
2430 616 2774 692 vapulaverat
2803 619 2953 683 foris,
2983 620 3099 675 tulit
3125 634 3187 677 se
3216 620 3377 692 intto,
3403 622 3452 678 in
3471 630 3796 692 secretarium

2312 714 2508 769 mentis
2535 713 2663 784 agit.
2691 711 2761 768 Et
2798 712 2924 784 quid
2955 711 3026 768 ibi
3075 722 3204 785 agat
3235 699 3380 770 dicat
3423 717 3601 772 nobis:

2311 805 2418 860 dies
2445 806 2695 873 antiquos.
2724 804 2867 860 Bene
2895 813 2980 861 est
3021 806 3119 862 illi.
3149 804 3340 863 Videte
3379 824 3491 879 qug:
3511 812 3797 889 cogitatum

2313 910 2432 950 vos.
2462 894 2609 951 Intus
2650 904 2766 957 est.
2797 895 2939 967 apud
2971 911 3033 952 se
3069 898 3277 969 cogitat
3301 898 3415 955 dics
3437 903 3665 973 antiquos.
3685 906 3796 966 Nemo

2314 990 2385 1045 illi
2408 990 2554 1056 dicit,
2580 989 2715 1045 Male
2736 990 2950 1056 dixisti;
2981 1006 3143 1047 nemo
3167 992 3246 1049 illi
3273 992 3417 1057 dicit,
3443 994 3633 1052 Ilultutn
3656 1000 3796 1059 locutus

2313 1096 2403 1145 es;
2431 1096 2589 1137 nemo
2633 1081 2709 1137 illi
2739 1082 2906 1147 dicit,
2937 1081 3197 1140 Perverse
3223 1086 3452 1140 sensisti.
3483 1086 3548 1142 Ita
3573 1090 3633 1143 sit
3648 1091 3686 1144 ei
3707 1092 3795 1148 lene

2311 1187 2515 1241 secum,
2538 1174 2757 1245 adjuvet
2782 1174 2923 1230 Dens
2954 1193 2968 1229 :
2991 1174 3189 1247 cogitet
3215 1175 3334 1233 dies
3373 1179 3624 1250 antiquos,
3645 1193 3688 1237 et
3703 1185 3792 1241 dicit

2313 1265 2466 1320 nobis
2497 1267 2548 1320 in
2594 1266 2710 1336 ipso
2736 1266 2989 1322 interiore
3011 1267 3265 1324 cubiculo
3287 1283 3385 1325 suo
3414 1270 3531 1340 quid
3553 1275 3793 1346 egerit,quo

2314 1359 2649 1429 pervenerit,
2680 1358 2807 1430 quid
2844 1360 3158 1417 transilierit
3182 1400 3197 1427 ,
3226 1361 3318 1417 ubi
3344 1364 3580 1419 manserit
3606 1365 3793 1438 :Cogitui

2310 1450 2417 1506 dies
2432 1450 2686 1519 antiquos,
2708 1460 2754 1505 et
2766 1467 3014 1506 annorum
3034 1463 3337 1508 Meritorum
3354 1472 3528 1510 memor
3540 1457 3618 1528 fui.
3634 1457 3791 1526 Quium

2316 1541 2442 1597 anni
2459 1543 2646 1599 :rterni
2665 1543 2690 1595 τ
2705 1543 2885 1613 Magna
2911 1545 3166 1616 cogitatio
3189 1548 3205 1599 !
3230 1545 3411 1603 Videte
3431 1547 3473 1602 si
3491 1548 3586 1603 vult
3607 1549 3682 1604 ista
3695 1551 3788 1622 egi-

2312 1632 2442 1687 tatio
2466 1673 2481 1699 ,
2531 1633 2631 1687 nisi
2683 1648 2932 1705 magnum
2981 1634 3281 1691 silentium.
3312 1637 3392 1693 Ab
3420 1639 3551 1693 omni
3585 1639 3789 1697 forinsecus

2310 1725 2568 1797 strepitu,
2599 1725 2667 1780 ab
2694 1725 2839 1781 oumi
2880 1742 3061 1783 rerum
3111 1728 3458 1784 humanarum
3498 1731 3682 1786 tumultu
3701 1733 3787 1790 111111

2309 1817 2649 1886 requiescit,
2678 1817 2767 1889 qui
2815 1819 3051 1889 cogitare
3098 1820 3216 1875 vult
3262 1836 3428 1877 annos
3462 1821 3579 1878 istos
3618 1834 3787 1881 eterna.

2308 1909 2573 1981 Numquid
2613 1912 2736 1966 anni
2784 1912 2835 1967 in
2866 1912 3059 1982 quibus
3086 1928 3276 1971 sumus
3303 1915 3480 1971 :rterni
3507 1925 3613 1973 sunt
3632 1958 3644 1981 ,
3670 1927 3733 1973 aut
3755 1920 3787 1975 is

2308 2002 2501 2070 quibus
2532 2001 2747 2059 fuerunt
2788 2004 3020 2075 majores
3063 2007 3236 2063 nostri
3256 2048 3273 2075 ,
3317 2018 3405 2063 aut
3438 2009 3489 2064 in
3511 2010 3668 2081 quibus
3685 2010 3788 2069 intuli

2308 2103 2429 2149 sunt
2463 2096 2663 2165 posteri
2704 2097 2925 2153 nostri?
2972 2098 3127 2154 Absit
3177 2109 3236 2155 ut
3275 2102 3456 2158 aeterni
3498 2102 3784 2160 existimentur.

2307 2186 2442 2255 Quid
2470 2188 2614 2244 enim
2641 2188 2711 2244 de
2761 2189 2844 2246 bis
2872 2190 3030 2245 annis
3063 2193 3286 2249 manet?
3313 2192 3448 2250 Ecce
3472 2194 3689 2265 loquendo
3703 2195 3786 2251 dici

2306 2297 2426 2336 mus
2444 2324 2461 2348 ,
2495 2281 2606 2337 Hoc
2639 2298 2811 2346 anno;
2835 2293 2889 2339 et
2908 2285 3034 2355 quid
3065 2296 3317 2344 tenemus
3339 2289 3405 2346 de
3433 2288 3525 2346 hoc
3545 2306 3681 2355 anno.
3699 2307 3784 2361 pra-

2307 2382 2391 2429 ter
2414 2390 2577 2430 unnm
2622 2375 2764 2431 diem
2808 2377 2864 2432 in
2891 2393 2997 2448 quo
3034 2393 3227 2436 sumus
3246 2380 3273 2433 i
3298 2380 3423 2437 Nam
3449 2382 3697 2452 superiores
3711 2383 3781 2438 ditt

2305 2468 2428 2521 anui
2449 2465 2609 2536 bnjns
2622 2467 2731 2539 jam
2756 2469 3105 2535 transierunt,
3131 2486 3233 2527 nec
3248 2479 3503 2538 tenentur;
3521 2472 3648 2528 futuri
3663 2482 3776 2528 alter

2306 2557 2541 2613 nondum
2594 2569 2873 2615 venerunt.
2924 2560 2979 2614 111
3018 2576 3130 2617 uno
3154 2563 3245 2619 die
3287 2578 3489 2630 smnus,
3518 2573 3564 2620 et
3593 2564 3772 2626 dicimus,

2306 2648 2419 2704 Hoc
2463 2665 2607 2705 anno
2636 2668 2651 2706 :
2686 2651 2792 2707 imo
2819 2651 2938 2719 die,
2970 2651 3144 2709 llodie
3167 2696 3185 2720 ,
3230 2654 3275 2709 si
3311 2653 3495 2726 aliquid
3534 2654 3601 2711 vis
3623 2669 3771 2724 prestat

2304 2740 2504 2798 direre.
2537 2741 2670 2798 Nam
2699 2744 2766 2799 de
2799 2753 2910 2799 toto
2929 2759 3076 2799 anno
3099 2746 3229 2816 quid
3257 2761 3480 2816 prtesens
3503 2745 3769 2814 11111εεῖ01ιὲ1-

2304 2833 2428 2903 quid
2458 2833 2526 2890 de
2569 2834 2657 2890 illo
2691 2837 3170 2906 praeteritumcst.
3195 2836 3306 2909 jam
3355 2853 3453 2894 nun
3476 2847 3579 2903 est;
3604 2834 3767 2909 quidquid

2302 2923 2370 2979 de
2397 2924 2487 2979 illo
2518 2924 2752 2981 futurum
2800 2938 2920 2991 est,
2967 2927 3210 2984 nondum
3258 2938 3339 2986 est
3378 2929 3673 3001 :quomodo,
3704 2926 3766 2981 llo:

2302 3019 2489 3073 anno?
2509 3017 2733 3089 Corrige
2758 3020 3083 3077 locutionem
3119 3042 3138 3077 :
3160 3021 3346 3089 llodie,
3370 3021 3466 3078 dic.
3494 3021 3653 3077 Verum
3671 3017 3763 3083 dice.

2302 3107 2491 3175 Hodie,
2520 3112 2630 3178 jam
2656 3111 2850 3166 dicam.
2872 3111 3084 3168 Rursus
3111 3123 3168 3169 et
3187 3114 3290 3170 hoc
3307 3114 3524 3179 attende.
3544 3113 3653 3183 quod
3670 3110 3765 3165 ttulit

2303 3201 2447 3257 bone
2474 3202 2745 3258 tnatutinte
2761 3204 2871 3273 jam
2893 3205 3247 3270 transierunt,
3270 3208 3410 3263 liora:
3435 3207 3596 3262 futura:
3613 3202 3763 3260 uetulum

2299 3300 2577 3346 venerunt.
2609 3293 2676 3348 Et
2704 3294 2808 3349 hoc
2831 3310 2961 3364 ergo
2984 3298 3202 3369 corrige
3227 3315 3241 3352 :
3275 3298 3379 3354 llae
3402 3299 3517 3353 liora
3537 3338 3552 3363 ,
3571 3296 3651 3351 dic.
3672 3290 3761 3348 Etde

2298 3384 2396 3439 ista
2446 3383 2576 3440 bora
2622 3385 2749 3455 qttid
2800 3386 2995 3443 tenes?
3037 3387 3305 3445 Muntruta
3343 3391 3453 3459 ejus
3487 3383 3759 3459 qnadaajau

2297 3476 2651 3542 transierunt;
2678 3494 2798 3548 qua:
2827 3477 3005 3535 futura
3029 3491 3161 3536 sunt
3199 3482 3426 3538 nonduin
3454 3488 3670 3538 venerunt
3693 3475 3756 3531 lloe

2296 3578 2587 3635 momento,
2618 3570 2723 3625 dic.
2752 3570 2872 3638 Quo
2901 3576 3224 3631 momento?
3251 3576 3377 3631 Dum
3401 3576 3596 3648 syllabas
3622 3572 3750 3641 loqntm

2293 3660 2339 3714 si
2364 3661 2498 3716 duas
2524 3661 2756 3733 syllabas
2777 3663 2972 3731 dicam,
2996 3666 3168 3722 altera
3193 3684 3297 3723 non
3318 3678 3478 3734 sonat,
3504 3667 3585 3722 nisi
3603 3661 3747 3719 camilla

2294 3753 2565 3808 transierit
2596 3771 2608 3808 :
2640 3754 2749 3824 ipsa
2778 3754 3011 3829 denique
3039 3774 3147 3814 una
3176 3761 3371 3832 syllaba
3397 3801 3412 3825 ,
3432 3760 3472 3814 si
3497 3758 3604 3813 duas
3624 3756 3745 3809 liuent

2295 3844 2507 3913 habeat,
2539 3862 2643 3901 non
2670 3859 2825 3903 sonat
2850 3852 3115 3920 posterior
3149 3854 3323 3909 littera
3355 3853 3449 3908 nisi
3479 3843 3741 3921 ιιι-1011111111.

2290 3938 2426 4007 Quid
2458 3955 2585 4009 ergo
2616 3949 2858 3997 tenemus
2886 3942 2954 3997 de
2975 3941 3059 3998 bis
3081 3946 3243 4000 annis
3267 3946 3281 3999 l
3310 3944 3440 4000 Anni
3469 3943 3538 3998 isti
3558 3935 3742 3996 mutabiles

2289 4040 2415 4086 sunt
2443 4048 2456 4085 :
2488 4033 2615 4086 anni
2645 4034 2832 4088 a'tcrni
2859 4034 3128 4105 cogitandi
3155 4044 3313 4101 sunt,
3339 4037 3452 4091 anni
3469 4035 3545 4106 qui
3563 4038 3675 4090 stant.
3688 4022 3740 4093 qui

2288 4139 2394 4179 non
2442 4125 2777 4181 venientibus
2819 4136 2876 4182 et
2899 4126 3219 4184 abnentibus
3264 4129 3444 4184 diebus
3483 4128 3737 4197 peragunt”:

2286 4216 2410 4271 anni
2462 4216 2531 4273 de
2570 4215 2761 4285 quibus
2804 4216 2912 4274 alio
2956 4218 3075 4275 loco
3112 4218 3381 4289 Scriptura
3425 4217 3535 4272 dicit
3569 4205 3737 4268 llco:TI

2285 4317 2451 4362 autem
2491 4309 2626 4363 idem
2653 4309 2761 4379 ipse
2786 4325 2857 4375 cs,
2889 4319 2937 4364 et
2977 4312 3103 4365 (mni
3150 4312 3225 4366 tui
3264 4328 3360 4366 non
3386 4308 3579 4379 deﬁcient
3609 4295 3733 4371 (Ρωι

2283 4415 2332 4455 et
2353 4441 2367 4465 ,
2398 4400 2468 4455 98
2491 4397 2534 4472 ).
2576 4399 2686 4456 Hos
2712 4416 2884 4457 annos
2910 4402 3011 4457 iste
3038 4403 3373 4461 transiliens.
3406 4416 3495 4456 non
3517 4402 3558 4453 111
3589 4389 3732 4466 8111πῆ-

2286 4501 2392 4547 tate
2423 4491 2740 4561 forinsecus,
2769 4493 2862 4550 sed
2886 4493 2938 4549 in
2966 4495 3180 4551 silentio
3207 4495 3447 4567 cogitavit
3470 4490 3727 4548 :15th

2279 4596 2579 4640 internarum
2606 4602 2798 4641 memor
2821 4586 2917 4659 fni.

2347 4675 2401 4733 9.
2432 4674 2583 4750 [vers.
2610 4675 2689 4750 7.]
2721 4676 2787 4731 Et
2810 4680 3074 4736 meditatus
3102 4697 3216 4735 sum
3244 4690 3382 4735 nocte
3403 4692 3501 4733 cum
3520 4670 3631 4729 corde
3648 4677 3723 4718 πίων

2276 4766 2444 4824 Nemo
2470 4768 2543 4824 illi
2571 4768 2934 4826 calumniosus
2955 4772 3247 4829 tendiculas
3269 4774 3521 4827 verborum
3543 4754 3721 4831 reptirit'.

2275 4859 2327 4914 in
2354 4859 2516 4915 corde
2545 4875 2643 4915 suo
2673 4862 2959 4917 meditatus
2986 4873 3087 4919 est.
3113 4861 3417 4919 Garriebam.
3440 4859 3554 4914 Ecce
3573 4860 3631 4905 est
3648 4840 3720 4900 illud

2271 4952 2495 5022 garrire.
2541 4952 2775 5008 Observa
2824 4954 3038 5017 iterum.
3087 4970 3153 5011 ne
3194 4955 3396 5011 dcliciat
3431 4947 3604 5020 spiritus
3632 4947 3717 4991 ίιιιιεη

2270 5045 2407 5111 Non,
2438 5047 2644 5116 inquit:
2669 5059 2773 5101 non
2795 5047 2873 5102 sic
2891 5047 3185 5118 garriebam
3208 5047 3349 5119 quasi
3369 5044 3508 5107 foris;
3529 5024 3717 5128 111111πῴ

2270 5154 2429 5196 nunc.
2461 5139 2740 5208 Quomodo
2768 5142 2947 5197 nunc?
2974 5139 3292 5204 [ἔσιθι-1111111111,
3320 5148 3364 5194 ει
3390 5131 3599 5192 scth
3618 5121 3713 5215 ερίνίξ

2268 5240 2374 5286 tum
2418 5247 2601 5285 meum.
2629 5229 2685 5287 Si
2715 5241 3041 5288 scrutaretur
3065 5233 3164 5289 iste
3188 5243 3372 5288 terram
3393 5270 3409 5297 ,
3434 5236 3481 5281 ιιι
3500 5232 3619 5277 venas
3642 5221 3711 5265 3""

2267 5325 2554 5389 inveniret,
2598 5338 2758 5380 nemo
2786 5340 2907 5380 eum
2935 5324 3181 5396 desipere
3218 5324 3434 5386 diceret;
3463 5318 3547 5373 imo
3575 5303 3709 5405 ³³Ιξίί³⁰⁸

2265 5425 2370 5471 ιειιι
2414 5416 2565 5471 mnlti
2602 5416 2843 5472 dicerent
2863 5458 2879 5482 ,
2904 5415 2997 5488 qui
3027 5418 3179 5473 vellet
3205 5416 3267 5471 ad
3305 5424 3468 5469 suntut
3491 5402 3705 5476 ρεπεηπεε

2260 5517 2456 5578 quanta
2492 5507 2655 5564 homo
2684 5507 2843 5565 habet
2870 5508 3048 5576 intus,
3087 5517 3143 5565 et
3177 5523 3277 5564 non
3303 5490 3706 5578 foditiscﬂ'u'lim

2260 5605 2360 5663 iste
2386 5606 2627 5677 spiritum
2658 5621 2829 5673 suum,
2863 5613 2915 5663 et
2942 5622 3065 5663 cum
3095 5605 3208 5679 ipso
3241 5602 3411 5675 spiritu
3432 5607 3514 5651 suo
3533 5577 3702 5654 Ιοίιαθδ³⁹

2257 5707 2366 5765 ⁸⁸⁸⁸1
2395 5707 2449 5753 ει
2478 5698 2529 5752 in
2562 5698 2671 5768 ills“
2704 5698 2973 5754 Ῑοοιιῑῖοηθ
3000 5698 3277 5771 garriebat.
3315 5691 3520 5761 Seipstun

2256 5791 2432 5864 gabat,
2465 5790 2698 5862 seipsum
2729 5768 3065 5848 exanimabat
3084 5836 3099 5860 ,
3140 5793 3188 5848 in
3218 5807 3272 5846 se
3293 5786 3433 5859 judex
3457 5782 3560 5834 erat.
3582 5768 3626 5821 Et
3645 5774 3698 5811 st;

2320 5927 2541 5998 {Regius
2573 5931 2676 5998 use
2704 5934 2775 5998 Ne
2790 5924 2919 5977 enim
2952 5922 3351 5998 illecng
3384 5897 3680 5980 (mw

2258 5992 2359 6054 sua)
2388 5986 2659 6041 teitdiculas
2676 5988 2926 6039 uerborum
2950 5987 3225 6053 requireret.

3853 3840 3855 3889 ι

3851 3910 3854 3972 l

3848 3976 3852 4052 1

3847 4062 3850 4134 l

3845 4144 3848 4216 Ι

3843 4224 3845 4290 4
