3966 6452
181 496 278 555 177

179 612 355 683 quitur
386 629 404 668 :
436 610 716 667 Scrutabar
749 614 984 683 spiritum
1026 630 1213 669 meum.
1244 614 1562 672 Timendum
1608 631 1675 673 ne
1705 616 1759 673 in

183 705 296 775 ipso
342 703 531 773 spiritu
574 720 671 759 suo
713 716 986 761 remaneat
1019 725 1031 762 :
1063 707 1281 777 garrivit
1321 709 1462 764 enim
1503 707 1662 775 foris;
1707 719 1765 766 et

179 796 299 866 quia
326 796 749 866 anticipaverunt
776 796 979 868 vigilias
1000 815 1188 855 omnes
1214 801 1410 855 inimici
1441 802 1576 872 ejus,
1612 803 1760 858 iuve-

180 890 255 944 nit
280 889 350 944 ibi
379 890 683 955 tristitiam,
712 902 767 945 et
795 891 987 947 defecit
1016 893 1236 963 spiritus
1264 895 1399 964 ejus.
1428 895 1527 962 Qui
1555 896 1760 966 garrie-

180 983 267 1038 bat
294 983 422 1037 furis
442 1026 458 1049 ,
488 999 613 1040 ecce
637 986 797 1055 cmpit
825 986 965 1041 intus
988 989 1188 1056 garrire
1220 1003 1440 1045 securus
1458 1031 1474 1056 ,
1502 989 1589 1044 ubi
1618 991 1762 1046 solus

180 1075 231 1129 in
270 1075 481 1129 silentio
519 1079 716 1146 cogitat
756 1094 927 1132 annos
967 1089 1200 1135 tuleroos
1227 1097 1242 1133 :
1270 1078 1337 1134 Et
1374 1083 1759 1151 perscrutabor,

178 1168 364 1237 inquit,
396 1168 629 1237 spiritum
659 1186 841 1223 meum.
868 1170 930 1224 Et
952 1170 1035 1224 hic
1058 1172 1347 1227 timendum
1383 1187 1450 1228 ne
1484 1172 1537 1228 iu
1574 1175 1760 1244 spiritu

176 1273 273 1313 suo
296 1270 584 1324 remaneat,
618 1270 672 1315 et
715 1276 818 1314 non
848 1261 916 1313 sit
946 1262 1266 1317 transiliens.
1292 1261 1410 1317 Jam
1442 1272 1620 1318 tamen
1650 1279 1761 1319 me-

176 1350 273 1404 lius
300 1352 404 1421 agit
441 1367 599 1421 quam
649 1352 779 1406 foris
820 1353 1030 1422 agebat.
1062 1352 1414 1409 Transcendit
1438 1354 1634 1425 aliquid
1665 1372 1678 1406 :
1707 1365 1763 1411 et

176 1441 297 1497 hinc
323 1443 597 1496 videamus
625 1459 747 1513 quo.
775 1443 890 1499 Non
921 1445 1061 1499 enim
1092 1455 1265 1501 cessm
1292 1447 1389 1500 iste
1420 1446 1757 1512 transiliens,

173 1534 343 1588 donec
373 1535 551 1589 veniat
577 1536 629 1588 in
661 1537 813 1605 ﬁnem
873 1535 1012 1591 unde
1041 1537 1197 1591 habet
1229 1538 1436 1592 titulum
1475 1538 1714 1594 Psalmus
1744 1557 1757 1593 :

173 1624 484 1693 Garriebam,
520 1628 711 1698 inquit,
743 1637 788 1682 et
814 1627 1075 1682 scrutabor
1104 1629 1334 1695 spiritum
1363 1646 1546 1684 meum.

245 1720 332 1775 i0.
363 1717 513 1793 [vers
549 1718 632 1793 8.]
664 1719 733 1775 Ει
770 1720 894 1790 quid
941 1720 1223 1776 invenisti?
1263 1720 1383 1775 Non
1425 1722 1477 1775 in
1519 1731 1761 1776 teternum

169 1814 376 1885 repellet
397 1813 556 1869 Deus.
581 1814 818 1869 'l‘a-dium
845 1815 1122 1870 invenerat
1146 1815 1197 1869 io
1222 1817 1318 1869 hac
1339 1816 1474 1882 vita;
1499 1831 1759 1885 nusquam

170 1906 329 1963 ﬁdam
355 1948 370 1972 ,
419 1921 679 1977 nusquam
720 1921 964 1962 sccnram
1003 1906 1443 1961 consolationem.
1493 1907 1570 1960 Ad
1602 1920 1761 1975 quos-

169 2014 398 2068 cumque
445 1998 689 2053 homines
736 1998 1080 2063 intendebat,
1126 1998 1431 2054 scandalum
1473 1997 1526 2052 in
1565 1998 1643 2053 eis
1676 1999 1757 2051 in-

167 2091 436 2156 veniebat,
466 2098 557 2144 ant
585 2090 823 2146 timebat.
851 2090 1118 2162 Nusquam
1147 2105 1277 2161 ergo
1297 2105 1538 2145 secorns.
1559 2089 1760 2144 Tacere

168 2183 240 2239 illi
286 2184 487 2239 malum
531 2193 676 2247 erat,
721 2198 791 2237 ne
830 2184 1014 2240 sileret
1054 2202 1085 2238 a
1125 2183 1487 2253 boniszloqui
1534 2193 1588 2238 et
1632 2183 1761 2238 loris

165 2275 368 2346 garrire
394 2275 678 2331 molestum
703 2285 842 2341 erat,
871 2292 939 2331 ne
966 2276 1318 2347 anticipantes
1345 2275 1551 2347 vigilias
1571 2290 1758 2331 omnes

166 2367 365 2423 inimici
392 2366 545 2437 ejus,
588 2368 883 2422 calumnias
928 2368 1258 2438 inquirerent
1306 2369 1357 2421 in
1403 2367 1578 2422 verbis
1619 2369 1755 2437 ejus.

167 2462 495 2531 Angustatus
522 2460 575 2515 in
606 2460 704 2515 hac
733 2461 837 2514 vita
868 2461 1241 2527 vehementer,
1280 2460 1503 2514 multum
1545 2460 1612 2515 dc
1651 2460 1758 2515 vita

164 2552 266 2606 alia
302 2552 573 2622 cogitavit,
609 2554 696 2605 ubi
740 2551 841 2606 ista
892 2567 996 2607 non
1040 2554 1110 2606 sit
1153 2553 1393 2608 tentatio.
1435 2552 1502 2605 Et
1546 2550 1760 2622 quando

166 2644 290 2699 illuc
321 2644 665 2713 pervenitur?
691 2643 806 2698 Non
837 2644 978 2699 enim
1025 2659 1129 2698 non
1166 2652 1408 2707 constat,
1456 2643 1579 2712 quia
1614 2642 1756 2711 quod

166 2735 252 2790 hic
280 2737 532 2807 patimur,
564 2736 637 2789 ira
669 2735 757 2789 Dei
787 2746 887 2788 est.
916 2735 1114 2788 Dicitur
1145 2733 1245 2788 hoc
1276 2733 1327 2787 in
1362 2733 1492 2786 Isaia
1517 2750 1531 2785 :
1556 2730 1678 2785 Non
1707 2732 1759 2784 in

166 2837 410 2881 teternum
438 2827 620 2881 vindex
661 2827 713 2880 in
745 2826 879 2880 vobis
905 2840 990 2879 ero
1014 2866 1026 2889 ,
1078 2842 1233 2894 neque
1260 2842 1349 2893 per
1387 2840 1533 2877 onme
1566 2834 1761 2893 tempus

165 2920 360 2974 irascar
389 2919 544 2974 vobis.
578 2920 640 2974 lit
668 2919 796 2973 dicit
838 2934 1002 2988 quare
1027 2935 1038 2969 :
1062 2917 1287 2986 Spiritus
1317 2917 1449 2970 enim
1477 2934 1509 2969 a
1536 2933 1613 2969 me
1643 2932 1762 2985 pro-

167 3012 328 3073 cedet,
382 3021 426 3064 et
473 3028 667 3065 onmem
712 3011 888 3081 ﬂutant
931 3027 1023 3081 ego
1064 3010 1177 3078 feci.
1234 3007 1454 3078 Propter
1501 3018 1759 3077 peccatum

166 3104 435 3174 paululum
474 3104 594 3174 quid
641 3104 925 3157 contristari
974 3120 1106 3168 eum,
1157 3112 1203 3155 et
1255 3102 1478 3172 percussi
1521 3119 1656 3165 eum,
1710 3111 1757 3157 et

165 3197 321 3249 averti
348 3196 530 3265 facient
556 3214 718 3250 meum
747 3197 808 3249 ab
836 3198 956 3261 illo;
986 3206 1031 3249 et
1059 3196 1179 3249 abiit
1208 3196 1383 3259 tristis,
1416 3205 1462 3248 et
1486 3194 1759 3249 ambulavit

165 3284 274 3340 vias
310 3303 451 3340 snas.
480 3288 615 3355 Quid
645 3302 803 3357 ergo,
845 3287 958 3341 lucc
986 3289 1058 3339 ira
1099 3286 1187 3340 Dei
1229 3302 1447 3356 semper
1473 3285 1613 3339 erit?
1643 3283 1757 3339 Non

168 3376 270 3433 hoc
309 3366 510 3433 iuvenit
556 3378 657 3433 iste
699 3380 750 3432 in
792 3379 1022 3432 silentio.
1060 3376 1195 3446 Quid
1238 3378 1379 3432 enim
1429 3376 1595 3431 dicit?
1639 3374 1758 3429 Non

166 3474 219 3527 in
247 3486 493 3529 aeternum
518 3472 722 3543 repellet
760 3472 925 3535 Deus;
964 3482 1010 3526 et
1046 3488 1143 3524 non
1186 3482 1405 3541 apponet
1435 3473 1567 3525 ultra
1592 3481 1644 3524 ut
1669 3470 1758 3525 be-

168 3568 431 3636 ueplaceat
470 3566 517 3620 ei
554 3565 720 3619 adhuc
743 3565 833 3619 :id
880 3574 991 3629 est,
1024 3574 1080 3617 ut
1120 3564 1459 3632 beneplaceat
1492 3563 1541 3617 ei
1585 3562 1759 3615 adhuc

167 3659 467 3729 repellere,
516 3666 568 3712 et
618 3658 670 3711 in
728 3665 984 3711 :L-teruum
1036 3654 1299 3725 repellere
1346 3668 1451 3708 non
1501 3664 1753 3723 appellet.

168 3750 403 3808 Necesse
430 3760 514 3806 est
543 3759 596 3804 ut
626 3759 834 3805 revocet
860 3747 927 3803 ad
953 3764 1011 3802 se
1044 3762 1229 3801 Servos
1253 3759 1400 3806 suos,
1434 3759 1653 3800 necesse
1677 3754 1759 3799 est

167 3856 221 3900 ut
252 3845 478 3914 recipiat
510 3842 758 3913 fugitivos
787 3841 1073 3897 redeuntes
1101 3838 1166 3893 ad
1200 3838 1499 3901 Dominum,
1532 3852 1757 3892 nece-se

168 3946 247 3991 est
275 3947 328 3990 ut
355 3935 613 3991 exaudiat
653 3948 837 3988 vocem
872 3931 1296 4001 compeditorum
1328 3946 1340 3982 :
1376 3928 1492 3981 Non
1532 3930 1583 3982 in
1611 3938 1757 3984 teter-

167 4043 287 4082 num
314 4028 524 4099 repellet
548 4025 720 4091 Deus;
746 4035 791 4079 et
817 4041 915 4078 non
943 4033 1162 4093 apponet
1202 4023 1335 4074 ultra
1364 4028 1415 4073 ut
1442 4022 1759 4091 bencplaceat

167 4136 212 4174 α
230 4123 505 4284 Ἰτῳὶῖιεη.
542 4209 595 4274 9,
626 4208 739 4284 10.]
762 4209 858 4263 Aut
884 4210 935 4262 in
963 4210 1113 4276 ﬁnem
1138 4204 1570 4260 misericordiam‘
1599 4202 1759 4257 absci-

168 4306 251 4359 det
297 4323 330 4357 o
378 4304 698 4377 generatione
748 4305 798 4355 in
852 4299 1260 4373 generationem?
1308 4307 1396 4350 aut
1446 4295 1760 4350 obliviscetur

169 4398 393 4452 misereri
417 4394 556 4450 Dens
574 4397 595 4449 ?
614 4394 666 4449 lu
697 4405 768 4457 te,
798 4411 826 4447 a
853 4405 924 4460 te,
953 4397 1004 4448 in
1030 4393 1254 4446 alterum
1282 4390 1424 4445 nulla
1450 4398 1527 4444 est
1552 4388 1759 4443 miscri-

166 4489 349 4544 cordia
368 4528 386 4553 ,
434 4487 533 4542 nisi
565 4502 683 4542 eam
713 4487 806 4541 tibi
836 4487 972 4541 Deus
996 4486 1157 4540 donet
1182 4502 1195 4539 :
1220 4491 1275 4540 et
1319 4483 1430 4553 ipse
1460 4482 1601 4539 Deus
1627 4481 1759 4535 obli-

165 4583 405 4637 viscetur
436 4578 896 4633 misericordiam?
925 4580 1087 4632 ltivus
1115 4578 1280 4632 currit
1306 4595 1317 4629 :
1345 4577 1461 4631 fons
1496 4577 1608 4646 ipse
1650 4576 1757 4629 sic-

165 4672 419 4729 cabitur?
447 4671 549 4725 Aut
580 4671 892 4724 obliviscetur
925 4670 1146 4723 misereri
1180 4669 1352 4722 Deus?
1380 4678 1464 4720 uut
1493 4668 1757 4721 continebit

165 4766 218 4819 in
246 4766 326 4818 ira
354 4762 705 4817 miserationes
732 4760 890 4813 suos?
922 4760 971 4812 id
1003 4768 1104 4821 cst,
1146 4758 1224 4811 sic
1260 4757 1536 4819 irascetur,
1564 4766 1623 4810 ut
1650 4772 1754 4810 non

167 4856 524 4912 misereatur?
568 4853 796 4909 Facilius
836 4852 923 4906 ille
962 4851 1092 4903 iram
1132 4863 1290 4918 quam
1327 4847 1748 4901 misericordiam

164 4947 482 5002 continebit.
513 4946 627 5001 lloc
664 4953 717 4999 et
756 4959 850 5014 per
897 4943 1081 4996 Isaiam
1118 4941 1359 4994 dixerat:
1388 4938 1507 4992 Non
1532 4940 1582 4992 in
1612 4948 1756 4992 ceter-

164 5056 286 5093 uum
311 5038 500 5092 uindex
520 5038 572 5091 iu
596 5037 731 5090 vobis
754 5051 859 5101 ero,
888 5050 1045 5103 neque
1071 5048 1159 5102 per
1182 5048 1329 5085 omne
1350 5040 1543 5100 tempus
1565 5031 1755 5084 irascar

163 5134 322 5187 vobis.
357 5132 469 5187 lloc
494 5138 549 5185 et
577 5138 921 5199 posteaquam
946 5126 1097 5191 dixit,
1132 5124 1266 5178 Abiit
1288 5123 1462 5189 tristis,
1493 5134 1539 5176 et
1571 5124 1749 5176 ambu-

164 5225 285 5279 lavit
326 5224 432 5278 uias
475 5237 614 5276 suas.
664 5219 815 5285 Vias,
854 5221 1040 5289 inquit,
1069 5219 1179 5287 ejus
1202 5218 1325 5280 vidi,
1364 5226 1409 5271 et
1435 5216 1610 5271 sanari
1638 5232 1752 5271 eum

168 5316 322 5391 (Isai.
356 5329 482 5382 LVII,
513 5313 721 5383 16-18).
749 5314 859 5368 Hoc
885 5313 970 5367 ubi
992 5311 1237 5381 cognovit
1265 5310 1383 5373 iste,
1429 5309 1751 5364 transcendit

165 5417 221 5464 et
248 5425 309 5467 se
353 5408 654 5465 delectatus
682 5408 732 5460 in
762 5407 891 5471 Deo,
921 5414 979 5458 nt
1004 5404 1090 5459 ubi
1118 5412 1284 5469 esset,
1316 5412 1369 5457 et
1399 5404 1450 5457 in
1476 5403 1592 5472 ejus
1619 5418 1749 5472 ope-

167 5502 314 5557 ribus
356 5500 528 5571 magis
562 5498 824 5570 garriret;
866 5512 970 5551 non
1002 5497 1053 5550 in
1084 5495 1270 5565 spiritu
1313 5510 1433 5559 suo,
1463 5511 1565 5549 non
1609 5496 1659 5549 in
1686 5510 1751 5549 eo

168 5599 306 5669 quod
340 5603 476 5661 erat,
510 5592 604 5648 sed
633 5593 684 5646 in
711 5606 776 5645 eo
801 5606 829 5643 a
855 5605 961 5659 quo
998 5588 1167 5643 factus
1204 5597 1335 5643 erat.
1370 5587 1435 5641 Et
1471 5587 1592 5641 hinc
1625 5602 1750 5655 ergo

218 5686 473 5742 adsiliens
502 5682 845 5741 transcendit.
876 5681 1064 5736 Videte
1108 5682 1527 5743 transilientem,
1574 5680 1749 5736 videte

229 5870 246 5900 ι
268 5866 407 5926 Edd.,
430 5863 814 5926 ndseﬁcordimn
835 5876 974 5915 suam
996 5876 1014 5913 :
1038 5870 1091 5912 et
1112 5864 1162 5914 in
1184 5864 1504 5925 subsequeoti
1531 5862 1747 5926 versicuo

174 5926 236 5989 lo,
272 5929 325 5979 in
355 5924 434 5980 ira
464 5942 571 5980 sua.
595 5935 651 5978 At
689 5925 921 5977 meliores
963 5932 1069 5975 Mss.
1104 5931 1240 5987 juxta
1279 5924 1386 5974 LXX
1418 5938 1511 5973 non
1548 5924 1745 5985 addtutt,

165 6004 319 6053 suam,
341 6003 457 6055 nec,
475 6003 579 6042 sua.

1231 493 1634 555 ENABRATIO
1670 500 1736 555 IN
1778 500 2097 557 PSALMLM
2142 502 2371 558 LXXVI.

3351 507 3456 568 978

1869 618 1917 675 si
1943 631 2216 675 remaneat
2242 621 2434 676 alicubi
2463 636 2736 693 quousque
2758 624 3029 694 perveniat
3058 626 3125 681 ad
3156 626 3347 684 Deum.

1945 712 2027 767 19..
2059 712 2208 786 [vers.
2243 712 2355 787 11.]
2405 712 2473 768 Et
2517 715 2645 770 dixi.
2689 715 2806 771 Jam
2848 717 3082 787 seipsum
3126 720 3454 789 transiliens,

1868 807 1995 874 quid
2024 807 2197 861 dixit?
2226 807 2380 862 Nunc
2398 811 2524 878 coepi
2542 824 2696 865 :cum
2721 812 3071 867 excessissent
3097 824 3278 870 etme.
3303 814 3458 871 Nunc

1868 899 2016 965 cwpi.
2079 898 2174 952 llic
2216 900 2327 969 jam
2377 901 2583 957 nullmn
2626 903 2921 973 periculum
2972 915 3053 961 est
3088 925 3103 961 :
3133 922 3256 961 nam
3301 918 3355 965 et
3402 910 3458 964 in

1868 993 2074 1061 meipso
2129 1008 2446 1059 remanere,
2500 996 2794 1065 perieulum
2844 997 2961 1053 fuit.
3009 996 3077 1053 Et
3120 1000 3229 1054 dixi
3255 1017 3273 1055 :
3303 999 3460 1058 Nunc

1867 1084 2026 1153 ccepi;
2066 1085 2174 1139 Itwc
2215 1097 2285 1140 est
2323 1087 2604 1143 immutatio
2647 1088 2866 1144 dexteris
2910 1089 3129 1147 Excelsi.
3174 1093 3331 1150 Modo
3374 1109 3460 1150 mc

1868 1177 2047 1247 cmpit‘
2068 1188 2274 1234 mutare
2309 1180 2593 1247 Excelsus;
2627 1183 2789 1237 modo
2818 1184 2957 1255 εωρί
2987 1185 3218 1257 aliquid,
3257 1189 3343 1243 ubi
3377 1205 3464 1245 se-

1866 1282 2031 1324 curus
2060 1270 2181 1337 sim,
2214 1270 2373 1325 modo
2401 1271 2597 1326 intravi
2624 1273 2853 1345 aliquam
2886 1277 3060 1331 aulam
3085 1279 3099 1309 ¹
3122 1279 3457 1348 gaudiorum,

1866 1360 1955 1415 ubi
1986 1362 2162 1416 nullus
2190 1364 2438 1419 timeatur
2471 1364 2719 1420 inimicus
2739 1409 2754 1432 ,
2788 1369 2949 1423 modo
2979 1372 3114 1441 coepi
3155 1386 3274 1427 esse
3318 1372 3371 1426 in
3398 1388 3459 1426 ea

1870 1453 2107 1521 regione.
2156 1454 2243 1510 ubi
2285 1472 2390 1510 non
2434 1458 2730 1527 anticipeut
2775 1460 2979 1529 vigilias
3021 1477 3208 1517 omnes
3258 1463 3459 1518 inimici

1865 1547 1969 1600 mei
1997 1566 2009 1599 :
2039 1546 2189 1602 Nunc
2219 1550 2380 1617 carpi;
2409 1549 2517 1604 lith
2550 1561 2623 1605 est
2658 1551 2945 1606 immutatio
2985 1554 3203 1608 dextera:
3230 1554 3457 1610 Επειδὴ

1938 1638 2025 1693 15.
2074 1638 2223 1710 [vers.
2278 1639 2390 1714 12.]
2440 1641 2638 1696 Memor
2690 1645 2767 1714 fui
2811 1660 3023 1712 aperum
3072 1644 3295 1699 Domini.
3342 1647 3458 1702 Jam

1866 1727 2040 1784 videte
2086 1729 2229 1784 illum
2277 1732 2493 1800 spatiari
2536 1730 2587 1786 in
2628 1733 2881 1802 operibus
2923 1734 3153 1790 Domini.
3179 1736 3461 1793 Garriebat

1866 1822 2007 1875 enim
2036 1820 2185 1883 foris,
2208 1832 2263 1876 et
2287 1822 2661 1877 constristatus
2689 1824 2815 1880 inde
2840 1826 3039 1881 defecit
3063 1829 3280 1897 spiritus
3307 1830 3455 1899 ejus:

1864 1912 2085 1982 garrivit
2113 1913 2253 1968 intus
2277 1928 2397 1969 cum
2426 1916 2589 1971 corde
2630 1932 2727 1971 suo
2748 1958 2763 1982 ,
2806 1927 2861 1973 et
2889 1933 3007 1973 cum
3042 1920 3230 1991 spiritu
3259 1936 3377 1987 suo,
3405 1932 3461 1977 et

1866 2016 2228 2074 perscrutatus
2275 2006 2520 2062 eumdem
2569 2008 2816 2078 spiritum
2864 2023 3059 2075 suum,
3110 2026 3316 2067 memor
3363 2011 3461 2068 fuit

1865 2113 2125 2153 annorum
2168 2108 2490 2154 teteruorum
2514 2141 2529 2165 ,
2579 2116 2787 2155 memor
2816 2099 2916 2156 fuit
2947 2101 3329 2158 misericordia:
3357 2103 3458 2159 Do-

1864 2190 2027 2255 mini,
2076 2190 2198 2260 quia
2241 2205 2348 2245 non
2398 2191 2624 2261 repellet
2670 2190 2925 2245 Dominus
2971 2192 3020 2246 in
3066 2202 3360 2259 retentum;
3407 2204 3463 2250 et

1864 2283 2027 2351 coepit
2046 2283 2153 2348 jam
2187 2283 2239 2336 in
2271 2283 2387 2351 ejus
2415 2283 2668 2354 operibus
2697 2298 2919 2339 securus
2949 2284 3201 2356 gaudere,
3234 2300 3461 2341 securus

1865 2377 2156 2433 exsultare.
2199 2377 2491 2433 Audiamus
2514 2376 2623 2448 jam
2653 2391 2815 2447 opera
2860 2379 2995 2448 ipsa,
3039 2389 3092 2433 et
3130 2378 3459 2434 exsultcanus

1865 2478 1919 2525 et
1947 2485 2044 2523 nos
2069 2486 2082 2523 :
2107 2468 2201 2523 sed
2229 2468 2505 2523 all‘ectibus
2531 2470 2690 2523 etiam
2724 2485 2821 2524 nos
2851 2470 3232 2534 transiliamus,
3264 2486 3360 2525 nec
3391 2471 3455 2525 ad

1866 2563 2178 2632 temporalia
2215 2562 2561 2633 gaudeamus.
2602 2560 2871 2616 Habemus
2899 2562 3040 2616 enim
3072 2572 3125 2616 et
3154 2576 3250 2617 nos
3285 2561 3461 2617 cubile

1866 2665 2131 2709 nostrum.
2179 2654 2355 2721 Quare
2397 2670 2502 2708 non
2552 2652 2679 2707 illuc
2721 2653 3021 2707 intramus?
3066 2667 3230 2722 quare
3266 2669 3371 2708 non
3408 2652 3459 2706 in

1864 2748 2078 2802 silentio
2098 2746 2339 2817 agimus?
2364 2762 2529 2816 quare
2553 2761 2656 2800 non
2680 2745 2924 2816 Spiritum
2952 2757 3189 2800 nostrum
3212 2762 3461 2814 perscru-

1867 2838 2079 2893 tamur?
2108 2854 2273 2909 quare
2315 2852 2485 2893 annos
2512 2846 2741 2892 aeternos
2782 2853 2887 2893 non
2929 2838 3266 2909 cogitamus?
3294 2855 3459 2909 quare

1867 2931 1919 2985 in
1948 2931 2200 3000 operibus
2226 2930 2319 2984 Dei
2351 2947 2455 2984 non
2486 2929 2765 2984 lzetamur?
2791 2928 2880 2985 Sic
2910 2945 3049 2983 nunc
3076 2929 3374 2995 audiamus,
3406 2938 3461 2985 ct

1866 3023 1981 3092 ipso
1998 3023 2207 3078 dicente
2227 3021 2578 3089 delectemur,
2600 3030 2656 3075 ut
2676 3022 2834 3076 ctiatn
2857 3036 2976 3075 cum
3000 3020 3125 3076 binc
3145 3021 3455 3089 abieritnus,

1864 3113 2121 3168 faciamus
2145 3114 2287 3184 quod
2335 3114 2451 3183 ipso
2489 3112 2741 3182 loquente
2785 3111 3135 3177 faciebamus;
3186 3113 3230 3167 si
3279 3122 3458 3169 tamen

1865 3207 2085 3261 faciams
2114 3216 2346 3276 emptum
2391 3206 2556 3275 ipsius
2585 3204 2725 3274 quod
2757 3204 2926 3259 dixit:
2954 3203 3105 3258 Nunc
3134 3206 3281 3275 cozpi.
3309 3204 3457 3260 Gau-

1863 3296 1992 3353 dere
2022 3299 2074 3352 in
2104 3298 2356 3366 operibus
2388 3297 2502 3363 Dei,
2549 3304 2627 3350 est
2658 3294 2895 3350 oblivisci
2925 3303 2978 3349 et
3004 3306 3073 3360 te,
3108 3296 3150 3348 si
3182 3306 3337 3365 potes
3366 3294 3459 3350 illo

1863 3390 1981 3444 solo
2003 3389 2278 3445 delectari.
2305 3388 2440 3456 Quid
2463 3389 2604 3443 enim
2630 3389 2818 3443 melius
2844 3386 2973 3443 illo?
2999 3387 3112 3442 Non
3138 3388 3305 3453 vides,
3334 3388 3457 3458 quia

1862 3498 1983 3537 cum
2014 3481 2078 3535 ad
2127 3491 2179 3536 te
2223 3480 2403 3546 redis,
2452 3481 2504 3534 in
2547 3480 2876 3535 deteriorem
2922 3478 3106 3535 redis?
3154 3478 3355 3535 Memor
3380 3478 3461 3549 fui

1863 3592 2069 3645 aperitin
2096 3575 2301 3630 Domini
2323 3576 2473 3646 :quia
2509 3592 2698 3628 memor
2736 3590 2821 3629 ero
2866 3574 2929 3628 ab
2960 3574 3106 3628 initio
3145 3572 3454 3628 mirabilium

1864 3676 2084 3721 tuorum.

1935 3761 2020 3814 14.
2068 3758 2220 3832 [νει-ε.
2260 3756 2373 3829 13.]
2423 3757 2487 3811 Et
2529 3757 2808 3813 meditabor
2846 3758 2900 3811 in
2947 3757 3177 3811 omnibus
3223 3757 3455 3829 operibus

1864 3854 1999 3918 tuis,
2052 3862 2098 3905 et
2143 3851 2196 3905 in
2240 3849 2587 3917 alfectionibus
2632 3850 2731 3904 tuis
2770 3849 3011 3919 garriam.
3061 3848 3198 3903 Ecce
3238 3848 3454 3905 tertium

1862 3944 2085 4013 garrire.
2129 3941 2361 3997 Garrivit
2406 3940 2561 4005 foris,
2603 3939 2815 4011 quando
2862 3938 3092 4005 defecit;
3140 3940 3360 4011 garrivit
3398 3939 3451 3994 in

1862 4036 2052 4103 Spiritu
2081 4048 2177 4087 suo
2210 4033 2372 4093 intus.
2405 4033 2617 4101 quando
2648 4032 2905 4101 profecit;
2938 4030 3159 4103 garrivit
3188 4033 3240 4085 in
3272 4032 3454 4102 operi-

1862 4128 1961 4182 bus
1988 4128 2103 4192 Dei,
2134 4126 2347 4197 quando
2378 4126 2617 4194 pervenit
2643 4141 2749 4195 quo
2780 4124 3019 4193 proiecit.
3054 4122 3119 4177 Et
3144 4125 3196 4178 in
3223 4123 3455 4192 affectio-

1864 4218 2012 4273 nibus
2051 4220 2149 4273 tuis
2192 4219 2418 4290 garriam
2451 4234 2469 4270 :
2499 4233 2601 4270 non
2647 4217 2698 4270 in
2740 4215 3109 4271 aliectionibus
3138 4215 3290 4270 meis.
3322 4215 3451 4282 Quis

1865 4310 1992 4363 vivit
2020 4312 2137 4363 sine
2164 4308 2574 4364 aﬂ‘ectionibus?
2606 4308 2669 4362 Et
2701 4307 2915 4377 putatis,
2966 4307 3180 4371 fratres,
3212 4307 3332 4378 quia
3359 4308 3452 4378 qui

1864 4401 2032 4456 Deum
2066 4402 2254 4456 timent
2276 4441 2292 4464 .
2338 4401 2502 4455 Deum
2540 4400 2759 4464 colunt,
2810 4399 2974 4453 Deum
3004 4399 3244 4469 diligunt,
3277 4399 3450 4454 nullas

1862 4493 2059 4549 habent
2084 4492 2434 4548 all‘ectiont-s?
2465 4491 2620 4557 Vere,
2654 4490 2754 4545 hoc
2781 4490 3021 4560 putabis,
3055 4498 3110 4545 et
3138 4499 3325 4560 putare
3350 4505 3448 4550 att-

1862 4586 2033 4652 debis,
2061 4584 2203 4654 quod
2227 4584 2536 4639 aﬂ’ectiones
2562 4584 2751 4638 habeat
2796 4582 2991 4644 tabula.
3036 4582 3323 4649 theatrum,
3350 4599 3445 4639 ve.

1862 4679 2023 4742 natio,
2054 4676 2354 4745 aucupium,
2384 4676 2637 4746 piscatus,
2665 4682 2719 4727 et
2746 4688 2848 4727 non
2876 4674 3104 4728 habeant
3129 4689 3288 4741 opera
3316 4674 3444 4730 Dei‘l

1859 4777 1913 4822 et
1954 4784 2057 4822 non
2106 4767 2297 4822 habeat
2340 4766 2611 4820 meditatio
2665 4764 2755 4818 Dei
2807 4764 3085 4818 interiores
3131 4762 3443 4820 affectiones

1860 4859 2114 4927 quasdam
2154 4872 2297 4919 suas,
2344 4872 2461 4910 cum
2513 4855 2788 4924 inspicitur
2827 4855 3089 4919 tnundus,
3136 4866 3188 4909 et
3230 4856 3446 4925 ponitur

1860 4957 1981 5001 ante
2012 4946 2197 5001 Oculos
2244 4948 2603 5014 spectaculum
2653 4954 2853 4998 natum
2903 4959 3120 5009 rerum,
3167 4952 3222 4998 et
3263 4943 3316 4997 in
3364 4944 3446 4998 bis

1858 5038 2113 5108 quaeritur
2155 5035 2382 5103 artifex,
2427 5046 2479 5090 et
2526 5036 2792 5090 invenitur
2820 5050 3079 5105 nusquam
3116 5033 3449 5105 displicens,

1858 5140 1910 5186 et
1945 5145 2105 5198 super
2129 5129 2304 5183 omnia
2336 5127 2590 5196 placens?

1930 5224 2017 5277 15.
2056 5223 2205 5295 [vers.
2239 5219 2350 5293 14.]
2400 5219 2566 5283 Deus,
2610 5221 2662 5272 in
2707 5217 2896 5274 Sancto
2939 5220 3017 5271 via
3063 5227 3166 5271 tua.
3228 5216 3441 5287 Inspicit

1850 5314 1961 5386 jam
1991 5330 2152 5385 opera
2180 5312 2558 5367 llilSt‘l‘lCtll‘dltU
2589 5312 2677 5365 Dei
2714 5311 2853 5363 circa
2899 5324 3015 5375 nos,
3045 5325 3107 5364 ex
3138 5309 3220 5364 his
3243 5310 3437 5379 garrit,

1856 5418 1911 5463 et
1957 5409 2007 5463 in
2047 5408 2130 5461 bis
2157 5405 2525 5461 aliectiouibus
2564 5404 2812 5460 exsultat.
2864 5402 3042 5456 Primo
3091 5404 3213 5457 inde
3246 5405 3408 5472 cmpit
3444 5448 3454 5459 .

1856 5500 1923 5555 In
1954 5500 2144 5555 Sancto
2181 5500 2260 5552 via
2285 5508 2390 5551 tua.
2422 5498 2549 5566 Qua:
2585 5497 2663 5550 via
2702 5508 2787 5549 tua
2818 5495 2868 5549 iu
2903 5494 3137 5550 Sancto?
3165 5494 3275 5566 Ego
3301 5512 3435 5561 sum,

1856 5596 2044 5666 inquit,
2075 5596 2173 5656 riu.
2202 5594 2401 5656 veritas,
2425 5599 2470 5645 et
2496 5592 2595 5645 vita
2624 5588 2800 5657 (Joan.
2832 5604 2935 5653 xiv,
2970 5589 3045 5657 6).
3073 5587 3262 5642 Redite
3288 5603 3415 5656 ergo
3454 5586 3467 5680 ί

1860 5686 2123 5751 homines,
2153 5686 2221 5739 ab
2248 5683 2615 5739 alii-clientibus
2650 5681 2857 5735 vestris.
2888 5681 3004 5746 Quo
3037 5678 3165 5732 itis?
3191 5695 3296 5748 quo
3317 5678 3471 5732 θυι-ι

1856 5781 2012 5833 ritis‘t
2032 5794 2135 5848 quo
2163 5792 2266 5831 non
2294 5777 2464 5828 solum
2487 5791 2513 5825 a
2538 5775 2664 5839 Deo,
2691 5772 2783 5826 sed
2806 5772 2964 5827 etiam
2992 5787 3020 5823 a
3047 5770 3197 5823 vobis
3222 5768 3441 5840 fugitis?

1858 5870 2066 5935 Redite,
2101 5866 2553 5938 praevaricatores,
2584 5863 2651 5918 ad
2684 5879 2777 5920 cor
2803 5861 2955 5933 (lsai.
2988 5877 3131 5930 sui,
3180 5860 3260 5931 8),
3286 5874 3441 5916 scru-

1920 5988 1935 6016 ι
1964 5982 2125 6033 Proba!
2148 5985 2273 6029 noue
2290 5985 2422 6039 MSS»
2444 5988 2629 6027 (""7""-
2842 6043 2852 6052 .
2906 6042 2927 6053 ,η
2976 6046 2995 6053 μ
3056 6043 3066 6056 ,
3244 6051 3252 6061 .
3444 6039 3461 6064 ο
