3966 6462
234 454 333 530 μμ
382 412 385 415 ’
466 454 475 461 -
1265 435 1769 496 manante-ta
1812 432 2128 496 PSALnnn
2168 440 2424 499 Lxxvn.

208 559 475 619 omnibus
506 556 755 637 gentibus
776 572 945 614 uocent
968 555 1215 612 dederunt
1250 554 1442 620 nubes;
1464 552 1804 626 praedicando

208 653 520 720 Christum,
541 666 708 709 uocent
728 649 971 706 dederunt
994 646 1167 703 nubes.

284 746 382 804 20.
424 745 577 821 [νινε.
615 741 728 818 19.]
775 740 978 797 Etenim
1015 740 1212 811 sagitta!
1251 747 1352 793 tua:
1392 739 1807 811 pertransimtnt.

210 836 456 897 Easdem
506 851 664 894 voces
702 834 923 892 nubium
968 842 1153 889 rursus
1189 832 1409 903 sagittas
1451 830 1604 887 dixit.
1632 830 1809 888 Verba

209 930 362 990 enim
397 929 856 1002 Evangelistarum
897 926 1104 998 sagitta:
1149 922 1384 980 fuerunt.
1424 922 1811 980 Similitudines

209 1025 364 1081 enim
412 1030 558 1079 sunt.
598 1018 732 1077 Nam
780 1020 996 1092 proprie
1023 1030 1121 1073 nec
1147 1016 1339 1087 sagitta
1368 1023 1453 1070 est
1480 1015 1680 1085 pluvia,
1712 1028 1812 1071 nec

211 1114 402 1189 pluvia
452 1114 675 1187 sagitta;
704 1121 759 1168 at
808 1125 940 1168 vero
988 1110 1208 1166 verbum
1250 1107 1367 1177 Dei,
1394 1117 1449 1164 et
1476 1117 1666 1180 sagitta
1704 1117 1807 1177 est,

207 1213 343 1282 quia
397 1208 650 1282 percutit,
668 1216 723 1264 et
760 1205 959 1280 pluvia,
996 1203 1117 1276 quia
1166 1203 1324 1273 rigat.
1356 1201 1524 1257 Nemo
1546 1216 1678 1274 ergo
1699 1201 1810 1272 jam

209 1303 453 1359 miretur
481 1303 795 1376 abyssorum
840 1295 1329 1360 conturbationem,
1366 1294 1578 1365 quando
1615 1295 1813 1367 sagitta:

208 1407 316 1451 tua:
362 1395 783 1467 pertransierunt.
826 1390 962 1460 Quid
1002 1397 1105 1457 est,
1154 1383 1730 1460 pertransieruntllNon
1758 1386 1813 1441 in

206 1487 441 1544 auribus
467 1493 864 1549 remanserunt,
895 1482 992 1539 sed
1039 1477 1201 1536 corda
1247 1476 1646 1533 transﬁxerunt.
1701 1470 1814 1532 νοω

207 1579 433 1635 tonitrui
473 1579 546 1634 tui
562 1577 617 1633 in
658 1585 791 1632 rota.
820 1574 957 1645 Quid
986 1582 1068 1631 est
1094 1569 1234 1628 hoc!
1291 1568 1559 1643 quomodo
1602 1569 1812 1626 intelle-

206 1671 355 1727 cturi
378 1668 606 1726 sumus?
622 1668 849 1744 Adjuvet
872 1665 1145 1722 Dominus.
1168 1659 1281 1718 Voa:
1296 1661 1502 1716 tonitrai
1518 1660 1591 1715 tui
1611 1662 1662 1714 in
1678 1668 1811 1717 rota.

208 1763 544 1831 Solebamus
587 1761 740 1836 pueri
778 1757 1061 1830 suspicari,
1100 1771 1221 1813 cum
1250 1754 1555 1810 audiremus
1583 1753 1812 1808 tonitrua

207 1858 280 1915 de
329 1855 502 1925 caelo,
530 1844 680 1927 quasi
711 1851 953 1910 vehicula
982 1849 1052 1907 de
1076 1848 1288 1905 stabulo
1314 1849 1644 1919 processisse
1671 1862 1686 1900 :
1714 1845 1812 1900 ha-

208 1950 347 2009 bent
375 1948 525 2007 enim
568 1947 800 2004 tonitrua
827 1942 1109 2017 quamdam
1149 1940 1557 1997 concussionem
1582 1937 1813 1995 similem

205 2042 505 2100 vehiculis.
534 2037 801 2112 Numquid
822 2037 889 2094 ad
930 2037 1028 2093 ista
1076 2035 1298 2107 puerilia
1336 2033 1560 2089 redituri
1604 2046 1811 2100 sumus,

206 2145 272 2192 ut
302 2132 696 2204 intelligamus,
734 2124 848 2186 Vox
871 2127 1080 2184 tonitrui
1119 2126 1194 2182 tui
1216 2126 1270 2181 in
1294 2133 1437 2189 rota;
1462 2124 1613 2195 quasi
1638 2123 1815 2195 aliqua

207 2224 470 2283 vehicula
517 2223 712 2279 habeat
753 2220 894 2276 Deus
923 2220 977 2276 in
1017 2216 1266 2285 nubibus,
1297 2227 1352 2272 et
1382 2217 1635 2271 transitus
1661 2213 1814 2270 vehi-

207 2316 466 2377 culorum
493 2314 643 2374 illum
673 2314 955 2386 strepitum
996 2308 1262 2368 concitet?
1309 2309 1483 2365 Absit.
1524 2308 1640 2364 Hoc
1683 2320 1816 2380 pue-

207 2408 317 2469 rile
341 2418 455 2477 est,
486 2422 701 2476 vanum,
731 2405 1087 2478 nugatorium.
1112 2400 1251 2473 Quid
1273 2408 1357 2455 est
1379 2413 1527 2469 ergo,
1556 2397 1667 2455 Vua:
1686 2399 1817 2455 toni-

212 2504 319 2560 trui
348 2502 428 2557 tui
456 2502 510 2556 in
537 2499 685 2555 rata?
705 2496 948 2555 Volvitur
972 2510 1076 2551 vox
1106 2492 1413 2565 tua.Neque
1431 2491 1535 2548 hoc
1555 2493 1813 2566 intelligo.

212 2592 361 2665 Quid
387 2591 681 2650 faciemus?
712 2591 1105 2661 lttterrOgamus
1134 2588 1305 2658 ipsum
1334 2586 1567 2653 ldithun,
1588 2600 1657 2643 ne
1680 2585 1818 2642 forte

214 2690 340 2762 ipse
378 2693 616 2759 exponat
658 2682 799 2758 quod
832 2682 966 2738 dixit
996 2698 1010 2736 :
1046 2678 1179 2746 Vox,
1209 2679 1401 2751 inquit,
1419 2680 1627 2733 tonitrui
1652 2678 1728 2732 tui
1762 2678 1819 2735 in

215 2791 359 2838 rota.
389 2778 509 2836 Non
545 2775 783 2849 intelligo
813 2793 828 2833 :
854 2770 1066 2831 audiam
1099 2771 1224 2845 quid
1253 2771 1426 2828 dicis:
1456 2770 1819 2843 Apparuerunt

243 2876 438 2950 'ulgura
464 2883 551 2928 tua
573 2869 682 2927 orbi
701 2878 966 2925 terrarum.
988 2866 1080 2922 Dic
1098 2880 1226 2936 ergo
1255 2879 1269 2918 :
1297 2877 1405 2919 non
1427 2863 1813 2919 intellexeram.

243 2877 438 2950 ulgura
464 2883 551 2928 tua
573 2877 682 2927 orbi
701 2878 966 2925 terrarum.
988 2877 1080 2922 Dte
1098 2880 1226 2936 ergo
1255 2879 1269 2918 :
1297 2877 1405 2919 non
1427 2877 1813 2919 tntetteseram.

220 2877 392 3029 grbis
420 2975 680 3023 terrarum
722 2972 803 3019 est
829 2971 947 3018 rota
982 2973 1147 3016 :nam
1190 2957 1442 3013 circuitus
1483 2954 1632 3012 orbis
1650 2965 1820 3011 terra-

221 3073 385 3127 rum,
434 3057 625 3113 merito
684 3062 740 3110 et
781 3051 928 3109 orbis
974 3049 1201 3115 dicitur;
1250 3048 1393 3105 unde
1432 3047 1611 3104 brevis
1656 3048 1818 3104 etiam

223 3148 446 3216 rutella,
463 3144 736 3205 orbiculus
753 3144 769 3179 ί
798 3142 1116 3217 appellatur.
1142 3138 1256 3196 Vox
1274 3139 1482 3195 tonitrui
1498 3140 1572 3193 tui
1593 3139 1647 3194 in
1670 3149 1816 3195 rota:

221 3249 582 3317 apparuerunt
606 3236 814 3309 fulgura
857 3244 945 3289 tua
984 3231 1093 3288 orbi
1131 3241 1401 3286 terrarum.
1429 3230 1608 3287 Nubes
1635 3229 1739 3286 illae
1764 3231 1819 3289 in

221 3341 347 3391 rota
378 3328 764 3388 circumierunt
795 3325 980 3381 orbem
1010 3331 1306 3387 terrarum;
1334 3321 1715 3377 circumierunt
1739 3332 1821 3377 to-

224 3423 412 3482 nando
448 3429 504 3477 et
541 3416 894 3480 coruscando,
925 3415 1179 3487 abyssum
1227 3423 1658 3481 commoverunt,
1685 3429 1824 3486 prae-

225 3514 406 3588 ceptis
425 3516 740 3574 tonueruut,
760 3506 1030 3563 miraculis
1048 3512 1464 3561 ceruscsverunt
1488 3522 1501 3557 :
1532 3504 1585 3560 in
1605 3518 1819 3593 omnem

225 3608 375 3665 enim
427 3613 627 3660 terram
673 3598 803 3657 exiit
845 3611 1010 3653 annus
1060 3609 1266 3661 eorum,
1304 3604 1362 3651 et
1405 3595 1460 3650 in
1496 3596 1634 3651 lines
1673 3594 1822 3652 orbis

225 3708 390 3756 terra:
433 3692 596 3751 verba
644 3704 830 3748 eorum
858 3685 1033 3760 (Psal.
1060 3700 1213 3755 xvut,
1243 3683 1324 3757 ὅ).
1352 3682 1614 3740 Commota
1651 3696 1743 3749 est,
1776 3696 1823 3751 et

224 3785 657 3850 contremebunds
683 3784 820 3855 facta
848 3790 921 3838 est
960 3790 1093 3836 terra
1120 3792 1142 3834 :
1168 3777 1220 3834 id
1244 3787 1351 3847 est,
1382 3792 1570 3834 omnes
1597 3778 1689 3850 qui
1726 3777 1824 3836 ita.

225 3882 403 3944 bitant
427 3882 486 3938 in
515 3884 678 3937 terra.
719 3872 824 3932 Per
842 3870 1247 3930 similitudinem
1293 3878 1474 3925 autem
1519 3869 1634 3940 ipsa
1678 3877 1821 3926 tam

228 3988 332 4037 est.
355 3972 570 4046 Quare?
594 3969 729 4040 Quia
756 3974 946 4042 gentes
970 3975 1158 4021 omnes
1187 3962 1352 4018 maris
1376 3960 1594 4017 nomine
1616 3976 1824 4020 nuncu-

228 4064 448 4146 pantur,
480 4064 623 4139 quod
651 4063 754 4120 vita
801 4060 1033 4117 lmmana
1065 4071 1245 4113 amara
1270 4063 1374 4122 est,
1401 4064 1457 4112 et
1484 4056 1735 4127 procellis
1759 4070 1825 4116 ac

227 4154 647 4234 tempestatibus
685 4152 915 4211 subdita.
945 4149 1063 4206 lam
1110 4147 1242 4204 illud
1280 4147 1327 4203 si
1369 4147 1635 4216 attendas,
1680 4147 1824 4219 quod

231 4250 484 4315 homines
534 4265 594 4307 se
636 4255 888 4320 tanquam
936 4242 1111 4315 pisces
1154 4239 1434 4307 devorant,
1483 4254 1608 4297 eum
1654 4241 1827 4311 major

232 4346 498 4406 minorem
526 4339 813 4398 absorbet:
839 4345 922 4395 est
948 4348 1076 4407 ergo
1103 4331 1208 4389 hoc
1251 4331 1466 4399 mare‘;
1494 4330 1620 4388 illuc
1644 4332 1823 4389 Evano

231 4438 438 4511 gelista:
464 4434 658 4490 ierunt.

305 4524 373 4585 21
388 4567 401 4581 .
420 4523 569 4600 [rem
586 4519 704 4596 20.]
725 4519 793 4576 ln
816 4518 949 4574 mari
973 4525 1047 4574 est
1062 4517 1146 4574 ria
1165 4525 1274 4572 tua.
1294 4513 1615 4573 Iamdudum
1629 4516 1683 4571 in
1698 4514 1830 4572 San-

235 4632 317 4680 cto
337 4621 420 4677 via
441 4628 546 4683 tua,
567 4614 727 4673 modo
750 4612 804 4667 in
828 4611 960 4666 mari
979 4620 1052 4665 est
1075 4610 1159 4666 uia
1185 4618 1292 4675 tua,
1306 4608 1430 4681 quia
1460 4608 1574 4680 ipse
1595 4607 1826 4667 Sanetus

235 4719 293 4774 in
318 4713 476 4780 mari,
511 4718 564 4769 et
584 4708 776 4765 merito
795 4704 956 4762 etiam
983 4716 1143 4773 super
1162 4712 1329 4773 aquas
1347 4703 1512 4757 maris
1532 4703 1823 4759 ambulavit

238 4804 453 4883 (Matth.
471 4796 668 4867 πωγβῦ
703 4797 744 4871 ).
764 4794 831 4852 In
852 4792 979 4850 mari
1005 4805 1076 4849 est
1096 4793 1177 4848 via
1205 4800 1293 4847 tua
1320 4791 1413 4847 :id
1448 4800 1532 4848 est
1564 4792 1619 4848 in
1642 4793 1829 4851 Gesti-

236 4900 338 4955 bus
375 4888 695 4968 praedicatur
729 4887 976 4946 Christus
1012 4893 1155 4940 tuus.
1181 4884 1237 4940 In
1265 4883 1372 4939 alio
1398 4883 1594 4954 quippe
1621 4885 1828 4955 psalmo

236 4992 309 5048 ita
330 4988 524 5046 dicitur
548 5006 563 5042 :
586 4980 728 5040 Deus
746 4981 1044 5036 misereatur
1063 4977 1243 5044 nostri,
1264 4984 1310 5031 et
1332 4972 1589 5032 benedicat
1603 4989 1695 5030 nos
1707 4988 1728 5041 ;
1761 4972 1828 5032 il-

236 5082 448 5139 luminet
468 5074 661 5133 vultum
690 5088 839 5131 suum
865 5086 1017 5143 super
1037 5084 1149 5136 nos,
1169 5077 1222 5123 ut
1239 5080 1599 5140 cognoscamus
1613 5068 1666 5121 in
1693 5077 1827 5124 terra

234 5179 370 5232 viam
408 5183 565 5227 tuam.
599 5166 702 5225 Ubi
726 5165 780 5221 in
819 5162 992 5219 terra?
1010 5159 1078 5216 In
1100 5160 1328 5215 omnibus
1350 5158 1578 5232 gentibus
1605 5160 1828 5216 salutare

235 5282 379 5330 tuum
409 5260 581 5345 (Psal.
601 5254 815 5329 tune,
838 5255 896 5330 3)
917 5272 931 5311 :
954 5252 1058 5310 hoc
1077 5261 1178 5321 est,
1198 5250 1264 5307 In
1286 5251 1416 5308 mari
1445 5259 1516 5307 est
1537 5252 1616 5305 uia
1631 5261 1738 5305 tua.
1758 5250 1827 5307 Et

238 5344 427 5424 sentiae
445 5375 546 5421 tuae
575 5362 631 5416 in
651 5352 795 5433 aquis
830 5351 1002 5407 multis
1024 5364 1045 5404 :
1065 5347 1169 5405 hoc
1196 5353 1298 5410 est.
1318 5344 1369 5400 in
1398 5349 1606 5419 populis
1622 5350 1822 5406 multis.

240 5461 303 5516 lit
340 5458 547 5531 vestigia
576 5466 664 5512 tua
701 5468 805 5510 non
847 5448 1224 5523 cognoscentur.
1242 5434 1433 5494 Nescio
1460 5452 1595 5511 quos
1633 5442 1820 5512 tetigit,

236 5565 290 5613 et
308 5536 501 5621 mirum
520 5549 619 5611 nisi
639 5556 696 5608 et
719 5548 863 5620 ipsos
876 5538 1111 5601 Iudaeos.
1135 5540 1271 5597 Ecce
1281 5536 1392 5610 jam
1414 5533 1494 5595 sic
1513 5535 1822 5612 propalata'

237 5660 320 5707 est
350 5647 607 5707 Gentibus
632 5636 999 5703 misericordia
1025 5632 1242 5703 Christi,
1275 5644 1333 5693 ut
1371 5636 1426 5690 in
1464 5635 1595 5691 mari
1638 5633 1706 5691 sit
1740 5634 1824 5690 via

276 5768 1536 5889 ‘igﬁxﬁs‘ﬁﬁldoﬁi'n'bbmg’fiﬁugirém
1557 5839 1709 5889 terra.
1731 5831 1751 5883 Α

303 5847 324 5878 ³
345 5847 418 5899 sic
436 5845 622 5909 aliquot
641 5847 751 5893 Mss.
774 5844 970 5900 quidam
987 5845 1113 5946 me
1143 5845 1157 5883 :
1193 5844 1301 5886 tunc
1323 5844 1394 5907 est
1420 5846 1536 5898 ergo
1557 5844 1709 5897 terra,
1731 5844 1820 5886 nec

240 5920 391 5958 mare.
420 5912 475 5957 At
492 5902 623 5961 εω..
651 5900 740 5952 hac
762 5902 833 5952 est
851 5905 973 5963 ergo
1096 5899 1253 5947 mare.

302 5956 417 6017 iéie
431 5956 539 6017 Mss.
566 5956 674 6013 Fdd.
704 5974 840 6018 vero,
865 5956 1069 6023 prolata.

3393 456 3500 514 982

1920 561 2025 622 tua,
2047 564 2096 609 et
2115 558 2305 619 semita:
2319 569 2422 615 tua
2448 561 2500 615 in
2514 562 2658 633 aquis
2672 564 2871 629 multis;
2891 574 2938 619 et
2964 567 3168 637 vestigia
3187 578 3274 625 tua
3292 588 3392 627 non
3414 591 3501 631 co—

1913 659 2233 718 gnoscentur.
2261 648 2433 716 Unde,
2463 666 2492 705 a
2518 653 2708 722 quibus
2737 671 2841 710 non
2867 670 3275 729 cognoscentur,
3306 666 3407 718 nisi
3429 666 3498 722 al)

1914 737 1998 793 his
2021 740 2110 810 qui
2132 740 2306 796 adhuc
2330 743 2513 799 dicunt
2545 763 2559 801 :
2585 745 2829 805 Nondum
2856 752 2996 806 venit
3018 751 3299 810 Christus?
3321 758 3500 826 Quare

1915 829 2095 887 dicunt
2126 850 2139 888 :
2168 833 2408 890 Nondum
2430 838 2576 892 venit
2594 838 2872 895 Christus?
2896 843 3029 909 Quia
3056 845 3292 901 nondum
3329 864 3495 920 agno-

1914 934 2070 980 scunt
2093 939 2255 997 super
2284 943 2435 984 mare
2462 930 2841 987 ambulantem.

1984 1016 2075 1074 22.
2108 1016 2259 1092 [υεη.
2286 1021 2350 1076 21
2367 1019 2405 1095 .]
2437 1021 2702 1080 Deduxisti
2738 1027 2867 1081 sicut
2903 1044 3015 1083 oves
3043 1030 3233 1102 plebem
3266 1043 3425 1101 tuam,
3448 1038 3504 1093 in

1915 1121 2071 1200 manu
2117 1106 2284 1182 Moysi
2304 1123 2351 1166 et
2376 1113 2566 1170 Aaron.
2596 1116 2772 1185 Quare
2810 1119 2911 1175 hoc
2938 1121 3219 1189 addiderit,
3252 1127 3506 1200 indagare

1915 1199 2239 1270 aliquantum
2261 1202 2479 1262 diflicile
2504 1217 2607 1262 est.
2639 1208 2907 1278 Adjuvate
2930 1229 3058 1284 ergo
3085 1231 3182 1270 nos
3211 1199 3507 1278 intentione

1917 1300 2113 1357 vestra,
2141 1293 2262 1364 quia
2292 1306 2411 1358 post
2436 1297 2579 1367 ipsos
2609 1299 2743 1355 duos
2768 1317 2960 1359 versus
2990 1305 3107 1361 linis
3136 1310 3255 1376 erit,
3287 1320 3341 1366 et
3365 1312 3511 1368 Psal-

1916 1382 2010 1448 mi,
2039 1390 2094 1438 et
2117 1389 2414 1452 sermonis;
2446 1403 2515 1445 ne
2558 1388 2693 1446 forte
2718 1407 2838 1447 eum
2868 1396 3065 1466 aliquid
3100 1410 3305 1456 restare
3343 1403 3494 1458 arbi-

1917 1476 2152 1543 tramini,
2182 1477 2373 1532 timore
2396 1479 2597 1536 laboris
2625 1482 2801 1538 minus
2830 1484 2895 1540 ad
2924 1501 3158 1556 praesens
3186 1492 3494 1550 attendatis.

1917 1563 2051 1655 Cum
2077 1567 2320 1637 dixisset,
2348 1568 2415 1625 In
2440 1575 2571 1628 nutri
2590 1585 2665 1629 est
2692 1576 2772 1629 uia
2816 1585 2923 1643 tua,
2945 1580 3089 1649 quod
3132 1582 3500 1655 intelligimus,

1917 1654 1972 1712 in
1999 1661 2247 1728 gentibus
2265 1677 2283 1726 ;
2305 1671 2353 1716 et
2372 1665 2563 1719 semita:
2583 1674 2684 1721 tua:
2697 1669 2750 1721 in
2768 1670 2913 1736 aquis
2926 1672 3115 1740 multis,
3139 1675 3279 1744 quod
3305 1678 3505 1733 intelli-

1916 1751 2109 1823 gimus,
2128 1754 2180 1809 in
2203 1756 2409 1826 populis
2428 1754 2626 1823 inultis,
2653 1760 2931 1831 adjunxit:
2959 1764 3025 1818 Et
3047 1767 3250 1839 vestigia
3277 1778 3364 1824 tua
3403 1785 3507 1827 non

1918 1859 2269 1919 agnoscentur.
2289 1850 2356 1904 Et
2373 1852 2745 1922 quaerebamus
2759 1856 2992 1925 aquibus
3024 1873 3132 1914 non
3152 1874 3507 1929 agnosceren-

1921 1946 2031 2004 tur;
2056 1948 2109 1994 ct
2146 1941 2372 2011 subjecit
2403 1945 2676 2011 continuo,
2712 1944 2980 2003 Deduxisti
3011 1951 3137 2003 sicut
3166 1969 3281 2009 oves
3310 1954 3505 2024 plebem

1921 2041 2077 2099 tuam,
2095 2034 2149 2088 in
2191 2049 2345 2089 manu
2362 2034 2532 2106 Moysi
2555 2046 2602 2091 et
2623 2038 2792 2092 Aaron
2812 2055 2829 2093 :
2846 2040 2897 2095 id
2916 2051 3017 2107 est,
3034 2043 3101 2097 ab
3128 2044 3223 2098 ista
3253 2046 3402 2114 plebe
3416 2057 3506 2102 tua

1920 2137 2039 2194 qua:
2056 2124 2281 2180 deducta
2302 2134 2387 2181 est
2406 2127 2460 2181 in
2498 2143 2657 2183 manu
2680 2129 2844 2200 Moysi
2865 2142 2919 2185 et
2935 2132 3131 2201 Aaron,
3164 2136 3379 2207 vestigia
3417 2148 3508 2194 tua

1922 2227 2030 2269 non
2053 2225 2459 2284 cognoscentur.
2477 2217 2654 2286 Quare
2672 2234 2800 2291 ergo
2824 2222 3050 2290 positum
3085 2235 3186 2291 est,
3204 2227 3302 2281 nisi
3332 2229 3510 2285 incre-

1919 2305 2080 2376 pandi
2100 2314 2155 2360 et
2188 2307 2544 2377 exprobrandi
2568 2326 2749 2376 causa,
2765 2310 2833 2366 In
2857 2315 2985 2368 mari
3011 2326 3083 2370 est
3108 2318 3185 2370 via
3205 2328 3289 2379 tua
3305 2321 3332 2374 ?
3353 2319 3508 2379 Unde

1920 2396 1974 2451 in
1994 2398 2124 2451 mari
2146 2408 2219 2452 est
2244 2399 2327 2452 uia
2347 2409 2455 2464 tua,
2481 2403 2580 2456 nisi
2618 2404 2742 2470 quia
2770 2407 2992 2462 exclusa
3028 2420 3109 2464 est
3134 2425 3165 2464 a
3198 2421 3336 2466 terra
3380 2414 3504 2468 tua?

1920 2486 2254 2557 Expulerunt
2277 2488 2571 2558 Christum,
2602 2494 2886 2550 noluerunt
2919 2512 3038 2552 esse
3066 2514 3219 2554 suum
3266 2501 3510 2558 Salvato-

1920 2595 2034 2636 rem
2079 2583 2205 2647 πται-ί
2235 2600 2249 2633 :
2278 2583 2367 2638 ille
2408 2595 2586 2640 autem
2628 2587 2792 2654 euenit
2829 2602 2951 2644 esse
2978 2589 3028 2642 in
3057 2588 3337 2656 Gentibus,
3359 2604 3411 2647 et
3452 2593 3510 2648 in

1922 2675 2170 2730 omnibus
2215 2676 2483 2746 gentibus,
2529 2679 2583 2732 in
2623 2680 2808 2736 multis
2854 2682 3082 2751 populis.
3132 2682 3303 2739 Salv-.c
3350 2686 3503 2741 facta:

1922 2776 2048 2823 sunt
2074 2769 2233 2822 etiam
2264 2769 2501 2840 reliquia:
2530 2772 2707 2841 μοι)ιηί
2740 2773 2900 2828 illius.
2943 2774 3215 2831 Reutansit
3254 2776 3380 2833 foris
3426 2779 3507 2833 in-

1922 2869 2077 2930 grata
2102 2859 2409 2926 multitudo,
2440 2870 2494 2917 et
2519 2862 2825 2919 claudicans
2848 2864 3013 2920 Jacob
3040 2865 3259 2923 fortioris
3287 2870 3509 2927 latitudo

1922 2948 2076 3024 (Gen.
2112 2967 2276 3020 sun,
2307 2952 2398 3027 5i)
2448 2954 2696 3013 Latitudo
2736 2957 2879 3013 enim
2905 2959 3121 3013 femoris
3160 2960 3506 3031 intelligitur‘

1924 3042 1979 3098 in
2002 3044 2336 3100 multitudine
2364 3047 2596 3119 generis,
2615 3047 2818 3103 etl‘acta
2847 3058 2929 3107 est
2950 3051 3005 3103 in
3035 3050 3218 3119 majori
3260 3063 3406 3121 parte
3435 3052 3513 3108 Is-

1922 3137 2231 3194 raelitarum
2255 3138 2403 3192 turba
2431 3137 2673 3208 quasdam
2701 3154 2831 3195 vana
2859 3149 2914 3196 et
2944 3141 3219 3210 insipiens,
3243 3159 3359 3212 qua:
3400 3160 3510 3199 non

1924 3237 2239 3297 agnosceret
2277 3230 2496 3299 vestigia
2525 3229 2719 3287 Christi
2763 3231 2816 3285 ia
2856 3232 3028 3301 aquis.
3079 3230 3347 3290 Detlnaistt'
3382 3237 3511 3290 sicut

1925 3338 2040 3378 oves
2065 3324 2257 3394 plebem
2301 3333 2461 3388 tuam,
2488 3334 2543 3380 et
2569 3339 2673 3379 non
2702 3333 2754 3379 te
2776 3335 3163 3396 cognoverunt.
3194 3327 3361 3385 Tanta
3384 3343 3510 3385 cum

1925 3414 2029 3472 illis
2053 3416 2190 3472 bona
2218 3416 2421 3472 fecisd!
2455 3432 2603 3473 mare
2625 3416 2875 3481 divisisti,
2904 3417 3049 3478 inter
3072 3434 3239 3489 aquas
3284 3436 3379 3490 per
3404 3422 3513 3476 ari-

1924 3506 2047 3563 dam
2077 3509 2349 3579 trajecisti,
2383 3520 2762 3581 persequentes
2790 3511 3034 3567 inimicos
3076 3510 3328 3567 ﬂuctibus
3377 3528 3508 3583 ope-

1925 3601 2098 3666 ruisti,
2131 3600 2181 3653 in
2224 3599 2437 3656 deserto
2481 3601 2760 3671 egentibus
2790 3616 2983 3657 manna
3012 3603 3208 3671 pluisn,
3239 3603 3511 3663 deducens

1926 3701 2020 3746 eos
2047 3690 2102 3743 in
2130 3705 2284 3744 manu
2329 3690 2497 3761 Moysi
2537 3699 2583 3744 et
2623 3692 2835 3755 Aaron;
2858 3701 2914 3745 et
2950 3693 3265 3760 expulerunt
3291 3702 3342 3749 te
3365 3710 3396 3747 a
3424 3709 3507 3761 se,

1926 3788 1986 3836 ut
2022 3779 2075 3834 in
2119 3780 2253 3835 mari
2298 3789 2444 3838 esset
2486 3781 2567 3837 via
2592 3787 2702 3851 tua,
2730 3791 2784 3838 et
2811 3782 3033 3853 vestigia
3057 3791 3144 3838 tua
3171 3798 3275 3839 non
3305 3799 3506 3854 cogno-

1927 3882 2158 3929 εωεθηι.

2286 4127 2368 4193 ΙΝ
2405 4126 2787 4199 PSALMUM
2828 4126 3133 4192 LXXVII

2439 4249 2836 4308 numnum
2864 4252 2969 4325 (α).

2005 4390 2054 4457 l.
2085 4386 2235 4463 Lucra.
2267 4385 2345 4466 1.]
2371 4387 2613 4446 Psalmus
2642 4389 2743 4447 iste
2772 4404 2835 4446 ea
2856 4390 3093 4446 continet
3120 4405 3238 4463 qua:
3265 4390 3317 4453 in
3343 4393 3516 4450 veteri

1929 4480 2127 4555 populo
2160 4488 2278 4539 acta
2308 4489 2590 4537 narrantur
2623 4499 2637 4537 :
2666 4484 2933 4538 recentior
2966 4493 3144 4538 autem
3170 4493 3224 4540 et
3250 4488 3516 4554 posterior

1932 4573 2158 4649 populus
2178 4573 2493 4637 admonetur
2512 4583 2572 4631 ut
2590 4584 2776 4631 caveat
2800 4591 2868 4631 ne
2891 4576 2961 4630 sit
2985 4576 3220 4647 ingratus
3243 4577 3516 4635 beneﬂciis

1934 4666 2025 4733 Dei
2050 4710 2065 4733 ,
2097 4666 2315 4743 ejusque
2353 4667 2407 4723 in
2451 4682 2511 4727 se
2545 4677 2799 4747 provocet
2843 4669 3166 4727 iracundiam
3206 4672 3358 4742 cujus
3383 4672 3516 4728 obe-

1931 4759 2139 4816 dienter
2164 4770 2217 4816 et
2242 4761 2467 4827 ﬁdeliter
2486 4761 2645 4821 debet
2670 4761 2943 4845 suscipere
2965 4764 3190 4833 gratiam
3216 4782 3230 4819 :
3258 4761 3340 4818 Ne
3364 4766 3514 4833 ﬁant,

1929 4854 2121 4927 inquit,
2150 4856 2280 4911 sicut
2305 4865 2472 4927 patres
2493 4872 2664 4915 eorum
2681 4857 2936 4929 generatio
2955 4873 3111 4928 prava
3136 4867 3182 4913 et
3207 4860 3515 4925 amaricans;

1931 4946 2184 5029 generatio
2223 4961 2335 5015 qute
2365 4962 2452 5000 cor
2472 4962 2577 5001 non
2599 4946 2779 5007 direxit
2808 4964 2975 5014 suum,
3005 4958 3052 5002 et
3078 4966 3175 5003 non
3199 4959 3269 5001 cst
3298 4948 3515 5001 creditus

1930 5053 2045 5115 cum
2075 5035 2183 5091 Deo
2209 5038 2417 5108 spiritus
2445 5038 2574 5109 ejus.
2603 5037 2729 5094 Haec
2753 5049 2833 5101 cst
2855 5038 3012 5112 igitur
3034 5039 3218 5108 psalmi
3251 5038 3408 5107 hujus
3434 5039 3515 5094 iu-

1930 5128 2133 5203 tentio,
2166 5127 2279 5189 iure
2303 5127 2531 5198 utilitas,
2563 5126 2649 5184 hic
2678 5129 2973 5193 uberrimus
3011 5129 3229 5184 l‘ructus.
3262 5127 3365 5183 Sed
3392 5145 3514 5184 cum

1930 5219 2109 5284 omnia
2138 5218 2415 5285 videantur
2448 5221 2725 5293 perspicua
2764 5231 2816 5278 et
2855 5229 3036 5291 aperta
3065 5220 3171 5276 diei
3199 5231 3358 5292 atque
3386 5239 3512 5283 uar-

1931 5311 2060 5379 rari,
2094 5311 2337 5382 primitus
2362 5322 2541 5367 movet
2574 5322 2730 5391 atque
2760 5311 2991 5375 intentos
3017 5308 3140 5366 facit
3170 5313 3350 5367 titulus
3376 5312 3509 5385 ejus.

1930 5404 2114 5479 Neque
2139 5404 2281 5461 enim
2305 5404 2499 5475 frustra
2528 5404 2852 5475 inscribitur,
2877 5402 3166 5461 Intellectus
3196 5406 3401 5478 Asaplt,‘
3432 5408 3480 5459 ni
3498 5435 3514 5448 ς

1931 5500 1975 5563 si
2001 5498 2121 5570 quia
2153 5497 2378 5555 fortasse
2406 5515 2512 5559 non
2540 5496 2681 5569 quod
2710 5496 3021 5569 superﬁcies
3046 5508 3219 5562 sonat,
3250 5498 3343 5554 sed
3374 5501 3511 5553 inte-

1928 5592 2043 5655 rius
2092 5591 2290 5667 aliquid
2345 5592 2724 5663 intelligentem
2772 5601 3016 5661 quierunt
3082 5592 3179 5646 ista
3236 5593 3508 5649 lectorem.

1928 5689 2135 5751 Deinde
2174 5697 2483 5755 narraturus
2507 5696 2562 5744 et
2598 5695 3112 5745 commemoraturus
3149 5686 3260 5743 luce
3296 5689 3509 5755 omnia,

1992 5894 2013 5926 ί
2036 5891 2172 5950 Edd.,
2188 5887 2470 5955 intelligitur
2486 5887 2567 5955 ria
2582 5889 2659 5955 in,
2671 5896 2769 5955 etc.
2796 5891 2965 5955 Abest,
2985 5891 3081 5955 ria,
3106 5905 3131 5949 a
3155 5899 3261 5941 Mss.

1988 5952 2772 6018 '(1)Dictataanﬁorzbristi“3,0!
2795 5956 2909 6014 ειτςιίκι
2950 5953 3055 6009 Mi,
3074 5955 3150 6002 il?
3176 5956 3379 6013 ‘."“L§’l‘!l,
3397 5967 3437 6001 η.
3466 5952 3509 6003 l.
