3966 6484
846 374 873 403 ἦ

550 425 661 484 98.»

546 563 665 620 qua‘.
705 544 956 601 videntur
995 539 1238 597 auditore
1260 549 1420 608 quam
1443 532 1750 604 expositore
1781 529 1958 602 potius
1986 526 2127 584 indi-

542 657 690 711 gere,
723 637 956 708 Aperiam
979 677 994 702 ,
1032 633 1218 702 inqttit,
1248 632 1299 684 in
1329 626 1580 699 parabolis
1603 643 1661 681 os
1695 641 1859 679 meum
1879 666 1894 689 ,
1923 623 2129 687 eloquar

542 731 907 802 propositiones
934 728 996 781 ab
1024 725 1185 780 initio.
1219 723 1349 791 Quis
1375 738 1479 776 tton
1509 720 1594 774 hic
1621 718 1686 773 de
1713 733 1902 771 sonmo
1928 714 2126 769 ext-ite-

542 823 664 878 tur?
687 822 814 889 Quis
837 820 1030 874 audeat
1052 816 1197 872 velut
1224 814 1531 870 manifestas
1559 809 1784 882 legendo
1812 820 2128 880 percurrere

540 911 822 984 parabolas
846 918 900 964 et
926 907 1337 979 propositiones,
1368 920 1485 975 qute
1514 901 1818 957 nominibus
1855 900 1966 954 suis
1992 896 2126 953 indi-

537 1014 662 1061 cant
686 1004 842 1058 altius
875 1018 934 1056 se
965 1003 1288 1071 perscrutari
1323 994 1616 1068 oportere?
1646 993 1900 1049 Parabola
1928 992 2126 1060 quippe

536 1094 761 1165 alicujus
791 1093 867 1149 rei
895 1090 1295 1147 similitudinem
1329 1103 1437 1159 prae
1465 1102 1524 1142 se
1549 1085 1716 1156 gerit;
1748 1083 1890 1154 quod
1916 1083 2037 1137 licet
2056 1080 2126 1136 sit

496 1164 507 1255 ξ
534 1164 850 1243 vocabulum
877 1199 1130 1255 gra'cum,
1157 1181 1267 1251 jam
1298 1190 1474 1235 tamen
1505 1193 1601 1247 pro
1626 1176 1790 1230 latino
1818 1183 2121 1243 usurpatur.

536 1278 609 1335 Et
634 1286 817 1334 notum
846 1285 927 1332 est
954 1274 1095 1345 quod
1130 1275 1182 1329 itt
1210 1272 1495 1342 parabolis,
1523 1285 1639 1339 qua
1667 1267 1914 1322 dicuntur
1943 1281 2122 1322 rerum

530 1370 909 1428 similitudines
947 1370 1109 1424 rebus
1158 1366 1226 1421 de
1270 1362 1462 1434 quibus
1508 1360 1679 1431 agitur
1724 1368 2119 1428 comparantur.

533 1462 935 1534 Propositioncs
965 1467 1139 1512 autem
1179 1472 1297 1527 qum
1325 1467 1500 1525 graece
1543 1450 1881 1521 appellantur
1911 1456 2120 1518 προϐλή-

531 1579 689 1624 ματα,
723 1553 1047 1625 (ιιιωειῖυηεε
1074 1559 1218 1614 sunt,
1244 1547 1497 1619 habentes
1524 1542 1721 1614 aliquid
1762 1540 1904 1612 quod
1940 1541 2125 1610 dispu-

530 1650 733 1705 tatione
753 1645 1062 1703 solvendum
1080 1641 1168 1697 sit.
1198 1641 1326 1708 Quis
1353 1654 1479 1707 ergo
1501 1636 1779 1707 parabolas
1800 1644 1852 1689 et
1873 1634 2116 1705 proposi-

528 1741 754 1798 sitiones
780 1737 1081 1794 transitorie
1102 1736 1275 1805 legat?
1300 1732 1421 1803 quis
1443 1746 1548 1786 non
1570 1730 1653 1785 his
1674 1728 1866 1784 auditis
1891 1729 2115 1797 vigilan-

528 1833 603 1889 tia
635 1831 833 1889 mentis
864 1827 1123 1893 intendat,
1146 1832 1203 1882 ut
1222 1824 1289 1879 ad
1312 1838 1493 1879 earum
1515 1821 1742 1878 fructum
1774 1816 2117 1889 intelligendo

526 1927 800 1999 perveniat
819 1925 842 1979 ?

595 2019 650 2075 2.
701 2019 989 2082 Attendite,
1036 2014 1232 2085 inquit,
1272 2012 1493 2083 populus
1518 2026 1678 2076 utens,
1723 2010 1879 2080 legem
1927 2024 2109 2063 meum.

523 2112 693 2181 Quem
723 2110 809 2165 hic
835 2108 1119 2163 credamus
1158 2104 1300 2175 loqui
1328 2103 1426 2157 nisi
1461 2101 1670 2157 Deum?
1710 2101 1826 2169 Ipse
1854 2099 1995 2155 enim
2032 2098 2113 2152 le-

521 2220 643 2276 gem
672 2203 818 2258 dedit
862 2199 1059 2272 populo
1096 2213 1226 2259 suo,
1256 2210 1415 2266 quem
1452 2195 1737 2250 liberatum
1781 2208 1849 2247 ex
1880 2190 2112 2263 Egypto

520 2297 882 2369 congregavit,
905 2309 1023 2364 qua!
1047 2288 1389 2361 congregatio
1428 2287 1642 2357 proprie
1667 2285 1944 2357 Syttagoga
1975 2300 2109 2338 nun-

519 2397 766 2459 cupatur,
794 2385 935 2457 quod
982 2384 1360 2452 interpretatur
1404 2379 1604 2447 Asaplt.
1653 2376 1839 2433 Utrum
1870 2392 1997 2447 ergo
2035 2377 2106 2431 ita

518 2480 719 2535 dictum
746 2486 849 2543 est,
882 2475 1174 2529 Intellectus
1201 2471 1395 2541 Amph,
1427 2469 1567 2541 quod
1598 2469 1711 2539 ipse
1742 2470 1918 2538 Asaplt
1947 2468 2107 2522 intel-

517 2570 742 2635 lexerit;
771 2584 839 2622 an
862 2568 1082 2637 ﬁgurate
1110 2562 1530 2633 iutclligendmn,
1554 2560 1693 2629 quod
1724 2560 1910 2615 eadem
1935 2560 2108 2632 Syna-

515 2678 671 2734 goga,
703 2661 802 2715 hoc
830 2669 909 2715 est
931 2701 946 2723 ,
988 2658 1126 2712 idem
1156 2655 1380 2726 populus
1406 2654 1746 2719 intellexerit,
1774 2654 1856 2708 cui
1887 2653 2102 2719 dicitur,

513 2752 788 2818 Attendite,
834 2750 1053 2821 populus
1081 2764 1237 2813 mens,
1280 2749 1437 2817 legem
1463 2746 1667 2800 meum?
1704 2746 1838 2813 Qttid
1869 2758 1944 2800 est
1975 2762 2105 2816 ergo

512 2847 653 2920 quod
689 2844 934 2901 eumdem
973 2843 1225 2915 p0pulttm
1258 2857 1351 2911 per
1381 2840 1689 2911 prophetam
1733 2843 1988 2909 increpat.
2017 2841 2119 2915 tii-r

510 2957 641 2998 cens
670 2958 684 2994 :
729 2939 892 2995 Israel
923 2950 1087 2993 autem
1124 2954 1202 2991 nte
1234 2953 1334 2991 non
1368 2936 1593 3007 agnovit,
1632 2944 1679 2989 et
1705 2938 1937 3005 populus.
1963 2942 2102 2997 metis

508 3050 612 3088 non
634 3032 879 3087 intellexit
899 3030 1049 3098 (Iani.
1073 3047 1111 3092 I,
1143 3030 1237 3098 3)?
1272 3027 1376 3083 Sed
1401 3026 1639 3098 profecto
1668 3038 1820 3080 erant
1855 3029 2014 3081 etiam
2047 3028 2113 3109 in

507 3126 602 3183 illo
632 3125 826 3195 populo
855 3128 945 3195 qui
967 3122 1343 3192 intelligerent,
1363 3119 1621 3174 habentes
1638 3118 1793 3174 ﬁdem
1811 3135 1928 3186 qua:
1954 3128 2100 3187 post-

508 3232 571 3273 ea
595 3217 825 3272 revelata
855 3224 937 3270 est
979 3229 1081 3268 non
1127 3212 1192 3267 ad
1217 3211 1374 3283 Legis
1394 3212 1643 3272 litteram,
1667 3209 1759 3264 sed
1782 3210 1846 3264 ad
1872 3211 2095 3274 gratiam

506 3309 739 3380 Spiritus
768 3308 1121 3377 pertinentem
1141 3306 1180 3359 ί.
1212 3303 1327 3359 Non
1367 3304 1508 3358 enim
1535 3303 1650 3356 sine
1677 3302 1788 3371 ipsa
1835 3300 1935 3356 ﬁde
1976 3301 2094 3357 fue-

502 3410 652 3465 runt,
678 3401 767 3471 qui
787 3400 904 3468 ejus
929 3399 982 3452 in
1004 3397 1219 3452 Christo
1240 3397 1466 3452 futuram
1496 3395 1873 3449 revelationetu
1900 3394 2095 3463 pra-vi-

504 3493 637 3550 dere
659 3501 713 3548 et
743 3489 1099 3562 praenuntiam
1123 3496 1434 3557 potuerunt;
1462 3501 1581 3541 cum
1610 3496 1660 3540 ct
1688 3485 1775 3541 illa
1807 3499 1983 3540 vetera
2009 3500 2098 3540 sa.

503 3593 812 3651 cramenta,
860 3580 1208 3653 signiﬁcantia
1253 3578 1446 3635 fuerint
1490 3579 1805 3633 futurorum.
1861 3579 1939 3632 An
1994 3577 2092 3633 soli

502 3677 785 3749 PrOpheta:
814 3675 1081 3730 habebant
1105 3673 1239 3727 hanc
1261 3671 1440 3733 ﬁdem,
1470 3687 1573 3725 non
1604 3680 1657 3724 et
1688 3668 1953 3739 populus?
1981 3668 2093 3723 lmo

502 3784 636 3826 vero
658 3769 818 3825 etiam
856 3766 945 3839 qui
976 3763 1269 3834 Prophetas
1310 3763 1538 3817 ﬁdeliter
1562 3760 1877 3820 audiebant,
1902 3760 2090 3815 eadem

500 3859 889 3931 adjttvabantur
915 3858 1083 3928 gratia
1106 3896 1122 3921 ,
1147 3866 1203 3911 ut
1233 3854 1585 3924 intelligerent
1610 3852 1749 3923 quod
1781 3852 2088 3909 audiebant.

499 3950 605 4008 Sed
635 3951 817 4015 utique
843 3956 1232 4006 sacramentum
1261 3947 1407 4015 regni
1452 3945 1708 3999 ctelorum
1737 3944 2008 3998 velabatur
2034 3944 2086 4000 in

501 4040 681 4099 Veteri
710 4040 1072 4105 Testamento,
1098 4037 1237 4110 quod
1268 4037 1596 4108 plenitudine
1623 4036 1874 4105 temporis
1895 4036 2089 4090 revela-

498 4141 645 4189 retur
667 4133 717 4188 itt
739 4131 909 4188 Novo.
942 4149 961 4182 ι
986 4130 1274 4185 Noloenim
1302 4143 1395 4183 vos
1420 4148 1438 4180 ι
1470 4129 1544 4183 ait
1562 4128 1866 4198 Apostolus,
1893 4147 1909 4175 ι
1941 4128 2088 4197 igno-

497 4238 639 4288 rare,
672 4223 882 4286 fratres,
917 4222 1037 4292 quia
1071 4229 1246 4291 patres
1273 4221 1437 4274 nostri
1464 4232 1650 4274 omnes
1678 4218 1778 4272 Sub
1809 4218 1947 4273 nube
1974 4208 2087 4273 fuel

496 4324 655 4383 runt,
696 4324 751 4370 et
779 4328 966 4369 omnes
1005 4329 1103 4389 per
1133 4327 1278 4367 mare
1309 4310 1651 4377 transit-runt,
1682 4322 1736 4364 et
1764 4324 1953 4363 onmes
1987 4325 2084 4381 per

493 4406 710 4479 Moysen
739 4406 985 4471 baptizati
1018 4413 1141 4459 sunt
1184 4404 1235 4458 in
1278 4404 1417 4457 nube
1442 4412 1494 4457 et
1539 4402 1589 4456 in
1622 4401 1753 4455 mari
1775 4442 1788 4462 ,
1816 4409 1871 4456 et
1895 4416 2084 4456 omnes

493 4500 740 4557 eumdem
763 4500 937 4553 cibum
961 4496 1288 4568 spiritualem
1313 4494 1789 4554 mantlucaverunt.
1816 4501 1872 4548 et
1893 4506 2083 4549 omnes

491 4593 738 4649 eumdem
763 4600 942 4660 potum
973 4590 1302 4659 spiritualem
1327 4588 1574 4642 biberunt
1605 4604 1619 4639 :
1653 4586 1908 4641 bibebant
1933 4587 2076 4642 enim

490 4683 560 4739 de
586 4682 842 4751 spirituali
873 4690 1234 4749 consequente
1261 4694 1355 4734 eos
1383 4688 1559 4749 petra;
1590 4689 1739 4749 petra
1765 4689 1939 4733 autent
1965 4689 2082 4735 crat

489 4775 754 4830 Christus.
794 4792 812 4825 ›
859 4773 1001 4828 Idem
1049 4772 1224 4841 itaque
1254 4772 1306 4826 in
1355 4771 1607 4841 mysterio
1644 4771 1795 4825 cibus
1833 4780 1888 4826 et
1926 4781 2079 4841 potus

488 4869 704 4925 illorum
730 4868 819 4938 qtti
849 4875 1063 4929 noster;
1093 4866 1185 4920 sed
1212 4864 1600 4934 signiﬁcatione
1634 4864 1798 4931 idem,
1828 4880 1932 4919 non
1958 4881 2082 4936 spe-

486 4963 607 5021 cie;
655 4961 773 5031 quia
806 4959 944 5013 idem
980 4960 1092 5027 ipse
1119 4957 1364 5013 Christus
1392 4958 1496 5013 illis
1522 4958 1572 5012 itt
1602 4967 1752 5028 petra
1784 4958 2075 5028 ﬁguratus,

494 5053 649 5109 nobis
690 5053 740 5105 in
778 5066 938 5105 carne
975 5049 1360 5105 n‘tanifestatns.
1410 5068 1429 5101 ι
1469 5049 1574 5105 Sed
1618 5064 1758 5108 non.
1807 5070 1825 5101 ι
1873 5050 2075 5120 inquit,

492 5164 513 5198 ι
539 5146 591 5198 in
616 5144 862 5198 Ollllliillls
885 5144 986 5197 illis
1003 5140 1390 5207 bent-placitum
1410 5150 1491 5197 est
1516 5142 1623 5193 Ι)υο
1649 5140 1688 5209 (1
1717 5138 1835 5194 Cor.
1864 5156 1919 5205 x,
1944 5140 2072 5212 1-5).

485 5232 687 5292 Ohtncs
723 5254 741 5285 ι
767 5234 979 5304 quidem
1016 5252 1032 5284 ι
1057 5232 1304 5285 eumdem
1336 5232 1509 5286 cibum
1541 5231 1873 5300 Spiritualetn
1916 5247 2073 5287 man-

483 5328 835 5390 dut'averunt,
859 5337 906 5380 et
928 5325 1171 5379 eumdem
1194 5332 1373 5393 potum
1392 5322 1580 5391 spiritu
1602 5323 1722 5377 tlent
1755 5322 2020 5388 biberunt,
2048 5344 2067 5376 ι

484 5421 536 5475 td
564 5429 666 5485 est,
700 5417 976 5489 spiritnale
1012 5415 1212 5486 aliquid
1249 5413 1669 5484 signiﬁcantem;
1707 5433 1725 5465 ι
1763 5414 1855 5468 sed
1881 5430 1986 5469 non
2020 5416 2071 5472 in

482 5512 732 5570 omnibus
783 5510 886 5565 illis
931 5508 1326 5578 beneplacitum
1379 5515 1460 5561 est
1503 5508 1630 5563 Deo.
1666 5527 1686 5561 ι
1738 5508 1868 5563 Cum
1909 5506 2068 5576 dicit,

487 5624 508 5659 ι
536 5605 650 5661 Nan
681 5604 733 5657 in
765 5602 1049 5667 omnibus,
1086 5619 1105 5652 ›
1137 5609 1291 5657 erant
1319 5614 1450 5670 ergo
1479 5598 1548 5654 ibi
1590 5598 1748 5669 aliqui
1795 5600 1846 5653 in
1876 5601 2070 5669 quibus

479 5695 872 5765 beneplacitutn
900 5706 983 5748 est
1009 5693 1119 5747 Deo
1143 5708 1158 5756 ;
1186 5700 1240 5745 et
1267 5706 1387 5745 cmn
1419 5700 1597 5745 essent
1625 5693 1801 5745 omnia
1830 5708 2070 5748 commu-

482 5789 568 5843 nia
596 5795 954 5849 sacramenta,
985 5800 1090 5838 tton
1116 5784 1417 5839 communis
1444 5795 1557 5839 erat
1589 5782 1836 5838 omnibus
1856 5784 2024 5854 gratia
2048 5824 2067 5851 ,

548 5901 565 5934 ι
594 5906 711 5962 Reg.
736 5905 839 5959 Ms,
863 5900 1167 5964 pertinentes.

1785 408 1846 467 s.
1876 406 2245 467 AUGUSTINI
2284 408 2587 470 EPISGOPI
3630 442 3673 496 δ,

2234 545 2354 601 qua!
2378 540 2832 587 sacramentorum
2860 531 3026 590 virtus
3047 542 3151 591 est.
3177 532 3322 593 Sicut
3341 548 3391 596 et
3413 556 3531 601 nunc
3544 546 3693 616 istan.

2237 626 2407 681 velata
2439 625 2543 682 ﬁde
2567 642 2686 696 qua:
2716 638 2843 682 tunc
2886 626 3195 708 velabatur,
3224 633 3515 693 omnibusin
3551 645 3694 704 nomine

2234 717 2405 772 Patris
2425 760 2439 781 ,
2467 729 2521 772 et
2557 717 2706 783 Filii,
2734 727 2788 774 et
2827 717 3058 789 Spiritus
3083 723 3249 778 saneti
3286 724 3693 803 haptizatiswttttt.

2232 823 2423 873 xxvttt,
2463 809 2549 880 t9)
2574 853 2587 869 .
2624 825 2911 866 commune
2937 822 3021 868 est
3058 811 3317 871 lavacrum
3347 826 3697 896 regenerationis;

2230 900 2322 953 Sed
2349 901 2458 971 ipsa
2486 901 2651 970 gratia
2672 902 2825 970 cujus
2851 903 2962 973 ipsa
2983 912 3111 960 sunt
3126 906 3467 978 Sacramenta,
3486 928 3567 984 qua
3586 933 3697 975 ωεω.

2231 988 2323 1045 bra
2355 992 2595 1061 corporis
2624 992 2819 1048 Christi
2850 1010 2971 1048 t'tllll
2990 1010 3089 1049 suo
3118 997 3286 1066 capite
3307 1014 3569 1070 regenerata
3589 1020 3693 1076 sunt,

2231 1096 2336 1137 non
2366 1084 2665 1139 t-omtttuttis
2688 1094 2773 1140 est
2800 1085 3067 1141 omnibus.
3107 1086 3236 1143 Nam
3265 1097 3318 1144 et
3343 1089 3541 1150 lueretici
3567 1095 3699 1156 habent

2227 1176 2473 1234 eumdem
2503 1179 2827 1248 Baptismtnn
2848 1220 2864 1247 ,
2892 1192 2945 1236 et
2976 1180 3092 1235 falsi
3131 1180 3317 1237 fratres
3348 1184 3394 1239 itt
3416 1192 3696 1249 communione

2226 1270 2470 1324 catholici
2502 1270 2753 1327 nominis.
2789 1270 2931 1343 Ergo
2955 1282 3004 1325 et
3032 1271 3118 1327 hic
3145 1283 3285 1328 recte
3306 1274 3512 1331 dicitur:
3536 1279 3618 1335 Sed
3631 1299 3694 1337 tm

2225 1361 2277 1416 in
2298 1362 2526 1416 omnibus
2542 1362 2644 1417 illis
2664 1362 3029 1432 beneplucitum
3053 1372 3123 1417 est
3154 1363 3275 1418 Deo.

2294 1453 2348 1509 3.
2397 1452 2577 1525 Neque
2618 1462 2742 1509 tunc
2771 1464 2979 1518 tamen,
3010 1472 3181 1525 neque
3203 1472 3334 1510 nunc
3365 1457 3696 1523 infructuosaest

2222 1561 2322 1601 vox
2351 1546 2578 1603 dicentis
2609 1564 2625 1602 :
2655 1547 2936 1612 Attettdite,
2965 1552 3184 1620 populus
3225 1566 3383 1611 nteus.
3410 1550 3542 1625 legent
3571 1572 3694 1612 manu.

2220 1638 2351 1705 Qua:
2390 1640 2588 1695 locutio
2633 1648 2754 1694 nota
2798 1649 2880 1694 est
2912 1640 2964 1694 itt
2996 1640 3241 1695 omnibus
3271 1643 3470 1702 litteris.
3496 1647 3604 1714 quod
3627 1663 3695 1703 non

2220 1733 2314 1795 ait,
2342 1731 2601 1795 Attende;
2628 1730 2747 1797 sed,
2773 1731 3047 1787 Attendt'te.
3090 1732 3165 1787 Ex
3196 1732 3365 1788 tunltis
3388 1736 3507 1790 enim
3539 1739 3696 1806 populus

2220 1835 2463 1887 Constat;
2494 1823 2688 1893 quibus
2724 1823 2906 1879 multis
2928 1823 3073 1893 quod
3109 1827 3338 1896 sequitur
3362 1825 3589 1895 pluraliter
3609 1830 3695 1884 diri-

2219 1924 2340 1969 tnr:
2370 1912 2626 1970 Inclinate
2670 1931 2842 1969 aurem
2873 1925 3085 1969 vestram
3128 1918 3180 1969 in
3206 1914 3345 1971 verba
3369 1918 3460 1971 uti:
3480 1919 3570 1973 mei.
3594 1921 3695 1987 Quod

2217 2018 2319 2072 cst,
2360 2007 2648 2071 Attendite;
2676 2008 2778 2063 hoc
2802 2017 2905 2072 est,
2947 2006 3202 2063 Inclinato
3240 2025 3402 2063 aurem
3448 2020 3697 2067 "struant

2216 2099 2355 2168 quod
2385 2100 2488 2154 illic
2508 2100 2604 2165 ait,
2637 2100 2796 2171 legem
2817 2117 2979 2154 meum
3001 2117 3020 2164 ;
3043 2101 3144 2157 hoc
3170 2102 3244 2155 ait
3267 2100 3365 2163 hic,
3386 2100 3511 2156 verba
3525 2103 3602 2156 eis
3617 2104 3694 2158 επεὶ.

2218 2192 2309 2246 llle
2339 2209 2566 2261 namque
2593 2193 2676 2262 pio
2697 2192 2926 2248 attendit
2946 2193 3119 2264 legent
3144 2193 3233 2249 Dei
3257 2205 3308 2249 et
3336 2196 3476 2250 terha
3501 2196 3586 2249 oris
3604 2211 3692 2263 ejus,

2213 2285 2365 2355 Cujus
2392 2300 2576 2341 aurem
2609 2285 2827 2341 inclinat
2855 2285 3158 2349 humilitas;
3192 2302 3291 2341 non
3320 2287 3456 2358 cujus
3475 2289 3591 2359 erigit
3615 2304 3692 2344 ter-

2213 2380 2380 2435 vicem
2411 2379 2679 2449 superbia.
2711 2378 2864 2446 Quod
2905 2379 3049 2434 enim
3092 2379 3395 2446 infunditur,
3418 2396 3604 2437 concaui
3632 2380 3695 2433 Itu-

2211 2471 2449 2526 militatit
2477 2472 2760 2541 excipitur,
2790 2472 3083 2527 eminentia
3115 2474 3328 2527 tumoris
3348 2474 3596 2544 expellitur.
3619 2472 3691 2529 Utt-

2210 2561 2277 2618 de
2309 2563 2416 2617 alio
2459 2563 2575 2617 loco
2603 2579 2615 2616 :
2647 2560 2871 2639 Inc/intr,
2912 2562 3105 2631 inquit,
3133 2580 3301 2619 aurem
3342 2574 3490 2625 tuam.
3519 2573 3555 2618 et
3576 2565 3693 2631 κάμε

2209 2659 2355 2713 verba
2384 2655 2668 2712 intellectus
2694 2656 2876 2729 (Prov.
2922 2672 3062 2724 xxtt,
3090 2657 3203 2729 l7).
3233 2658 3366 2714 Satis
3400 2660 3544 2728 itaque
3567 2657 3691 2713 admo-

2209 2751 2302 2805 niti
2349 2765 2534 2805 snmus
2579 2750 2738 2804 etiam
2788 2750 2947 2804 istum
2980 2750 3245 2820 psalmum
3290 2749 3430 2819 hujus
3467 2749 3688 2803 intellectus

2208 2842 2384 2910 Asaph
2414 2841 2557 2912 (quia
2583 2842 2815 2911 genitivo
2843 2856 2969 2896 casu
3005 2842 3060 2896 itt
3117 2840 3266 2897 titulo
3296 2840 3496 2912 positqu
3520 2848 3603 2904 est,
3626 2839 3689 2891 htt-

2201 2934 2291 3005 jtts
2339 2934 2677 2998 intellectus;
2726 2948 2867 2998 non,
2912 2934 2998 2988 hic
3026 2932 3344 3005 intellectus)
3382 2932 3581 2989 inclinata
3609 2944 3689 2985 aure

2204 3028 2495 3096 suscipere,
2529 3026 2579 3080 id
2607 3036 2688 3081 est
2711 3026 2897 3080 humili
2922 3026 3142 3096 pietate.
3171 3025 3298 3089 Nec.
3324 3027 3466 3099 ipsius
3484 3023 3622 3093 εὶς-ιρι]
3641 3022 3690 3077 tli-

2202 3130 2345 3176 ctutn
2371 3130 2485 3183 cst;
2533 3117 2648 3182 sed,
2683 3119 2782 3188 ipsi
2821 3118 3001 3190 Asaplt
3033 3136 3048 3174 :
3083 3118 3224 3190 quod
3250 3135 3411 3191 graeco
3432 3119 3609 3173 articulo
3626 3132 3689 3184 ap.

2205 3222 2374 3282 paret,
2416 3220 2471 3268 et
2514 3213 2568 3267 in
2601 3212 2916 3283 quihusdam
2966 3213 3152 3270 latinis
3190 3214 3443 3271 codicibus
3479 3212 3687 3268 invenitur.

2205 3305 2376 3360 Verba
2399 3306 2557 3375 igitur
2587 3306 2685 3360 ista
2710 3306 3016 3362 intellectus
3042 3317 3189 3374 sunt,
3218 3308 3268 3363 id
3293 3318 3387 3371 est,
3416 3305 3685 3377 intelligentia

2201 3407 2322 3450 sunt
2348 3412 2467 3465 qua:
2490 3396 2614 3449 data
2640 3409 2723 3453 ρει
2755 3398 2853 3469 ipsi
2893 3399 3111 3469 Asaph;
3139 3400 3279 3471 quod
3307 3416 3403 3455 non
3429 3401 3504 3455 uni
3528 3396 3683 3461 homini,

2164 3513 2169 3519 α
2199 3488 2292 3543 sed
2320 3487 2509 3543 melius
2533 3489 2827 3558 accipimus
2851 3490 3254 3562 congregationi
3292 3493 3454 3564 populi
3483 3490 3570 3553 Dei,
3593 3486 3686 3542 unde

2199 3596 2533 3653 nequaquam
2559 3597 2657 3637 nos
2674 3581 2911 3639 alienare
2931 3584 3213 3641 debemus.
3236 3585 3465 3655 Quamvis
3480 3585 3589 3639 enim
3606 3594 3686 3651 pro-

2198 3673 2313 3743 prie
2357 3673 2587 3737 dicatur,
2634 3672 2912 3747 Synagoga
2964 3675 3311 3738 Judasorum.
3367 3675 3562 3733 Eecleia
3600 3685 3683 3726 vero

2194 3764 2657 3832 Christianorum;
2712 3766 2832 3837 quia
2881 3770 3230 3840 congregatio
3275 3771 3431 3842 magis
3474 3779 3679 3840 ρρωηιιη.

2195 3857 2508 3911 convocatio
2528 3872 2656 3914 vero
2677 3859 2846 3929 magis
2866 3858 3147 3917 hominum
3171 3862 3377 3933 intelligi
3395 3861 3513 3918 solet
3531 3878 3542 3913 :
3562 3870 3679 3912 tamen

2194 3955 2248 4002 et
2273 3947 2413 4002 illaut
2439 3947 2634 4003 dictam
2657 3949 2957 4005 invenimus
2980 3950 3297 4020 Ecclesiam,
3318 3963 3368 4008 et
3386 3951 3515 4007 nobis
3528 3951 3681 4003 fortasse

2192 4039 2369 4108 potius
2392 4038 2641 4094 convenit
2663 4039 2863 4104 dicere,
2887 4039 3049 4096 Salva
3068 4059 3180 4104 nos.
3202 4042 3407 4098 Domine
3423 4041 3535 4097 Deus
3551 4046 3675 4097 noster.

2192 4139 2239 4184 et
2272 4145 2523 4199 congrege
2569 4146 2661 4184 nos
2689 4132 2751 4185 de
2789 4131 3111 4200 nationibus,
3153 4144 3210 4189 ut
3237 4135 3533 4203 conﬁteantur
3552 4124 3679 4182 nomini

2190 4231 2364 4277 sancto
2380 4230 2466 4276 tuo
2486 4218 2658 4292 (Paul.
2682 4237 2768 4287 cv,
2788 4221 2901 4293 47).
2926 4221 3109 4294 Neque
3133 4226 3395 4295 dedignari
3416 4238 3499 4278 nos
3514 4226 3672 4291 opotlélt

2192 4314 2300 4368 imo
2342 4315 2540 4383 gratias
2581 4313 2875 4371 ineffabiles
2913 4332 3071 4386 agere
3091 4357 3108 4385 ,
3136 4317 3276 4389 quod
3302 4330 3469 4372 smnus
3489 4327 3587 4367 oves
3604 4325 3676 4364 tu:-

2189 4423 2353 4462 nttum
2375 4407 2512 4478 ejus,
2540 4422 2675 4479 quas
2702 4409 3027 4478 ριιςννίἀυικιι
3046 4426 3169 4467 cum
3192 4411 3403 4479 diceret,
3430 4404 3671 4467 llabcottlias

2188 4512 2318 4554 oves
2344 4514 2463 4569 qua:
2489 4513 2595 4554 non
2634 4510 2761 4555 sunt
2788 4500 2856 4556 de
2884 4500 2985 4556 hoc
3010 4503 3171 4568 ovili;
3203 4513 3403 4574 Oportet
3426 4517 3498 4556 nte
3518 4511 3558 4554 ct
3581 4498 3673 4566 ipsis

2187 4589 2485 4661 adducere,
2515 4600 2571 4644 ut
2610 4591 2681 4645 sit
2713 4606 2853 4646 unus
2885 4606 3016 4662 grex
3044 4602 3097 4648 et
3123 4608 3259 4649 unus
3288 4602 3453 4665 pastor
3475 4589 3609 4662 (loau.
3637 4599 3670 4645 ι.

2188 4681 2279 4751 16)
2305 4699 2320 4735 :
2345 4680 2619 4753 iungendo
2644 4682 2849 4738 scilicet
2877 4682 3087 4739 fidelem
3120 4686 3364 4755 popnltttu
3388 4675 3671 4737 Ct‘llliiitllllli'

2184 4772 2291 4830 deli
2337 4774 2531 4843 populo
2573 4774 2964 4842 Israelitarum,
3010 4773 3079 4829 de
3121 4776 3308 4846 quibus
3351 4776 3480 4845 prius
3502 4770 3669 4824 dixerat.

2186 4863 2309 4921 Non
2355 4882 2468 4920 sum
2512 4865 2697 4921 missus
2747 4865 2847 4920 nisi
2869 4865 2938 4919 ad
2981 4882 3095 4921 ore:
3142 4883 3254 4939 quae
3294 4866 3517 4937 perimit
3549 4859 3670 4910 άυηδιε

2183 4955 2350 5012 Israel
2377 4955 2604 5027 (Matth.
2634 4971 2722 5023 xv,
2752 4955 2883 5023 24).
2910 4955 3044 5012 Nam
3072 4968 3127 5011 et
3154 4955 3569 5028 congregabantur
3588 4954 3669 4999 auc

2182 5066 2305 5107 eum
2352 5066 2542 5107 omnes
2590 5061 2808 5122 gentes,
2842 5060 2898 5107 ct
2939 5054 3203 5124 separabit
3249 5065 3338 5108 eos
3387 5050 3505 5104 sient
3545 5045 3670 5112 μἰειοτ

2182 5158 2311 5198 oves
2356 5143 2426 5197 ab
2480 5142 2648 5198 Ita'dis
2690 5141 2827 5216 (Id.
2857 5159 3001 5208 xxv,
3049 5144 3120 5198 5?.
3147 5148 3186 5217 ).
3232 5143 3314 5199 Sic
3363 5141 3502 5210 igitur
3536 5128 3666 5185 altilia-

2181 5248 2302 5291 mns
2328 5233 2468 5304 quod
2499 5233 2698 5289 dictum
2729 5245 2830 5297 est,
2861 5234 3146 5299 Attettdite,
3172 5233 3378 5305 populus
3401 5242 3531 5289 ntettt,
3557 5221 3664 5287 1'95“

2181 5343 2341 5383 meam
2366 5367 2381 5391 ,
2435 5324 2673 5381 inclinate
2715 5342 2892 5381 aurem
2932 5337 3147 5381 vestram
3187 5326 3240 5380 in
3286 5322 3420 5378 verba
3454 5312 3536 5371 oris
3571 5306 3660 5362 εκεῖ.

2180 5433 2288 5472 non
2335 5426 2583 5487 tanquam
2622 5415 2843 5483 Judteis,
2870 5419 2961 5473 sed
2993 5418 3169 5489 potius
3197 5426 3425 5484 tanquam
3451 5405 3585 5463 nobis,
3606 5392 3660 5489 id

2178 5522 2323 5569 certe
2352 5520 2456 5566 tam
2487 5509 2647 5564 etiam
2678 5510 2833 5567 nobis
2860 5511 2956 5563 ista
2978 5509 3238 5565 dicantur.
3262 5506 3384 5562 Cum
3409 5497 3526 5557 enim
3548 5486 3661 5547 dixis;

2176 5611 2262 5659 set
2297 5599 2602 5670 Apostolus,
2629 5598 2735 5654 Sed
2763 5617 2861 5653 non
2889 5600 2942 5652 in
2978 5598 3203 5654 omnibus
3249 5596 3346 5650 illis
3382 5581 3659 5658 benrplaritult

2177 5704 2251 5750 est
2277 5693 2406 5760 Dea,
2430 5692 2499 5747 ita
2525 5693 2814 5747 ostendens
2838 5691 2999 5746 fuisse
3028 5691 3097 5745 ibi
3129 5690 3280 5745 etiam
3318 5687 3424 5742 illos
3455 5679 3497 5736 itt
3521 5670 3657 5765 quill"?

2174 5786 2566 5857 ltencplacitum
2607 5793 2689 5840 est
2714 5784 2858 5849 Deo;
2890 5783 3143 5839 continuo
3179 5778 3404 5850 subjecit,
3427 5792 3445 5826 t
3468 5768 3655 5827 Prosit-3"

2177 5883 2321 5939 enim
2360 5890 2485 5938 sunt
2524 5881 2576 5938 in
2615 5878 2873 5941 deserto:
2910 5896 2933 5932 ι
2960 5875 3154 5935 deinde
3181 5869 3416 5946 adiunxit,
3438 5860 3654 5923 «ιιαευο
