3966 6452
178 440 313 501 085‘

126 549 301 629 item
338 557 522 629 ﬁgura.-
550 566 747 611 nostrte
776 552 926 608 tacite
952 559 1100 613 situt,
1122 557 1180 604 ut
1205 561 1310 603 non
1338 547 1509 604 simus
1535 546 1789 617 concupi-

178 659 417 707 scentes
445 647 606 713 mala,
629 646 760 701 sicut
791 654 846 700 et
875 644 948 700 illi
977 641 1362 713 concupierunt
1390 658 1401 693 :
1433 656 1604 710 neque
1634 639 1788 695 idolis

177 742 519 801 servientes,
551 740 687 794 sicut
716 736 928 806 quidam
960 750 1183 800 eorum;
1212 734 1347 788 sicut
1388 734 1642 801 scriptum
1683 740 1784 795 est,

177 833 349 891 Sedit
398 832 623 903 populus
672 829 993 884 manducare
1031 837 1086 882 et
1127 827 1327 889 bibere,
1359 835 1414 882 et
1440 832 1789 881 surrexerunt

175 925 406 982 ludere.
429 924 610 994 Neque
638 922 982 984 fornicenutr,
1006 923 1147 974 sient
1170 918 1384 988 quidam
1413 933 1597 971 eorum
1623 916 1788 971 torui-

172 1019 290 1075 cati
322 1027 474 1081 sunt,
504 1027 556 1071 et
581 1015 888 1071 ceciderunt
918 1029 1018 1066 una
1046 1011 1134 1065 die
1163 1008 1347 1080 viginti
1376 1018 1432 1063 et
1461 1018 1497 1062 ιι
1511 1009 1558 1063 ia
1598 1007 1783 1062 millia.

171 1111 378 1183 Neque
408 1122 672 1167 tentcutus
690 1107 986 1173 Clu-istum,
1014 1106 1147 1159 sicut
1169 1103 1382 1175 quidam
1406 1118 1591 1157 eorum
1615 1109 1787 1156 tenta-

171 1215 409 1270 verunt,
443 1216 497 1260 et
525 1222 555 1259 ιι
584 1202 920 1274 serpentibus-
952 1200 1240 1270 perierunt.
1266 1196 1450 1267 Neque
1481 1211 1783 1251 murmura-

170 1299 409 1365 veritis,
437 1299 574 1352 sicut
600 1295 812 1365 quidam
840 1308 1024 1348 corum
1065 1296 1549 1352 mormurarcrtmt,
1578 1297 1631 1343 et
1663 1304 1785 1357 per-

168 1392 365 1447 ierunt
407 1389 473 1443 ab
499 1388 936 1443 exn'rmiuatorc.
959 1383 1147 1439 Omnia
1177 1390 1353 1435 autent
1383 1381 1497 1435 lucc
1539 1380 1591 1434 in
1620 1380 1783 1448 ﬁgura

163 1482 572 1553 eontitigebant
608 1480 713 1535 illis
740 1499 753 1534 :
784 1480 981 1549 scripta
1011 1485 1187 1531 autem
1225 1483 1350 1529 sunt
1383 1473 1449 1528 ad
1484 1474 1782 1541 correptio-

165 1594 300 1633 uem
328 1586 599 1637 nostram,
622 1575 673 1628 in
695 1588 829 1643 quos
852 1573 969 1627 ﬁnis
990 1572 1306 1625 swculornm
1327 1568 1541 1622 obvenit
1562 1586 1581 1619 ι
1603 1566 1641 1639 (1
1659 1565 1779 1622 Cor.

163 1687 226 1729 Χ.
259 1668 451 1739 5-H).
482 1667 648 1724 Nobis
689 1682 816 1737 ergo
859 1666 1034 1735 potius
1080 1665 1177 1719 ista
1219 1670 1427 1717 cantata
1458 1670 1601 1715 sum.
1632 1658 1783 1716 Unde

167 1765 225 1820 in
261 1763 374 1818 boc
409 1762 613 1832 psalmo
652 1762 790 1817 inter
816 1768 1009 1817 eadem
1034 1757 1233 1814 dictum
1261 1765 1382 1811 est:
1414 1754 1482 1810 Ut
1511 1761 1781 1825 cognoscat

163 1857 442 1930 generatio
464 1856 644 1920 altera,
661 1854 754 1915 ﬁlii
776 1852 861 1924 qui
887 1861 1156 1907 nascentur
1177 1860 1222 1905 et
1244 1859 1529 1920 exsurgent.
1549 1848 1714 1903 Porro
1734 1847 1779 1901 si

164 1951 264 2005 ille
306 1949 562 2004 interitus
591 1963 619 2001 a
649 1946 1004 2015 serpentibus,
1044 1952 1097 1999 et
1135 1943 1204 1997 ab
1240 1939 1650 1996 t-xtcrtnioatore
1692 1937 1779 1993 illa

165 2045 436 2119 perditio.
464 2050 518 2098 ct
538 2041 696 2112 gladii
720 2039 1020 2099 trucidatio,
1047 2039 1225 2101 ﬁgurae
1248 2035 1480 2099 inerunt,
1508 2034 1643 2088 s'cnt
1664 2031 1778 2087 evi-

160 2138 371 2193 denter
394 2133 523 2188 dicit
550 2132 856 2201 Apostolus,
883 2145 1003 2184 cum
1034 2127 1121 2181 illa
1149 2126 1326 2180 omnia
1353 2123 1641 2194 contigisse
1668 2137 1778 2176 tua-

159 2230 433 2284 nil‘estum
465 2227 566 2289 sit;
598 2241 703 2278 non
733 2223 875 2277 cnim
906 2222 998 2283 ait,
1024 2219 1077 2274 In
1112 2218 1278 2287 ﬁgura
1312 2216 1643 2275 dicebantur.
1671 2213 1774 2280 rel,

162 2320 223 2377 lit
260 2322 437 2390 ﬁgura
472 2318 667 2387 scripta
699 2323 863 2378 sttnt;
896 2313 1010 2375 sed,
1044 2311 1106 2364 In
1139 2312 1325 2381 ﬁgura,
1359 2308 1547 2376 inquit,
1576 2307 1771 2360 contin-

159 2415 360 2488 gebant
388 2413 494 2466 illis
513 2427 532 2464 :
549 2419 747 2479 quanto
773 2408 974 2474 majore
995 2404 1264 2474 diligi-mia
1292 2402 1499 2470 pietatis
1518 2396 1776 2453 cavendae

158 2515 295 2562 sunt
325 2519 506 2574 panno
531 2516 752 2571 quarunt
783 2498 959 2568 ﬁgura-
991 2497 1093 2551 illa:
1121 2494 1371 2549 fuerunt!
1402 2491 1589 2547 Procul
1612 2489 1774 2544 dubio

160 2596 400 2669 quippe,
424 2594 560 2647 sicut
591 2594 644 2647 in
678 2591 830 2646 bouis
869 2589 1025 2644 rebus
1064 2586 1232 2642 multo
1260 2584 1487 2652 amplius
1526 2581 1650 2636 boni
1691 2588 1776 2635 est

162 2690 221 2747 in
253 2704 327 2747 eo
353 2685 500 2759 quod
530 2701 626 2758 per
654 2684 873 2755 ﬁguram
913 2680 1261 2751 signiﬁcatur,
1290 2692 1447 2746 quam
1489 2675 1541 2728 in
1572 2674 1684 2744 ipsa
1715 2672 1774 2726 li-

156 2797 345 2856 gnra;
383 2782 457 2833 ita
506 2789 555 2833 et
605 2778 655 2831 in
704 2774 861 2830 malis
904 2773 1057 2838 longe
1092 2771 1272 2838 utique
1304 2767 1479 2836 pejora
1506 2775 1629 2819 sunt
1653 2779 1773 2835 qua:

160 2876 556 2947 signiﬁcantur
583 2867 786 2938 ﬁguris,
811 2882 929 2919 cum
959 2875 1100 2918 tanta
1132 2863 1263 2916 mala
1293 2861 1401 2915 sint
1425 2860 1583 2913 etiam
1610 2856 1774 2927 signi-

161 2968 403 3022 ﬁcantes
448 2964 649 3032 ligni-au
678 2959 810 3015 Nam
860 2958 993 3013 sicut
1045 2969 1182 3010 terra
1232 2952 1620 3023 promissionis,
1664 2962 1771 3019 quo

160 3058 259 3113 ille
280 3055 515 3125 populus
529 3051 843 3117 ducebatur,
860 3051 910 3105 in
926 3048 1323 3120 comparatione
1342 3044 1490 3115 rrgni
1508 3043 1768 3099 cmlorum

159 3149 304 3206 nihil
337 3155 448 3208 est,
471 3159 576 3215 quo
603 3143 923 3198 christianos
951 3140 1176 3211 populus
1205 3137 1415 3192 ducitur
1441 3152 1453 3189 :
1482 3136 1551 3189 ita
1580 3141 1633 3187 ct
1657 3147 1769 3202 pce-

158 3258 250 3299 na:
280 3241 393 3295 illa:
421 3253 541 3309 qua:
573 3238 753 3307 ﬁgura:
784 3233 1015 3297 fuerunt,
1045 3249 1165 3287 eum
1197 3243 1300 3284 tam
1328 3231 1434 3283 sint
1460 3237 1691 3293 atroces,
1716 3226 1768 3281 in

158 3331 578 3404 comparatione
608 3344 884 3401 prunarum
926 3342 1059 3396 quas
1104 3323 1402 3393 signiﬁcant
1446 3321 1577 3375 nihil
1619 3328 1763 3375 sunt.

158 3428 312 3499 Quas
361 3434 547 3479 autem
598 3422 793 3493 ﬁguras
837 3419 972 3475 dixit
1012 3416 1318 3487 Apostolus,
1360 3428 1453 3470 eas
1495 3413 1620 3468 dicit
1668 3413 1769 3466 iste

166 3519 441 3592 psalmus,
470 3522 725 3585 quantum
756 3510 1062 3566 existimare
1086 3521 1387 3577 posmnnus,
1414 3504 1695 3574 paraboms
1715 3512 1769 3559 et

160 3611 610 3685 propositiones:
634 3620 739 3659 non
772 3605 824 3657 in
850 3617 914 3657 co
943 3601 1199 3654 habentes
1231 3598 1411 3662 linem,
1432 3598 1571 3666 quod
1599 3595 1769 3652 conli-

160 3716 363 3780 gerunt
390 3720 407 3769 ;
438 3700 532 3757 sed
567 3699 619 3754 in
649 3698 730 3754 eis
761 3696 922 3752 rebus
950 3693 1015 3748 ad
1045 3707 1177 3763 quas
1205 3689 1506 3746 rationabili
1544 3704 1777 3761 contpay

161 3801 381 3854 ratione
412 3793 741 3850 referuntur.
768 3789 1117 3842 Attendamus
1154 3797 1281 3853 ergo
1322 3780 1489 3850 legem
1524 3780 1636 3844 Dei,
1669 3795 1767 3848 po-

163 3892 326 3965 pulus
370 3890 514 3959 ejus,
546 3894 601 3942 et
647 3883 962 3940 inclinemus
1004 3892 1188 3933 aurem
1236 3883 1471 3932 nostram
1513 3873 1566 3929 in
1605 3873 1767 3928 verba

161 3984 275 4041 oris
302 3982 450 4053 cjus.

240 4078 297 4133 4.
326 4074 486 4150 [rers.
510 4070 592 4145 2.]
621 4070 875 4141 Aperiunt,
904 4065 1094 4138 inquit,
1121 4066 1173 4119 in
1197 4063 1450 4135 parabolis
1479 4078 1535 4116 os
1564 4075 1767 4124 meum;

163 4172 379 4241 eloquar
408 4163 778 4238 propositiones
803 4159 865 4214 ab
889 4158 1051 4213 initio.
1078 4157 1116 4211 Α
1141 4170 1246 4226 quo
1273 4153 1423 4208 initio
1448 4153 1608 4216 dicat,
1636 4151 1767 4207 satis

164 4270 393 4333 apparet
432 4259 488 4314 in
531 4252 981 4325 consequentibus
1024 4249 1139 4305 Noti
1167 4249 1308 4304 enim
1338 4262 1403 4301 cx
1433 4261 1539 4316 quo
1571 4245 1764 4298 laetum

164 4363 246 4410 est
279 4352 483 4406 caelum
513 4357 566 4404 el
600 4358 761 4410 terra,
791 4345 873 4399 vel
904 4360 968 4399 ex
999 4357 1104 4413 qtto
1132 4348 1369 4396 creatum
1399 4346 1481 4391 est
1512 4337 1561 4389 iu
1594 4335 1765 4404 primo

82 4501 97 4514 ,
170 4443 399 4500 bomine
430 4454 600 4511 genus
627 4438 915 4492 lunnanum
940 4452 956 4499 ;
987 4433 1078 4489 sed
1108 4448 1171 4488 ex
1203 4445 1308 4502 quo
1334 4427 1513 4500 populi
1543 4442 1764 4496 congre-

162 4536 312 4608 gatio
334 4547 459 4603 (pne
479 4530 705 4584 adducta
728 4540 891 4584 estex
917 4526 1149 4597 [Egypto
1173 4542 1187 4577 :
1212 4533 1269 4577 ut
1292 4536 1483 4577 sensus
1502 4520 1765 4591 pertineat

164 4627 232 4681 ad
276 4622 484 4692 Asaplt,
526 4618 666 4691 quod
715 4618 1094 4686 interpretatur
1118 4613 1492 4683 (longi-iegatio.
1520 4609 1624 4665 Sed
1662 4609 1765 4663 uti-

166 4731 293 4771 nam
339 4713 431 4784 qui
476 4711 631 4775 dixit,
667 4708 903 4781 Aperiam
940 4707 992 4760 in
1032 4703 1285 4775 parabolis
1313 4720 1370 4757 os
1396 4719 1579 4762 meum,
1602 4701 1762 4757 etiam

169 4809 507 4865 intellectum
539 4812 781 4859 nostrum
811 4801 862 4854 in
893 4814 985 4855 eas
1008 4797 1215 4868 aperire
1240 4793 1516 4864 dignetur!
1540 4792 1595 4847 Si
1620 4791 1763 4846 enim

170 4902 311 4956 sicut
341 4913 405 4953 os
431 4911 587 4952 suum
615 4893 826 4964 aperuit
850 4891 901 4946 in
930 4888 1217 4961 parabolis,
1243 4887 1309 4941 ita
1340 4886 1573 4956 aperiret
1602 4883 1762 4938 etiam

172 4994 315 5062 ipsas
342 4990 661 5064 parabolas;
689 4995 745 5041 et
786 4986 920 5040 sicut
956 4981 1220 5052 eloquitur
1248 4975 1659 5051 propositiones,
1694 4974 1762 5028 ita

171 5086 522 5155 eloqueretur
548 5091 603 5138 et
626 5096 808 5136 earum
840 5076 1234 5147 expositiones;
1264 5087 1370 5127 non
1403 5072 1487 5126 bic
1512 5080 1765 5124 acsmare-

174 5194 294 5233 mus
322 5196 335 5231 :
367 5190 511 5231 nunc
536 5189 663 5230 vero
693 5176 762 5228 ita
793 5173 1000 5228 obtecta
1028 5177 1082 5224 et
1109 5168 1289 5222 clausa
1329 5176 1455 5220 sunt.
1480 5163 1680 5225 omnia,
1709 5171 1766 5217 ιιι

175 5270 389 5326 etianisi
440 5268 507 5323 ad
559 5265 755 5337 aliquid
800 5267 916 5337 ipso
961 5263 1264 5332 atljuvaute,
1303 5258 1444 5314 unde
1480 5256 1767 5313 salubriter

176 5378 465 5435 pascantur
487 5359 767 5432 pervenire
790 5359 1073 5428 pOSsintus,
1099 5355 1150 5409 in
1173 5351 1369 5407 sudore
1390 5359 1565 5405 tamen
1590 5349 1766 5403 vultus

179 5458 346 5511 nostri
367 5455 595 5511 edamus
622 5466 810 5523 panem
832 5448 981 5523 (Gen.
1007 5464 1084 5511 tu,
1115 5447 1235 5516 i9);
1261 5454 1317 5501 et
1344 5460 1552 5516 prauam
1573 5443 1764 5498 deﬁni-

179 5548 340 5604 tionis
383 5547 637 5617 antiqmc,
682 5559 787 5599 non
837 5540 1077 5610 corporis
1125 5549 1354 5605 unitum,
1386 5536 1479 5592 sed
1510 5545 1561 5591 et
1589 5535 1766 5592 cordis

183 5639 362 5697 labore
390 5640 702 5712 pendamus.
731 5637 879 5693 Dicat
916 5650 1064 5704 ergo.
1096 5642 1151 5689 et
1180 5632 1455 5686 audiamus
1487 5628 1766 5700 parabolas

165 5721 235 5789 ἐι
262 5731 671 5803 propositiones.

196 5820 203 5827 ’
252 5822 305 5879 5.
333 5820 482 5897 [verm
514 5821 592 5896 5.]
621 5820 821 5889 Quanta
871 5816 1153 5871 audivimus
1176 5857 1190 5882 ,
1221 5826 1266 5870 et
1309 5813 1629 5885 cognovinms
1672 5830 1762 5881 ca,

184 5919 239 5969 ιτ
258 5922 427 5987 patres
471 5913 628 5969 nostri
657 5920 983 5966 narraueram
1033 5907 1190 5965 nobis.
1236 5906 1488 5965 Dominus
1522 5906 1765 5978 superius

1264 429 1661 490 ENABRATIO
1696 428 1763 487 IN
1800 428 2121 490 PSALMUM
2160 436 2415 495 LXXV".

1898 548 2229 620 loquebatur.
2258 554 2388 610 Nam
2413 556 2564 627 cujus
2603 558 2827 616 alterius
2850 561 3009 618 verba
3034 562 3300 619 credenda
3324 574 3477 633 sunt,

1893 642 2143 701 Attcndite
2162 688 2174 707 ,
2200 650 2417 716 populus
2442 667 2579 705 mens
2603 692 2620 717 ,
2648 653 2803 720 legem
2849 671 3008 708 nteant
3031 655 3057 709 ?
3084 655 3219 725 Quid
3241 665 3324 714 est
3350 674 3481 731 ergo

1894 738 2034 806 quod
2068 756 2205 795 ltltttc
2234 753 2453 810 repente
2481 745 2637 798 bomo
2664 747 2917 818 loquitur?
2941 748 3055 802 lam
3081 752 3222 805 enim
3251 751 3485 810 hominis

1892 832 2053 886 verba
2097 844 2252 897 sunt,
2302 835 2503 903 Quanta
2532 840 2844 901 audivimus,
2884 851 2930 895 et
2959 843 3278 913 cognovimus
3315 860 3408 911 ra,
3438 851 3487 900 et

1893 931 2059 988 patres
2079 925 2237 978 nostri
2270 940 2595 982 narravcrunt
2622 931 2781 984 nobis.
2812 931 3064 988 Nimirum
3091 935 3199 1003 jam
3227 935 3366 989 Deus
3411 952 3477 992 ex

1894 1011 2123 1068 bominis
2154 1016 2447 1071 ministerio
2473 1019 2765 1083 locuturus,
2794 1024 2929 1077 sicut
2954 1023 3027 1079 ait
3052 1027 3337 1095 Apostolus
3360 1068 3374 1089 ,
3399 1027 3480 1083 An

1892 1103 2042 1158 vultis
2090 1108 2483 1175 experimentum
2535 1112 2760 1183 accipere
2799 1116 2910 1177 eius
2943 1117 3030 1184 qui
3072 1117 3123 1170 in
3163 1134 3242 1172 me
3260 1118 3482 1187 loquitur

1890 1194 2118 1252 Christus
2135 1198 2199 1267 (ll
2220 1200 2331 1253 (for.
2358 1218 2467 1267 xui,
2484 1204 2563 1272 3)?
2589 1220 2652 1258 ex
2684 1220 2905 1275 persona
2932 1222 3026 1262 sua
3061 1208 3285 1276 primum
3313 1209 3473 1266 verba

1891 1285 2004 1341 ﬁeri
2026 1288 2191 1343 voluit
2211 1329 2225 1352 ,
2258 1306 2323 1345 ne
2354 1293 2510 1347 verba
2547 1295 2662 1363 ejus
2689 1296 2739 1350 lo
2762 1312 2910 1365 piens
2938 1298 3130 1364 homo,
3160 1310 3474 1357 contemne-

1889 1389 2039 1435 retur
2060 1392 2114 1436 ut
2164 1383 2341 1438 bomo.
2392 1385 2461 1448 ita
2493 1388 2636 1441 enim
2663 1404 2722 1443 se
2768 1392 2965 1447 habent
3004 1393 3298 1451 locutiones
3346 1396 3475 1458 Dei,

1887 1488 2007 1543 qme
2050 1475 2201 1529 nobis
2249 1476 2582 1533 insinuantur
2628 1497 2723 1550 per
2747 1497 2961 1537 sensum
3006 1486 3246 1555 corporis
3288 1488 3474 1542 nostri.

1887 1562 2195 1621 Creaturatn
2225 1569 2489 1623 subditam
2518 1587 2680 1641 opere
2709 1573 2956 1629 invisibili
2985 1575 3210 1631 Creator
3258 1589 3472 1646 movet;

1888 1670 1992 1710 non
2021 1657 2138 1726 ejus
2162 1660 2453 1714 substantia
2494 1662 2545 1716 iit
2580 1664 2775 1735 aliquid
2803 1668 3082 1738 corporale
3107 1679 3160 1723 ct
3185 1673 3476 1741 temporale

1885 1751 2245 1810 convertitur,
2280 1761 2337 1806 ut
2371 1755 2739 1824 corporalibus
2767 1769 2820 1812 et
2861 1760 3241 1830 tenqmrabbus
3271 1764 3473 1832 signis,

1884 1840 1998 1896 sive
2025 1841 2089 1895 ad
2122 1843 2305 1897 oculos
2344 1846 2457 1900 sive
2482 1846 2548 1900 ad
2575 1862 2733 1903 aures
2774 1852 3189 1917 pertinentibus,
3213 1864 3469 1924 quantum

1884 1946 2077 2003 capere
2106 1933 2347 1990 homines
2377 1947 2594 2004 possunt
2616 1981 2632 2002 ,
2663 1954 2813 1996 suam
2841 1940 2996 1998 ﬁtciat
3028 1944 3361 2002 ittttult'St't'l‘e
3381 1963 3472 2001 vo-

1883 2024 2161 2081 luntatem.
2190 2025 2246 2082 Si
2294 2028 2436 2083 enim
2463 2032 2681 2101 angelus
2719 2034 2792 2086 uti
2844 2044 3015 2103 potest.
3051 2035 3283 2102 nubere,
3315 2054 3470 2104 aere,

1883 2119 2023 2174 nube
2047 2161 2062 2187 ,
2094 2120 2233 2190 igne,
2263 2130 2317 2175 et
2343 2121 2445 2175 alia
2489 2124 2724 2193 qualibet
2747 2135 2931 2180 natura
2962 2128 3042 2182 vel
3080 2129 3258 2198 specie
3283 2146 3473 2199 corpo-

1881 2213 1977 2267 rali
2004 2229 2018 2277 ;
2046 2225 2100 2268 et
2130 2215 2288 2270 homo
2310 2216 2457 2270 vultu
2480 2259 2494 2280 ,
2528 2217 2701 2288 lingua
2727 2261 2739 2279 ,
2775 2236 2957 2286 tuamt,
2988 2222 3215 2289 calamo,
3249 2223 3467 2291 litteris,

1879 2305 2065 2361 aliisve
2089 2307 2509 2378 signiﬁcantibus
2538 2311 2696 2363 rebus
2716 2309 2781 2364 ad
2812 2326 2922 2366 Sua:
2966 2315 3159 2367 mentis
3190 2314 3470 2370 indicanda

1879 2411 2124 2466 secreta;
2173 2410 2444 2471 postremo
2467 2417 2587 2457 cum
2638 2403 2930 2465 bunosit,
2964 2409 3180 2460 nuntios
3225 2405 3472 2463 homines

1879 2491 2077 2559 mittit,
2102 2502 2156 2548 ct
2179 2494 2305 2550 dicit
2338 2496 2462 2561 alB,
2495 2494 2637 2549 \‘ade
2657 2537 2670 2556 .
2699 2506 2753 2551 et
2776 2497 2944 2554 \adit:
2978 2508 3030 2551 et
3062 2498 3149 2552 alii
3177 2540 3189 2557 ,
3228 2499 3352 2553 \‘eni
3373 2541 3391 2563 ,
3416 2507 3472 2554 et

1877 2583 2060 2648 venit;
2088 2595 2142 2639 et
2188 2600 2344 2640 servo
2373 2602 2504 2652 suo,
2540 2587 2644 2643 Fac
2674 2587 2775 2643 hoc
2794 2630 2808 2656 ,
2837 2602 2892 2644 et
2921 2589 3045 2644 facit
3071 2588 3220 2660 (Luc.
3252 2606 3344 2652 vn,
3373 2595 3466 2660 8):

1876 2682 2074 2744 quanto
2104 2678 2306 2744 majore
2336 2690 2386 2732 et
2414 2680 2713 2735 cﬁicaciore
2765 2693 3023 2750 potestate
3056 2683 3192 2738 Deus
3211 2724 3227 2749 ,
3258 2686 3342 2739 cui
3374 2685 3471 2740 Ι)οο

1859 2768 2023 2823 -ῐιιὶηο
2049 2769 2292 2825 universa
2319 2771 2556 2841 subjecta
2608 2782 2731 2827 sunt
2752 2816 2765 2835 ,
2792 2784 2845 2829 et
2868 2772 3017 2851 ipso
3048 2777 3236 2845 angelo
3264 2785 3317 2829 et
3363 2775 3464 2831 ho-

1876 2861 2021 2916 mine
2074 2862 2271 2929 utitur,
2301 2865 2524 2934 utquod
2556 2866 2603 2920 ei
2654 2866 2827 2934 placet
2872 2870 3184 2922 annuntiet!
3214 2870 3468 2935 Quamvis

1874 2954 2052 3025 itaque
2065 2953 2177 3025 jam
2203 2954 2362 3009 homo
2391 2956 2563 3020 dicat,
2591 2959 2792 3024 Quanta
2831 2960 3143 3024 audivimus,
3165 2971 3212 3015 et
3234 2963 3468 3031 cognovi-

1874 3060 1986 3099 mus
2006 3060 2085 3111 ca,
2113 3054 2161 3099 et
2187 3055 2354 3115 patres
2379 3048 2535 3102 nostri
2566 3064 2761 3101 narravi
2778 3059 2894 3101 runt
2933 3050 3111 3114 nobis;
3139 3061 3313 3105 t:uneu
3347 3063 3464 3106 tan-

1872 3150 2032 3203 quant
2052 3136 2156 3199 .Dei
2189 3138 2387 3202 verba,
2420 3154 2525 3192 non
2558 3149 2805 3207 tanquam
2854 3138 3114 3194 lnnnanas
3146 3143 3346 3195 fabulas
3371 3159 3466 3197 au-

1872 3226 2099 3281 dianms.
2133 3226 2354 3297 Propter
2385 3229 2484 3282 hoc
2525 3230 2666 3282 enim
2698 3231 3030 3298 [tl‘ll'tlllSSlllll
3068 3241 3150 3286 est
3172 3274 3185 3291 .
3211 3231 3465 3288 Αιιιοιιάίιε

1875 3321 2092 3390 populus
2115 3337 2272 3384 meus,
2297 3322 2455 3390 legem
2484 3338 2678 3384 meam,
2710 3321 2951 3376 inclinate
2976 3339 3150 3376 attrem
3174 3334 3387 3378 vestrum
3411 3327 3461 3379 in

1872 3410 2019 3466 verba
2039 3413 2140 3466 oris
2170 3413 2283 3466 nni.
2317 3412 2553 3483 Aperiunt
2592 3414 2642 3466 in
2685 3414 2936 3482 parabolis
2962 3430 3017 3468 os
3042 3431 3225 3476 meum,
3256 3415 3464 3488 eloquar

1873 3505 2241 3575 propositiones
2266 3504 2328 3558 ab
2359 3506 2520 3558 initio.
2555 3505 2756 3572 Quanta
2778 3521 2905 3573 ergo
2929 3506 3232 3573 audivimus,
3259 3509 3426 3575 inquit
3444 3550 3460 3573 ,

1872 3606 1916 3649 et
1954 3598 2271 3667 cognovimus
2308 3613 2366 3649 ea
2388 3636 2404 3661 ,
2432 3606 2479 3649 et
2520 3608 2687 3666 patres
2729 3598 2886 3650 nostri
2925 3610 3255 3651 narraverant
3297 3601 3458 3655 nobis.

1872 3685 1959 3741 Sic
1986 3695 2087 3746 est,
2117 3688 2426 3754 audivimus,
2445 3697 2490 3739 et
2517 3688 2838 3756 cognorimus
2858 3703 2876 3749 ,'
2894 3690 3180 3756 quomodo,
3206 3689 3357 3753 Audi,
3391 3691 3459 3757 [i-

1871 3777 1962 3844 liu,
1991 3789 2036 3831 et
2058 3777 2168 3830 vide
2199 3775 2366 3847 (Psal.
2402 3794 2559 3843 xciv,
2589 3779 2695 3848 ll).
2729 3777 2919 3831 Audita
2959 3778 3101 3834 enim
3135 3791 3253 3832 sum
3279 3780 3328 3833 in
3362 3780 3463 3836 Ve-

1872 3871 1971 3924 teri
1997 3869 2338 3925 Testamento
2387 3886 2504 3940 qme
2533 3881 2928 3938 cognosvuntur
2975 3870 3025 3926 in
3053 3871 3234 3937 Novo;
3280 3875 3456 3929 audita

1869 3978 1989 4017 cum
2021 3966 2498 4032 prophetarentnr,
2544 3964 2752 4032 Cognita
2793 3978 2913 4016 cum
2963 3963 3329 4032 impii-rentur.
3361 3966 3457 4023 Ubi

1872 4054 2153 4121 promissio
2208 4052 2465 4116 redditur,
2515 4069 2617 4105 non
2668 4053 2939 4107 fraudator
2988 4054 3207 4109 auditio.
3259 4054 3323 4109 Et
3366 4075 3460 4125 pa-

1870 4154 1969 4197 tres
1992 4144 2167 4207 nostri,
2206 4142 2415 4214 Moyscs
2444 4153 2497 4197 et
2526 4142 2806 4211 Propheta:
2827 4184 2840 4204 ,
2871 4159 3196 4200 narravtrunt
3223 4148 3383 4201 nobis.

1940 4236 1993 4290 6.
2024 4235 2172 4308 lucra.
2206 4234 2284 4307 4.]
2332 4233 2448 4289 Non
2487 4245 2602 4289 sunt
2629 4235 2922 4290 abscondita
2959 4254 2988 4288 (ι
3014 4238 3133 4306 ﬁliis
3170 4256 3339 4293 eorum
3361 4281 3374 4304 ,
3404 4241 3458 4296 in

1867 4329 2186 4398 generatione
2215 4328 2393 4381 altera.
2444 4328 2565 4381 llaec
2592 4338 2675 4382 est
2714 4339 2893 4382 nostm
2933 4332 3205 4400 generatio
3225 4373 3243 4397 ,
3276 4334 3327 4386 iu
3354 4351 3457 4403 qua

1868 4418 2022 4472 nobis
2060 4418 2250 4470 donata
2277 4426 2357 4471 est
2389 4419 2738 4488 regeneratio.
2772 4419 3136 4474 Annuntiantcs
3156 4423 3332 4478 laudes
3361 4423 3458 4478 Do-

1868 4511 2023 4575 mini,
2067 4521 2114 4562 et
2157 4511 2398 4580 potentias
2445 4512 2584 4581 ejus,
2624 4521 2667 4563 et
2711 4511 2962 4565 mirabilta
3008 4514 3116 4584 ejus
3161 4531 3276 4584 qua:
3317 4520 3455 4586 fecit.

1867 4601 2011 4658 Ordo
2037 4603 2318 4657 vcrbormn
2342 4612 2457 4669 est,
2495 4601 2560 4656 Et
2608 4613 2774 4671 patres
2803 4606 2962 4658 nostri
2999 4620 3327 4662 narraverunt
3366 4628 3459 4664 no-

1868 4696 1963 4762 bis,
2015 4699 2368 4750 anmmtiantes
2402 4697 2578 4751 (uades
2621 4696 2844 4751 Domini.
2877 4697 3143 4754 Laudatur
3203 4702 3458 4758 Dominus

1868 4799 1926 4842 ut
1954 4800 2160 4843 ametur
2190 4806 2203 4842 :
2235 4789 2356 4858 quid
2389 4791 2528 4842 enim
2557 4789 2822 4842 salubrius
2849 4789 3101 4845 amatur?

1940 4882 1990 4935 7.
2022 4880 2171 4953 [rcrs.
2197 4880 2341 4952 5-8.]
2380 4879 2447 4933 Et
2478 4881 2732 4933 suscitavit
2777 4880 3132 4937 Testimmn'um
3162 4886 3213 4939 in
3257 4885 3419 4941 Jacob
3441 4928 3457 4954 ,

1867 4981 1916 5027 et
1937 4971 2117 5043 Legem
2149 4973 2313 5043 posuit
2340 4972 2393 5026 in
2420 4971 2599 5026 Israel.
2634 4972 2744 5027 lloc
2787 4983 2868 5029 cst
2898 4976 3101 5030 initium
3129 4977 3194 5030 de
3233 4994 3338 5048 quo
3364 4995 3456 5034 su-

1867 5081 1963 5138 pra
2004 5065 2202 5119 dictum
2232 5074 2310 5119 est
2335 5106 2352 5130 ,
2380 5062 2607 5133 Eloquar
2654 5067 3017 5136 propositiones
3052 5068 3115 5121 ab
3151 5069 3312 5124 initio.
3347 5072 3455 5128 luiv

1871 5161 2000 5214 tium
2022 5167 2104 5214 est
2149 5174 2277 5229 ergo
2308 5157 2471 5213 Vetus
2505 5157 2934 5227 Testamentum,
2966 5159 3085 5214 ﬁnis
3110 5160 3334 5217 Novum.
3368 5164 3457 5219 'l‘i-

1869 5266 1988 5306 mor
2029 5252 2170 5306 enim
2223 5250 2475 5320 praevalet
2521 5250 2572 5305 in
2614 5249 2753 5322 Lege
2790 5268 2805 5306 :
2849 5260 2904 5305 et
2948 5250 3147 5306 initium
3192 5255 3457 5323 sapientiai

1869 5344 2017 5398 timor
2053 5342 2255 5396 Domini
2287 5340 2458 5411 (Psal.
2484 5356 2550 5397 cx
2572 5383 2584 5407 ,
2618 5341 2728 5414 i0).
2760 5340 2908 5396 Finis
2932 5350 3107 5398 autem
3131 5343 3280 5416 chis
3308 5345 3455 5402 Cleri.

1869 5447 1975 5492 stus
2003 5446 2083 5491 est
2102 5477 2116 5499 ,
2140 5436 2207 5489 ad
2221 5436 2477 5505 justitiam
2517 5436 2657 5489 omni
2683 5434 2904 5489 credenti
2930 5432 3107 5505 (Rom.
3132 5452 3190 5502 ι,
3223 5438 3277 5505 4)
3307 5458 3320 5493 :
3345 5456 3454 5510 quo

1869 5528 2100 5583 donante
2139 5525 2444 5594 di/funditur
2486 5527 2708 5581 charitas
2754 5525 2808 5579 in
2842 5526 3078 5580 cordibus
3122 5529 3341 5594 nostris,
3366 5546 3452 5601 per

1873 5620 2121 5691 Spiritum
2144 5629 2370 5674 sanctum
2390 5619 2474 5690 qui
2498 5618 2646 5671 datus
2670 5627 2741 5671 est
2767 5616 2908 5671 nobis
2930 5617 3041 5689 (ld.
3068 5633 3122 5684 ν.
3144 5619 3222 5689 5);
3254 5632 3306 5675 et
3331 5639 3454 5675 con.

1871 5722 2121 5767 summota
2140 5712 2358 5766 charitas
2382 5714 2521 5781 [oras
2547 5709 2693 5763 mittit
2728 5710 2955 5764 timorcnt
2983 5708 3196 5780 (lloan.
3220 5728 3289 5775 tv,
3318 5712 3407 5782 l8)
3430 5757 3444 5784 ,

1872 5808 2121 5879 quoniam
2150 5822 2282 5861 nunc
2300 5805 2409 5859 sine
2428 5804 2561 5875 Lege
2577 5804 2779 5873 justitia
2794 5803 2884 5859 Dei
2901 5806 3217 5878 manifestata
3231 5819 3322 5863 est.
3345 5807 3451 5865 Sed

1874 5902 2126 5978 quoniam
2154 5899 2491 5957 testimonium
2516 5899 2662 5956 liabet
2688 5918 2720 5954 a
2741 5899 2875 5971 Lege
2905 5910 2951 5957 et
2986 5898 3256 5972 l’rOpltetis
3274 5903 3460 5975 (llam.

2572 6126 2695 6381 ι

2696 6388 2721 6403 ,π
