3966 6460
550 451 654 512 9η
1492 448 1523 474 .

554 588 608 629 m
628 614 642 639 ,
679 568 776 640 21)
802 610 816 636 ,
846 566 966 624 ideo
992 563 1245 623 suscitavit
1267 558 1635 617 Testimonium
1674 553 1729 609 iu
1756 547 1941 614 Iacob,
1968 552 2013 600 et
2042 539 2139 598 Le-

553 683 664 738 gem
696 664 860 735 posuit
878 662 931 717 in
960 659 1142 717 Israel.
1164 657 1294 714 Nam
1320 668 1375 712 et
1404 651 1531 709 illud
1561 646 1704 723 quod
1733 657 1841 703 tam
1868 641 2059 738 insigni
2086 646 2143 697 et

557 734 714 831 pleno
764 755 922 810 tantis
974 749 1447 824 signiﬁcationibus
1508 760 1670 816 opere
1741 734 2140 796 tabcntaculum

555 851 899 911 constitutum
922 857 1036 915 est,
1068 846 1463 903 tabernaculum
1500 838 1813 897 Testimonii
1840 834 2143 891 nominatur

564 941 751 1019 (Exod.
780 958 886 1010 XL,
915 940 971 1015 2)
999 984 1013 1008 ,
1048 941 1099 997 in
1140 954 1245 1011 quo
1286 946 1401 994 erat
1445 934 1688 990 velamen
1738 936 1921 984 contra
1964 937 2143 1019 arcam

562 1016 713 1108 Legis
737 1077 752 1099 .
780 1036 920 1092 sicut
961 1033 1200 1089 velamen
1235 1038 1417 1086 contra
1464 1026 1652 1083 faciem
1701 1021 1929 1079 ministri
1956 1016 2144 1090 Legis;

562 1130 679 1199 quia
720 1128 773 1182 in
820 1126 909 1181 illa
938 1123 1336 1197 dispensatione
1379 1118 1648 1193 paraboim
1672 1127 1726 1174 et
1752 1112 2146 1186 propositiones

561 1233 732 1277 erant.
757 1219 831 1276 Ea
875 1218 1068 1290 quippe
1093 1233 1210 1289 qum
1238 1214 1663 1288 prmdicabantur
1697 1219 1753 1266 et
1791 1207 2024 1273 ﬂebant,
2052 1217 2147 1258 vec

535 1291 547 1338 ί
562 1313 685 1368 latis
735 1310 1209 1383 signiﬁcationibus
1242 1308 1643 1373 condebantur,
1676 1312 1729 1359 et
1771 1317 1876 1357 non
1903 1297 2149 1355 revelatis

563 1402 1078 1460 manilestationibus
1104 1399 1481 1457 cernebantur.
1510 1397 1633 1451 Cant
1656 1405 1822 1453 autem
1847 1390 2104 1449 transieris
2129 1389 2147 1422 ¹

564 1498 631 1551 ad
661 1498 939 1564 Christum,
968 1497 1039 1551 ait
1065 1494 1371 1566 Apostolus,
1402 1496 1661 1565 auferetur
1683 1490 1907 1545 velamen
1935 1485 1999 1560 (11
2028 1484 2147 1541 Cor.

564 1604 620 1644 ιιι
647 1632 660 1655 ,
696 1590 760 1644 l3
786 1633 799 1649 .
831 1588 936 1662 16).
966 1591 1233 1663 Quotquot
1275 1588 1414 1642 enim
1457 1595 1579 1641 sunt
1607 1583 1989 1655 promissiones
2017 1578 2147 1645 Dei,

566 1682 618 1735 iu
650 1681 740 1739 illo
768 1680 968 1745 Etiam,
992 1682 1149 1735 Amen
1200 1682 1219 1712 ⁸
1258 1677 1498 1753 (Ibid.t,
1536 1676 1650 1750 ΞΟ).
1700 1674 1950 1749 Quisquis
1994 1671 2152 1743 igitur

564 1772 777 1830 Christo
801 1772 1068 1840 :tdhmret,
1095 1784 1259 1829 totum
1292 1773 1489 1828 bonum
1526 1770 1666 1844 qtmd
1693 1769 1851 1826 etiam
1878 1768 1930 1822 in
1961 1764 2153 1821 litteris

564 1863 722 1936 Logis
749 1881 853 1920 non
882 1866 1142 1937 intelligit,
1168 1865 1348 1931 habet;
1379 1864 1619 1936 quisquis
1642 1869 1724 1917 est
1746 1869 1921 1917 autem
1945 1858 2153 1914 alienus

563 1974 593 2012 a
618 1958 853 2026 Christo,
882 1975 980 2017 nec
999 1960 1259 2032 intelligzt,
1285 1975 1383 2015 nec
1404 1958 1579 2013 habet.
1617 1956 1891 2012 Suscitavit
1908 1967 2035 2025 ergo
2051 1949 2155 2007 Te-

563 2051 852 2107 stimonium
879 2051 930 2106 in
950 2050 1389 2123 Iucob,etl.egent
1416 2052 1582 2122 posuit
1598 2050 1649 2103 in
1674 2046 1856 2102 Israel.
1879 2046 2025 2101 More
2053 2057 2153 2099 suo

564 2145 779 2216 repetit.
819 2144 951 2200 Nam
978 2145 1117 2216 quod
1143 2154 1251 2213 est,
1282 2144 1558 2199 Suscitavit
1606 2140 2007 2205 Testimonium;
2049 2136 2154 2195 hoc

565 2244 670 2299 est,
694 2234 876 2306 Legem
898 2237 1064 2306 posuit
1089 2253 1102 2288 :
1132 2246 1186 2291 ct
1224 2233 1362 2303 quod
1393 2243 1501 2301 est,
1535 2233 1589 2287 in
1609 2230 1767 2286 Iacob
1787 2247 1805 2296 ,'
1827 2229 1931 2286 hoc
1958 2238 2075 2294 est,
2097 2228 2154 2283 in

564 2325 749 2382 Israel.
770 2326 899 2383 Nam
918 2327 1054 2383 sicut
1076 2327 1173 2382 ista
1198 2326 1303 2382 duo
1331 2326 1542 2382 nomina
1572 2333 1695 2379 sunt
1719 2321 1951 2378 hominis
1970 2322 2151 2390 unius,

565 2417 637 2473 ita
669 2417 807 2486 Lex,
839 2430 893 2474 et
927 2418 1311 2475 Testimonium
1337 2418 1442 2473 duo
1480 2426 1601 2473 sunt
1632 2415 1847 2473 nomina
1875 2413 1950 2469 rei
1975 2413 2149 2471 unius.

566 2509 795 2566 Interest
836 2512 1031 2583 aliquid
1058 2553 1070 2575 ,
1104 2512 1177 2566 ait
1201 2511 1458 2583 quispiam
1478 2552 1494 2579 ,
1523 2510 1659 2566 inter
1700 2508 1957 2565 suscitavit
1981 2518 2035 2564 et
2059 2523 2152 2581 po-

566 2604 685 2663 suit.
736 2602 810 2658 Ita
865 2618 1032 2670 sane;
1075 2603 1518 2677 quemadmodum
1566 2606 1787 2660 interest
1827 2604 1986 2658 etiam
2014 2604 2153 2659 inter

564 2692 745 2759 Iacob,
768 2704 818 2752 et
843 2693 1007 2751 Israel
1032 2712 1053 2751 :
1078 2711 1183 2751 non
1212 2697 1333 2769 quia
1356 2704 1507 2751 erant
1530 2695 1634 2753 duo
1665 2695 1928 2761 homines,
1951 2696 2043 2751 sed
2063 2711 2153 2752 ea-

564 2788 685 2844 dem
734 2788 841 2845 duo
887 2790 1102 2846 nomina
1147 2790 1377 2847 diversis
1422 2791 1598 2848 causis
1634 2791 1724 2846 uni
1772 2789 1975 2846 homini
2029 2800 2154 2846 sunt

564 2881 809 2954 imposita
835 2900 850 2949 ;
876 2882 1042 2938 Iacob
1084 2891 1303 2955 propter
1345 2883 1823 2956 supplantationem
1850 2925 1866 2950 ,
1898 2883 2151 2955 quoniam

563 2973 835 3030 nascentis
861 2978 1023 3030 tenuit
1052 2974 1278 3047 plantam
1310 2974 1522 3041 fratris;
1547 2974 1706 3032 lsrael
1734 2985 1910 3037 autem
1934 2983 2153 3051 propter

565 3066 830 3123 visionem
866 3068 954 3123 Dei
983 3064 1135 3138 (Gen.
1164 3085 1266 3125 xxv
1285 3110 1301 3137 ,
1331 3069 1435 3136 ‘23,
1467 3078 1513 3123 et
1535 3086 1700 3136 χχχιι,
1728 3068 1844 3140 28).
1891 3067 1980 3125 Sic
2006 3067 2152 3125 aliud

561 3168 677 3227 est,
708 3160 994 3228 suscitavit,
1027 3160 1167 3216 aliud
1199 3161 1382 3230 posuit.
1412 3159 1543 3216 Nam
1569 3204 1585 3229 ,
1612 3162 1865 3225 suscitavit
1896 3158 2151 3217 Tes'timo-

564 3244 724 3310 nium,
747 3254 1002 3327 quantum
1027 3245 1295 3314 existimo,
1317 3245 1518 3301 dictum
1535 3255 1636 3315 est,
1666 3246 1808 3317 quod
1831 3247 1923 3302 illo
1950 3246 2153 3318 aliquid

565 3339 876 3394 suscitatum
906 3349 1008 3394 est.
1037 3337 1165 3395 Sine
1191 3337 1326 3412 Lege
1350 3340 1503 3406 enim,
1534 3339 1608 3394 ait
1633 3336 1940 3410 Apostolus,
1972 3355 2153 3409 pecca-

567 3441 673 3485 tum
720 3445 973 3484 ntortuum
1001 3440 1090 3488 est.
1126 3429 1237 3505 Ego
1274 3441 1443 3486 autent
1474 3433 1693 3487 vivebam
1729 3432 2004 3501 aliquando
2045 3435 2155 3490 sine

568 3521 749 3595 Lege:
779 3522 1068 3577 adveniente
1114 3533 1282 3578 autem
1331 3523 1572 3579 mandato
1595 3566 1609 3591 ,
1654 3536 1909 3596 peccatum
1949 3526 2150 3582 revixit.

566 3613 707 3671 Ecce
733 3616 876 3689 quod
905 3616 1213 3672 suscitatam
1245 3626 1326 3672 est
1363 3632 1460 3691 per
1487 3615 1872 3674 Testimonium
1902 3616 2042 3691 quod
2071 3628 2156 3675 est

566 3706 707 3776 Lex,
755 3717 812 3763 ut
855 3720 1108 3779 appareat
1132 3709 1273 3780 quod
1301 3709 1536 3778 latebat,
1562 3711 1700 3766 sicut
1731 3711 1888 3782 paulo
1919 3722 2040 3782 post
2068 3712 2154 3767 di-

567 3802 678 3857 cit:
712 3801 818 3857 Sed
850 3811 1110 3873 peccatum
1151 3810 1209 3856 ut
1251 3812 1494 3874 appareat
1533 3813 1790 3874 peccatum
1811 3846 1825 3872 ,
1852 3821 1942 3875 per
1970 3804 2156 3859 bonum

566 3893 689 3948 mihi
717 3904 977 3965 operatum
998 3904 1069 3949 est
1095 3904 1303 3950 mortem
1330 3893 1517 3967 (Rom.
1539 3910 1609 3950 vn
1628 3937 1641 3959 ,
1665 3895 1719 3962 8,
1747 3894 1802 3963 9,
1835 3893 1945 3971 15).
1976 3893 2158 3953 Posuit

566 3996 746 4044 autem
775 3985 992 4059 Legem,
1021 3987 1219 4044 dictum
1267 3997 1376 4055 est,
1412 3997 1657 4061 tanquam
1698 3988 1882 4061 jugum
1914 4000 2158 4061 peccato-

567 4082 717 4137 ribus
748 4099 761 4134 :
794 4082 933 4137 unde
985 4080 1199 4148 dicitur,
1233 4082 1365 4151 Quia
1416 4084 1551 4152 iusto
1592 4099 1694 4138 non
1735 4094 1811 4139 est
1856 4085 1939 4140 lex
1991 4086 2158 4156 posita

570 4175 610 4247 (l
634 4174 768 4231 Tim.
800 4192 837 4245 ι,
861 4176 938 4247 9).
957 4175 1346 4233 Testimonium
1376 4186 1459 4233 est
1486 4177 1673 4249 igitur,
1704 4178 1754 4233 in
1783 4189 2038 4251 quantum
2060 4179 2159 4235 ali-

568 4271 693 4343 quid
722 4271 949 4353 probat;
982 4270 1090 4328 Lex
1112 4280 1288 4328 autem
1309 4313 1324 4339 ,
1357 4272 1411 4327 in
1432 4281 1683 4343 quantum
1715 4272 1905 4344 jubet;
1937 4289 2059 4329 cum
2088 4274 2160 4330 sit

569 4379 674 4418 una
717 4364 1011 4436 eademque
1057 4380 1164 4421 res.
1213 4363 1470 4432 Quocirca
1515 4365 1655 4420 sicut
1699 4365 1833 4435 lapis
1873 4364 2156 4433 Christus;

568 4458 663 4515 sed
721 4459 1057 4516 credentibus
1088 4461 1139 4515 in
1185 4468 1343 4530 caput
1383 4457 1557 4529 anguli
1609 4457 1779 4532 (Psal.
1823 4475 2001 4527 cxvu,
2028 4458 2154 4533 29.),

570 4567 675 4608 non
703 4552 1043 4609 credentibus
1069 4565 1243 4607 autem
1266 4551 1400 4622 lapis
1420 4551 1729 4609 oﬁ‘ensionis
1752 4562 1805 4609 et
1832 4564 1977 4622 petra
1998 4568 2156 4609 scan-

548 4643 716 4710 ‘dali;
750 4645 820 4698 ita
866 4643 1250 4703 Testimonium
1296 4642 1453 4714 Legis
1491 4643 1572 4700 eis
1600 4644 1687 4715 qui
1719 4642 1861 4712 Lege
1888 4659 1993 4698 non
2021 4643 2155 4714 legi-

572 4737 701 4793 time
752 4744 991 4791 utuntur.
1042 4735 1429 4791 Testimonium
1480 4744 1563 4790 est
1614 4750 1720 4807 quo
1775 4736 2158 4792 convincuntur

563 4826 823 4900 puniendi
853 4836 1190 4897 peccatores;
1222 4827 1303 4881 his
1331 4840 1461 4881 vero
1506 4826 1594 4897 qui
1644 4841 1704 4881 ea
1736 4826 1967 4897 legitime
1995 4837 2154 4882 utun-

569 4932 678 4984 tur,
707 4920 1088 4976 Testimonium
1118 4929 1201 4975 est
1246 4934 1351 4989 quo
1378 4918 1774 4975 demonstratur
1802 4919 1867 4973 ad
1902 4935 2060 4990 quem
2090 4935 2156 4975 ιι.

568 5014 788 5071 berandi
833 5012 1120 5084 confugere
1164 5012 1359 5068 debent
1405 5023 1731 5082 peccatores.
1780 5010 1834 5072 in
1865 5012 1981 5082 ejus
2012 5012 2155 5069 enim

567 5110 733 5181 gratia
765 5117 847 5164 est
885 5108 1081 5177 iustitia
1110 5104 1207 5161 Dei
1229 5148 1244 5175 ,
1289 5107 1626 5175 testimoniunt
1655 5106 1843 5163 habens
1884 5124 1915 5160 a
1941 5106 2077 5179 Lege
2109 5118 2157 5163 et

568 5200 865 5271 Prophetis,
914 5216 1018 5272 qua
1047 5199 1411 5271 8justilicatur
1457 5200 1649 5270 impius
1690 5216 1893 5273 :quam
1943 5201 2155 5272 quidam

547 5262 884 5410 Egnorantes,
908 5300 954 5348 et
994 5308 1138 5359 suam
1179 5292 1401 5355 volentes
1448 5293 1783 5361 comtituere,
1817 5294 2033 5363 justitia:
2057 5292 2156 5351 Dei

568 5403 666 5410 μ-..
698 5395 810 5410 --.με
835 5387 1039 5410 -..L!--..‘
1070 5384 1222 5410 ID.....
1278 5402 1306 5410 _
1382 5388 1436 5410 t2\

1781 432 1841 491 S.
1878 423 2017 485 ABG
2025 412 2249 480 US’I‘IM
2285 413 2591 474 EPISGOPI
3648 430 3710 495 η

2248 533 2343 589 nili
2372 532 2461 603 qui
2487 537 2774 589 nascentur
2796 538 2852 588 et
2869 541 3178 606 exsurget“,
3201 542 3469 597 etnsrrent
3483 544 3500 579 ¹
3516 544 3711 626 Ilium;

2248 640 2307 687 ut
2345 639 2546 702 ponant
2585 631 2638 685 in
2670 629 2781 686 Deo
2814 642 2963 702 spem
2994 645 3186 699 suam,
3212 642 3266 691 et
3312 650 3408 693 non
3442 639 3716 707 obliviscantur

2249 738 2473 797 operum
2526 722 2653 791 Dei,
2687 732 2741 780 et
2778 723 3027 780 mandata
3066 726 3183 796 ejus
3223 730 3498 800 exquirant.
3533 735 3716 816 Heliam,

2252 816 2390 874 sicut
2434 824 2611 888 patres
2661 831 2885 886 eorum,
2908 821 3185 889 generatio
3223 834 3375 892 prava
3410 832 3718 905 etamarictns;

2254 907 2528 981 generatio
2551 924 2671 980 quze
2707 922 2805 964 cor
2829 924 2934 965 non
2963 909 3162 967 direxit
3191 926 3362 982 suum,
3391 924 3436 972 et
3463 932 3552 975 non
3572 933 3633 979 est
3649 942 3720 984 ire.

2257 1000 2401 1057 ditus
2445 1016 2567 1058 cum
2614 1000 2725 1058 Deo
2753 1001 2975 1073 spiritus
3012 1003 3151 1076 ejus.
3188 1024 3207 1059 ι
3244 1005 3365 1065 meo
3395 1012 3538 1068 verba
3568 1016 3726 1079 indicant

2258 1093 2395 1152 duos
2420 1092 2815 1165 quodammodo
2855 1097 3122 1168 populos;
3146 1097 3364 1155 alterum
3396 1102 3457 1159 ad
3485 1101 3626 1174 Vetus,
3645 1111 3726 1169 slte-

2259 1200 2378 1243 rum
2404 1185 2470 1276 ad
2494 1184 2701 1242 Novum
2717 1184 3123 1245 Testamentum
3144 1191 3510 1262 pertinentem:
3532 1216 3624 1257 nam
3639 1207 3727 1276 quod

2261 1279 2366 1340 ait.
2403 1274 2609 1346 Quanta
2631 1277 2893 1334 mandavit
2943 1281 3173 1350 putribus
3217 1286 3394 1342 nostris
3428 1299 3532 1344 nota
3562 1274 3728 1365 {mea

2262 1371 2387 1446 ﬁliis
2410 1371 2517 1427 suis
2539 1413 2554 1439 ,
2588 1370 2837 1428 mandata
2865 1386 2962 1430 eos
2977 1375 3248 1447 accepisse
3274 1378 3416 1451 dixit,
3441 1394 3543 1440 nota
3562 1386 3729 1458 locum

2263 1467 2386 1537 ﬁliis
2409 1466 2537 1532 suis,
2561 1480 2667 1521 non
2699 1474 2874 1523 tamen
2920 1481 3014 1524 eos
3061 1471 3340 1542 agnovisse
3363 1484 3446 1531 aut
3478 1475 3728 1551 lecisse;setl

2264 1559 2331 1615 ad
2361 1562 2462 1616 hoc
2490 1568 2813 1632 acceperunt
2843 1560 2973 1632 Ipsi,
3001 1571 3060 1617 ut
3088 1577 3348 1637 cognoscat
3368 1572 3583 1640 generatio
3603 1577 3730 1643 eum,

2265 1653 2408 1723 quod
2436 1650 2522 1708 illa
2550 1669 2655 1708 non
2682 1653 2952 1724 cognovit.
2974 1653 3105 1711 Filii
3123 1659 3208 1729 qui
3227 1671 3728 1740 nascenturetemrgcu.

2266 1740 2400 1800 Nam
2427 1744 2506 1800 illi
2535 1745 2626 1817 qui
2655 1746 2763 1801 nati
2792 1754 2955 1814 sunt,
3003 1761 3114 1804 non
3140 1762 3539 1823 exsurrexerunt,
3560 1759 3649 1829 quia
3667 1777 3732 1817 non

2266 1851 2477 1895 sursum
2503 1852 2616 1905 cor,
2645 1839 2742 1896 sed
2766 1839 2819 1895 in
2847 1848 2990 1897 terra
3015 1842 3196 1909 potius
3213 1842 3503 1903 habuerunt.
3515 1848 3617 1906 Cum
3636 1851 3734 1909 Chri-

2267 1941 2352 1986 sto
2380 1931 2520 1986 cnim
2564 1932 2870 2000 exsurgitur
2899 1950 2914 1988 :
2949 1934 3097 1991 unde
3122 1934 3315 1992 dictum
3343 1948 3435 2003 est,
3465 1939 3518 1996 Si
3536 1947 3735 2000 erraueri-

2266 2024 2360 2078 stis
2405 2039 2517 2079 cum
2548 2022 2749 2080 Christo
2773 2066 2789 2096 ,
2818 2040 2933 2097 quat
2967 2043 3175 2083 sursum
3199 2031 3475 2100 suntsapite
3497 2029 3657 2102 (Colca.
3677 2050 3734 2102 ιιι,

2269 2116 2346 2192 1).
2387 2117 2455 2173 Et
2478 2130 2720 2187 narrent,
2752 2119 2958 2191 inquit,
2992 2122 3124 2192 ﬁliis
3161 2122 3299 2190 suis,
3336 2133 3391 2180 ut
3427 2136 3584 2197 ponant
3613 2126 3735 2184 iubeo

2265 2226 2407 2283 spem
2432 2227 2598 2265 suam.
2626 2208 2701 2267 ita
2736 2212 2879 2268 enim
2912 2228 3017 2270 non
3064 2230 3214 2271 suam
3241 2216 3480 2288 justitiam
3500 2217 3735 2289 justirolunt

2266 2303 2597 2361 constituere
2619 2346 2635 2373 ,
2663 2303 2760 2361 sed
2804 2306 3050 2363 revelant
3097 2307 3164 2364 ad
3222 2310 3374 2367 Deum
3412 2312 3530 2369 viam
3554 2324 3735 2379 suamet

2267 2404 2489 2465 sperant
2529 2397 2582 2451 in
2631 2412 2754 2453 eum
2780 2440 2795 2464 ,
2827 2404 2886 2454 ut
2910 2398 3027 2472 ipse
3057 2399 3221 2458 faciat
3244 2400 3403 2481 (Psal.
3431 2419 3598 2471 xxxrt,
3621 2405 3676 2479 5).
3697 2400 3736 2459 Bt

2269 2505 2374 2545 non
2418 2489 2778 2548 obliviscantur
2804 2510 3015 2565 aperum
3048 2494 3160 2552 Dei;
3182 2513 3203 2553 :
3230 2498 3572 2570 magnilicando
3602 2500 3734 2558 scilicet

2267 2591 2323 2639 et
2341 2582 2593 2654 jactando
2622 2600 2787 2657 opera
2813 2601 2927 2652 sua,
2950 2596 3208 2661 tanquam
3231 2590 3323 2661 ipsi
3344 2590 3632 2659 iaciant;cum
3651 2591 3733 2648 Dea

2269 2674 2342 2731 sit
2364 2676 2452 2747 qui
2479 2687 2733 2748 oneratur
2754 2679 2807 2734 in
2829 2675 2908 2736 eis
2928 2681 3018 2752 qui
3045 2680 3189 2739 bona
3219 2693 3498 2755 Opersntur,
3522 2682 3733 2752 etvclie,et

2268 2768 2519 2838 operari,
2553 2784 2650 2840 pro
2697 2770 2840 2828 bona
2885 2772 3168 2832 voluntate
3215 2770 3451 2850 (Philipp.
3490 2788 3551 2844 ii,
3589 2777 3667 2851 i5).
3694 2772 3733 2832 Et

2270 2860 2514 2916 mandata
2539 2864 2650 2936 ejus
2677 2867 2962 2939 exquirant.
2999 2866 3139 2926 Cum
3160 2870 3270 2944 jam
3296 2888 3353 2929 ea
3379 2869 3636 2937 didicerint,
3654 2886 3731 2944 quo

2269 2953 2433 3009 modo
2458 2955 2774 3027 exquirant?
2800 2957 3002 3025 Quanta
3031 2961 3178 3019 enim
3198 3005 3215 3031 ,
3243 2962 3432 3037 inquit,
3452 2962 3657 3019 maduit
3674 2979 3732 3033 pa-

2268 3045 2430 3104 tribus
2478 3049 2666 3105 nostris
2716 3060 2835 3107 nota
2870 3052 3040 3124 facere
3073 3072 3135 3112 ea
3176 3056 3296 3127 ﬁliis
3331 3058 3452 3125 suis,
3486 3067 3533 3111 ut
3554 3066 3732 3129 cognoscat

2267 3142 2526 3212 generatio
2569 3144 2751 3199 altera.
2807 3145 2945 3216 Quid
2996 3149 3325 3223 cognoscat?
3370 3148 3535 3219 Utique
3568 3149 3729 3207 mandata

2267 3246 2389 3305 qua:
2418 3232 2709 3291 mandavit.
2758 3232 3038 3309 Quomodo
3068 3260 3197 3317 ergo
3230 3244 3392 3301 adhuc
3409 3243 3651 3319 exquirant,
3670 3243 3728 3299 nisi

2267 3330 2388 3397 quia
2421 3329 2673 3399 ponendo
2703 3330 2754 3386 in
2788 3330 2897 3389 Deo
2923 3350 3074 3408 spem
3103 3353 3253 3394 suam
3278 3381 3291 3404 ,
3316 3349 3430 3401 tunc
3452 3336 3643 3395 mandata
3661 3334 3729 3407 ejus

2267 3418 2548 3491 exquirant
2572 3463 2587 3487 ,
2624 3432 2682 3477 ut
2708 3423 2775 3479 ab
2799 3425 2877 3481 eis
2906 3424 2999 3482 illo
3023 3430 3309 3501 adjuvante
3335 3429 3666 3504 compleantur?
3682 3412 3729 3482 lit

2269 3508 2418 3580 ﬁant,
2441 3511 2572 3568 sicut
2600 3524 2768 3586 patres
2794 3533 2965 3572 eorum
2986 3562 3001 3587 ,
3023 3522 3281 3594 generatio
3304 3538 3447 3596 prava
3466 3531 3506 3578 et
3524 3518 3730 3581 σκωῑὲιωὶ

2267 3603 2526 3675 generatio
2573 3622 2688 3678 quae
2730 3624 2832 3663 non
2868 3610 3055 3666 direxit
3092 3630 3183 3669 cor
3223 3631 3379 3670 suum.
3411 3612 3469 3671 Et
3491 3612 3590 3670 dicit
3605 3622 3726 3682 quam,

2269 3696 2526 3753 continuo
2555 3697 2926 3773 suhjungendo
2946 3744 2961 3771 ,
2996 3700 3067 3759 Et
3115 3723 3216 3762 non
3243 3716 3314 3762 cst
3341 3703 3531 3761 creditus
3561 3717 3643 3758 cm
3666 3698 3727 3754 Da

2270 3792 2480 3862 spiritus
2503 3795 2614 3867 ejus
2649 3808 2670 3849 :
2699 3794 2753 3850 id
2782 3804 2894 3864 est,
2936 3799 3060 3870 quia
3116 3816 3223 3856 non
3267 3798 3476 3857 habebat
3503 3795 3727 3864 iidemque

2270 3882 2522 3955 itnpelrat
2545 3886 2686 3957 quod
2699 3884 2808 3943 Lex
2833 3876 3079 3961 imperat.
3108 3891 3329 3964 Quando
3349 3894 3475 3949 enim
3494 3904 3588 3947 cum
3606 3884 3727 3956 Spitilll

2270 3978 2367 4036 Dei
2394 3990 2653 4052 operante
2678 3983 2896 4055 Spiritus
2925 3985 3159 4051 hominis
3183 3997 3497 4071 cooperator,
3522 3996 3616 4042 tunc
3643 3977 3726 4052 quod

2271 4073 2414 4130 Deus
2450 4073 2610 4146 jussit
2657 4076 2941 4151 impletur;
2971 4089 3025 4136 et
3055 4078 3157 4143 hoc
3186 4098 3291 4138 non
3339 4080 3424 4161 lit,
3447 4080 3534 4137 nisi
3554 4071 3728 4135 credendo

2272 4168 2330 4224 iu
2380 4184 2502 4225 eum
2557 4169 2649 4242 qui
2689 4170 2947 4241 justiiicat
2987 4173 3209 4245 impium
3260 4174 3423 4247 (Rom.
3447 4189 3521 4241 tv,
3551 4166 3727 4247 5M)“am

2271 4262 2429 4317 ﬁdem
2463 4278 2567 4318 non
2615 4263 2797 4321 habuit
2839 4268 3114 4337 generatio
3158 4284 3315 4339 prava
3344 4276 3395 4323 et
3436 4260 3728 4322 amaricanstel

2271 4356 2395 4414 ideo
2424 4358 2492 4414 de
2538 4358 2626 4414 illa
2656 4359 2855 4415 dictum
2900 4370 3019 4416 est:
3053 4360 3173 4417 Non
3214 4372 3285 4418 est
3322 4361 3517 4429 creditus
3549 4372 3630 4412 cum
3662 4348 3727 4406 Det

2271 4450 2483 4521 spiritus
2511 4451 2644 4525 ejus.
2687 4451 2851 4508 Multo
2877 4453 3021 4510 enim
3053 4453 3153 4513 hoc
3180 4453 3469 4531 expressius
3489 4451 3638 4513 dictum
3656 4448 3723 4508 est.
3763 4443 3772 4457 ’

2269 4542 2338 4598 ad
2382 4542 2782 4615 significandam
2811 4546 3034 4617 gratiam
3067 4547 3156 4602 Dei
3181 4588 3198 4627 ,
3225 4562 3339 4633 quae
3376 4562 3469 4611 non
3491 4541 3622 4633 solum
3645 4547 3722 4604 ονε·

2270 4645 2419 4690 ratur
2467 4636 2836 4693 remissionem
2880 4632 3256 4709 peccatorum,
3306 4637 3392 4703 scd
3441 4632 3571 4693 etiam
3601 4638 3724 4697 0001³⁸⁸

2271 4737 2478 4793 rantern
2533 4727 2633 4784 sibi
2686 4728 2809 4793 facit
2870 4727 3100 4786 hominis
3138 4732 3372 4803 spiritum
3423 4729 3469 4783 in
3514 4735 3634 4807 opere
3667 4715 3725 4771 Μ’

2270 4836 2464 4877 norum
2509 4822 2808 4887 factorum;
2854 4822 3003 4897 quasi
3052 4825 3278 4895 diceret,
3304 4821 3412 4893 Non
3450 4814 3625 4889 credidit
3660 4808 3725 4865 θεο

2271 4915 2494 4986 Spiritus
2542 4917 2678 4988 ejus.
2707 4917 2819 4973 Hoc
2860 4928 2942 4975 est
2967 4919 3112 4975 enim
3159 4918 3348 4975 habere
3388 4898 3724 4979 cumDeocl‘edi'

2270 5018 2382 5064 tum
2414 5009 2691 5082 spiritum,
2724 5026 2830 5076 non
2866 5010 3087 5070 credere
3123 5011 3358 5095 spiritum
3395 5020 3527 5065 suum
3550 4992 3723 5097 posse.”

2270 5116 2393 5161 cere
2416 5104 2531 5159 sine
2561 5104 2669 5159 Deo
2688 5103 2945 5174 justitiam
2972 5145 2987 5169 ,
3017 5103 3110 5160 sed
3136 5094 3252 5159 cum
3281 5101 3403 5158 Deo.
3429 5096 3525 5154 Hoc
3542 5099 3603 5148 est
3621 5094 3720 5174 etiam

2270 5196 2494 5253 credere
2521 5198 2571 5252 in
2597 5196 2783 5263 Deum;
2816 5197 2954 5268 quod
2986 5198 3165 5269 utique
3186 5194 3302 5269 plus
3325 5200 3403 5265 ξι
3421 5201 3549 5261 quam
3576 5173 3722 5237 credere

2272 5288 2405 5344 Deo.
2434 5288 2566 5345 Nam
2610 5299 2665 5347 et
2694 5288 2895 5355 homini
2926 5289 3143 5347 cuilibet
3174 5286 3463 5365 plerumque
3495 5268 3718 5336 ordiendum

2268 5390 2370 5444 est,
2394 5380 2636 5451 quamvis
2662 5379 2714 5434 in
2741 5395 2862 5447 eum
2893 5397 2999 5439 non
3023 5383 3094 5437 sit
3118 5370 3546 5438 credendumJim
3562 5373 3624 5422 est
3640 5368 3719 5427 θιῖο
3747 5422 3753 5451 ι

2267 5473 2490 5531 credere
2538 5473 2590 5530 in
2620 5473 2815 5545 Deum,
2860 5473 3127 5531 credendo
3167 5474 3423 5531 adhaerere
3465 5463 3522 5521 ad
3550 5458 3718 5552 bene?
3742 5472 3773 5543 εἴ

2267 5565 2599 5638 operandam
2631 5566 2767 5621 bona
2794 5568 3036 5638 operanti
3067 5569 3206 5624 Deo:
3239 5566 3363 5634 Quia
3385 5562 3477 5618 sine
3497 5569 3574 5627 me.
3595 5546 3716 5638 ίηςιξῖκ
3757 5568 3772 5614 ἱ

2267 5632 2397 5716 nihil
2422 5660 2628 5731 potestis
2661 5632 2848 5732 facere
2870 5659 3050 5731 (Joan.
3088 5677 3175 5728 xv,
3205 5632 3272 5731 5).
3319 5652 3438 5727 Quid
3474 5658 3609 5707 autem

2269 5751 2396 5809 hinc
2422 5722 2734 5824 'Apostol'us
2775 5722 2957 5808 dicere
3003 5722 3173 5824 pomit
3196 5793 3210 5821 ,
3240 5722 3384 5825 quain
3419 5739 3537 5818 quod
3553 5722 3715 5809 allia“

540 5384 669 5472 :non
693 5395 810 5441 sunt
830 5387 1039 5458 subjecti
1068 5384 1240 5457 (Rom.
1278 5402 1347 5455 ι,
1382 5388 1459 5454 ‘5).

636 5479 690 5534 8.
717 5477 975 5547 «Quanta,
990 5478 1207 5549 iinquit,
1234 5477 1538 5545 «mandavit
1556 5479 1794 5549 patribus
1809 5482 2006 5539 nostris
2027 5492 2154 5539 nota

565 5570 745 5629 facere
790 5586 852 5626 ca
880 5570 1002 5626 ﬁliis
1052 5570 1163 5627 suis
1191 5588 1205 5625 :
1239 5580 1295 5626 ut
1315 5580 1600 5641 cognoscat
1643 5574 1917 5641 generatio
1946 5575 2114 5631 altera
2135 5617 2150 5641 ,

628 5712 645 5743 ί
671 5709 806 5771 Edd.,
841 5705 1111 5760 trmtsierit.
1153 5713 1210 5757 At
1244 5704 1471 5772 plerique
1518 5715 1642 5770 Mss,
1677 5709 1927 5761 trmtsieris
1955 5722 1973 5761 :
1999 5717 2049 5762 et
2085 5712 2155 5762 sic

565 5773 685 5825 alias
706 5774 1016 5833 Aumatium.

563 5826 859 5951 “si
878 5843 936 5884 At
959 5832 1095 5896 add»
1119 5833 1168 5884 in
1191 5831 1277 5885 illo
1293 5839 1450 5887 erant.
1466 5833 1705 5902 Quisqms-
1734 5834 1851 5888 vide
1868 5848 2030 5925 supra,
2056 5835 2150 5890 σοι·
2266 5857 2437 5930 autem
2481 5847 2710 5905 adhterct
2735 5846 2980 5918 Domino,
3006 5864 3137 5906 unus
3177 5846 3370 5921 spiritus
3392 5832 3458 5917 ul
3493 5826 3638 5923 (μεσπι
3654 5834 3713 5897 πε

629 5930 806 6024 lunas;
824 5958 955 6018 atria.

2340 5964 2360 5997 ι
2378 5962 2452 6011 sic
2470 5968 2578 6013 Mss.
2605 5967 2661 6011 Αι
2681 5960 2795 6012 add.
2817 5961 2912 6013 hoc
2930 5968 3115 6013 tantum
3130 5961 3248 6023 loco,
3265 5953 3507 6010 narrum!-
