3966 6452
1738 264 1760 293 9

197 542 310 614 t7).
335 533 587 607 Alioquin
609 529 694 596 leg
719 526 809 584 illa
839 517 1198 584 testimonium
1229 521 1307 572 est
1331 525 1441 584 quo
1467 510 1772 611 damnetur,

198 599 300 698 nou
358 599 809 702 qtto-abSnlvatur
837 629 978 676 reus.
1031 611 1226 668 Littera
1267 605 1406 662 enim
1450 609 1533 664 est
1559 599 1776 665 minax,

201 693 318 802 quae
347 693 626 780 cbnvincat
653 709 1107 788 praevaricatores;
1134 716 1238 758 non
1260 697 1478 769 spiritus
1499 693 1777 764 adjuvans,

200 787 290 894 qui
340 816 528 874 liberet
573 817 628 865 et
659 804 912 877 justifieet
952 805 1278 870 peccatores.
1320 787 1605 847 Generatio
1651 799 1781 856 ergo

207 884 291 972 illa
312 954 325 975 ,
358 907 510 979 cujus
553 899 853 972 exemplum
896 889 1191 949 cavendum
1229 897 1346 955 est,
1391 884 1508 939 ideo
1541 894 1698 952 prava
1725 886 1783 934 et

207 973 497 1068 amarica'ns
523 997 642 1064 fuit,
669 992 790 1064 quia
813 1006 913 1044 non
945 996 1015 1042 est
1045 983 1260 1039 creditus
1289 995 1403 1033 cum
1441 975 1544 1030 Deo
1570 973 1780 1045 spiritus

201 1103 309 1171 eius
338 1113 356 1152 :
388 1094 509 1167 quia
535 1088 635 1146 etsi
665 1085 839 1156 aliqua
879 1079 1105 1136 credidit
1139 1075 1248 1130 Deo
1271 1114 1289 1139 ,
1319 1086 1422 1126 non
1464 1080 1636 1124 tamen
1663 1078 1783 1120 cre-

203 1165 334 1253 didit
361 1165 417 1246 in
448 1188 634 1250 Deum;
663 1194 768 1234 non
795 1192 860 1231 ex
883 1173 983 1228 lide
1010 1168 1234 1225 adhmsit
1266 1165 1402 1230 Deo,
1432 1169 1488 1215 ut
1533 1165 1718 1215 sanata
1749 1171 1782 1212 a

201 1252 311 1346 Deo
336 1283 476 1340 bene
505 1277 882 1346 coeperaretur
905 1279 1026 1321 cum
1064 1264 1318 1330 operante
1340 1256 1390 1310 in
1418 1268 1476 1310 sc
1509 1252 1636 1306 Deo.

267 1375 319 1436 9.
363 1373 516 1448 [νοτε.
548 1343 630 1440 9.]
673 1363 929 1432 Denique,
975 1355 1098 1410 Filii
1129 1351 1367 1423 Ephrem
1395 1343 1708 1400 intendentes
1735 1349 1782 1394 et

198 1437 449 1527 mittentes
470 1437 638 1524 arcus,
667 1452 894 1510 conversi
921 1460 1036 1504 sunt
1062 1446 1115 1499 in
1159 1443 1239 1496 die
1283 1438 1417 1494 belli.
1450 1437 1782 1505 Persequen-

200 1573 278 1620 tes
305 1559 506 1629 Legem
532 1549 775 1624 juSIitiaz,
827 1546 878 1600 in
910 1541 1105 1610 Legem
1127 1532 1346 1607 justitia:
1390 1545 1495 1586 non
1529 1541 1782 1598 pervene-

195 1615 315 1716 runt
335 1615 638 1721 (llam-nx,
670 1637 784 1709 5t).
817 1629 1031 1704 Quare?
1058 1629 1187 1697 Quia
1228 1639 1332 1679 non
1361 1638 1425 1677 ex
1455 1619 1577 1674 lide.
1607 1615 1784 1673 Geneo

193 1711 326 1804 ratio
341 1711 507 1798 enim
532 1743 670 1801 erat,
700 1732 852 1800 cujus
886 1724 1103 1795 Spiritus
1126 1733 1246 1775 cum
1276 1717 1384 1772 Deo
1410 1711 1643 1768 creditus
1675 1724 1782 1764 non

189 1850 272 1900 est
298 1857 312 1893 ε
339 1834 447 1894 sed
470 1842 717 1901 tanquam
746 1839 813 1880 ex
839 1817 1090 1892 operibus
1114 1832 1128 1880 ;
1156 1811 1275 1883 quia
1308 1824 1412 1866 non
1451 1806 1588 1862 sicut
1614 1811 1786 1857 teten-

316 1937 387 1986 e't
412 1893 596 1988 imisit'
615 1934 770 1976 arcus
811 1910 972 1986 (quod
1009 1908 1134 1962 foris
1167 1909 1407 1974 apparet,
1454 1908 1701 1967 tanquam
1731 1893 1783 1948 in

194 2023 453 2098 operibus
475 2015 682 2086 Legis),
713 2012 783 2065 ita
809 2004 1004 2062 direxit
1033 2011 1087 2057 et
1113 2013 1225 2058 eor,
1258 1993 1341 2050 ubi
1365 1991 1542 2068 jusuis
1569 1987 1696 2098 vivit
1720 1999 1787 2039 ex

201 2077 306 2175 ἧῖιὲ
328 2077 444 2187 (Id.
477 2126 517 2176 ι,
540 2077 798 2176 limique
826 2115 920 2172 per
938 2093 1271 2152 dilectionem
1301 2093 1549 2155 Operatur
1571 2077 1710 2151 (Gal.
1732 2093 1784 2145 v,

203 2211 280 2284 ὃ).
321 2174 427 2280 (in;
459 2174 750 2260 inbueretur
791 2194 923 2256 Deo,
957 2187 1044 2259 qui
1082 2174 1788 2284 operatur-hin'ltiintittel,qct

202 2260 361 2368 ibin;
390 2290 701 2370 etpperari,
728 2301 826 2358 pro
847 2283 984 2338 bona
1014 2277 1280 2330 voluntate
1302 2267 1560 2368 (Philipp.
1587 2280 1646 2330 tt,
1672 2260 1784 2332 15).

203 2357 620 2462 Nam'quid'est
659 2357 800 2436 aliud
845 2373 1063 2430 tendere
1093 2381 1299 2429 arcmn,
1348 2371 1404 2416 et
1452 2357 1685 2418 mittere,
1737 2362 1792 2406 et

206 2445 445 2548 ὲξᾷᾇεὲιί
474 2483 527 2536 in
553 2477 642 2534 die
670 2471 817 2536 belli,
847 2465 948 2522 nisi
989 2459 1264 2517 attendere
1303 2463 1357 2510 et
1391 2451 1704 2526 promittere
1736 2445 1789 2499 iu

208 2537 308 2640 ξιῖ
331 2541 642 2636 auditionis,
674 2575 728 2621 et
766 2561 1014 2616 deserere
1044 2554 1094 2606 in
1124 2550 1210 2606 die
1256 2542 1596 2606 tentationis;
1629 2537 1792 2592 armis

209 2631 360 2746 quasi
391 2631 696 2741 proludere,
737 2664 789 2710 et
828 2650 892 2708 ad
937 2648 1122 2702 horam
1167 2636 1474 2740 certaminis
1515 2631 1656 2685 nolle
1693 2644 1792 2698 pu-

209 2728 410 2838 gnaret;
448 2753 599 2827 Quod
638 2762 768 2806 sane
806 2745 900 2808 ait,
931 2737 1183 2793 tendentes
1226 2740 1272 2786 et
1317 2728 1564 2782 mittentes
1609 2737 1796 2786 arcus;

214 2819 629 2914 Zumdebtwtisse
665 2842 846 2904 dicere
885 2831 1151 2893 videatur,
1197 2823 1474 2880 tendentes
1521 2829 1696 2874 arcus.
1743 2819 1800 2867 et

217 2909 489 3012 mittentes
519 2939 769 3010 sagittas;
807 2943 913 2994 non
943 2923 1084 2982 cnim
1121 2930 1277 2976 arcus
1321 2912 1565 2974 mittitur,
1610 2904 1704 2963 sed
1732 2904 1800 2958 ab

369 3033 570 3109 aliquid
583 3003 844 3085 'niittitur
871 3041 883 3076 :
913 3026 1006 3075 aut
1034 3016 1118 3072 illa
1153 3011 1347 3067 locutio
1376 3017 1457 3061 est
1486 3003 1554 3059 de
1559 3015 1685 3109 "qua
1711 3015 1800 3054 su-

219 3095 400 3206 perius
421 3095 790 3198 disseruimus,
811 3115 898 3172 ubi
921 3113 1116 3169 dictum
1139 3114 1241 3173 est,
1267 3099 1537 3159 Suscitavit
1559 3095 1804 3150 Testimo-

413 3189 535 3295 quia
576 3186 853 3280 suscitavit
888 3200 1086 3274 aliquid
1115 3194 1479 3259 Tcstimouio;
1508 3191 1578 3246 ita
1609 3199 1663 3244 et
1693 3186 1801 3255 hic,

221 3282 679 3378 mittentes‘arcus,
725 3303 845 3377 quia
892 3297 1152 3354 miserunt
1185 3285 1382 3360 aliquid
1423 3282 1687 3339 arcubus:
1717 3285 1806 3332 aut

222 3413 484 3474 obscurus
521 3401 655 3459 ordo
699 3396 985 3454 verborum
1031 3394 1133 3453 est,
1182 3397 1304 3438 cum
1354 3373 1807 3452 praetermissione

224 3465 393 3564 verbi,
423 3469 563 3568 quod
596 3491 757 3546 etiam
780 3485 996 3540 tacitum
1035 3471 1457 3536 subaudiendum
1483 3476 1588 3535 est,
1621 3473 1679 3519 ut
1708 3465 1808 3518 istc

225 3593 359 3657 ordo
382 3561 481 3656 sit,
517 3584 637 3649 Filii
663 3580 907 3653 Ephrth
931 3570 1242 3630 intendentes
1275 3580 1441 3627 arcus,
1471 3570 1518 3614 et
1538 3561 1805 3622 mittentes,

227 3649 295 3744 et.
321 3649 687 3744 subabdiatur,
716 3649 986 3740 Sagittas;
1030 3661 1342 3736 pleniusque
1384 3653 1471 3718 sit,
1506 3649 1810 3706 Tendentes

230 3741 410 3841 orcus,
447 3741 818 3836 ethmittentes
855 3759 1075 3830 sagittas
1105 3773 1120 3810 :
1147 3752 1266 3823 quia
1311 3747 1468 3803 etiam
1507 3743 1551 3798 si
1587 3741 1806 3800 diceret,

230 3830 568 3932 'l‘ettdentes,
614 3868 669 3917 et
697 3857 969 3916 mittentes
1007 3845 1244 3922 sagittas,
1291 3855 1397 3895 non
1437 3836 1639 3908 utique,
1673 3830 1814 3886 Ten-

231 3927 420 4020 dentes
449 3927 693 4030 sagittas,
723 3947 1019 4017 intelligere
1043 3940 1388 4000 deberemus;
1418 3930 1509 3986 sed
1540 3927 1721 3983 audito
1751 3939 1815 3980 eo

232 4054 377 4128 quod
426 4023 586 4114 dixit.
638 4042 961 4106 Tendentes,
1013 4030 1298 4094 subaudire
1348 4025 1545 4098 potius,
1597 4023 1811 4084 Arcum,

233 4111 480 4220 quamvis
519 4111 719 4203 dictum
764 4147 870 4198 non
923 4127 1102 4192 fuerit.
1141 4118 1391 4178 Nonnulli
1443 4130 1571 4170 sane
1607 4111 1819 4167 codices

422 4202 623 4295 habere
649 4231 918 4295 dicuntur,
947 4219 1202 4276 tendentes
1223 4223 1268 4268 et
1299 4212 1548 4266 mittentes
1580 4202 1814 4269 arcubus,

238 4298 294 4389 iit
321 4298 442 4390 sine
465 4325 800 4388 dubitatione
827 4313 1208 4374 subaudiamus
1235 4305 1483 4376 Sagittas.
1511 4298 1662 4370 Quod
1693 4311 1821 4353 vero

238 4439 337 4496 per
387 4425 526 4478 filios
571 4415 818 4489 Epitrzem
879 4408 1182 4474 universam
1232 4399 1374 4454 illam
1426 4392 1824 4466 generationem

241 4492 627 4571 amaricantem
659 4501 882 4572 intelligi
926 4497 1115 4562 voluit,
1149 4493 1344 4547 locutio
1373 4495 1456 4542 est
1497 4502 1524 4541 a
1553 4495 1704 4560 parte
1742 4492 1823 4536 lo-

243 4616 361 4664 tum
408 4612 734 4676 Signtncans.
761 4597 829 4650 Et
853 4591 972 4648 ideo
1006 4586 1232 4642 fortasse
1253 4582 1422 4637 electa
1451 4586 1533 4634 est
1558 4577 1656 4631 ista
1680 4589 1823 4645 pars,

247 4715 316 4757 ex
343 4667 560 4771 quaille
600 4690 827 4765 populus
862 4693 1002 4739 totus
1040 4676 1452 4749 signiﬁcaretur,
1478 4671 1600 4742 quia
1635 4668 1704 4722 de
1745 4667 1829 4721 bis

247 4763 586 4861 potissimum
602 4763 742 4840 boni
777 4775 973 4848 aliquid
1016 4767 1427 4861 exspectandum
1453 4764 1584 4861 fuit;
1615 4763 1748 4860 quia.
1763 4775 1832 4815 ex

250 4850 345 4937 illo
375 4883 486 4937 nati
515 4885 660 4942 sunt,
687 4886 842 4943 quem
867 4873 1112 4936 nepotem
1139 4873 1294 4915 suum
1323 4853 1506 4918 Jacob,
1538 4850 1780 4921 quamvis
1801 4863 1832 4902 a

250 4984 410 5044 patre
438 4973 554 5043 ejus
593 4980 841 5038 tanquam
886 4962 1148 5024 minorem
1192 4952 1257 5008 ad
1289 4949 1555 5005 sinistram
1582 4943 1835 4999 constitu-

254 5034 389 5131 tum,
417 5034 578 5120 miluo
609 5034 784 5115 tanien
826 5054 1043 5110 dextera
1069 5044 1356 5106 benedixit,
1394 5053 1623 5109 eumque
1649 5034 1838 5104 majori

256 5124 408 5211 fratri
434 5168 626 5214 arcana
644 5147 1013 5207 benedictione
1035 5136 1320 5212 praeposuit
1340 5131 1490 5205 (lien.
1513 5143 1689 5193 XLVIII,
1712 5124 1799 5199 14)
1820 5143 1836 5193 ;

261 5248 487 5319 utquod
516 5249 586 5304 ita
626 5245 728 5300 hoc
755 5242 872 5296 loco
920 5237 1088 5292 tribus
1115 5233 1204 5300 illa
1237 5229 1498 5298 culpatur,
1539 5237 1636 5279 nec
1680 5236 1841 5290 appa-

262 5317 438 5396 ruisse
466 5340 520 5398 in
559 5352 621 5393 ea
651 5333 794 5406 quod
823 5331 910 5387 illa
942 5326 1241 5394 benedictio
1277 5317 1616 5392 promittebat
1658 5324 1840 5370 osten-

264 5430 424 5498 ditur,
471 5433 605 5489 satis
633 5428 994 5497 intelligamus
1033 5418 1174 5490 quod
1219 5417 1376 5472 etiam
1406 5424 1529 5467 tunc
1571 5424 1636 5464 ex
1668 5407 1843 5462 verbis

265 5525 585 5593 patriarcha
606 5519 772 5580 Jacob
809 5519 964 5585 longe
989 5511 1128 5567 aliud
1162 5507 1504 5582 ﬁgurabatur,
1538 5516 1692 5572 quam
1725 5515 1844 5566 pru-

267 5591 443 5671 dentia
465 5615 640 5673 carnis
663 5617 956 5682 exspectat.
983 5601 1329 5675 Figurabntnr
1349 5598 1489 5652 enim
1518 5593 1658 5664 quod
1689 5591 1845 5646 futuri

271 5721 456 5766 essent
484 5707 756 5767 novissimi
783 5703 872 5774 qui
899 5710 1050 5756 erant
1083 5694 1257 5767 primi,
1297 5700 1349 5747 et
1379 5689 1533 5760 primi
1573 5686 1733 5741 futuri
1759 5701 1846 5740 es-

273 5810 396 5856 seu
425 5806 514 5873 qui
544 5810 696 5873 erant
729 5793 999 5854 novissimi
1035 5788 1240 5862 (Matth.
1278 5801 1362 5847 xx,
1397 5783 1507 5851 l6),
1539 5795 1632 5850 per
1661 5777 1847 5833 Salva-

275 5893 409 5951 m
428 5868 736 5960 diuinum,
753 5890 822 5949 de
839 5900 948 5960 quo
965 5884 1165 5940 dictum
1187 5887 1270 5936 est
1295 5895 1310 5934 :
1338 5875 1438 5944 Qui
1463 5881 1572 5947 post
1594 5887 1672 5927 me
1688 5868 1842 5939 venit,

1257 387 1650 450 ENARRATIO
1675 339 1756 442 ΙΝί
1781 383 2109 444 ΡδΑωιωι
2143 383 2402 443 ωιχινιι.

3368 374 3476 436 990

1894 515 2011 562 ante
2039 521 2118 560 me
2141 504 2305 576 [actus
2338 514 2410 572 est
2439 502 2616 576 (Joan.
2647 518 2685 570 ι,
2713 499 2828 584 27).
2877 500 2968 578 Sis
2997 498 3127 556 Abel
3150 497 3326 570 justus
3355 513 3472 556 ma-

1884 599 1990 668 jori
2021 599 2268 669 praelatus
2315 607 2402 654 est
2433 595 2590 660 fratri
2637 595 2787 666 (Gen.
2817 611 2891 664 tv,
2917 595 2972 656 4.
3015 594 3097 666 5),
3142 592 3221 648 sic
3265 591 3472 648 lsmaeli

1891 691 2034 748 Isaac
2063 691 2171 764 (Id.
2200 708 2308 758 xxx,
2339 691 2448 764 ιε),
2475 692 2552 746 sic
2593 690 2732 748 ESau
2759 689 3076 760 congeminn
3111 701 3225 751 suo,
3254 683 3348 739 sed
3391 692 3470 739 ta-

1891 799 2014 838 men
2040 784 2187 853 prius
2212 792 2355 850 nato,
2393 783 2504 851 ipse
2527 781 2688 840 Jacob
2716 779 2826 851 (Id.
2859 794 2983 845 xxv,
3011 777 3106 847 23)
3127 793 3141 844 ;
3164 777 3241 832 sic
3267 775 3472 832 Phares

1889 886 1945 932 et
1971 877 2083 947 ipse
2106 876 2475 946 congctttiottm
2502 889 2678 936 suum.
2705 873 2794 942 qui
2823 872 2964 941 prius
2989 884 3199 925 manum
3227 883 3292 923 ex
3320 876 3471 923 utero

1890 970 2128 1030 miserat.
2167 978 2222 1024 et
2247 978 2485 1038 cteperat
2517 966 2682 1030 nasci,
2712 967 2870 1024 etiam
2909 961 3176 1018 nascendo
3204 961 3475 1032 pra-cessit

1892 1059 2006 1131 (Id.
2043 1076 2228 1124 x-xvttt,
2251 1059 2477 1131 27-29);
2505 1060 2582 1114 sic
2615 1057 2774 1116 David
2807 1054 3092 1124 majoribus
3123 1053 3370 1124 pra-latus
3393 1059 3474 1108 est

1891 1151 2144 1210 fratribus
2165 1151 2207 1224 (l
2234 1153 2360 1223 Reg.
2387 1167 2500 1217 xvi,
2530 1151 2616 1220 12)
2647 1159 2731 1204 :et
2753 1159 2965 1219 propter
2982 1145 3122 1216 quod
3147 1145 3261 1200 istae
3287 1158 3474 1200 omnes

1891 1255 2051 1316 atque
2083 1245 2202 1300 aliae
2241 1246 2462 1311 similes,
2491 1257 2595 1298 non
2635 1243 2806 1298 solum
2845 1239 3134 1301 dictorum,
3185 1235 3278 1291 sed
3310 1236 3474 1290 etiam

1893 1337 2149 1394 faetorum
2179 1335 2440 1407 paraboltc
2467 1339 2870 1404 pi'mcesseruut,
2915 1328 2992 1383 sic
3024 1325 3218 1399 papulo
3247 1323 3468 1382 Jitdazo-

1891 1447 2010 1484 rum
2039 1431 2287 1500 pra-latus
2313 1436 2396 1492 est
2430 1426 2655 1496 populus
2695 1423 3040 1486 christianos,
3075 1434 3170 1490 pro
3195 1432 3301 1489 quo
3351 1416 3476 1480 red-

1894 1521 2130 1586 imendo,
2161 1517 2604 1592 quemadmodum
2639 1517 2768 1574 Abel
2799 1529 2826 1566 a
2854 1512 2981 1568 Cain
3013 1510 3171 1582 (Gen.
3195 1525 3264 1570 tv.
3289 1509 3369 1577 8),
3400 1508 3478 1564 sic

1892 1629 1922 1667 a
1951 1613 2148 1669 Judmis
2173 1612 2379 1674 occisus
2408 1620 2488 1670 est
2515 1610 2777 1665 Christus.
2815 1605 2928 1662 Hoc
2957 1602 3352 1676 pra-ﬁguratum
3396 1607 3479 1657 est

1892 1709 2036 1764 enim
2066 1709 2223 1768 etiam
2250 1722 2370 1769 cum
2391 1704 2552 1766 Jacob
2575 1699 2892 1758 decussatim
2922 1699 3179 1769 porrectis
3209 1693 3473 1759 manibus,

1894 1801 2113 1856 dextera
2168 1799 2339 1868 tetigit
2386 1798 2633 1867 Ephraam
2678 1792 2744 1848 ad
2788 1792 3055 1848 sinistram
3095 1787 3475 1850 constitutum;

1896 1910 2123 1964 eumque
2154 1891 2442 1964 praeposuit
2477 1889 2718 1945 Manasse
2759 1884 2823 1940 ad
2855 1883 3127 1940 dexteram
3166 1878 3475 1944 constituto,

1895 2001 2053 2057 quem
2085 1985 2299 2038 sinistra
2333 1984 2447 2052 ipse
2472 1979 2736 2050 tangebat.
2767 1975 2898 2032 Nam
2926 1971 3218 2029 secundum
3258 1983 3476 2024 carnem

1897 2078 1994 2147 ﬁlii
2033 2077 2272 2144 Ephrem
2310 2075 2619 2128 intendentes
2663 2078 2711 2130 et
2745 2068 2993 2128 mittentes
3035 2079 3204 2132 arcus,
3253 2058 3478 2116 conversi

1897 2170 2084 2223 suntin
2105 2169 2185 2222 dte
2212 2165 2351 2220 belli.

1971 2261 2040 2319 10
2101 2258 2250 2332 [υρνε.
2284 2255 2396 2329 10.]
2433 2254 2568 2323 Quid
2607 2254 2674 2310 sit
2718 2260 2894 2307 autem
2938 2246 3078 2320 quod
3108 2246 3203 2314 ait,
3246 2243 3482 2312 Conversi

1899 2362 2018 2409 sunt
2043 2353 2095 2407 in
2121 2353 2202 2408 die
2226 2351 2364 2416 belli,
2387 2346 2765 2418 consequentia
2794 2344 3010 2408 docent,
3039 2341 3232 2412 quibus
3257 2338 3308 2393 id
3337 2351 3487 2406 aper-

1903 2445 2107 2501 tissime
2133 2442 2374 2514 exposuil
2402 2457 2419 2494 :
2451 2439 2569 2494 Non
2604 2437 2964 2502 custodierunt,
2993 2433 3183 2504 inquit,
3223 2440 3485 2488 testamen-

1903 2547 2010 2590 tum
2041 2535 2154 2597 Dei,
2185 2535 2301 2589 etin
2329 2533 2436 2603 lege
2472 2532 2579 2601 ejus
2605 2530 2867 2584 noluerunt
2890 2524 3165 2582 ambulare.
3199 2522 3337 2580 Ecce
3360 2519 3487 2593 quid

1903 2637 2007 2693 est,
2029 2626 2265 2682 Conversi
2302 2634 2418 2680 sunt
2457 2624 2508 2676 in
2539 2621 2620 2676 die
2647 2617 2806 2676 belli:
2837 2631 2941 2670 non
2970 2611 3384 2672 observaverunt
3412 2620 3488 2665 te-

1905 2726 2224 2774 stamentum
2278 2716 2390 2780 Dei.
2445 2711 2545 2778 Ubi
2587 2724 2744 2765 arens
2788 2707 3067 2763 tendentes
3105 2713 3158 2760 et
3198 2704 3486 2767 mittentes,

1906 2812 2065 2866 etiam
2112 2805 2480 2879 promissionis
2511 2800 2915 2873 promptissima:
2954 2796 3110 2851 verba
3138 2794 3488 2865 protulerunt,

1907 2901 2144 2957 dicentes
2176 2918 2189 2960 ;
2221 2899 2560 2966 Quintumque
2596 2894 2792 2948 locutus
2835 2900 2907 2944 est
2951 2887 3197 2942 Dominus
3231 2885 3365 2939 Deus
3394 2899 3489 2938 no-

1909 3005 2029 3061 ster,
2067 2993 2308 3063 facietrus
2347 3000 2394 3044 et
2431 2989 2694 3050 audiemus
2719 2987 2738 3018 ί
2773 2983 2964 3056 (Exod.
2994 2999 3105 3048 χιχ,
3133 2981 3214 3051 8).
3259 2979 3491 3036 Conversi

1909 3097 2027 3142 sunt
2052 3086 2102 3139 in
2131 3084 2213 3138 die
2238 3082 2352 3136 belli
2376 3096 2394 3136 :
2421 3081 2541 3150 quia
2585 3078 2986 3149 promissionem
3014 3073 3354 3138 obedientiat,
3387 3089 3492 3128 non

1912 3178 2134 3243 auditio,
2159 3175 2251 3230 sed
2274 3173 2493 3232 tentatio
2519 3171 2728 3242 probat.
2752 3169 2911 3239 Cujus
2931 3176 3014 3222 est
3039 3177 3213 3224 autem
3234 3180 3356 3218 cum
3385 3163 3494 3218 Deo

1913 3271 2131 3341 Spiritus
2156 3265 2412 3332 creditus,
2445 3263 2657 3320 ﬁdelem
2703 3271 2845 3316 tenet
2876 3258 3063 3324 Deum,
3090 3256 3178 3328 qui
3223 3271 3328 3310 non
3371 3269 3494 3308 eum

1914 3361 2185 3434 permittet
2215 3356 2406 3419 tentari
2449 3370 2609 3425 super
2645 3353 2782 3422 quod
2810 3358 3021 3422 potest;
3060 3349 3153 3403 sed
3193 3347 3347 3402 faciet
3373 3360 3496 3400 eum

1917 3453 2211 3510 tentatione
2235 3450 2394 3505 ctiam
2422 3448 2646 3512 exitum,
2679 3454 2734 3498 ut
2762 3444 2927 3514 possit
2951 3443 3216 3496 sustinere
3241 3439 3282 3508 (Ι
3300 3437 3418 3493 Cor.
3437 3451 3496 3506 ι,

1918 3545 2029 3617 15),
2055 3560 2122 3599 ne
2147 3550 2486 3600 convertatur
2513 3539 2563 3592 in
2591 3537 2677 3594 die
2704 3536 2848 3591 belli.
2879 3534 2977 3602 Qui
3009 3543 3190 3594 autem
3210 3533 3262 3589 in
3288 3545 3366 3598 se,
3391 3545 3499 3584 non

1919 3639 1971 3693 in
2005 3637 2114 3692 Deo
2141 3637 2399 3706 gloriatur
2422 3630 2583 3702 (Ibid.
2613 3647 2652 3698 t,
2683 3630 2798 3698 5t),
2824 3626 3167 3697 quantumvis
3187 3624 3353 3694 jactet
3383 3621 3498 3692 pol-

1921 3730 2262 3786 licitationem
2290 3723 2496 3782 virtutis
2519 3737 2649 3786 sum,
2675 3719 2813 3775 velut
2848 3717 3072 3770 tendens
3091 3724 3145 3769 et
3175 3714 3389 3772 mittens
3414 3728 3500 3766 ar-

1919 3837 2038 3888 cus,
2067 3818 2391 3877 convertitur
2417 3816 2466 3870 iu
2497 3814 2582 3868 die
2623 3811 2765 3867 belli.
2793 3811 2926 3877 Quia
2968 3808 3112 3868 enim
3140 3821 3243 3867 non
3277 3813 3359 3860 est
3383 3819 3502 3859 cre-

1921 3917 2065 3972 ditus
2090 3929 2211 3969 cum
2241 3913 2348 3968 Deo
2388 3909 2606 3980 spiritus
2634 3907 2770 3973 ejus,
2811 3919 2914 3958 non
2945 3913 3028 3957 est
3053 3917 3174 3957 cum
3207 3900 3298 3956 illo
3339 3899 3502 3956 etiam

1923 4011 2155 4082 Spiritus
2186 4007 2277 4063 Dei
2303 4025 2319 4073 ;
2345 4014 2420 4071 et,
2461 4003 2598 4058 sicut
2633 3999 2888 4067 scriptum
2914 4005 3015 4062 est,
3047 3994 3180 4059 Quia
3209 4009 3308 4048 non
3337 3991 3502 4045 credi-

1925 4107 2018 4171 dit,
2063 4103 2176 4157 ideo
2233 4115 2334 4154 non
2374 4103 2662 4166 protegetur
2706 4088 2890 4162 (Eccli.
2936 4083 3136 4157 ",15).
3185 4083 3335 4153 Quod
3377 4097 3504 4136 vero

1925 4211 2044 4252 cum
2073 4194 2312 4253 dixisset.
2343 4187 2462 4244 Non
2490 4186 2868 4240 observaverunt
2893 4187 3237 4235 testamentum
3268 4175 3378 4237 Dei,
3409 4173 3508 4231 ad-

1923 4282 2051 4354 iecit
2074 4290 2128 4335 et
2153 4279 2245 4344 ait,
2274 4275 2339 4330 Et
2363 4275 2415 4330 in
2440 4273 2548 4343 lege
2571 4272 2682 4341 ejus
2712 4269 2979 4322 noluerunt
2999 4263 3290 4324 ambulare;
3317 4259 3507 4330 repeti-

1930 4379 2002 4433 tio
2031 4385 2110 4430 est
2135 4369 2426 4443 superioris
2467 4363 2766 4426 sententiae,
2805 4375 2925 4414 cum
2951 4355 3178 4428 quadam
3208 4354 3323 4423 ejus
3347 4367 3511 4421 expo-

1929 4469 2121 4525 sitione
2148 4483 2159 4513 :
2191 4463 2292 4518 hoc
2331 4460 2472 4514 enim
2499 4453 2806 4525 appellavit,
2839 4451 2994 4519 legem
3023 4448 3152 4518 ejus,
3186 4444 3324 4514 quod
3353 4457 3511 4516 supra

1929 4558 2134 4616 dixerat
2175 4558 2522 4616 testamentum
2547 4544 2676 4608 Dei;
2718 4551 2778 4596 ut
2824 4537 2950 4594 illud
2995 4536 3135 4615 quod
3176 4535 3374 4590 dictum
3407 4541 3507 4599 est,

1932 4668 2034 4708 non
2061 4645 2421 4708 custodierunt,
2454 4637 2735 4709 repetitum
2777 4630 3102 4700 intelligatur
3134 4628 3185 4681 in
3217 4640 3302 4693 eo,
3342 4625 3515 4678 ambu—

1937 4745 2043 4806 lare
2081 4741 2368 4800 noluerunt.
2410 4731 2516 4789 Sed
2554 4744 2674 4785 cum
2707 4723 2920 4782 brevius
2963 4719 3067 4776 dici
3117 4729 3314 4791 posset,
3359 4717 3424 4774 Et
3463 4717 3515 4771 in

1937 4839 2053 4907 lege
2073 4835 2192 4904 ejus
2220 4846 2325 4888 non
2357 4825 2780 4890 ambulaverunt.
2804 4815 3046 4872 nonnihil
3075 4813 3204 4869 mihi
3230 4812 3437 4868 videtur
3463 4811 3516 4865 in

1939 4903 2042 4984 hnc
2070 4903 2234 4985 verbo
2265 4934 2364 4978 nos
2388 4930 2630 4988 quan-ere
2655 4912 2910 4978 voluisse,
2933 4907 3073 4978 quod
3105 4905 3285 4960 maluit
3315 4903 3516 4968 dicere,

1941 5019 2207 5074 noluerunt
2235 5010 2512 5076 ambulare,
2552 5019 2732 5076 quam,
2768 5017 2873 5056 non
2904 4997 3325 5053 ambulaverunt.
3360 4993 3518 5048 Pote-

1942 5119 2026 5168 rtit
2043 5109 2182 5164 enim
2211 5103 2380 5176 putari
2407 5101 2492 5167 lex
2521 5112 2741 5168 operum
2771 5093 2922 5165 quasi
2958 5089 3204 5146 sufficere
3244 5086 3308 5139 ad
3331 5085 3522 5155 justifi—

1945 5204 2232 5265 cationem,
2262 5210 2382 5251 cum
2411 5208 2473 5248 ea
2502 5207 2619 5262 qua:
2649 5187 3047 5260 praecipiuntur,
3075 5180 3367 5234 {Oi-inseetis
3395 5182 3524 5232 l‘tunt

1946 5295 2014 5354 ab
2041 5295 2122 5348 eis
2156 5288 2458 5344 hominibus
2481 5282 2570 5354 qui
2604 5280 2822 5334 mallent
2861 5290 2963 5329 non
2994 5270 3209 5345 praecipi
3255 5283 3374 5340 quae
3419 5283 3525 5322 non

1949 5402 2014 5444 ex
2040 5381 2202 5440 corde
2227 5379 2441 5443 faciunt,
2472 5383 2527 5430 et
2554 5382 2729 5428 tamen
2768 5365 3002 5431 faciunt;
3029 5377 3091 5417 ac
3119 5377 3211 5433 per
3238 5361 3340 5414 hoc
3377 5357 3527 5429 quasi

1949 5479 2198 5535 videntur
2225 5472 2498 5535 ambulare
2523 5469 2575 5523 in
2603 5467 2717 5535 lege
2741 5461 2858 5527 Dei,
2887 5459 2980 5514 sed
3005 5457 3192 5513 nolunt
3218 5452 3524 5512 ambulare:

1953 5588 2060 5630 non
2098 5569 2241 5625 enim
2285 5581 2352 5621 ex
2393 5561 2555 5618 corde
2595 5558 2812 5613 faciunt.
2857 5552 2935 5606 Ex
2978 5550 3138 5606 corde
3173 5558 3347 5601 autem
3386 5543 3529 5598 nullo

1954 5671 2114 5728 modo
2141 5665 2252 5722 lieri
2287 5669 2477 5734 potest,
2508 5655 2648 5728 quod
2682 5649 2961 5707 formidine
3004 5647 3059 5702 fit
3086 5658 3279 5715 ρωηω,
3308 5656 3416 5696 non
3445 5639 3528 5694 di.

1955 5809 2135 5937 (agitat:
2159 5807 2208 5854 in
2252 5810 2360 5852 Mss.
2387 5805 2440 5851 et
2461 5792 2586 5860 apud
2606 5797 2738 5842 LXX.
2758 5795 2824 5854 (At
2858 5788 2906 5837 in
2945 5784 3091 5846 editis
3109 5783 3208 5847 hic,
3229 5778 3480 5834 audimus
3496 5790 3524 5830 ι

2131 5880 2204 5918 us.
