3966 6464
537 507 768 564 lectione
792 505 1030 576 justitire.
1060 502 1191 568 Nam
1219 512 1473 575 quantum
1511 505 1704 562 attinet
1745 505 1810 562 ad
1843 505 1976 562 facta
2003 523 2121 578 qua:

535 599 837 655 forinsecus
881 607 1150 666 aguntur:
1181 606 1234 651 et
1283 597 1372 666 qui
1423 598 1611 652 timent
1663 612 1895 665 lmnam,
1943 609 1997 653 et
2035 601 2124 670 qui

535 699 721 745 amant
753 691 1010 760 justitiam
1060 705 1165 743 non
1212 689 1487 754 furantur;
1540 701 1595 746 et
1641 691 1759 746 ideo
1811 707 1965 762 pares
2003 703 2126 748 sunt

535 799 718 840 mamt.
757 781 998 852 dispares
1029 781 1225 842 corde;
1271 796 1426 850 put-cs
1451 798 1633 850 opere,
1666 783 1908 855 dispircs
1932 786 2122 840 volun-

535 881 665 926 tate.
701 871 824 925 Ideo
851 871 921 924 illi
954 871 1030 925 sic
1071 871 1234 924 notati
1277 881 1438 925 sunt:
1471 870 1760 934 Generatia.
1796 873 1982 944 inquit,
2012 890 2126 946 quae

528 981 617 1017 cor
657 981 756 1017 non
797 963 982 1016 direxit
1024 979 1190 1018 suum.
1244 962 1357 1016 Non
1388 963 1585 1018 dictum
1621 975 1720 1028 est,
1771 981 1931 1035 opera
1959 983 1974 1026 :
2005 967 2120 1034 sed,

527 1071 628 1108 cor.
668 1056 876 1109 liireeto
919 1055 1062 1108 enitn
1092 1053 1274 1118 corde,
1311 1066 1454 1110 recta
1487 1067 1611 1110 Sllttl
1637 1072 1798 1126 opera
1829 1076 1841 1111 :
1871 1075 1990 1112 cum
2023 1075 2120 1114 au-

529 1152 632 1198 tent
681 1161 775 1200 eor
815 1145 1074 1200 directmn
1130 1162 1234 1198 non
1273 1156 1375 1211 est,
1423 1160 1584 1214 Opera
1633 1157 1774 1200 recta
1827 1163 1930 1202 non
1972 1157 2118 1215 sunt,

525 1239 688 1291 etiam
723 1239 736 1292 i
765 1249 904 1292 recta
929 1238 1226 1292 videantur.
1259 1239 1318 1292 Et
1345 1239 1483 1292 unde
1503 1254 1598 1293 cor
1623 1255 1725 1293 non
1744 1239 1935 1294 direxit
1960 1257 2118 1312 prava

526 1331 818 1398 generatio,
852 1331 980 1384 satis
1005 1331 1232 1402 aperuit,
1270 1345 1390 1384 cum
1419 1331 1532 1384 ait:
1564 1330 1629 1384 lit
1669 1348 1766 1385 non
1803 1342 1876 1386 est
1901 1333 2120 1387 creditus

500 1428 639 1474 “cum
667 1420 769 1475 Deo
796 1423 1006 1492 spiritus
1029 1423 1157 1491 ejus.
1194 1423 1387 1476 Rectus
1413 1435 1494 1478 est
1527 1424 1669 1476 enim
1713 1426 1851 1478 deus
1879 1442 1893 1474 :
1920 1435 1974 1479 ct
1999 1425 2118 1480 ideo

526 1524 675 1570 recto
704 1515 1004 1576 adhaerens,
1040 1525 1288 1584 tauquam
1319 1514 1735 1569 incotntmitabili
1766 1517 1979 1585 regulae,
2008 1531 2106 1586 po-

527 1615 630 1659 test
661 1607 770 1660 ﬁeri
802 1616 1000 1660 rectum
1040 1605 1180 1675 quod
1211 1607 1262 1659 in
1288 1620 1346 1661 se
1373 1607 1466 1660 luit
1496 1622 1711 1674 pravum
1742 1622 1836 1661 cor
1863 1609 2111 1662 hominis.

526 1696 594 1754 Ut
621 1710 795 1753 autem
818 1715 912 1754 cor
937 1715 1056 1755 cum
1084 1700 1171 1754 illo
1191 1701 1279 1762 sit,
1303 1708 1356 1755 et
1380 1716 1472 1768 per
1499 1699 1599 1754 hoc
1625 1710 1828 1755 rectum
1851 1715 1970 1756 esse
1992 1716 2112 1772 pos-

525 1791 616 1856 sit,
639 1789 910 1845 acceditur
934 1790 998 1845 ad
1026 1807 1170 1854 ctttn,
1216 1808 1319 1845 non
1360 1792 1514 1859 pede,
1545 1792 1636 1845 sed
1670 1793 1788 1846 lide.
1829 1792 1949 1847 Ideo
1976 1794 2112 1848 diei-

530 1890 618 1936 tur
662 1883 820 1937 etiam
854 1884 904 1937 in
939 1883 1173 1952 Epistula
1217 1883 1282 1936 ad
1316 1883 1568 1938 llebra'os
1592 1885 1658 1938 de
1686 1884 1770 1938 illa
1807 1885 1916 1953 ipsa
1946 1901 2112 1956 gene-

522 1976 728 2030 ratione
781 1992 938 2045 prava
997 1985 1046 2032 et
1099 1978 1422 2031 amaricante
1469 1995 1483 2031 :
1524 1975 1643 2030 Non
1710 1979 1901 2048 profuit
1949 1995 2112 2032 sermo

519 2068 722 2120 auditus
744 2069 845 2122 illis
867 2085 965 2122 non
992 2070 1376 2136 contentperatis
1393 2071 1408 2100 ί
1439 2070 1556 2138 ﬁdei
1577 2087 1748 2123 eorum
1771 2072 1853 2140 qui
1875 2073 2111 2126 obaudie-

519 2168 636 2210 runt
680 2157 868 2227 (llebr.
902 2175 974 2223 tv,
1005 2159 1080 2229 9).
1121 2159 1374 2213 Voluntas
1418 2160 1574 2229 igitur
1599 2177 1717 2230 qua:
1759 2172 1842 2216 est
1870 2163 1920 2216 in
1950 2163 2111 2220 corde

519 2257 686 2308 recto,
722 2259 936 2317 paratur
962 2267 991 2303 a
1031 2251 1275 2315 Domino,
1311 2249 1415 2304 ﬁde
1444 2251 1796 2320 pr:eccdentc,
1825 2270 1927 2324 qua
1958 2271 2111 2310 acce-

517 2337 660 2393 ditttr
683 2341 748 2394 ad
783 2343 944 2397 Deum
976 2351 1200 2406 rectum,
1233 2352 1288 2396 ut
1309 2358 1404 2396 cor
1434 2343 1521 2397 ﬁat
1549 2353 1776 2397 rectum.
1804 2347 1933 2410 Qua:
1955 2345 2106 2414 ﬁdes,

516 2434 876 2502 prasvenicnte
923 2444 977 2490 et
1005 2444 1232 2489 vocante
1272 2435 1639 2490 misericordia
1681 2436 1797 2499 Dei,
1843 2453 1936 2505 per
1975 2438 2106 2493 obe-

518 2523 773 2579 dientiam
826 2526 1148 2588 suscitatur;
1202 2535 1255 2579 ct
1298 2526 1567 2596 applicare
1615 2525 1799 2598 incipit
1833 2529 1898 2581 ad
1942 2527 2106 2583 Deum

517 2627 628 2675 cor.
662 2625 718 2668 ut
742 2615 1031 2687 dirigatur;
1056 2626 1109 2671 et
1133 2627 1331 2687 quanto
1358 2617 1526 2687 magis
1549 2619 1820 2689 magisque
1841 2620 2102 2690 dirigitur,

517 2715 664 2761 tattto
712 2710 880 2778 magis
914 2709 1054 2764 videt
1083 2709 1222 2780 quod
1261 2726 1364 2764 non
1417 2710 1644 2773 videbat,
1693 2723 1746 2766 et
1775 2711 1914 2766 valet
1962 2714 2104 2782 quod

516 2815 618 2851 non
651 2801 876 2853 vah-hat.
913 2800 1025 2855 Hoc
1052 2818 1155 2855 non
1190 2802 1385 2855 fccemt
1413 2800 1620 2868 Simon,
1649 2802 1731 2856 cui
1765 2801 1950 2857 Petrus
1977 2820 2105 2873 apo-

512 2894 680 2948 stolus
707 2893 841 2948 dixit
869 2911 882 2948 :
908 2891 1028 2946 Non
1071 2902 1142 2947 est
1171 2892 1257 2946 tibi
1289 2909 1407 2961 pars
1433 2909 1589 2964 neque
1619 2909 1730 2947 sors
1759 2894 1810 2948 in
1838 2894 1932 2948 Itac
1967 2897 2103 2964 ﬁde;

511 3002 600 3039 cor
622 2987 754 3039 enim
779 2996 921 3039 tuum
951 3003 1050 3040 non
1077 2995 1151 3039 est
1172 2997 1361 3040 rectum
1386 3002 1500 3039 cunt
1534 2986 1639 3040 Deo
1663 2988 1800 3055 (Act.
1834 3004 1945 3052 vttt,
1979 2989 2097 3061 2|).

514 3076 588 3131 lbi
619 3078 760 3131 enim
792 3077 1026 3132 ostendit
1051 3077 1172 3147 quia
1224 3093 1328 3131 non
1374 3085 1546 3148 potest
1574 3091 1695 3132 esse
1741 3088 1944 3134 rectum
1986 3084 2100 3136 sine

513 3167 641 3233 Dec,
678 3177 736 3222 ut
769 3167 1022 3235 incipiant
1064 3168 1329 3230 homines,
1363 3185 1466 3221 non
1518 3178 1767 3237 tauquam
1815 3172 1955 3224 servi
1999 3173 2100 3226 sub

513 3258 628 3326 lege
666 3259 939 3312 ambulare
981 3268 1300 3323 metuentes,
1352 3258 1443 3312 sed
1486 3259 1535 3312 in
1565 3259 1678 3329 lege
1717 3268 1966 3328 tanquam
2003 3263 2098 3318 lilii

511 3352 770 3413 volentes,
804 3351 855 3404 in
884 3367 986 3420 qna
1017 3351 1092 3404 illi
1139 3351 1415 3405 ambulare
1444 3353 1749 3418 noluerunt,
1785 3364 1838 3408 et
1882 3356 1981 3410 sub
2007 3357 2094 3411 illa

511 3441 588 3496 rei
621 3452 1009 3494 remanserunt.
1046 3441 1193 3495 llanc
1231 3443 1376 3496 enim
1401 3442 1730 3498 voluntatem
1777 3460 1880 3499 non
1914 3448 2093 3514 timor,

509 3531 604 3584 Sed
639 3529 870 3584 cliaritas
915 3531 1094 3592 habet,
1133 3547 1250 3599 qua:
1283 3531 1596 3585 ditl‘unditur
1625 3532 1675 3586 in
1700 3535 1951 3590 cordibus
1978 3553 2095 3592 cre-

509 3619 747 3674 dentium
778 3634 872 3688 per
911 3619 1167 3689 Spiritmn
1213 3628 1457 3675 sanctum
1488 3619 1665 3686 (Rom.
1694 3639 1746 3689 v,
1775 3625 1853 3695 5).
1883 3627 2092 3693 Quibus

507 3712 742 3766 dicizur:
781 3711 1002 3769 «Gratia
1047 3713 1178 3767 salvi
1222 3713 1341 3768 lacti
1372 3715 1502 3768 estis
1529 3730 1623 3784 per
1669 3717 1850 3783 tidem,
1893 3728 1948 3774 et
1993 3720 2095 3776 hoc

507 3821 610 3860 non
638 3823 701 3860 ex
735 3806 903 3872 vobis,
931 3806 1024 3861 sed
1057 3806 1146 3860 Dei
1178 3807 1375 3861 donum
1418 3817 1534 3873 est;
1566 3825 1669 3862 non
1719 3824 1785 3864 ex
1815 3811 2089 3880 operibus,

505 3915 572 3953 nc
603 3898 739 3953 forte
765 3913 884 3968 quis
907 3899 1214 3952 extollatur.
1265 3899 1432 3968 Ipsius
1476 3900 1617 3954 enitn
1649 3917 1834 3956 sumus
1869 3902 2094 3970 ﬁgmen-

505 4003 636 4055 tum,
677 3993 843 4045 creati
890 3991 941 4044 in
982 3989 1195 4047 Christo
1221 3992 1348 4047 .lesu
1389 3995 1440 4046 in
1478 3994 1728 4062 operibus
1766 3995 1938 4060 bonis,
1973 4014 2090 4066 quite

504 4085 822 4154 praiparavit
870 4083 1011 4139 Deus
1045 4094 1101 4139 ut
1132 4085 1183 4140 in
1216 4086 1321 4140 illis
1363 4087 1696 4142 ambulemus
1722 4107 1740 4140 ι
1785 4087 1998 4159 (Ephes.
2031 4108 2085 4157 ιι,

500 4178 534 4232 8
573 4177 681 4244 l0).
709 4176 824 4231 Non
855 4177 1125 4247 quomodo
1173 4178 1277 4243 isti,
1325 4179 1412 4248 qui
1454 4180 1504 4234 in
1547 4180 1656 4250 lege
1683 4182 1791 4250 ejus
1819 4183 2088 4238 noluerunt

499 4268 777 4331 ambulare,
823 4285 930 4322 non
969 4269 1237 4325 credendo
1282 4270 1332 4323 in
1369 4286 1512 4334 eum,
1562 4287 1732 4341 neque
1766 4273 1900 4326 viam
1933 4288 2083 4329 suam

498 4361 785 4417 revelattdo
819 4362 886 4418 ad
929 4379 1050 4417 eum
1095 4372 1150 4418 et
1196 4363 1459 4433 sperando
1497 4364 1546 4418 iu
1577 4380 1723 4430 eum,
1764 4376 1820 4420 ut
1857 4367 1970 4437 ipse
2010 4368 2087 4422 l’a—

495 4463 658 4508 ceret.

569 4547 654 4599 ll.
698 4545 846 4619 [vers.
881 4547 968 4609 ll,
1003 4545 1116 4619 12.]
1156 4545 1222 4600 Et
1248 4548 1388 4601 obliti
1414 4557 1530 4601 sunt
1560 4548 1914 4616 beneﬁciorum
1952 4553 2077 4621 ejus,

495 4648 541 4692 et
576 4639 881 4691 mirabilium
906 4641 1013 4709 ejus
1034 4655 1150 4708 qua:
1169 4640 1382 4693 ostendit
1417 4641 1510 4703 eis,
1541 4658 1712 4694 coram
1739 4644 1966 4711 patribus
1991 4661 2079 4698 eo-

493 4744 604 4782 rum
631 4731 777 4799 qua."l
801 4730 915 4799 fecit
954 4729 1222 4782 mirabilia.
1255 4729 1391 4798 Quid
1433 4732 1501 4785 sit
1530 4731 1651 4798 hoc,
1697 4747 1800 4786 non
1831 4742 1910 4787 est
1933 4749 2080 4804 qure—

492 4823 598 4876 stio
625 4821 960 4894 iicgligetida.
997 4821 1068 4875 De
1107 4821 1234 4891 ipsis
1262 4823 1499 4893 patrihus
1528 4825 1686 4893 paulo
1718 4833 1844 4880 ante
1871 4826 2080 4884 dicebat

489 4915 630 4983 quod
663 4915 844 4970 inisset
876 4915 1151 4984 generatio
1181 4931 1337 4985 prava
1377 4928 1432 4972 et
1459 4918 1776 4972 amarieaus.
1815 4917 1896 4974 Ne
1930 4921 2073 4987 ﬁant,

494 5008 678 5076 inquit.
728 5009 857 5062 sicut
884 5015 1052 5077 patres
1093 5023 1286 5073 eorum,
1318 5011 1574 5079 generatio
1605 5027 1760 5080 prava
1799 5024 1846 5066 et
1889 5016 2078 5068 amari-

492 5116 650 5163 cans;
701 5099 956 5166 generatio
985 5116 1100 5169 quw
1139 5116 1238 5153 non
1275 5102 1457 5155 direxit
1491 5119 1577 5156 cor
1600 5120 1769 5170 suum,
1799 5118 1851 5160 et
1881 5115 2075 5161 caetera

489 5208 608 5261 qua:
636 5190 809 5245 adlmc
844 5191 912 5246 de
943 5193 1056 5261 ipsa
1088 5195 1432 5263 generatione
1458 5194 1726 5261 dicuntur,
1761 5198 1915 5266 cujus
1953 5199 2074 5252 imi-

488 5284 738 5336 tationem
780 5298 844 5337 en
876 5283 1034 5337 modo
1063 5285 1352 5338 cavendam
1384 5287 1621 5356 prmcipit
1660 5289 1814 5342 alteri
1844 5305 2072 5358 genera-

484 5373 634 5436 lioui,
662 5385 714 5427 ut
739 5384 926 5441 ponant
952 5375 1003 5428 in
1035 5374 1138 5429 Deo
1163 5393 1303 5442 spem
1328 5393 1493 5441 suam,
1526 5389 1569 5430 et
1595 5395 1691 5432 non
1719 5379 2073 5434 obliviscantur

477 5479 689 5543 operum
715 5464 828 5531 Dei,
858 5477 903 5520 et
934 5467 1171 5520 mandata
1193 5469 1304 5538 ejus
1327 5470 1588 5539 exquirant
1615 5486 1632 5523 :
1659 5471 1722 5524 de
1750 5473 1940 5540 quibus
1959 5473 2068 5540 jatn

540 5655 556 5682 ι
586 5649 720 5705 Μὰ..
752 5641 951 5698 auditus
973 5641 1072 5709 illis
1094 5656 1185 5693 non
1225 5652 1586 5709 contemperans
1617 5643 1735 5709 ﬁdei
1756 5659 1938 5706 conon.
1969 5659 2064 5700 etc.

475 5712 564 5762 Sed
596 5710 672 5761 illa
696 5718 802 5761 Mss.
831 5723 942 5774 quze
968 5705 1048 5758 hic
1071 5709 1342 5758 restituitur
1368 5705 1531 5766 lectio,
1558 5705 1852 5758 in'Graecum
1878 5719 2066 5762 textum

476 5782 529 5820 Δι
548 5774 686 5820 ostoh
716 5787 808 5820 non
833 5773 994 5820 minus
1015 5770 1234 5820 quadrat.

476 5782 529 5837 Αι
548 5774 686 5823 ostoh
716 5787 808 5822 non
833 5774 994 5822 minus
1015 5774 1234 5835 quadrat.

539 5833 844 5950 :ﬂt‘aiticula,
887 5846 1022 5898 quat,
1065 5835 1209 5887 deest
1236 5834 1285 5883 in
1309 5831 1480 5897 editis;
1508 5835 1595 5886 sed
1621 5845 1781 5886 exstat
1805 5838 1851 5884 in
1885 5842 1988 5886 Mss.
2015 5845 2065 5887 et

477 5910 540 5950 ιι)
636 5901 765 5949 ιιι.

477 5901 608 5962 apud
636 5901 765 5949 LXX.

1717 394 1776 451 s.
1804 392 2171 452 AUGUSTINI
2213 393 2516 455 EPISCOPI
3645 427 3707 488 η,

2241 513 2370 568 satis
2390 515 2530 616 quod
2547 517 2718 573 visum
2743 531 2828 577 est
2845 520 3216 583 disseruimus.
3245 529 3373 598 Quid
3396 534 3481 590 sibi
3505 553 3606 610 ergo
3622 549 3710 616 tua,

2237 620 2356 660 cum
2408 609 2474 662 de
2519 610 2629 679 ipsa
2666 616 3009 682 generatione
3056 635 3214 688 prava
3258 623 3477 693 lnquauu
3522 609 3710 699 quomodo

2238 699 2378 753 obliti
2393 713 2508 756 sunt
2526 705 2880 775 beneﬁciorum
2895 707 3010 775 Dei,
3027 723 3069 765 et
3082 714 3378 769 ntirabilium
3395 720 3488 787 ejus
3501 741 3588 788 qua
3599 741 3709 784 osten-

2238 790 2310 843 dit
2350 793 2438 858 eis,
2470 795 2608 864 qttud
2647 798 2849 853 addidit
2892 811 2945 855 et
2973 803 3102 859 dicit
3135 823 3149 858 :
3182 805 3358 863 Coram
3384 815 3578 880 patribus
3598 837 3713 878 rerum

2236 902 2350 954 qua:
2385 890 2502 958 fecit
2547 892 2816 948 mirabilia.
2861 896 3066 964 Quibus
3117 904 3368 969 patribus,
3403 921 3508 960 cum
3552 911 3618 966 isti
3652 916 3713 985 ipsi

2235 981 2337 1034 sint
2371 994 2570 1050 patres,
2617 1003 2840 1055 quorum
2873 1005 2978 1046 non
3009 993 3119 1047 vult
3156 1009 3275 1049 esse
3301 1011 3520 1068 posteros
3549 981 3713 1060 similis?

2233 1072 2287 1128 Si
2323 1073 2441 1128 illos
2475 1079 2838 1147 acceperimus
2876 1098 2940 1136 ex
2987 1085 3182 1154 quibus
3213 1089 3293 1142 isti
3334 1092 3431 1144 nati
3456 1103 3713 1159 erant,\‘eltu

2234 1165 2524 1228 Abraham,
2575 1168 2721 1225 lsaac
2767 1182 2823 1228 et
2871 1173 3066 1240 .lacob;
3123 1179 3233 1245 jam
3292 1181 3410 1236 olim
3451 1183 3710 1256 dormiet-ant,

2233 1259 2446 1327 quando
2476 1263 2737 1318 mirabilia
2777 1267 2912 1322 [lens
2934 1271 3171 1324 Oslelltlll.
3199 1276 3248 1324 in
3279 1272 3508 1345 Egypto.
3532 1279 3712 1346 Sequitur

2232 1351 2396 1416 enim,
2432 1349 2495 1408 In
2534 1365 2667 1408 terra
2699 1355 2939 1430 lEgypti,
2983 1363 3035 1415 in
3062 1379 3238 1432 campo
3267 1363 3478 1421 Tlmneos
3499 1385 3516 1422 :
3539 1370 3607 1424 ubi
3627 1373 3709 1427 dicit

2230 1444 2530 1500 ostendisse
2561 1447 2722 1503 Deum
2756 1451 2872 1504 istis
2919 1453 3178 1508 mirabilia
3213 1471 3384 1510 coram
3428 1461 3620 1528 patrihus
3649 1481 3710 1516 cn-

2229 1551 2369 1590 rntn.
2410 1539 2490 1592 An
2521 1538 2660 1596 forte
2702 1543 2889 1611 spiritu
2922 1558 3219 1616 pra'si-ntes
3242 1559 3405 1611 erant.
3429 1554 3531 1621 quia
3555 1555 3605 1608 de
3627 1558 3710 1625 quis

2233 1627 2486 1683 Dominus
2538 1633 2588 1686 in
2641 1632 2928 1702 Evangelia
2975 1638 3089 1692 ait:
3125 1637 3308 1694 Omnes
3347 1643 3464 1694 enim
3497 1644 3558 1696 illi
3599 1646 3712 1700 riam

2228 1719 2376 1788 (Luc.
2413 1737 2500 1786 xx,
2535 1723 2667 1792 58)?
2695 1727 2774 1780 An
2807 1730 3263 1785 accommmlatius
3293 1735 3550 1802 accipimus
3572 1752 3618 1806 pi
3639 1756 3706 1799 res.

2226 1809 2467 1884 Moysen,
2483 1823 2537 1868 et
2554 1816 2753 1881 Λευ-οη,
2773 1816 3012 1885 aliosque
3024 1822 3362 1892 senioresqui
3375 1841 3596 1881 contactu
3615 1844 3706 1881 min-

2227 1913 2312 1958 tur
2332 1905 2384 1959 in
2407 1905 2593 1962 eadem
2615 1908 2886 1978 Scriptura
2911 1911 3070 1966 etiatn
3094 1914 3335 1983 spiritum
3352 1918 3601 1986 accepisse,
3616 1921 3708 1974 uide

2224 2006 2502 2065 acceperat
2529 2006 2581 2052 et
2610 1998 2842 2070 Moyses,
2881 2011 2937 2055 ut
2966 2017 3090 2058 enm
3132 2005 3427 2074 adjuvarent
3453 2011 3507 2061 ad
3533 2018 3707 2064 immitem

2224 2089 2477 2159 populum
2494 2092 2781 2162 regendum
2795 2109 2856 2148 ac
2871 2094 3150 2150 ferendum
3167 2096 3348 2164 (Nam.
3365 2115 3429 2160 st,
3453 2103 3520 2158 l6.
3541 2102 3709 2172 t7)?t;ur

2221 2185 2364 2238 enim
2409 2200 2512 2238 non
2544 2187 2940 2256 appellarentur
2968 2191 3190 2257 patres?
3219 2191 3327 2246 Non
3367 2194 3491 2248 sicut
3518 2195 3624 2247 υνυς
3646 2197 3707 2248 l'a-

2223 2284 2308 2330 ter
2337 2292 2474 2331 unus
2503 2288 2586 2334 est
2623 2281 2714 2350 qui
2749 2293 3028 2350 regenerat
3055 2281 3258 2352 Spiritu
3300 2299 3392 2339 suo
3415 2287 3703 2356 quoslacitti-

2221 2369 2322 2425 lios
2363 2371 2426 2424 ad
2478 2383 2732 2428 mlcrnam
2779 2375 3184 2442 lucreditatcm;
3223 2380 3314 2433 sed
3357 2380 3545 2434 honoris
3574 2383 3704 2451 gratia,

2220 2475 2438 2532 pi-Opter
2464 2474 2676 2520 nitatem
2717 2482 3009 2538 curamque
3041 2470 3258 2539 pietatis
3282 2488 3294 2524 :
3317 2471 3441 2526 sicut
3469 2472 3618 2526 Paulus
3648 2487 3704 2528 se-

2219 2555 2338 2610 nior
2366 2558 2512 2624 dicit,
2548 2557 2669 2614 Non
2707 2570 2762 2614 ut
2789 2562 3107 2631 confundam
3148 2581 3251 2629 eos,
3282 2567 3382 2619 lucc
3401 2566 3568 2629 scribo;
3591 2569 3656 2620 sed
3673 2578 3704 2618 at

2217 2651 2350 2717 ﬁlios
2379 2668 2513 2706 meos
2556 2653 2879 2710 charissimos
2927 2673 3152 2722 moneo;
3199 2673 3318 2714 cum
3351 2660 3490 2716 sciret
3527 2662 3701 2732 utique:

2218 2741 2445 2797 Domino
2493 2745 2714 2811 dictum,
2760 2745 2843 2802 Ne
2881 2747 3017 2804 vobis
3060 2749 3247 2804 dicatis
3294 2761 3465 2822 patrem
3506 2753 3550 2805 in
3588 2764 3702 2812 terra;

2215 2851 2344 2890 unus
2364 2847 2434 2890 est
2460 2839 2592 2892 enim
2624 2838 2776 2894 Pater
2796 2852 2953 2896 vester
2973 2840 3121 2897 Deus
3142 2841 3346 2916 (Matth.
3368 2861 3493 2907 um.
3519 2844 3584 2913 9).
3603 2846 3700 2916 Quod

2213 2944 2317 2983 nea
2353 2929 2472 2985 ideo
2508 2931 2708 2986 dictum
2740 2943 2843 3001 est,
2893 2943 2952 2988 ut
2979 2935 3081 2990 hoc
3111 2936 3416 2992 vocabulum
3444 2940 3620 2994 honoris
3640 2940 3702 2990 liu-

2213 3023 2355 3078 niani
2397 3026 2465 3080 de
2510 3027 2758 3095 loquendi
2811 3029 3205 3086 consuetudine
3252 3032 3525 3098 tolleretur;
3559 3034 3628 3087 sed
3659 3049 3700 3086 ne

2209 3119 2378 3186 gratia
2410 3118 2499 3172 Dei
2526 3135 2628 3189 qua
2659 3120 2709 3174 in
2737 3132 2994 3176 aeternam
3024 3122 3193 3177 vitam
3220 3140 3572 3195 regeneratum.
3599 3137 3700 3178 tiatu-

2210 3225 2304 3272 rm,
2335 3211 2414 3266 vel
2450 3215 2721 3280 potestati,
2755 3214 2836 3268 vel
2863 3215 3024 3269 etiam
3057 3217 3324 3271 sanctitati
3353 3219 3611 3287 cujusquam
3633 3216 3697 3268 lm-

2209 3303 2368 3357 minis
2396 3305 2738 3358 tribueretur.
2771 3305 2898 3360 Ideo
2925 3321 3045 3360 cum
3087 3308 3318 3374 diceret,
3353 3307 3452 3380 Ego
3475 3326 3544 3363 vos
3563 3307 3695 3378 genui:

2208 3395 2472 3463 praedixit,
2506 3393 2568 3448 In
2590 3395 2810 3461 Christo,
2835 3405 2892 3450 et
2916 3415 3006 3466 per
3027 3397 3358 3471 Ecangelinm
3383 3400 3422 3471 (l
3448 3399 3545 3454 Cor.
3567 3414 3619 3459 tv.
3639 3396 3692 3461 ll,

2207 3487 2329 3558 l5);
2360 3503 2424 3542 ne
2455 3487 2622 3556 ipsius
2652 3498 2929 3557 putaretur
2954 3505 3074 3546 esse
3100 3493 3244 3562 quod
3275 3494 3362 3547 Dei
3387 3502 3474 3547 est.

2281 3579 2364 3634 12.
2410 3580 2548 3650 Ergo
2592 3580 2675 3634 illa
2719 3582 2976 3650 generatio
3019 3599 3181 3650 prava
3219 3594 3266 3638 et
3305 3585 3576 3645 autat-iratis,
3600 3579 3693 3634 obliti

2201 3681 2315 3726 sunt
2355 3671 2705 3738 beneﬁciorum
2733 3669 2848 3738 Dei,
2880 3681 2926 3725 et
2955 3673 3264 3728 mirabilimn
3290 3675 3394 3745 ejus
3423 3691 3519 3745 qua:
3545 3671 3690 3726 ostendit

2201 3761 2290 3822 eis,
2323 3778 2491 3815 coram
2524 3760 2746 3830 patribus
2784 3777 2970 3832 eorum,
2996 3779 3110 3833 qua:
3145 3765 3262 3834 fecit
3301 3765 3522 3818 mirabilia
3543 3765 3582 3815 in
3603 3771 3688 3813 tem

2203 3851 2440 3923 (Egypti,
2469 3853 2520 3906 in
2543 3869 2720 3922 eampo
2745 3851 2994 3908 Titaneos.
3019 3852 3087 3908 Et
3108 3855 3293 3924 incipit
3315 3857 3483 3910 eadem
3504 3850 3687 3908 mirabilia

2199 3947 2669 4002 commemorando
2716 3955 2980 4002 retexere.
3014 3947 3148 4014 ριιω
3190 3949 3234 4003 si
3281 3947 3518 4018 parabolae
3547 3951 3686 4001 suntet

2199 4041 2605 4109 propositiones,
2640 4037 2879 4107 profecto
2915 4037 2981 4094 ad
3018 4039 3220 4110 aliquid
3249 4037 3565 4108 compzmmdo
3594 4033 3686 4089 nite-

2197 4133 2378 4188 rend;e
2408 4141 2547 4187 sunt.
2579 4131 2688 4187 Nec
2713 4131 2924 4186 oculum
2957 4132 3270 4188 intentionis
3296 4132 3525 4187 debemus
3543 4128 3685 4182 auferre

2197 4225 2264 4276 ab
2307 4240 2372 4279 eo
2404 4224 2542 4292 quod
2593 4224 2829 4293 psalmus
2877 4224 2988 4293 ipse
3036 4223 3262 4279 intendit
3305 4217 3684 4286 ostenderc,liuttc

2195 4330 2312 4369 esse
2343 4316 2568 4370 fructum
2599 4316 2836 4369 omnium
2866 4331 2984 4386 quae
3010 4314 3278 4382 dicuntur,
3307 4325 3357 4370 et
3387 4329 3529 4385 quare
3555 4310 3682 4364 admo-

2195 4408 2288 4460 niti
2319 4422 2499 4460 sumus
2530 4406 2643 4461 ha-c
2670 4406 3024 4462 intentissime
3051 4408 3255 4471 audire,
3289 4407 3390 4461 Deo
3415 4406 3601 4462 dicente,
3622 4401 3678 4451 Al-

2193 4499 2394 4562 tendite,
2437 4498 2653 4568 populus
2698 4514 2858 4564 meus,
2909 4497 3066 4569 legem
3112 4516 3308 4564 meam;
3335 4498 3542 4552 inclinate
3562 4504 3681 4545 cum

2191 4602 2403 4644 vestram
2447 4591 2498 4643 in
2545 4589 2690 4643 verba
2727 4591 2830 4644 oris
2873 4591 3004 4655 mei;
3031 4600 3087 4645 ut
3117 4606 3367 4660 ponamus
3403 4591 3448 4644 in
3472 4589 3679 4653 Deospcm

2192 4691 2425 4735 nostram
2446 4722 2461 4746 ,
2493 4690 2546 4734 et
2577 4696 2679 4734 non
2722 4681 3100 4736 obliviscamur
3125 4697 3340 4751 operum
3370 4681 3478 4741 llei,
3511 4687 3552 4732 et
3575 4686 3679 4728 Inan-

2187 4775 2309 4828 data
2354 4775 2469 4844 ejus
2512 4774 2887 4844 exquiratnus;
2925 4790 2992 4828 ne
3034 4777 3242 4840 ﬁamus,
3273 4775 3402 4829 sicut
3441 4772 3502 4826 illi
3539 4775 3675 4836 patres.

2185 4868 2458 4938 generatio
2489 4883 2643 4936 prava
2673 4877 2726 4920 et
2751 4868 3082 4931 amaricans;
3111 4868 3498 4937 getteratioqum
3514 4871 3674 4916 θοι-ηοω

2183 4962 2379 5017 direxit
2421 4978 2596 5026 suum,
2639 4971 2690 5014 et
2735 4977 2840 5014 non
2885 4969 2970 5015 est
3009 4960 3242 5015 creditus
3269 4975 3381 5014 cunt
3405 4959 3497 5012 Deo
3520 4953 3674 5022 spiritus

2182 5054 2319 5121 ejus.
2346 5051 2426 5107 Ad
2457 5053 2554 5106 hoc
2581 5067 2708 5122 ergo
2735 5051 2911 5106 omnia
2939 5051 3213 5106 referenda
3251 5059 3385 5113 sunt,
3419 5061 3473 5101 ac
3507 5059 3579 5113 per
3606 5039 3674 5092 Ιιυο

2181 5147 2434 5218 quidquid
2461 5149 2676 5217 ﬁgurata
2706 5146 2915 5200 actione
2944 5145 3040 5199 i~ta
3070 5146 3377 5213 signiﬁcant,
3401 5143 3460 5196 ita
3487 5136 3572 5190 ﬁeri
3589 5143 3672 5200 [ws-

2180 5252 2302 5296 sunt
2332 5241 2677 5311 spiritualiter
2710 5239 2759 5292 in
2793 5239 3008 5293 homine
3034 5257 3047 5304 ;
3081 5238 3159 5292 vel
3189 5239 3349 5305 gratia
3381 5235 3488 5290 llei.
3516 5228 3551 5281 si
3575 5227 3667 5279 bona

2179 5343 2336 5398 sunt;
2371 5333 2449 5386 vel
2482 5331 2682 5399 judicio
2722 5331 2848 5396 Dei,
2881 5331 2924 5385 si
2964 5330 3100 5386 mala
3143 5338 3264 5384 sunt
3292 5345 3304 5382 :
3337 5327 3454 5380 sicut
3481 5322 3548 5375 illa
3571 5318 3664 5412 ιιοιξτδ

2179 5427 2311 5482 facta
2360 5437 2480 5481 sunt
2528 5426 2576 5478 in
2626 5425 2911 5482 Israelitas.
2945 5424 3028 5478 vel
3073 5423 3229 5485 mala,
3258 5430 3308 5474 et
3337 5421 3382 5472 in
3412 5416 3544 5484 ipsos,
3571 5415 3608 5460 et
3630 5415 3665 5454 ιιι

2176 5534 2359 5574 eorum
2389 5518 2650 5571 inimicos.
2671 5517 2800 5584 Quze
2827 5516 2870 5571 si
2900 5531 3003 5569 non
3032 5513 3405 5572 obliviscamur,
3425 5502 3501 5560 sed
3526 5501 3564 5553 in
3586 5495 3662 5549 beo

2174 5627 2322 5680 spem
2356 5620 2587 5663 nostram
2619 5623 2894 5676 ponamus.
2928 5621 3027 5661 nec
3057 5606 3217 5675 ipsius
3252 5601 3417 5672 gratia:
3441 5596 3573 5649 simus
3603 5600 3660 5638 ut-

2171 5704 2342 5773 grati;
2374 5717 2599 5770 eumque
2645 5701 2944 5763 timeamus,
2993 5713 3098 5752 non
3150 5697 3328 5750 timore
3377 5702 3480 5743 serv

2172 5771 2285 5850 sola
2332 5794 2465 5847 mala
2512 5791 2802 5860 corporalia
2852 5788 3217 5850 formidantur,
3249 5782 3335 5838 sed
3370 5779 3528 5833 timore
3549 5771 3657 5821 casto

3485 5683 3525 5737 ili
3539 5721 3550 5740 ,
3585 5687 3658 5738 ""0

2174 5897 2517 5959 permanente
2561 5885 2611 5942 in
2652 5883 2906 5941 sacculum
2951 5881 3148 5947 saeculi,
3183 5878 3268 5951 qui
3293 5877 3448 5931 timor
3467 5867 3654 5932 "98W"
