3966 6484
195 495 298 552 993

196 624 314 666 esse
334 606 535 678 iudicat
557 620 765 676 poenam
794 605 986 673 privari
1018 603 1137 660 luce
1166 603 1421 673 justitize;
1450 616 1554 658 non
1581 598 1784 657 elﬁcie-

196 717 333 761 mur,
364 710 609 769 tauquam
642 707 817 769 patres
848 697 943 761 illi,
968 697 1243 768 generatio
1290 710 1453 769 prava
1488 704 1543 750 et
1589 691 1787 747 amari-

199 808 341 845 catis.
369 790 532 845 Terra
564 792 739 859 itaque
763 788 980 861 Egypti
1024 790 1075 842 iu
1121 791 1282 858 ligura
1328 785 1668 857 intelligenda
1707 793 1790 840 est

202 885 357 953 hujus
385 883 584 936 sa'culi.
614 884 842 949 (Iampus
868 881 1112 936 Thaueos
1151 881 1396 949 planities
1437 890 1517 934 est
1556 875 1790 932 mandati

204 976 438 1030 humilis.
466 974 593 1027 Nam
620 973 924 1027 Mandatum
951 972 1149 1026 httmile
1172 973 1548 1039 interpretatur
1568 969 1787 1025 Titanis.

204 1068 256 1121 In
300 1067 401 1119 huc
427 1082 556 1136 ergo
597 1066 795 1120 sarculo
827 1064 1141 1118 humilitatis
1181 1062 1486 1117 mandatum
1531 1061 1793 1129 suscipia-

204 1175 339 1222 tnus,
369 1166 421 1211 ιιι
456 1159 504 1211 in
536 1158 640 1210 alio
680 1158 877 1213 satculo
914 1155 1315 1220 eraltationetn,
1353 1169 1509 1225 quam
1554 1152 1796 1223 promisit

199 1250 286 1320 qui
319 1258 538 1319 promer
568 1264 665 1304 nos
697 1250 780 1303 hic
812 1247 982 1303 iactus
1010 1258 1092 1302 est
1136 1246 1371 1312 humilis,
1403 1246 1647 1316 accipere
1679 1260 1793 1298 me-

197 1356 437 1397 ΙὈῖΙΙΙΗΙΓο

270 1433 359 1487 15.
398 1431 548 1505 [vers.
585 1429 788 1504 lii-16.]
819 1429 948 1486 Nam
978 1430 1064 1500 qui
1095 1430 1315 1499 disrupit
1345 1444 1503 1493 mare,
1526 1435 1572 1480 et
1602 1426 1798 1496 trajecit

193 1544 297 1594 eos,
326 1527 510 1581 statuit
554 1543 712 1597 aquas
757 1526 901 1597 quasi
939 1525 991 1578 in
1031 1532 1184 1587 utres,
1229 1532 1287 1576 ut
1330 1522 1410 1578 sic
1452 1530 1615 1575 staret
1659 1517 1799 1573 unda

192 1632 354 1691 tanqu
373 1635 458 1674 am
492 1618 675 1673 fuisset
706 1618 928 1680 ἰιιιιιιιίτι,
961 1625 1135 1686 potest
1163 1631 1256 1685 per
1282 1630 1431 1669 suam
1457 1612 1680 1684 gratiam
1710 1626 1801 1663 eo-

197 1716 393 1771 hibere
441 1712 599 1767 liuida
646 1722 699 1765 et
748 1711 976 1766 labentia
1022 1709 1570 1779 concupiscentiarum
1615 1719 1804 1758 carna-

203 1809 372 1872 lium,
423 1824 545 1862 cmn
598 1807 720 1860 huic
768 1805 964 1859 Saenlo
1014 1804 1381 1864 remtntialur,
1415 1810 1503 1866 ut,
1553 1809 1801 1865 tanquam

205 1901 459 1965 inimicis,
492 1898 723 1969 peccatis
749 1898 996 1951 otnuihns
1026 1894 1331 1965 perdeletis.
1363 1892 1595 1946 lidelinm
1634 1905 1804 1960 papu-

204 1996 287 2051 lns
322 2011 419 2063 per
457 2004 847 2049 sacramentum
879 1990 1218 2060 Baptismatis
1245 1986 1557 2057 trajieiatur.
1585 1984 1682 2053 Qui
1715 1982 1803 2035 de-

206 2088 352 2141 duxit
398 2103 485 2141 eos
529 2087 580 2138 in
607 2086 733 2137 nube
777 2084 897 2141 diei.
940 2092 988 2137 et
1038 2092 1140 2135 tota
1182 2091 1323 2134 nocte
1358 2080 1410 2132 in
1441 2075 1810 2132 illuminatione

205 2180 362 2249 ignis,
407 2186 581 2245 potest
611 2177 769 2229 etiam
800 2174 1144 2241 Spiritualiter
1170 2172 1399 2242 dirigere
1430 2171 1640 2231 itinera,
1669 2167 1709 2220 si
1743 2165 1807 2218 ad

204 2285 330 2324 eum
354 2268 554 2321 clamet
582 2267 744 2321 lidcs:
770 2265 961 2319 Itinera
991 2282 1097 2319 mea
1119 2264 1281 2332 dirige
1306 2262 1582 2317 secundum
1611 2256 1812 2312 vetbunt

206 2373 351 2415 tuum
388 2360 406 2431 (
448 2357 588 2413 Psal.
614 2373 795 2420 csvm,
828 2357 929 2411 155
960 2356 997 2425 ).
1034 2356 1105 2409 [)e
1131 2370 1236 2423 quo
1274 2354 1398 2406 alibi
1438 2352 1652 2413 dicitur,
1695 2347 1816 2419 Ipse

208 2456 342 2509 enim
394 2463 558 2506 rectos
601 2452 754 2523 faciet
802 2467 978 2504 rursus
1027 2459 1160 2512 tuos,
1188 2457 1235 2501 et
1276 2448 1456 2499 itinera
1498 2455 1585 2498 tua
1615 2444 1664 2497 in
1695 2458 1817 2513 pace

212 2546 467 2619 producet
500 2546 512 2575 ‘
542 2544 722 2616 (Prae.
751 2560 821 2607 tv,
850 2542 944 2613 Ἦ)
974 2560 985 2595 :
1017 2557 1110 2611 per
1139 2541 1320 2595 Jesunt
1344 2538 1613 2592 (Lhrisuun
1642 2535 1821 2590 Domi-

214 2658 349 2697 num
383 2648 646 2701 nostrum,
678 2637 829 2705 cujus
865 2637 916 2691 iu
950 2635 1049 2690 hoc
1076 2634 1292 2699 sarculo,
1327 2642 1573 2701 tanquam
1616 2631 1667 2683 in
1706 2628 1815 2695 die,

213 2741 621 2791 sacramentum
673 2730 1063 2785 manifestatum
1120 2736 1203 2781 est
1253 2726 1302 2778 iu
1354 2740 1545 2788 carne,
1578 2724 1721 2777 velut
1767 2723 1819 2776 in

216 2827 401 2889 nube;
433 2825 483 2879 in
510 2822 713 2893 judicio
740 2837 887 2884 vero,
925 2832 1172 2890 tanquam
1212 2819 1262 2872 in
1297 2827 1499 2872 terrore
1538 2825 1820 2878 not-turno,

216 2918 346 2989 quia
379 2927 508 2972 tunc
530 2915 630 2970 erit
662 2931 795 2985 magi
820 2930 849 2967 τι
881 2913 1149 2967 tribulatio
1180 2911 1356 2966 saeculi
1388 2920 1635 2979 tauquam
1665 2908 1822 2977 ignis,

216 3020 273 3066 ct
321 3008 519 3063 lucebit
564 3006 756 3075 justis,
788 3015 842 3058 et
871 3004 1078 3057 ardebit
1118 3002 1347 3072 injustis.
1380 3000 1477 3069 Qui
1518 3000 1734 3070 disrupit
1774 3000 1827 3053 in

218 3101 425 3155 deserto
457 3109 672 3170 petram,
700 3110 745 3151 et
773 3097 1042 3167 adaquarit
1076 3112 1157 3149 eos
1184 3097 1309 3148 sicut
1341 3096 1389 3147 in
1421 3094 1601 3165 abysso
1629 3094 1787 3145 multa
1810 3108 1829 3155 ;

220 3204 269 3247 et
300 3191 481 3247 eduxit
522 3207 703 3255 aquam
735 3189 797 3242 de
825 3198 985 3259 petra,
1026 3198 1071 3241 et
1115 3187 1322 3240 deduxit
1352 3198 1587 3255 tanquam
1619 3184 1831 3253 ﬂumina

219 3301 409 3355 aquas,
440 3292 615 3350 potest
645 3282 827 3351 utique
858 3280 1055 3334 sitienti
1088 3280 1205 3332 ιιιΙυί
1237 3281 1434 3332 donum
1454 3276 1686 3345 Spiritus
1710 3291 1835 3329 san-

220 3376 320 3431 cti.
354 3373 505 3445 quod
555 3373 641 3428 illa
687 3387 772 3426 res
801 3380 947 3441 grsta
990 3371 1336 3440 Spiritualitt-r
1375 3368 1723 3439 signil‘ICabal,
1755 3368 1837 3421 in-

224 3467 462 3523 fundere
492 3465 559 3517 de
589 3464 848 3533 spiriltt:-|i
896 3473 1151 3532 sequente
1181 3472 1349 3531 petra.
1380 3460 1520 3531 quod
1562 3471 1638 3513 est
1678 3459 1834 3512 Citri-

222 3572 347 3617 stus
379 3561 396 3626 (
434 3557 449 3609 I
481 3557 597 3609 (.‘or.
626 3573 674 3616 ς,
704 3556 738 3609 4
764 3556 781 3625 )
810 3573 822 3608 :
856 3556 944 3623 qui
992 3555 1162 3607 stabat
1211 3564 1263 3607 et
1310 3553 1592 3614 clamabat,
1627 3551 1687 3603 Si
1725 3552 1837 3621 quis

224 3658 358 3715 sitit.
395 3655 560 3708 reniat
599 3651 667 3704 ad
710 3666 826 3711 me;
853 3661 925 3707 et.
960 3648 1060 3717 Qui
1102 3647 1273 3701 biberit
1320 3647 1381 3698 de
1410 3662 1539 3715 aqua
1569 3661 1718 3713 quam
1748 3660 1838 3713 ego

226 3750 405 3811 dabo,
447 3745 663 3815 ﬂumina
708 3757 853 3811 aqua:
896 3742 1015 3795 viva:
1052 3741 1207 3809 ﬂuent
1248 3738 1311 3791 de
1352 3749 1520 3791 ventre
1557 3738 1686 3806 ejus.
1731 3734 1841 3789 lloc

227 3841 370 3896 enim
423 3836 658 3896 dicebat,
697 3835 836 3888 sicut
882 3833 933 3886 in
974 3830 1259 3900 Evangelio
1306 3829 1515 3898 legitur,
1554 3828 1615 3880 de
1646 3827 1843 3896 Spiritu

228 3949 385 4005 quem
427 3928 686 3998 accepturi
715 3936 856 3981 erant
887 3925 1140 3978 credentes
1177 3924 1228 3975 in
1264 3939 1376 3976 eum
1403 3924 1419 3985 (
1446 3920 1599 3974 Joan.
1628 3937 1714 3978 \‘ll,
1745 3921 1844 3975 37-

231 4026 307 4081 59
334 4027 375 4095 ).
409 4023 494 4079 Ad
526 4036 683 4090 quem
712 4020 847 4071 velut
883 4019 1024 4087 virga
1069 4018 1265 4086 lignum
1310 4015 1568 4086 passionis
1597 4015 1844 4080 accessit,

233 4130 295 4174 ut
329 4122 613 4170 ematmri-t
645 4110 988 4165 credentilms
1018 4108 1205 4176 gratia.

315 4210 407 4265 14.
432 4205 588 4280 [τοῖς.
617 4201 727 4276 Π.]
752 4203 814 4255 Ι·ἰ
839 4211 1010 4255 tamen
1042 4198 1113 4253 illi
1144 4209 1390 4267 tauquam
1413 4196 1667 4265 generatio
1693 4212 1849 4264 prava

238 4315 290 4361 et
338 4301 656 4356 amarieans,
699 4304 1038 4366 opposuerunt
1084 4295 1249 4345 adhuc
1293 4307 1499 4361 peccare
1527 4292 1622 4345 ei:
1655 4290 1704 4343 id
1746 4299 1847 4353 Cri,

238 4414 355 4454 non
406 4390 653 4448 credere.
689 4388 817 4443 Nam
866 4387 965 4439 hoc
1014 4392 1096 4439 est
1144 4396 1415 4453 peceatum
1453 4382 1519 4436 de
1548 4398 1652 4452 quo
1682 4382 1853 4450 arguit

240 4488 495 4559 Spiritus
537 4482 823 4542 mundum,
866 4480 1002 4533 sicut
1044 4478 1098 4531 1)ι
1124 4479 1298 4530 minus
1336 4476 1506 4530 dicit:
1545 4475 1614 4528 lle
1655 4486 1853 4545 peccato

247 4578 487 4653 quidem,
530 4575 650 4642 quia
697 4589 794 4625 non
834 4570 1147 4623 crediderunt
1192 4570 1243 4622 in
1290 4585 1366 4621 nte
1407 4567 1516 4640 (Id.
1543 4584 1650 4633 xw,
1680 4567 1756 4638 9).
1790 4567 1855 4620 Et

245 4669 687 4729 exaeerbaverunt
718 4662 1027 4716 ,οιΙιὶδδίηιιιιιι
1056 4662 1107 4713 in
1137 4662 1359 4713 siccitate
1380 4677 1398 4713 :
1419 4660 1558 4730 quod
1590 4661 1674 4712 alii
1705 4659 1854 4713 codi-

244 4783 348 4825 ces
395 4760 631 4821 habent,
665 4760 713 4811 in
758 4758 1018 4825 iuthnoso,
1055 4754 1192 4824 quod
1233 4753 1298 4807 de
1326 4768 1499 4821 gra-co
1526 4763 1607 4806 est
1635 4769 1855 4822 expres.

245 4860 390 4917 sius.
422 4866 531 4908 nec
570 4850 707 4903 aliud
753 4863 909 4917 quam
951 4845 1242 4900 sicritatetn
1288 4845 1564 4911 signiﬁcat.
1590 4842 1773 4897 Utrum
1806 4845 1856 4897 in

250 4952 351 5006 illa
403 4943 579 5002 eremi
626 4940 886 5002 sit-citate,
916 4954 980 4990 :m
1014 4937 1186 5007 potius
1218 4936 1267 4988 in
1296 4935 1425 4987 soa?
1449 4934 1577 4999 Quia
1622 4935 1740 4987 licet
1777 4933 1856 4986 bi-

250 5044 471 5099 lli-SC“!
505 5034 572 5087 de
604 5044 774 5101 petra,
805 5047 906 5083 nou
938 5036 1171 5090 ventres,
1199 5026 1290 5080 sed
1324 5035 1528 5077 tuentes
1558 5022 1731 5077 aridas
1763 5023 1861 5075 ha-

254 5134 472 5191 bebant
498 5168 515 5192 ,
569 5126 707 5179 nulla
760 5124 992 5177 \irentes
1041 5119 1361 5173 fecunditate
1403 5116 1640 5186 jlhlilim.
1677 5116 1728 5169 In
1760 5132 1859 5184 qua

255 5227 518 5285 siccitate
547 5219 712 5287 magis
740 5216 964 5269 ﬁdeliter
988 5215 1094 5266 Deo
1116 5212 1380 5279 supplices
1405 5226 1523 5264 esse
1547 5208 1859 5275 debuerant,

254 5335 317 5379 ιιι
347 5318 443 5390 qui
488 5313 786 5368 satietatem
817 5309 1107 5361 donaverat
1155 5304 1404 5365 lancibus,
1436 5302 1732 5370 :t-qnitalem
1763 5300 1861 5353 do-

258 5422 423 5472 ηηι-ρι
446 5419 499 5464 et
528 5405 782 5460 moribus.
812 5402 886 5455 Ad
910 5417 1027 5454 eum
1050 5400 1243 5470 quippe
1268 5397 1435 5449 ﬁdelis
1455 5395 1627 5448 anima
1650 5396 1861 5461 clamat,

261 5508 425 5566 Oculi
459 5500 565 5558 mei
594 5499 791 5552 videant
820 5496 1101 5564 a'quitutem
1132 5492 1301 5563 (Psal.
1333 5506 1439 5552 xu,
1467 5489 1546 5559 εὶ),

340 5600 431 5655 15.
481 5593 635 5667 [rem
669 5585 881 5659 1820]
914 5586 976 5639 Et
1009 5594 1312 5639 tentaverunt
1346 5583 1501 5637 Deum
1548 5582 1597 5635 in
1637 5580 1866 5634 cordibus

262 5693 397 5754 suis,
434 5696 490 5739 nt
523 5690 743 5753 peterent
782 5694 921 5732 escas
956 5676 1215 5729 (titionibus
1247 5676 1349 5727 suis
1395 5672 1547 5727 Aliud
1580 5684 1652 5723 est
1690 5682 1867 5740 petere

261 5776 589 5845 credendo,
640 5770 782 5825 aliud
837 5768 1109 5824 tentando.
1158 5767 1396 5835 Denique
1443 5764 1713 5833 sequitur:
1748 5781 1766 5812 ι
1806 5762 1870 5815 Et

261 5875 634 5939 detraxerunt
674 5864 743 5919 de
783 5863 910 5926 Deo,
956 5869 1009 5915 et
1054 5861 1343 5914 dixerunt:
1374 5855 1632 5925 Numquid
1678 5853 1870 5923 poterit

348 5993 366 6027 ι
384 5989 463 6040 ge
484 5990 597 6032 stas.
628 5988 681 6029 Αι
703 5976 840 6038 εόά..
862 5977 1108 6039 perducet.

1198 483 1596 543 ENARRATIO
1635 481 1702 538 ΙΝ
1740 477 2066 537 PSALMUM
2106 479 2365 537 LXXVII.

3377 481 3485 542 θοι

1898 598 2037 654 Deus
2078 614 2268 669 parare
2306 612 2543 655 mensam
2576 600 2628 655 in
2657 600 2910 657 deserto?
2935 599 3196 672 Quoniam
3225 603 3488 671 percussit

1892 701 2121 764 petram,
2145 702 2197 747 et
2220 691 2482 747 ﬂuxerunt
2509 710 2681 764 aqna',
2705 704 2755 748 et
2782 704 3045 749 torrentes
3077 694 3485 761 ituntdarerunt,

1898 788 2151 857 numquid
2181 798 2234 842 et
2266 803 2454 857 panem
2487 788 2682 857 poterit
2709 788 2859 855 dare,
2888 798 2979 842 aut
3018 803 3206 858 parare
3247 804 3487 845 mensam

1898 880 2093 949 populo
2136 881 2271 933 suo?
2310 900 2329 932 ο
2364 879 2478 935 Νοιι
2524 880 2805 937 credentes
2852 896 2981 952 ergo
3027 882 3292 951 petierunt
3340 896 3491 937 escas

1898 971 2176 1023 animabus
2200 972 2329 1025 suis.
2356 971 2470 1026 Non
2494 972 2571 1026 sic
2591 973 2865 1042 apostolus
2884 974 3113 1028 Jacobns
3143 988 3320 1028 eseam
3344 990 3493 1027 tuen-

1902 1064 1968 1118 tis
2014 1064 2250 1133 pt‘tl'cipil.
2298 1065 2599 1134 postulari;
2646 1066 2738 1121 sed
2783 1082 2811 1118 ει
2857 1065 3199 1121 credentibus
3238 1083 3354 1120 eam
3386 1067 3491 1134 peti

1901 1155 2176 1222 admonet,
2206 1171 2308 1209 nou
2336 1172 2365 1211 a
2394 1158 2717 1211 tentautibus
2739 1166 2897 1227 atque
2922 1158 3324 1214 detrahentibns
3351 1157 3491 1213 lteo:

1904 1247 1965 1303 Si
1990 1249 2099 1314 quis
2128 1258 2296 1301 autem
2322 1260 2560 1309 vestrum,
2589 1250 2778 1319 inquit,
2802 1251 2992 1321 indiget
3019 1251 3288 1320 sapientia,
3326 1262 3497 1315 postu-

1904 1341 2023 1394 leta
2054 1340 2181 1402 Deo,
2213 1342 2300 1411 qui
2326 1342 2412 1394 dat
2441 1343 2672 1397 omnibus
2699 1345 2974 1414 affluenter,
3011 1354 3056 1399 et
3095 1362 3193 1399 non
3238 1348 3472 1413 imprope

1905 1442 1983 1485 rat
2006 1448 2024 1495 ;
2051 1443 2095 1485 et
2123 1432 2327 1487 dabitur
2351 1435 2397 1488 ei
2419 1451 2435 1488 :
2460 1437 2673 1503 postulet
2700 1445 2863 1490 (uitem
2895 1437 2946 1489 in
2977 1437 3079 1504 [ide
3104 1438 3231 1491 nihil
3261 1439 3500 1492 lnesitans

1911 1524 2131 1596 (Jacobi
2162 1543 2198 1590 I,
2222 1526 2274 1589 5,
2309 1526 2404 1598 6).
2439 1527 2585 1583 Ilauc
2614 1528 2770 1584 fidem
2813 1545 2916 1583 non
2950 1530 3171 1584 habebat
3206 1530 3500 1600 generatio,

1906 1634 2026 1689 qum
2069 1635 2165 1673 cor
2212 1637 2316 1673 non
2366 1621 2634 1677 direxerat
2676 1638 2853 1688 suum,
2885 1633 2938 1679 et
2974 1641 3079 1679 non
3114 1637 3225 1681 erat
3270 1626 3506 1682 creditus

1908 1725 2027 1764 cum
2065 1710 2175 1765 Deo
2204 1710 2420 1781 spiritu:
2447 1713 2585 1780 ejus.

1982 1803 2069 1857 16.
2101 1800 2250 1875 [rers.
2280 1802 2399 1876 2L]
2437 1803 2650 1875 PrOpIer
2680 1808 2773 1860 hoc
2802 1807 2991 1862 audivit
3024 1808 3289 1873 Dominus,
3322 1820 3367 1862 et
3398 1811 3506 1865 dis-

1913 1894 2047 1959 tulit,
2086 1906 2133 1949 et
2174 1895 2304 1966 ignis
2343 1914 2582 1952 accensus
2612 1910 2683 1952 est
2710 1901 2760 1951 in
2799 1900 2981 1965 Jccob,
3011 1912 3057 1954 et
3098 1902 3176 1955 ira
3204 1903 3426 1957 ascendit
3456 1904 3511 1957 ir.

1916 1986 2099 2043 Israel.
2133 1988 2395 2059 Exposuit
2422 1992 2545 2060 quid
2580 1993 2753 2061 ignem
2783 1994 2997 2048 dixerit.
3030 1994 3164 2049 Iram
3196 1997 3391 2065 quippe
3417 2013 3515 2061 ap-

1916 2080 2133 2149 pellavit
2164 2081 2335 2150 ignem
2362 2099 2376 2135 ε
2400 2097 2612 2151 quanqu
2652 2100 2700 2136 ιιι
2726 2084 2919 2138 multt-s
2950 2085 3161 2154 proprie
3190 2088 3349 2139 t'liattt
3380 2086 3514 2156 ignis

1916 2172 2241 2225 accenderit.
2270 2174 2404 2240 Quid
2438 2190 2565 2241 ergo
2604 2186 2683 2228 est
2712 2176 2853 2245 quod
2886 2176 2978 2237 ait,
3006 2175 3211 2230 Audiuit
3247 2176 3513 2243 Dominus,

1921 2275 1968 2316 et
1995 2265 2229 2317 distulit?
2256 2266 2334 2317 An
2366 2265 2567 2319 distulit
2594 2281 2687 2320 eos
2719 2268 3058 2322 introducere
3088 2268 3137 2321 in
3173 2279 3366 2323 terram
3396 2283 3519 2338 pro-

1923 2357 2217 2422 missionis,
2265 2373 2371 2427 quo
2420 2360 2787 2425 ducebantur;
2819 2363 2959 2430 quod
3012 2363 3144 2416 intra
3181 2378 3375 2431 paucos
3402 2364 3519 2417 dies

1926 2448 2037 2503 ﬁeri
2073 2458 2299 2517 poterat,
2339 2451 2430 2503 sed
2473 2460 2690 2518 pmpter
2734 2465 2947 2522 peccata
2994 2454 3044 2506 in
3086 2469 3267 2508 eremo
3314 2453 3521 2509 fuerant

1924 2542 2257 2601 contercndi,
2281 2542 2365 2595 ubi
2389 2552 2437 2597 et
2458 2544 2669 2596 contriti
2689 2555 2809 2599 sunt
2836 2560 2927 2612 per
2946 2546 3292 2616 quadraginta
3319 2546 3522 2601 annos?

1926 2633 2077 2701 Quod
2109 2634 2151 2686 si
2182 2634 2250 2687 ita
2276 2642 2377 2698 est,
2402 2634 2602 2687 distulit
2636 2652 2763 2704 ergo
2788 2637 3063 2705 populum,
3091 2654 3122 2691 ιι
3162 2653 3195 2691 ιι
3225 2639 3353 2691 istos
3380 2638 3525 2703 ἰιιμιις

1928 2723 2015 2792 qui
2068 2733 2333 2779 tentantes
2380 2724 2731 2779 detiahelnint
2782 2730 2846 2779 de
2888 2726 3031 2790 Deo;
3078 2744 3197 2780 nam
3244 2742 3432 2781 omnes
3472 2729 3522 2781 in

1930 2832 2114 2872 eremo
2136 2817 2428 2888 perierunt,
2452 2826 2505 2873 et
2528 2819 2615 2873 lilii
2639 2834 2827 2872 eorum
2857 2819 2907 2871 in
2939 2829 3133 2873 terram
3159 2819 3525 2889 promissionis

1934 2914 2158 2983 ittngSsi
2205 2923 2345 2966 sunt.
2389 2916 2471 2967 An
2517 2912 2718 2967 distulit
2766 2927 2999 2980 Iamnam,
3040 2923 3093 2968 ιιι
3136 2914 3282 2981 prius
3311 2914 3528 2967 satiaret

1934 3006 2092 3060 etiam
2124 3005 2391 3059 inﬁdelem
2422 3006 2931 3073 ConcupiSCcntiam,
2958 3022 3023 3059 ne
3055 3018 3331 3075 propterea
3374 3015 3526 3075 puta-

1936 3107 2084 3153 retur
2112 3101 2274 3151 iratus
2300 3099 2419 3167 quia
2452 3098 2553 3152 hoc
2582 3099 2650 3151 ab
2678 3098 2790 3162 illo,
2824 3098 2941 3151 licet
2977 3108 3243 3152 tentantes
3273 3108 3323 3151 et
3350 3098 3530 3152 detrao

1940 3190 2145 3249 hentt-s.
2175 3191 2423 3257 petebant
2446 3189 2587 3258 quod
2614 3190 2785 3244 lacere
2810 3204 2916 3243 non
2942 3189 3160 3258 po~set?
3183 3190 3383 3243 Autlivit
3406 3204 3532 3257 ergo

1939 3293 1982 3336 et
2008 3284 2202 3336 distulit
2232 3282 2540 3348 vindicare;
2573 3293 2623 3336 et
2652 3296 2998 3355 posteaquam
3051 3282 3174 3335 fecit
3219 3282 3358 3351 quod
3408 3298 3531 3335 eum

1941 3378 2013 3431 illi
2057 3378 2228 3432 taetre
2260 3394 2364 3431 non
2398 3391 2553 3447 posse
2580 3392 2648 3446 pu
2675 3384 2919 3441 averunt,
2956 3385 3081 3431 tunc
3120 3375 3197 3428 ira
3231 3375 3455 3429 ascendit
3483 3376 3535 3430 in

1941 3469 2128 3525 Israel.

2018 3566 2104 3617 l7.
2139 3563 2286 3636 luere.
2313 3563 2386 3617 22
2417 3565 2476 3618 51
2494 3562 2534 3633 .]
2561 3563 2798 3631 Denique
2827 3574 3053 3631 utroque
3081 3562 3315 3616 breviter
3341 3562 3535 3632 posito,

1944 3656 2198 3725 deinceps
2223 3665 2405 3721 aperte.
2434 3655 2676 3707 onlnem
2711 3656 3031 3708 narrationis
3056 3657 3381 3722 exsequitur.
3406 3655 3540 3719 Quia

1946 3766 2045 3801 non
2070 3747 2388 3800 crediderunt
2414 3747 2463 3797 in
2484 3744 2612 3808 Deo,
2638 3762 2725 3799 nec
2745 3756 3068 3811 speraverant
3096 3746 3146 3798 in
3165 3746 3388 3799 salutare
3408 3748 3538 3813 ejus.

1949 3839 2189 3907 Namque
2215 3853 2335 3891 cum
2366 3837 2587 3890 dixi~set
2618 3852 2784 3905 quare
2814 3838 2948 3906 ignis
2977 3852 3235 3890 accensus
3262 3848 3341 3891 est
3370 3837 3419 3889 in
3447 3836 3538 3891 Ja-

1949 3934 2069 3996 eob,
2098 3942 2149 3985 et
2180 3932 2256 3985 ira
2288 3930 2527 3985 ascendit
2560 3930 2611 3982 in
2648 3929 2841 3990 lsmel,
2882 3930 2930 3981 id
2962 3938 3064 3986 e~t.
3092 3930 3210 3997 quia
3250 3946 3348 3982 non
3374 3928 3540 3981 credi-

1953 4025 2131 4078 derunt
2162 4026 2215 4077 in
2248 4022 2375 4087 Deo,
2404 4039 2492 4076 nec
2518 4032 2842 4091 speraverant
2870 4022 2921 4075 in
2951 4022 3171 4074 salutare
3198 4023 3305 4090 ejus
3326 4062 3341 4081 ,
3368 4021 3543 4075 enuti-

1954 4130 2059 4168 nuo
2108 4114 2397 4181 subjiciens
2444 4128 2600 4182 quant
2652 4112 2989 4165 evidentibus
3036 4111 3307 4166 beneﬁciis
3354 4109 3544 4179 ingrati

1956 4206 2189 4271 fuerunt,
2225 4224 2243 4257 t
2283 4205 2341 4259 Et
2375 4204 2663 4267 mandavit,
2707 4223 2724 4253 ι
2762 4204 2950 4272 inquit,
2983 4222 3001 4252 ι
3039 4204 3263 4257 uultibus
3292 4202 3543 4273 desuper,

1957 4308 2009 4353 et
2044 4298 2237 4368 jmuas
2276 4296 2396 4351 iteli
2436 4296 2662 4366 aperuit.
2694 4295 2751 4348 Et
2791 4295 2919 4361 tluit
2952 4294 3053 4349 illis
3083 4311 3273 4347 mantnt
3304 4294 3369 4347 ad
3400 4312 3550 4347 tuan-

1957 4389 2257 4444 durandum
2280 4432 2295 4454 ,
2336 4398 2390 4443 et
2430 4403 2617 4458 pauent
2645 4389 2763 4442 mali
2796 4386 2943 4441 dedit
2970 4388 3065 4441 eis.
3093 4387 3288 4441 Ρςιιιριιι
3314 4387 3547 4456 Angelo-

1962 4500 2077 4539 rtttn
2115 4482 2451 4537 manducavit
2478 4482 2637 4535 homo
2666 4481 2742 4550 (u)
2767 4497 2779 4533 :
2807 4479 2999 4532 cibaria
3032 4480 3172 4531 misit
3199 4484 3277 4534 es
3306 4480 3354 4531 in
3380 4480 3551 4532 ahun-

1960 4576 2159 4629 dantia.
2202 4574 2493 4628 'lr.;ttstuiit
2539 4575 2787 4626 Austrum
2831 4571 2898 4624 de
2946 4570 3103 4633 cudo,
3147 4580 3201 4624 et
3245 4571 3447 4625 induxit
3496 4573 3549 4625 in

1964 4671 2154 4723 virtute
2183 4682 2276 4721 sua
2311 4669 2567 4721 Alricum.
2606 4666 2670 4719 Et
2710 4664 2842 4733 pluit
2886 4679 3046 4732 super
3072 4678 3166 4717 eos
3206 4663 3337 4717 sicut
3373 4664 3553 4734 ριιΙι-οο

1964 4779 2075 4815 rem
2107 4777 2315 4822 carnes,
2346 4772 2393 4815 et
2429 4760 2562 4813 sicut
2603 4773 2817 4811 arenam
2852 4756 3011 4809 maris
3043 4754 3270 4807 \‘olatilia
3304 4766 3550 4821 tt'ttttata.

1968 4855 2030 4908 Et
2076 4854 2381 4907 ceciderunt
2431 4853 2479 4903 in
2527 4849 2701 4902 medio
2743 4856 3039 4900 castrorum
3071 4862 3275 4908 eormn,
3306 4848 3447 4899 circa
3479 4855 3556 4896 ta-

1966 4947 2252 5001 bernacula
2283 4961 2486 5000 eorum.
2514 4944 2572 4997 Et
2608 4940 3087 5001 lttﬂlltillCJVCt‘lllll,
3111 4947 3161 4993 cl
3189 4938 3408 4991 salutati
3433 4947 3556 4989 sunt

1969 5040 2167 5103 nimis;
2216 5046 2270 5090 et
2314 5035 2635 5089 desiderium
2684 5048 2869 5086 eorum
2916 5031 3091 5085 attulit
3134 5030 3211 5081 eis
3241 5046 3252 5079 :
3285 5045 3386 5080 non
3433 5038 3557 5081 Sunt

1968 5134 2155 5204 privati
2187 5148 2215 5183 ει
2245 5129 2511 5184 desiderio
2536 5142 2654 5180 suo.
2688 5146 2704 5177 ι
2739 5126 2875 5179 Ecce
2903 5138 3068 5193 quare
3097 5120 3391 5173 distulerat.
3420 5120 3555 5187 Quid

1969 5236 2146 5281 autem
2178 5223 2482 5280 distulerat,
2517 5217 3032 5273 audiamus:Ad/mc
3076 5229 3186 5267 esca
3228 5222 3334 5265 erat
3378 5213 3427 5263 in
3475 5226 3561 5263 ore

1970 5324 2216 5388 ipsorum,
2247 5327 2293 5369 et
2322 5316 2399 5369 ira
2429 5313 2521 5366 Dei
2559 5310 2783 5366 ascendit
2808 5324 2960 5376 super
2989 5322 3091 5359 tos.
3123 5306 3258 5358 lit-ce
3284 5304 3423 5374 quod
3445 5303 3556 5355 dis-

1976 5413 2183 5464 tulerat.
2212 5409 2362 5460 l’iius
2388 5408 2549 5467 enim,
2572 5406 2703 5457 distu
2728 5402 2761 5453 it
2783 5416 2801 5462 ;
2826 5410 2876 5453 et
2906 5407 3108 5467 postea,
3152 5396 3283 5468 ignis
3316 5411 3560 5449 accensus

1973 5510 2045 5555 est
2071 5502 2121 5552 in
2149 5498 2329 5561 λιιι-οὺ,
2362 5507 2405 5550 et
2436 5497 2512 5549 ira
2551 5492 2771 5549 ascendit
2802 5492 2854 5543 in
2880 5488 3065 5545 Isratl.
3096 5490 3380 5543 lii-tulerat
3408 5502 3556 5557 ergo.

1975 5603 2031 5647 ut
2063 5594 2206 5661 prius
2234 5593 2429 5645 laceret
2455 5588 2593 5657 quod
2620 5600 2740 5640 eum
2780 5583 2953 5637 facere
2992 5596 3094 5634 non
3127 5596 3282 5649 posse
3316 5578 3561 5633 credide-

1977 5696 2113 5741 rant.
2139 5684 2331 5736 deinde
2366 5682 2583 5734 iul‘errrt
2609 5677 2747 5748 quod
2776 5689 2869 5729 eos
2898 5674 3002 5744 pati
3030 5673 3327 5741 oportebat.
3352 5671 3480 5724 Nam
3513 5670 3560 5724 si

1979 5787 2239 5849 ponerent
2280 5775 2331 5829 in
2373 5775 2479 5827 Deo
2506 5786 2650 5841 spem
2672 5784 2845 5833 suam,
2876 5782 2979 5821 non
3008 5765 3178 5818 Solum
3202 5765 3280 5817 eis
3310 5762 3395 5817 illa
3422 5762 3563 5817 desi-

2040 5895 2115 6006 (ὅ)
2144 5894 2274 5944 Idem
2290 5892 2343 5955 9.
2364 5889 2425 5939 25
2448 5885 2715 5949 explicatur
2737 5896 2881 5945 supra
2908 5883 2958 5930 in
2979 5878 3097 5930 Psal.
3130 5892 3298 5938 xxxiii,
3323 5890 3471 5928 serta.
3514 5878 3561 5938 1,

1982 5974 2029 6008 n.
2056 5974 2101 6006 υ.
