3966 6468
564 547 712 604 deria
729 548 926 616 carnis,
948 549 1042 607 sed
1063 552 1222 606 etiam
1240 552 1480 622 spiritus,
1502 553 1866 625 iniplerentur.
1883 558 1983 626 Qui
2005 561 2149 615 enim

562 645 824 699 mandavit
865 645 1075 702 nubibus
1118 647 1352 718 desuper,
1392 659 1439 703 et
1468 651 1662 719 januas
1704 653 1813 706 caeli
1854 655 2068 722 aperuit,
2101 664 2149 712 tt

562 737 694 807 pluit
724 737 824 791 illis
851 754 1038 792 manna
1057 739 1126 792 ad
1150 742 1579 809 manducandum,
1598 753 1646 798 et
1675 761 1854 811 partem
1883 746 1994 799 εωιὶ
2009 746 2148 799 dedit

559 830 652 895 eis,
677 839 733 882 ut
757 847 938 901 panem
959 832 1265 903 Angelorum
1291 834 1636 892 ntandncaret
1655 837 1823 902 homo,
1849 837 1939 909 qui
1958 838 2146 893 cibaria

557 924 692 978 misit
717 924 787 979 eis
817 925 867 979 in
894 926 1222 994 abundantia,
1248 938 1305 984 ut
1330 930 1548 986 satiaret
1575 931 1897 998 incredulos,
1929 948 2032 986 non
2062 942 2144 988 est

555 1017 804 1075 inel’licax
832 1019 962 1075 dare
985 1022 1326 1077 credentibus
1353 1039 1534 1079 verum
1582 1027 1750 1094 ipsum
1786 1024 1856 1080 de
1888 1027 2026 1082 clo
2050 1040 2145 1096 pa-

553 1126 676 1167 nem
700 1128 856 1182 quem
879 1129 1068 1168 manna
1097 1114 1458 1186 significabat;
1485 1117 1574 1186 qni
1601 1132 1726 1172 vere
1749 1115 1902 1172 cibus
1930 1129 2014 1172 est
2034 1119 2144 1172 An—

549 1205 814 1275 gelorum,
836 1221 972 1276 quos
993 1207 1086 1264 Dei
1115 1206 1345 1264 Verbum
1370 1209 1795 1278 incorruptibiles
1821 1209 2141 1280 incorrupti-

550 1295 728 1352 biliter
775 1299 940 1368 pascit
970 1301 1024 1364 ίς
1061 1299 1203 1370 quod
1236 1311 1293 1354 ut
1322 1301 1666 1357 manducaret
1697 1302 1876 1369 homo,
1905 1318 2033 1358 caro
2061 1303 2139 1358 fs-

547 1402 691 1446 CIum
733 1399 850 1459 est,
894 1403 948 1450 ot
997 1393 1254 1448 habitavit
1301 1394 1353 1448 in
1400 1393 1554 1449 nobis
1596 1392 1774 1467 (Joan.
1807 1411 1844 1461 ι,
1878 1396 1988 1466 ll).
2021 1396 2138 1466 Ipse

547 1485 689 1539 enim
723 1485 876 1555 panis
902 1501 997 1556 per
1023 1487 1191 1540 nubes
1215 1485 1551 1556 evangelicas
1580 1487 1827 1542 universo
1852 1488 1968 1541 orbi
1996 1488 2136 1556 plui-

547 1584 672 1643 tur;
701 1587 756 1631 et
780 1577 979 1645 apertis
1010 1578 1413 1648 pra'dicatorum
1451 1578 1702 1635 cordibus
1738 1588 1987 1650 tanquam
2020 1595 2131 1636 caro

541 1667 764 1722 lestibns
781 1669 974 1738 januis,
995 1685 1098 1724 non
1122 1672 1472 1726 murmuranti
1494 1681 1547 1726 et
1570 1671 1795 1726 tentanti
1815 1673 2130 1743 Synagogte,

545 1757 637 1814 sed
669 1759 907 1814 credenti
936 1770 988 1816 ct
1019 1761 1068 1814 in
1101 1761 1193 1816 illo
1230 1777 1379 1830 spem
1410 1763 1627 1832 pauenti
1660 1762 1913 1817 Ecclesia:
1943 1763 2135 1832 praedi-

539 1859 710 1904 Catnr.
736 1848 835 1918 Qui
871 1869 886 1902 ‹
921 1851 1184 1906 transtulit
1209 1853 1462 1907 Austrum
1488 1852 1556 1908 de
1579 1854 1742 1920 eoelo,
1766 1864 1821 1908 et
1849 1854 2054 1910 induxit
2078 1855 2130 1909 in

535 1941 735 1997 virtute
757 1956 852 1996 sua
876 1941 1136 2007 Alricum,
1159 1952 1214 1998 et
1236 1943 1372 2015 pluit
1395 1960 1559 2014 super
1582 1960 1677 2002 eos
1702 1945 1838 2000 sicut
1861 1947 2128 2016 pulverem

534 2047 746 2095 carnes.
776 2042 829 2087 et
870 2033 1010 2091 sicut
1052 2051 1269 2092 arenam
1315 2037 1476 2090 tnaris
1511 2037 1742 2092 volatilis
1783 2051 2044 2109 pentiam;
2076 2049 2131 2096 et

533 2125 844 2181 ceciderunt
874 2127 926 2181 in
958 2130 1135 2183 medio
1161 2139 1457 2184 castrorum
1487 2146 1699 2199 eorum,
1723 2133 1863 2187 circa
1893 2135 2130 2189 taberna-

534 2220 652 2274 cula
681 2235 869 2276 eorum
898 2232 989 2277 :et
1019 2222 1505 2289 manducavcrunt,
1545 2235 1600 2279 et
1644 2227 1863 2279 saturati
1893 2235 2018 2280 sunt
2047 2227 2127 2280 nio

529 2311 652 2372 mis,
681 2321 736 2366 et
761 2311 1086 2368 desiderium
1117 2329 1302 2369 eorum
1331 2317 1510 2370 attulit
1536 2317 1634 2381 eis,
1661 2331 1760 2373 nec
1788 2327 1913 2372 sunt
1937 2319 2124 2388 privati

528 2417 558 2456 a
584 2403 856 2459 desiderio
883 2420 1007 2472 suo,
1039 2424 1059 2459 ι
1093 2416 1268 2476 potest
1291 2417 1345 2465 et
1375 2423 1482 2462 non
1514 2411 1854 2476 tentantiuut,
1885 2412 1978 2468 sed
2007 2427 2125 2468 cm-

527 2494 770 2551 dentium
801 2501 1072 2567 parvulam
1095 2502 1115 2531 ³
1141 2500 1322 2568 Iidem,
1352 2517 1515 2557 carne
1543 2503 1702 2557 editis
1731 2519 1917 2559 vocum
1955 2505 2122 2576 signis

526 2597 579 2643 et
625 2603 721 2656 per
763 2605 944 2647 aerem
994 2595 1499 2664 transcurrentibus,
1529 2606 1778 2668 tanquam
1817 2600 2120 2658 Volatilibus

526 2697 786 2753 pascere:
813 2702 919 2743 non
945 2698 1122 2745 tamen
1149 2690 1222 2745 ab
1244 2692 1510 2761 Aquilone
1539 2696 1876 2752 venientibus
1910 2698 1994 2753 ubi
2029 2698 2120 2754 fri-

521 2789 621 2845 gus
647 2788 704 2831 et
730 2777 901 2847 caligo
932 2783 1241 2848 przevalent,
1283 2784 1336 2839 id
1379 2797 1483 2853 est,
1513 2788 1818 2858 eloquentia
1847 2808 1965 2862 qum
1995 2792 2119 2848 huic

520 2868 719 2922 milia
751 2869 923 2936 placet
953 2870 1009 2936 ³;
1039 2873 1134 2928 sed
1179 2876 1552 2933 transferendo
1575 2882 1830 2935 Austrum
1862 2883 1928 2938 de
1956 2885 2112 2939 caelo.

517 2958 653 3026 Quo,
685 2961 784 3016 nisi
813 2961 884 3017 ad
915 2967 1127 3020 terras?
1153 2978 1213 3023 ut
1251 2970 1339 3039 qui
1381 2971 1432 3024 in
1473 2971 1577 3028 fide
1613 2984 1738 3029 sunt
1768 2978 1992 3045 parvuli,
2021 2994 2118 3034 au-

514 3050 711 3107 diendo
759 3059 1032 3112 terrestria
1062 3061 1367 3116 nutriantur
1394 3065 1458 3118 sd
1489 3067 1744 3135 συνήθειαι
1769 3072 2025 3126 εωιεειίε.
2053 3072 2114 3128 Si

514 3147 643 3200 enim
671 3151 948 3218 terrestria,
980 3153 1166 3222 inquit.
1195 3155 1308 3210 disi
1333 3159 1492 3224 vobis,
1523 3169 1568 3212 et
1594 3177 1696 3214 non
1723 3165 1963 3230 creditis;
1983 3183 2113 3238 quo-

512 3239 661 3293 modo
707 3242 753 3295 si
795 3243 1017 3298 coelestia
1058 3246 1238 3301 dixero
1281 3247 1440 3315 vobis,
1483 3252 1694 3307 credetis
1733 3253 1844 3324 (Id.
1878 3273 1955 3320 Ill,
1988 3257 2112 3331 ηρ

511 3327 824 3388 Translalus
851 3336 994 3390 enim
1026 3349 1144 3392 erat
1184 3340 1277 3396 ille
1302 3340 1372 3396 de
1399 3343 1542 3398 culo
1577 3345 1991 3414 quodammodo,
2023 3327 2110 3406 ubi

509 3431 690 3476 mente
716 3437 1020 3480 exee~serat
1048 3427 1197 3492 Deo;
1223 3440 1278 3484 ut
1311 3440 1618 3502 temperans
1647 3436 1724 3488 eis
1749 3452 1887 3493 esset
1919 3441 2110 3510 quibus

508 3512 721 3572 dicebat
744 3535 759 3571 ε
784 3515 907 3572 Non
931 3521 1071 3588 potui
1099 3521 1234 3576 uoltis
1277 3525 1415 3595 loqui
1447 3528 1598 3597 quasi
1623 3528 1988 3598 spiritualium,
2021 3536 2110 3590 sed

507 3609 652 3676 quasi
693 3611 980 3666 carnalibus
1018 3615 1035 3682 (
1067 3613 1086 3668 Ι
1114 3613 1234 3670 Cor.
1273 3633 1351 3680 ru,
1396 3619 1417 3672 l
1451 3617 1495 3690 ).
1551 3620 1624 3675 lbi
1678 3625 1824 3680 enim
1867 3627 2110 3686 audierat

508 3699 796 3756 iur-ll'abilia
830 3705 991 3758 verba
1021 3704 1084 3778 (ll
1110 3705 1228 3762 Cor.
1261 3725 1357 3778 xu,
1384 3711 1464 3781 4),
1491 3729 1610 3783 quae
1636 3714 1691 3769 in
1725 3727 1865 3773 terra
1894 3721 1968 3776 illi
2000 3737 2105 3778 non

508 3788 700 3846 licebat
743 3795 888 3863 loqui
925 3812 1018 3865 per
1045 3798 1204 3854 verba
1251 3804 1518 3869 sonantis,
1556 3807 1704 3875 quasi
1745 3821 1843 3878 per
1878 3813 2105 3868 volatilia

503 3895 760 3953 pennata;
787 3897 842 3942 et
871 3887 1172 3946 inducendo
1196 3892 1250 3946 in
1273 3893 1454 3948 virtute
1473 3913 1568 3950 sita
1591 3898 1840 3969 Africum,
1872 3903 1971 3958 hoc
1997 3915 2098 3974 est,

500 3987 597 4044 per
635 3986 824 4032 ventos
865 3981 1211 4048 meridianos,
1251 3984 1522 4042 ferventes
1551 3999 1603 4043 et
1631 3990 1870 4047 lucentes
1903 3997 2099 4063 praedi-

502 4068 736 4122 cantinm
764 4071 1018 4140 spiritus;
1047 4083 1102 4129 et
1126 4073 1231 4129 hoc
1259 4076 1313 4129 in
1341 4078 1522 4132 virtute
1542 4096 1657 4144 sua,
1681 4097 1749 4138 ne
1773 4084 1882 4138 sibi
1901 4087 2100 4143 tribuat

501 4156 714 4213 Africus
750 4163 892 4231 quod
923 4164 1081 4219 habet
1108 4179 1172 4219 ex
1197 4167 1327 4221 Deo.
1358 4167 1591 4225 Veniunt
1627 4181 1801 4228 autem
1833 4176 1973 4231 ultro
2011 4179 2100 4234 isti-

496 4253 642 4308 vcnti
693 4253 757 4308 ad
805 4254 1078 4325 homines,
1109 4268 1164 4314 et
1201 4271 1484 4331 apponant
1520 4265 1601 4321 eis
1638 4269 1799 4323 verba
1842 4271 2119 4343 divinitus.

495 4343 695 4407 missa;
727 4354 784 4399 ut
825 4347 874 4400 in
915 4347 1028 4403 suis
1071 4349 1292 4406 sedibus
1337 4363 1392 4409 et
1437 4355 1578 4412 circa
1619 4359 1956 4417 tabernacnta
1996 4379 2091 4419 sua

495 4434 748 4506 colligant
795 4437 1058 4508 ejusmodi
1111 4444 1359 4514 volatilia,
1401 4456 1457 4502 et
1498 4449 1686 4506 adoret
1729 4456 2092 4528 unusquisque

495 4526 781 4585 Dominum
803 4532 870 4587 de
892 4533 1010 4590 loco
1024 4551 1145 4605 suo,
1161 4553 1351 4595 omnes
1367 4541 1554 4598 insulae
1573 4547 1808 4614 gentium
1830 4526 2086 4619 (Sophim.

491 4632 552 4687 ιι,
585 4619 698 4692 ll).

562 4710 649 4766 18.
696 4711 802 4767 Sed
841 4713 1143 4774 infidelibus
1184 4727 1430 4791 tanquam
1475 4740 1655 4796 pravae
1691 4737 1746 4783 et
1771 4732 2088 4790 amaricanti

488 4804 820 4872 generationi
843 4845 862 4873 ,
903 4822 1022 4864 cum
1067 4810 1244 4868 adhuc
1277 4829 1402 4870 esca
1439 4829 1584 4874 esset
1613 4820 1664 4874 in
1691 4835 1786 4876 ore
1815 4824 2046 4894 ipsorum
2069 4870 2082 4893 ,

485 4894 565 4949 ira
606 4894 701 4950 Dei
739 4900 966 4954 ascendit
1002 4902 1056 4957 in
1090 4919 1208 4972 eos,
1241 4915 1289 4960 et
1313 4908 1497 4964 occidit
1522 4910 1576 4965 in
1606 4912 1838 4980 plurim's
1863 4931 2035 4972 eorum
2067 4932 2088 4975 :

484 4986 588 5045 hoc
630 4999 710 5045 est
733 5032 749 5058 ,
796 4993 1054 5063 plurimos
1081 5013 1266 5054 eorum
1284 5042 1301 5068 ,
1330 5005 1412 5058 vel
1443 5004 1580 5060 sicut
1610 5009 1849 5064 nonnulli
1875 5012 2084 5070 codices

484 5078 719 5151 habent,
765 5088 976 5160 pingues
1012 5108 1204 5147 eorum.
1231 5095 1383 5161 Quod
1409 5099 1623 5168 quidem
1657 5102 1708 5156 in
1737 5106 1924 5174 graecis
1944 5121 2084 5178 quos

481 5171 798 5241 habuimus.
849 5196 952 5236 non
999 5184 1319 5243 invenimus.
1367 5188 1474 5246 Sed
1515 5193 1562 5247 si
1612 5193 1713 5250 hoc
1750 5207 1834 5253 est
1869 5200 2079 5273 verius,

481 5269 607 5338 quid
652 5271 792 5326 aliud
833 5274 1162 5348 intelligendi
1200 5287 1326 5336 sunt
1369 5284 1582 5355 pingues
1616 5301 1829 5356 eorum,
1861 5293 1963 5347 nisi
1984 5269 2084 5350 su;

479 5363 662 5432 perbia
700 5369 1049 5434 praevalentes
1067 5413 1083 5438 ,
1113 5373 1182 5430 de
1209 5375 1402 5445 quibus
1428 5377 1625 5435 dicitur
1658 5400 1670 5437 :
1702 5381 1913 5439 Prodiet
1939 5389 2084 5454 quasi

478 5472 544 5511 ea:
579 5457 730 5528 adipe
765 5461 1011 5528 iniquitas
1053 5483 1230 5522 eorum
1267 5469 1443 5537 (Prol.
1474 5487 1655 5537 um,
1687 5477 1779 5544 7)?
1811 5476 1876 5532 Et
1903 5481 2081 5537 electos

478 5547 648 5607 Israel
669 5553 950 5624 impedivit.
979 5557 1148 5616 Erant
1177 5563 1284 5618 illic
1311 5564 1471 5620 etiam
1491 5567 1684 5635 electi,
1709 5585 1932 5640 quorum
1957 5573 2076 5630 ﬁdei

544 5711 560 5740 ι
588 5709 722 5799 ξράέ,
743 5711 1007 5799 nquaclﬂpei
1018 5714 1248 5799 fer-bunt
1281 5721 1616 5799 eorritptibiles
1651 5723 2074 5799 ilworgtqitiailiter

476 5778 648 5833 pascit.
675 5778 852 5836 Regius
873 5781 955 5825 Ms.
972 5811 989 5837 ,
1013 5787 1131 5841 quos
1154 5778 1248 5830 Dei
1295 5778 1500 5835 Verbum
1527 5778 1892 5850 incorruptilnie
1915 5778 2073 5844 incar-

477 5831 774 5892 ruptibiliter
797 5836 967 5892 pascit.

477 5840 783 5961 ruglfligffrm
797 5845 1284 5966 flitigii?parvulorum.

546 5955 568 5990 ³
590 5963 719 6022 διεδ..
737 5959 879 6023 rotet.

687 5991 719 6022 θ’
737 5991 879 6022 ,ιιννυ

1810 443 1872 500 S.
1912 441 2278 504 AUGUSTINI
2320 445 2620 508 EPlStJOPl
2801 440 2803 442 ’
3665 487 3727 546 9%

2259 568 2876 660 notine'onten-ipcmlmtnr
2891 578 3163 660 generatio
3180 595 3268 660 pra
3278 597 3336 637 va
3353 595 3399 660 et
3411 593 3659 652 amaricans.
3670 602 3725 660 Im.

2255 636 2416 703 pediti
2460 636 2800 695 suntautetrt
2841 636 2918 698 ιιιῖ
2936 647 3133 716 aliquid
3161 636 3239 706 éis
3271 636 3728 740 μτοᾶέέᾆᾶὶϊξᾟεὶξξ

2254 737 2477 797 paterno
2522 745 2580 787 se
2610 732 2798 788 affectu
2829 741 3110 797 consulere
3135 747 3429 815 cupiebant.
3458 732 3727 827 Quibus-enini

2255 817 2394 874 Deus
2422 819 2667 878 irascitur
2686 865 2700 891 ,
2733 827 2858 895 quid
2888 831 3252 890 misericordia
3281 817 3530 900 confertur
3549 817 3736 913 humani?

2250 911 2335 965 An
2367 914 2542 982 potius
2568 917 2728 972 simul
2756 933 2876 976 eum
2897 923 2976 978 eis
3001 929 3333 999 compeditos
3355 937 3498 993 etiam
3515 944 3666 1001 electos
3682 951 3729 1006 in-

2249 1002 2413 1074 lelligi
2446 1006 2609 1063 voluit
2632 1027 2646 1074 ;
2681 1020 2737 1065 ut
2762 1014 2848 1084 qui
2875 1029 3053 1073 mente
3078 1031 3135 1074 et
3162 1023 3266 1078 vita
3293 1002 3729 1104 tliscertleballlur,tid

2245 1097 2549 1167 exctnphnn
2578 1117 2683 1156 non
2710 1104 2929 1174 iustitia;
2957 1118 3162 1168 tantum
3185 1157 3200 1180 ,
3231 1118 3326 1173 sed
3348 1122 3492 1179 etiam
3521 1097 3734 1202 patientia,

2246 1201 2367 1244 cum
2395 1189 2500 1248 illis
2520 1194 2792 1254 molestias
2814 1202 3142 1262 sustinerent
3156 1209 3182 1262 τ
3205 1221 3324 1268 nam
3348 1189 3537 1276 sanctos
3552 1229 3644 1279 eum

2245 1282 2515 1338 caloribus
2541 1301 2645 1340 non
2664 1288 2733 1342 ob
2750 1291 2905 1347 aliam
2924 1295 3145 1354 forsitan
3169 1317 3376 1360 causam
3405 1311 3543 1366 etiam
3566 1282 3726 1387 captivos

2241 1371 2433 1430 ductos
2469 1393 2590 1436 esse
2627 1379 2942 1453 didicimus,
2977 1393 3228 1459 quoniam
3259 1394 3314 1450 iu
3338 1397 3518 1458 Οτι-αῖς

2242 1480 2350 1520 non
2393 1474 2648 1525 immota
2672 1507 2688 1538 ,-
2720 1477 2858 1544 quod
2887 1489 2968 1534 est
2995 1481 3296 1554 impedivit;
3323 1490 3412 1546 sed
3436 1501 3728 1559 Wrtxéimiie-

2238 1558 2418 1627 gimus
2436 1600 2452 1625 ,
2485 1564 2628 1632 quod
2654 1576 2740 1620 est
2767 1571 2940 1638 potius
2967 1578 3288 1644 compedivit.

2315 1651 2398 1706 l9.
2443 1651 2592 1724 [uers.
2646 1657 2751 1723 39.,
2781 1661 2898 1736 33.]
2927 1664 3033 1721 Sed
3070 1687 3090 1719 ι
3129 1676 3393 1740 generatio
3419 1693 3554 1748 prava
3574 1679 3727 1745 elima-

2238 1743 2448 1809 t'icaus,
2495 1748 2546 1806 in
2587 1753 2831 1810 omnibus
2878 1758 2961 1812 his
3001 1771 3352 1832 peccaverunt
3387 1743 3566 1844 adhuc,
3595 1788 3634 1835 et

2237 1835 2579 1894 crediderunt
2623 1841 2672 1893 in
2719 1846 3051 1906 n'tirsbilibus
3075 1853 3214 1923 ejus.
3247 1859 3309 1913 ut
3330 1835 3592 1923 defecerunt
3614 1877 3650 1926 in
3667 1835 3724 1926 vi:

2235 1936 2400 1982 mune
2429 1929 2542 1985 dies
2565 1947 2750 1990 eorum
2781 1953 2795 1990 :
2834 1958 2852 1990 υ
2885 1955 3005 1996 cum
3033 1957 3285 2016 possent,
3311 1952 3354 2008 si
3379 1955 3629 2027 crederent,
3651 1955 3723 2021 dies

2234 2019 2288 2075 in
2329 2023 2550 2080 veritate
2594 2028 2710 2084 sine
2735 2031 2948 2090 defectu
2981 2037 3182 2097 habere
3205 2045 3340 2114 apud
3367 2063 3475 2104 cum
3500 2055 3567 2106 cui
3589 2019 3722 2114 dictunl

2233 2121 2315 2166 est
2355 2129 2372 2168 :
2404 2113 2538 2171 Anni
2571 2121 2646 2172 tui
2673 2138 2774 2178 non
2801 2125 3033 2192 deﬁcient
3059 2113 3314 2202 (Psal.Ct
3336 2181 3348 2202 ,
3379 2139 3481 2213 28).
3506 2143 3721 2217 Defecerat

2231 2220 2360 2278 ergo
2382 2209 2436 2264 in
2464 2219 2681 2270 sanitate
2705 2218 2812 2274 dies
2839 2236 3011 2278 eorum
3035 2268 3050 2292 ,
3079 2236 3131 2282 et
3157 2232 3280 2284 anni
3301 2249 3457 2288 eorum
3472 2253 3564 2292 cum
3579 2242 3716 2310 {estim-

2231 2302 2381 2357 tione.
2425 2305 2726 2366 Festinatur
2765 2315 2960 2388 quippe
2992 2329 3102 2375 tota
3135 2325 3239 2379 vita
3271 2302 3716 2406 mortaliumpetque

2229 2393 2436 2450 videtur
2461 2401 2718 2467 prolixior
2735 2446 2748 2470 ,
2778 2421 2942 2477 vapor
2961 2420 3042 2465 est
3063 2413 3335 2485 aliquanto
3364 2393 3625 2478 diuturnior.

2301 2486 2392 2543 30.
2437 2486 2586 2560 [verm
2617 2493 2686 2549 54
2709 2537 2723 2563 ,
2754 2497 2870 2571 35.]
2904 2501 3280 2564 Verumtamen
3302 2527 3406 2566 cum
3429 2517 3624 2571 accidere!
3640 2535 3711 2585 eos,

2227 2581 2514 2650 aurelius!
2537 2601 2648 2641 eum
2681 2606 2694 2642 :
2729 2606 2832 2646 non
2857 2604 3077 2666 promer
3104 2611 3352 2660 aeternam
3379 2607 3514 2664 vitam
3535 2653 3546 2673 ,
3568 2612 3641 2667 sed
3657 2617 3712 2666 κίει-

2223 2685 2410 2740 parem
2438 2675 2594 2734 citius
2622 2679 2773 2737 linire
2799 2698 3123 2746 metuentes.
3158 2694 3458 2762 qurcbant
3479 2715 3582 2772 ergo
3605 2715 3708 2770 cum,

2223 2779 2329 2820 non
2359 2769 2538 2841 utique
2568 2772 2600 2825 ii
2631 2789 2767 2845 quos
2793 2781 3062 2838 occiderat
3083 2828 3099 2851 ,
3136 2789 3230 2844 sed
3255 2794 3338 2863 qui
3365 2769 3571 2864 exemplo
3591 2807 3710 2852 eorum

2223 2859 2390 2916 Occidi
2412 2862 2685 2921 timebant.
2710 2869 2798 2926 Sic
2822 2884 2998 2931 autem
3020 2878 3091 2934 de
3119 2881 3220 2937 illis
3245 2859 3642 2957 scriptura-locuta
3660 2901 3709 2948 ea

2221 2957 2470 3023 tanquam
2516 2958 2565 3012 lii
2609 2961 2773 3019 Deum
2804 2983 3112 3038 quaererent
3139 2978 3228 3047 qui
3258 2979 3610 3049 occidebantur,
3633 2985 3708 3054 quia

2220 3058 2358 3100 unus
2397 3051 2624 3121 populus
2661 3067 2805 3124 erat,
2838 3071 2893 3115 et
2920 3071 3175 3136 tanquam
3205 3068 3271 3124 de
3299 3086 3397 3127 uno
3421 3088 3601 3143 corpore
3619 3051 3706 3130 diri-

2222 3145 2323 3192 tnr.
2373 3159 2394 3192 σ
2444 3142 2510 3197 Et
2559 3152 2996 3219 revertebantur,
3045 3167 3105 3213 et
3151 3159 3377 3218 diluculo
3419 3142 3639 3220 veniebant
3667 3164 3707 3219 ad

2221 3227 2409 3286 Deum.
2453 3233 2520 3290 Et
2559 3239 2897 3300 retnemo’rati
2928 3258 3052 3303 sunt
3075 3254 3205 3321 quia
3235 3253 3368 3311 Deus
3389 3257 3565 3330 atljutor
3583 3265 3703 3315 comm

2217 3331 2332 3389 est,
2381 3335 2438 3381 et
2479 3329 2618 3385 Deus
2659 3337 2904 3394 excelsus
2948 3343 3259 3417 redemptor
3294 3329 3461 3406 eorum
3494 3362 3574 3407 est.
3601 3369 3615 3404 ι
3639 3349 3703 3411 Sed.

2217 3413 2318 3471 hoc
2365 3426 2532 3474 totum
2583 3437 2802 3496 propter
2842 3413 3171 3503 acquirenda
3213 3446 3493 3513 temporalia
3525 3445 3644 3510 bona,
3671 3452 3703 3498 et

2215 3509 2429 3566 vitanda
2477 3519 2786 3586 temporalia
2830 3526 2987 3581 uiola.
3029 3527 3168 3585 Nam
3196 3534 3282 3603 qui
3310 3509 3503 3605 propter
3525 3509 3699 3594 beneﬁcia

2215 3611 2422 3660 terrena
2453 3608 2616 3664 Deum
2647 3617 2956 3682 quarrebant
2975 3662 2989 3686 ,
3020 3637 3134 3678 non
3162 3627 3337 3697 utique
3366 3627 3508 3683 Deum
3529 3670 3540 3692 ,
3561 3625 3698 3682 sedilia

2213 3697 2538 3764 quaerebant.
2572 3700 2638 3754 Et
2667 3706 2826 3760 modo
2850 3707 3037 3766 timore
3067 3716 3284 3784 servili,
3317 3735 3412 3771 non
3433 3714 3698 3774 liberalilib-

2210 3789 2385 3846 etione
2431 3793 2565 3849 Deus
2608 3797 2820 3854 colitur.
2861 3802 2950 3859 Sic
2977 3819 3107 3877 ergo
3143 3809 3280 3865 Deus
3308 3825 3404 3866 non
3429 3808 3697 3866 coliturzlloc

2209 3882 2348 3936 enim
2391 3886 2584 3941 colitur
2623 3896 2763 3959 quod
2804 3891 3055 3965 diligitur.
3103 3899 3257 3957 Unde
3295 3905 3406 3973 quia
3447 3901 3561 3957 Deus
3593 3899 3695 3954 rebus

2207 3975 2452 4030 omnibus
2480 3979 2648 4049 major
2675 3992 2729 4036 et
2759 3985 2946 4041 melior
2973 3990 3246 4048 invenitur
3265 4038 3278 4062 ,
3309 3995 3418 4065 plus
3443 3991 3631 4050 omnibus
3645 3985 3694 4043 (li-

2205 4063 2446 4136 ligendus
2470 4083 2549 4124 est
2580 4082 2632 4126 ut
2653 4075 2879 4131 colatur.

2273 4159 2362 4213 21.
2416 4158 2563 4234 [vero
2612 4166 2716 4233 56,
2761 4169 2873 4243 57.]
2904 4171 3143 4246 Denique
3184 4177 3270 4234 hic
3309 4181 3548 4252 sequentia
3570 4175 3690 4233 ridea-

2202 4266 2320 4306 mus
2350 4269 2362 4305 :
2397 4273 2416 4305 ‹
2453 4256 2517 4309 Et
2542 4256 2845 4318 dilexerunt
2870 4279 2990 4320 eum
3014 4307 3030 4334 ,
3069 4285 3089 4320 ι
3129 4271 3336 4344 inquit,
3365 4292 3383 4324 ‹
3416 4275 3460 4328 in
3495 4291 3569 4328 ore
3600 4285 3688 4334 Suo.

2200 4355 2252 4398 et
2294 4345 2346 4399 in
2387 4346 2561 4418 lingua
2601 4366 2695 4408 sua
2740 4357 2945 4412 mentiti
2972 4372 3092 4415 sunt
3121 4364 3191 4418 ei.
3225 4365 3328 4420 Cor
3352 4376 3506 4422 autem
3528 4367 3687 4433 ips‘ornm

2199 4451 2304 4490 non
2335 4447 2450 4493 erat
2478 4451 2679 4498 rectum
2708 4459 2827 4501 cum
2851 4465 2916 4504 eo
2939 4493 2953 4517 ,
2981 4467 3080 4508 nec
3099 4452 3281 4512 ﬁdeles
3305 4456 3453 4514 habiti
3472 4462 3572 4514 sunt
3585 4455 3622 4509 in
3637 4463 3686 4506 te.

2197 4537 2460 4587 sumente
2490 4533 2658 4603 ejus.»
2696 4539 2851 4594 Aliud
2883 4542 2934 4596 in
2965 4544 3138 4616 ling'ua
3169 4564 3370 4617 eorum,
3393 4551 3514 4606 aliud
3529 4552 3565 4604 in
3582 4545 3685 4602 unde

2197 4637 2378 4677 comm
2426 4625 2762 4696 inveniebat,
2807 4635 2890 4688 cui
2927 4649 3131 4694 secreta
3159 4641 3420 4699 hominum
3448 4641 3557 4697 nuda
3579 4645 3684 4698 sunt.

2195 4722 2248 4768 et
2276 4715 2391 4770 sine
2417 4717 2525 4772 ullo
2547 4721 2820 4780 obstaculo
2839 4727 2963 4796 quid
2986 4731 3156 4800 potius
3169 4745 3398 4792 amarent
3414 4734 3599 4791 videbat.
3617 4729 3684 4783 liev

2194 4813 2334 4860 ctum
2373 4809 2546 4879 itaque
2573 4828 2672 4868 eor
2695 4829 2816 4871 cum
2851 4818 2959 4874 Deo
2988 4832 3069 4879 est
3092 4865 3107 4891 ,
3140 4828 3346 4896 quando
3375 4837 3555 4898 propter
3575 4824 3682 4877 Deum

2192 4903 2382 4971 quierit
2427 4905 2612 4963 Deum.
2663 4908 2832 4967 Unam
2881 4916 3076 4986 quippe
3113 4924 3402 4992 conCUpit'il
3436 4939 3462 4978 a
3494 4918 3680 4978 Domino-

2192 4993 2328 5052 hanc
2363 5001 2634 5071 requiret,
2668 5015 2722 5060 ut
2748 5007 3004 5067 inhabitet
3029 5015 3080 5070 in
3111 5015 3268 5072 domo
3297 5018 3482 5074 Domini
3504 5026 3679 5083 semper:

2191 5099 2243 5146 et
2285 5096 2674 5164 contempletur
2711 5100 2826 5169 ejus
2865 5103 3269 5165 delectationem
3309 5109 3462 5181 (Psal.
3485 5101 3676 5174 xxi-1,4).

2191 5182 2284 5239 Cui
2325 5185 2452 5241 dicit
2475 5203 2572 5243 cor
2595 5189 2826 5248 ﬁdelium
2859 5212 2871 5248 :
2901 5193 3190 5255 Saturabor
3211 5243 3224 5266 ,
3259 5218 3356 5256 non
3384 5199 3488 5256 ollis
3506 5195 3676 5254 ennium

2189 5274 2556 5349 Egypt‘iorum
2582 5325 2596 5348 ,
2626 5298 2725 5340 nec
2753 5287 3050 5347 melonibus
3075 5300 3129 5347 et
3153 5295 3455 5364 peponibus,
3481 5300 3522 5348 et
3541 5287 3629 5344 allio
3641 5291 3674 5338 et

2189 5369 2368 5437 copis,
2405 5387 2524 5442 quae
2559 5378 2834 5443 generatio
2875 5397 3034 5450 prava
3064 5393 3117 5440 et
3143 5389 3423 5442 atnaricans
3447 5385 3571 5440 etiam
3593 5375 3672 5448 pani

2187 5462 2391 5518 cmlesti
2422 5465 2735 5533 praeferebat
2765 5469 2954 5541 (Exod.
2985 5492 3068 5532 xv:
3093 5520 3106 5546 ,
3136 5479 3190 5551 5)
3211 5522 3224 5548 ,
3254 5495 3346 5536 nec
3364 5491 3522 5533 utnulla
3541 5465 3671 5525 visibili

2185 5566 2346 5626 atque
2386 5557 2514 5627 ipsis
2555 5561 2859 5619 volatilibus
2890 5571 3161 5637 pennatis;
3190 5571 3281 5627 sed
3305 5567 3566 5632 saturabat,
3589 5574 3668 5615 CUI"

2186 5647 2613 5708 manifestabitur
2657 5657 2825 5725 gloria
2871 5667 2956 5714 tua
3007 5661 3176 5732 (Psal.
3221 5679 3338 5729 1m,
3381 5660 3476 5732 l5).
3502 5655 3598 5740 Hzt‘c
3615 5654 3666 5704 εει

2184 5741 2325 5796 enim
2367 5741 2650 5804 hzereditas
2686 5747 2816 5808 Novi
2858 5751 3206 5822 Testamenti,
3252 5757 3302 5814 in
3337 5767 3432 5827 quo
3455 5737 3516 5807 illi
3536 5737 3664 5802 lidclu

2183 5834 2348 5893 habiti
2371 5855 2474 5896 non
2497 5851 2620 5898 sunt
2641 5885 2654 5910 ,
2678 5845 2829 5916 ctljus
2852 5855 3027 5906 tamen
3056 5849 3185 5908 ﬁdes
3212 5848 3358 5907 etiam
3383 5857 3488 5904 tunc
3513 5831 3662 5918 quando

2183 5931 2454 6018 velabatur
2479 5944 2593 5993 erat
2621 5939 2671 5995 in
2697 5939 2881 6000 electis
2905 5980 2918 6012 ,
2943 5950 2998 6001 et
3383 5931 3476 6014 iam
3493 5927 3657 5997 revela“

3467 6069 3552 6080 ..ου
