3966 6438
143 391 294 463 997

144 524 254 570 est
274 555 295 579 ,
333 525 441 568 non
467 520 550 569 est
575 509 629 567 in
660 499 840 566 multis
865 509 1063 565 vocatis
1089 529 1101 564 z
1127 508 1280 563 Multi
1299 510 1430 563 enim
1454 517 1571 563 sunt
1594 507 1775 574 vocati,

137 606 340 678 pauci
360 616 528 662 autem
551 605 693 662 electi
718 601 928 675 (Matth.
953 611 1048 666 ax,
1085 601 1196 671 l6).
1225 601 1368 657 Talis
1396 617 1523 673 ergo
1545 610 1660 657 erat
1683 615 1778 674 ge-

150 697 396 755 neratio
417 712 579 770 prava
602 707 652 753 et
673 695 970 752 amaricans
989 737 1003 760 ,
1026 697 1184 751 etiam
1207 710 1327 750 eum
1353 695 1518 749 Deum
1539 709 1781 766 quaerere

145 791 496 856 videretur;
539 789 763 860 diligens
795 788 850 844 in
892 804 986 844 ore
1023 795 1078 843 et
1106 788 1160 842 in
1189 787 1364 858 lingua
1393 788 1692 851 mentiens;
1725 788 1780 842 in

146 881 351 941 corde
394 891 572 939 autem
612 896 720 937 non
747 890 890 937 recta
917 895 1038 934 cum
1069 880 1179 935 Deo
1198 921 1214 946 ,
1245 878 1335 933 ubi
1361 895 1424 934 ea
1452 880 1625 950 potius
1654 877 1779 934 dili-

145 973 341 1048 gebat
369 981 587 1046 propter
609 987 730 1044 qum
757 971 846 1029 Dei
867 971 1185 1043 adjutorium
1205 971 1528 1041 requirebat.

234 1065 348 1121 22.
401 1063 552 1140 [verm
578 1065 678 1133 38,
705 1064 821 1139 39.]
852 1083 873 1119 ι
906 1064 1022 1135 Ipse
1047 1074 1222 1120 autem
1245 1072 1330 1120 est
1355 1065 1657 1121 misericors
1681 1106 1695 1132 ,
1728 1072 1784 1122 et

146 1158 450 1232 propitius
489 1160 582 1216 iiet
617 1159 850 1230 peccatis
889 1169 1074 1213 eorum
1095 1198 1111 1221 ,
1155 1166 1208 1212 et
1235 1167 1340 1212 nor.
1371 1156 1642 1226 disperdet
1666 1169 1778 1211 eos.

145 1250 230 1307 Et
265 1249 572 1306 abundabit
599 1260 656 1305 ut
681 1257 883 1305 avertat
910 1245 1042 1303 iram
1072 1263 1255 1316 suam,
1283 1255 1462 1304 etnon
1486 1247 1778 1303 accendet‘

144 1355 404 1398 omnem
437 1342 568 1404 iram
597 1355 769 1397 suam.
802 1339 867 1396 Et
892 1340 1202 1396 recordatus
1222 1349 1304 1396 est
1329 1340 1448 1410 quia
1475 1355 1600 1395 caro
1621 1348 1778 1407 sunt;

142 1436 406 1505 Spiritus
433 1431 649 1496 vadens,
681 1439 734 1488 et
757 1443 861 1487 non
887 1441 1178 1487 revertens.
1206 1451 1224 1484 ι
1251 1431 1306 1486 1η
1333 1430 1416 1486 bis
1436 1432 1610 1486 verbis
1633 1431 1780 1486 multi

137 1528 258 1584 sibi
312 1524 624 1596 iniquitatis
669 1524 1036 1594 impunitatem
1080 1523 1147 1580 de
1195 1523 1369 1578 divina
1419 1523 1782 1580 misericordia

144 1621 507 1694 pollicentur
529 1658 544 1684 ,
575 1616 782 1672 etiamsi
814 1616 943 1670 tales
968 1630 1088 1672 esse
1112 1616 1439 1686 perstiterint
1462 1659 1476 1684 ,
1506 1617 1679 1686 qualis
1699 1631 1784 1688 ge-

150 1712 379 1768 neratio
409 1711 507 1766 ista
533 1708 853 1766 describitur
875 1725 1032 1780 prava
1058 1719 1105 1764 et
1126 1711 1409 1764 amaricans
1436 1725 1550 1780 qtue
1573 1727 1660 1765 cor
1681 1725 1782 1766 non

154 1803 368 1860 direxit
397 1818 547 1859 suum
567 1843 581 1868 ,
603 1810 650 1855 et
678 1818 778 1856 non
803 1810 876 1856 est
901 1802 1118 1857 creditus
1143 1817 1255 1856 cum
1274 1800 1384 1857 Deo
1404 1805 1610 1874 spiritus
1630 1805 1741 1874 ejus
1762 1819 1782 1859 :

153 1899 379 1970 quibus
405 1896 709 1953 consentire
730 1911 834 1951 non
857 1895 1094 1966 expedit.
1119 1895 1173 1953 Si
1197 1896 1338 1952 enim
1364 1939 1379 1964 ,
1409 1907 1464 1952 ut
1492 1895 1780 1952 secundum

155 1993 322 2063 ipsos
371 1988 594 2058 loquar,
643 1988 783 2044 Dens
824 1987 1050 2044 fortaSse
1091 2003 1194 2044 non
1240 1988 1425 2059 perdet
1450 2004 1550 2046 nec
1576 1990 1782 2057 malos,

153 2083 286 2138 sine
333 2079 511 2136 dubio
535 2094 638 2134 non
668 2078 862 2150 perdet
889 2079 1077 2134 bonos.
1110 2079 1216 2135 Cur
1241 2095 1368 2152 ergo
1394 2096 1498 2136 non
1527 2081 1704 2154 potius
1732 2083 1784 2139 id

154 2173 434 2246 eligimus
458 2214 473 2240 ,
514 2171 604 2228 ubi
643 2171 902 2227 dubitatio
927 2171 1064 2226 nulla
1096 2172 1221 2227 est?
1247 2172 1376 2228 Nam
1407 2173 1496 2244 qui
1527 2174 1578 2228 in
1607 2175 1784 2246 lingua

154 2283 262 2326 sua
314 2269 658 2323 mentiuntur
695 2265 770 2320 illi
799 2307 813 2330 ,
855 2279 974 2321 cum
1013 2265 1158 2321 aliud
1201 2265 1395 2322 babeat
1431 2280 1526 2322 cor
1561 2281 1781 2335 eorum,

159 2369 372 2435 putant
404 2360 589 2431 utique
616 2367 671 2416 et
690 2357 875 2414 volunt
894 2400 910 2424 ,
938 2355 1154 2428 quando
1179 2373 1389 2430 poenam
1412 2370 1668 2418 aeternam
1702 2371 1784 2416 ta-

156 2457 316 2514 libus
358 2453 750 2521 comminatur,
781 2452 940 2508 etiam
974 2451 1137 2507 Deum
1167 2467 1286 2508 esse
1313 2451 1644 2509 mendacem.
1677 2451 1785 2510 Sed

151 2560 295 2609 'cum
345 2547 454 2622 ipsi
492 2563 614 2604 eum
660 2545 968 2602 mentiendo
992 2560 1097 2600 non
1126 2544 1346 2613 fallant,
1379 2545 1470 2602 ille
1496 2563 1678 2603 verum
1706 2545 1788 2602 di-

159 2643 353 2702 cendo
371 2655 481 2698 non
510 2639 662 2695 fallit.
681 2638 806 2695 Haec
833 2640 1010 2710 itaque
1036 2637 1196 2694 verba
1215 2637 1514 2694 divinorum
1540 2639 1783 2710 eloquio-

161 2754 292 2794 rurn
321 2779 340 2807 ,
375 2733 447 2792 de
498 2733 689 2807 quibus
717 2731 818 2788 sibi
847 2731 1121 2804 generatio
1149 2747 1307 2802 prava
1337 2729 1607 2786 blanditur
1630 2774 1644 2798 ,
1676 2746 1784 2788 non

160 2845 232 2888 ca
275 2828 575 2899 depravet,
622 2825 760 2880 sicut
797 2833 891 2880 cor
927 2837 1118 2891 suum;
1145 2825 1266 2894 quia
1293 2833 1345 2879 et
1376 2821 1470 2878 illo
1497 2823 1786 2894 depravato

163 2923 271 2979 ista
306 2930 457 2977 recta
491 2918 800 2990 persistnnt.
832 2913 1013 2972 Primo
1039 2916 1234 2986 quippe
1259 2916 1550 2971 secundum
1581 2916 1682 2971 hoc
1707 2916 1786 2970 in-

167 3011 350 3083 telligi
397 3017 620 3080 possunt
660 3007 802 3080 quod
829 3007 880 3062 in
915 3005 1198 3077 Evangelia
1228 3007 1482 3079 scriptum
1510 3017 1630 3062 est:
1667 3026 1685 3060 ι
1716 3005 1788 3064 Ut

164 3105 292 3163 sitis
318 3103 467 3160 sicut
491 3101 650 3160 Pater
671 3110 848 3159 vester
873 3101 961 3174 qui
989 3103 1040 3155 in
1065 3099 1214 3156 coelis
1241 3110 1322 3156 est
1345 3117 1359 3168 ;
1392 3101 1481 3170 qui
1509 3101 1633 3156 facit
1658 3102 1785 3158 oriri

163 3200 348 3258 solem
389 3213 546 3252 suum
577 3211 738 3269 super
763 3195 932 3251 bonos
960 3204 1013 3250 et
1039 3194 1207 3250 malos
1230 3235 1245 3261 ,
1278 3204 1329 3248 et
1362 3194 1491 3264 pluit
1516 3209 1678 3264 snper
1701 3193 1786 3263 ju-

163 3301 288 3350 stos
319 3299 378 3348 et
407 3290 635 3359 iniustos
671 3308 690 3342 ι
724 3287 833 3359 (Id.
861 3304 912 3356 v,
938 3285 1053 3355 45).
1082 3283 1211 3354 Quis
1249 3285 1390 3340 enim
1446 3300 1550 3340 non
1606 3285 1784 3342 videat

163 3394 378 3458 quanta
431 3379 808 3437 misericordiae
837 3379 1086 3449 patientia
1116 3378 1269 3434 malis
1298 3380 1510 3449 parcat!
1541 3378 1634 3434 sed
1661 3387 1784 3434 ante

165 3476 461 3551 judicium.
491 3471 582 3528 Sic
604 3487 731 3542 ergo
758 3471 994 3542 pepercit
1025 3467 1099 3524 illi
1127 3471 1308 3541 genti,
1341 3480 1398 3525 ut
1429 3473 1569 3526 non’
1595 3487 1784 3527 accen-

165 3568 329 3626 deret
361 3579 581 3621 omnem
611 3562 742 3616 iram
769 3575 918 3616 suam
941 3558 1007 3615 ad
1031 3575 1149 3615 eam
1178 3561 1384 3629 penitus
1409 3561 1782 3617 eradicandam

168 3671 338 3733 atque
368 3654 692 3719 ﬁniendam;
725 3651 866 3726 quod
897 3654 946 3708 in
973 3653 1150 3710 verbis
1177 3655 1292 3722 ejus
1321 3663 1374 3709 et
1402 3655 1783 3712 intercessione

169 3769 272 3824 pro
319 3749 560 3823 peccatis
590 3763 774 3804 eorum
808 3745 973 3818 Moysi
1005 3745 1141 3800 servi
1173 3746 1290 3816 ejus
1316 3745 1592 3803 evidenter
1616 3764 1781 3820 appa-

169 3853 254 3902 ret
279 3885 297 3911 ,
342 3841 434 3898 ubi
481 3839 622 3896 Deus
643 3837 810 3904 dicit,
841 3836 1052 3892 Deieam
1078 3853 1159 3892 eos
1179 3881 1194 3906 ,
1223 3848 1269 3894 et
1297 3839 1481 3909 faciam
1508 3850 1555 3896 te
1577 3840 1628 3896 in
1657 3858 1779 3914 gen-

172 3946 273 3992 tem
306 3949 550 4005 magnam
577 3929 774 4002 (Exod.
802 3945 977 3995 χχχιι,
1014 3928 1100 4001 10)
1137 3947 1148 3983 :
1178 3929 1263 3986 ille
1295 3930 1606 3998 intercedit,
1631 3949 1784 4004 para-

171 4026 281 4083 tior
321 4023 496 4080 deleri
533 4036 628 4092 pro
657 4021 784 4091 ipsis
809 4035 965 4091 quam
999 4021 1142 4090 ipsos
1167 4037 1180 4085 ;
1209 4021 1384 4076 sciens
1409 4025 1547 4092 apud
1577 4025 1782 4079 miseri-

173 4116 398 4173 cordem
428 4127 490 4169 se
515 4112 566 4167 id
593 4127 752 4183 agere
775 4153 791 4180 ,
824 4111 912 4181 qui
940 4112 1190 4180 quoniam
1221 4112 1367 4168 nullo
1395 4113 1554 4168 modo
1578 4114 1782 4171 deleret

171 4207 355 4281 ipsum
381 4249 398 4275 ,
445 4203 605 4261 etiam
647 4203 750 4259 illis
789 4201 917 4273 ipsis
956 4213 1196 4273 parceret
1225 4213 1443 4275 propter
1467 4205 1660 4274 ipsum.
1693 4205 1781 4262 Vi-

175 4301 407 4359 deamus
450 4299 591 4354 enim
632 4306 884 4369 quantum
932 4297 1266 4367 pepercerit,
1301 4306 1355 4352 et
1379 4296 1554 4353 adhuc
1579 4310 1777 4370 parcat.

175 4393 314 4450 Nam
341 4388 639 4446 introduxit
661 4403 756 4445 eos
783 4389 835 4443 in
865 4397 1059 4444 terram
1091 4389 1457 4458 promissionis
1481 4432 1496 4458 ,
1525 4398 1578 4446 et
1597 4407 1779 4447 serva-

177 4483 258 4539 vit
287 4496 408 4537 eam
434 4487 645 4549 gentem
676 4494 948 4550 quousque
973 4493 1030 4534 se
1050 4521 1063 4544 ,
1086 4477 1352 4535 Christum
1379 4480 1744 4537 interficiendo
1762 4527 1777 4552 ,

177 4571 380 4631 sceleri
424 4569 663 4624 omnium
707 4570 936 4624 maxime
969 4571 1277 4640 colligarent
1307 4592 1321 4625 :
1352 4582 1405 4626 et
1429 4573 1570 4644 quod
1596 4590 1690 4630 eos
1715 4591 1779 4631 ex

183 4667 276 4724 illo
303 4676 473 4735 regno
492 4660 788 4717 eradicatos
811 4675 904 4730 per
921 4670 1110 4716 cuncta
1131 4665 1366 4733 gentium
1389 4680 1548 4736 regna
1569 4665 1592 4698 ⁸
1612 4667 1781 4725 disse-

182 4757 412 4817 minavit
434 4797 450 4821 ,
484 4769 589 4810 non
613 4754 794 4825 utique
817 4753 1050 4821 delevit;
1074 4755 1169 4810 sed
1192 4767 1369 4812 manet
1393 4757 1533 4814 idem
1559 4762 1780 4831 populus

80 4841 91 4856 ’
188 4852 352 4925 prolis
379 4847 718 4906 successione
743 4854 984 4902 servatus
1005 4889 1023 4917 ,
1047 4848 1188 4902 velut
1211 4848 1338 4904 Cain
1368 4850 1520 4921 signo
1540 4863 1778 4923 accepto,

188 4959 256 5000 ne
285 4942 406 5015 quis
429 4955 550 4997 eum
578 4939 784 4997 occidat
806 4979 820 5002 ,
850 4939 901 4994 id
924 4949 1006 4995 est
1029 4981 1043 5005 ,
1072 4943 1280 5010 penitus
1303 4943 1487 5012 perdat
1517 4943 1666 5018 (Cm.
1691 4963 1742 5001 IV
1763 4989 1778 5016 ,

192 5036 303 5104 15).
336 5035 477 5092 Ecce
503 5032 951 5104 quemadmodum
982 5032 1228 5104 impletur
1256 5035 1394 5104 quod
1425 5035 1623 5092 dictum
1650 5048 1732 5094 est
1766 5059 1778 5096 :

197 5150 216 5185 ι
246 5133 364 5204 ipse
385 5137 562 5186 autem
589 5134 674 5184 est
702 5128 1022 5192 misericors,
1055 5136 1108 5183 et
1137 5129 1394 5199 propitius
1422 5133 1522 5187 erit
1553 5135 1781 5202 peccatis

194 5236 378 5276 eorum
405 5261 419 5283 ,
451 5227 505 5274 et
535 5232 642 5273 non
673 5217 863 5288 perdet
904 5232 1034 5284 eos;
1071 5227 1125 5273 et
1161 5219 1448 5276 abundabit
1485 5231 1540 5277 ut
1577 5235 1782 5282 avertat

195 5313 325 5369 iram
343 5327 516 5377 suam,
540 5319 593 5366 et
614 5325 718 5365 non
744 5310 1000 5367 accendet
1023 5326 1234 5367 omnem
1254 5311 1382 5367 iram
1409 5327 1578 5368 suam.
1601 5334 1620 5368 ι
1647 5316 1778 5386 Quia

197 5406 242 5462 si
269 5407 438 5462 omnis
467 5405 544 5460 ira
570 5405 683 5476 ejus
707 5446 722 5470 ,
751 5403 802 5460 id
828 5415 942 5472 est,
969 5413 1222 5477 quantum
1249 5407 1392 5479 digni
1420 5417 1572 5476 sunt,
1603 5411 1654 5465 in
1686 5427 1779 5467 eos

262 5561 279 5592 ι
303 5559 375 5610 sic
411 5559 644 5624 meliores
673 5564 781 5608 Mss.
815 5559 955 5622 juxta
977 5561 1104 5612 LXX.
1133 5569 1188 5613 At
1211 5565 1412 5624 Edd.,et
1450 5565 1707 5617 abimum
1726 5574 1779 5620 ut

203 5628 430 5706 αυεηςνει
468 5619 593 5692 ίι-φη
613 5633 782 5706 surint,
803 5619 848 5670 et
871 5624 1204 5706 tquacceudit
1225 5639 1242 5675 ,ο
1263 5619 1409 5706 male,
1440 5629 1668 5706 quando‘,
1698 5619 1777 5706 [ιβ

203 5689 298 5761 tum
339 5681 564 5761 temperas
595 5680 737 5732 vetba
767 5680 918 5745 esse,
954 5683 1068 5735 dicit
1107 5680 1406 5751 augustinus'
1437 5680 1590 5756 iél'ra,
1636 5680 1778 5757 liuius

202 5749 360 5795 Enarr.
394 5744 443 5794 n.
481 5744 559 5794 23.
907 5744 910 5745 ⁷

270 5808 289 5872 ξ
322 5807 480 5866 Abest,
503 5819 614 5867 non,
638 5820 666 5872 a
689 5806 938 5872 plerisque
960 5814 1064 5860 Mss.

268 5866 288 5900 ⁸
311 5876 424 5930 Vox,
441 5866 605 5933 regna,
622 5866 763 5920 abest
785 5883 813 5920 a
830 5866 934 5921 Mss.

1222 385 1614 452 ENAltRATIO
1653 393 1717 451 IN
1755 391 2075 454 PSALMUM
2115 389 2371 456 LXXV".

3374 403 3479 462 998

1888 509 2276 566 accenderetur
2298 554 2312 578 ,
2353 505 2484 582 gens
2519 510 2606 566 illa
2636 512 2776 567 nulla
2804 512 3210 583 relinqueretur.
3238 514 3311 571 lta
3340 518 3478 574 Deus

1883 601 1967 656 cui
1994 609 2234 656 cantatur
2262 604 2624 658 misericordia
2651 614 2702 659 et
2723 605 2977 674 judicium
3006 605 3176 677 (Psal.
3206 623 3236 662 c
3255 649 3270 673 ,
3301 609 3358 676 i)
3385 651 3398 672 ,
3423 619 3479 666 ct

1884 692 1938 747 in
1966 693 2067 747 isto
2087 695 2282 750 ste'culo
2304 709 2398 765 per
2417 696 2832 752 misericordiam
2859 699 2982 766 facit
3010 701 3134 753 oriri
3151 701 3305 755 solem
3330 719 3476 756 suum

1883 797 2036 853 super
2059 784 2212 839 bonos
2241 796 2285 840 et
2315 788 2474 841 malos
2495 827 2509 854 ,
2538 799 2591 843 et
2612 788 2662 842 in
2689 790 2792 844 line
2815 791 2993 844 saeculi
3021 792 3385 861 perjudieiutn
3409 794 3476 847 ab

1884 881 2082 929 aeterna
2132 875 2248 931 luce
2292 891 2384 931 sua
2424 887 2735 949 separatos,
2781 880 2995 935 aeternis
3044 882 3280 938 tenebris
3327 885 3479 954 punit

1885 964 2076 1018 malos.

1954 1055 2046 1110 25.
2081 1059 2280 1116 Deinde
2309 1076 2375 1116 ne
2402 1061 2508 1116 vim
2532 1062 2727 1118 divinis
2746 1064 2923 1120 verbis
2951 1065 3152 1122 inferre
3173 1066 3480 1132 videamur,

1885 1155 1940 1203 et
1964 1148 2052 1204 ubi
2079 1149 2280 1206 dictum
2303 1162 2416 1217 est,
2451 1152 2571 1208 Non
2599 1156 2770 1224 perdet
2798 1173 2914 1224 eos,
2947 1172 3043 1212 nos
3063 1158 3304 1215 dicamus
3325 1203 3340 1226 ,
3370 1161 3476 1217 Sed

1885 1250 2068 1308 postea
2110 1241 2295 1310 perdet
2319 1257 2416 1298 eos
2443 1260 2456 1297 :
2487 1245 2553 1299 dc
2583 1245 2683 1302 hoc
2715 1247 2830 1317 ipso
2856 1251 3102 1318 prtesenti
3131 1252 3336 1320 psalmo
3367 1253 3479 1307 usi-

1885 1331 2201 1387 tatissimam
2241 1333 2534 1405 Scriptura:
2574 1336 2892 1394 locutionem
2934 1341 3270 1398 advertamus
3295 1386 3309 1408 ,
3340 1346 3478 1400 unde

1887 1423 1989 1478 ista
2042 1426 2266 1495 qutestio
2323 1429 2490 1483 multo
2545 1429 2849 1501 diligentius
2891 1433 3176 1504 veriusque
3217 1434 3473 1490 solvatur.

1887 1514 2045 1573 Certe
2067 1517 2135 1573 de
2161 1518 2241 1574 bis
2264 1521 2391 1590 ipsis
2414 1522 2635 1592 loquens
2655 1524 2814 1594 paulo
2832 1534 2986 1594 post,
3011 1540 3131 1582 cum
3154 1541 3478 1584 commemo.

1885 1619 2060 1664 rassct
2103 1626 2222 1682 qua:
2271 1622 2486 1683 prepter
2531 1630 2624 1671 eos
2662 1616 2899 1688 Egyptii
2945 1621 3182 1689 perpessi
3226 1620 3472 1689 fuerant,

1887 1715 2312 1762 commemorans
2335 1708 2571 1762 ultimam
2601 1710 2804 1780 plagam
2829 1753 2843 1777 ,
2873 1730 2893 1764 ‹
2923 1712 2988 1766 Et
3015 1715 3277 1782 percussit
3296 1756 3310 1778 ,
3343 1733 3362 1766 ι
3396 1715 3476 1769 ἰη-

1886 1795 2022 1864 quit,
2051 1811 2069 1846 t
2097 1810 2256 1853 omne
2284 1800 2602 1867 primitivum
2628 1801 2677 1854 in
2703 1809 2841 1856 terra
2863 1801 3097 1875 IEgypti,
3125 1806 3382 1874 primitias
3403 1807 3480 1861 la-

1888 1885 2035 1942 boris
2073 1897 2256 1942 eorum
2299 1889 2351 1944 in
2392 1890 2745 1948 tabernaculis
2779 1892 2968 1949 Citam.
3005 1894 3069 1950 Et
3097 1896 3313 1951 abstulit
3341 1899 3479 1954 sicut

1888 1992 2015 2034 oves
2043 1981 2293 2050 pupulum
2315 1995 2468 2038 suum
2495 2025 2508 2044 ,
2533 1994 2588 2039 et
2611 1985 2856 2055 perduxit
2879 2000 2973 2042 eos
2995 1997 3240 2058 tanquam
3261 2003 3478 2062 gregem

1888 2071 1941 2124 in
1967 2071 2202 2128 deserto.
2234 2073 2300 2129 Et
2328 2075 2547 2131 deduxit
2572 2091 2666 2133 eos
2696 2077 2747 2132 in
2773 2093 2901 2149 spe,
2929 2088 2982 2136 et
3014 2093 3118 2136 non
3144 2083 3433 2139 timuerunt
3462 2103 3475 2138 :

1887 2171 1946 2219 et
1980 2164 2223 2221 inimicos
2266 2182 2448 2223 eorum
2490 2171 2699 2240 operuit
2737 2181 2902 2228 mare.
2947 2173 3014 2228 Et
3051 2174 3256 2230 induxit
3295 2187 3388 2231 eos
3427 2177 3478 2232 in

1889 2269 2125 2316 montem
2165 2262 2598 2319 sanctiﬁcationis
2623 2279 2770 2332 suae;
2805 2275 3038 2323 montem
3065 2279 3221 2339 quem
3248 2271 3480 2340 acquisi-

1887 2350 1965 2404 vit
2005 2351 2222 2408 dextera
2266 2354 2403 2425 ejus.
2442 2355 2506 2410 Et
2541 2357 2701 2426 ejecit
2740 2372 2771 2411 a
2809 2359 2940 2413 facie
2969 2373 3156 2414 eorum
3182 2371 3400 2431 gentes,
3429 2371 3484 2417 et

1887 2455 2034 2500 sorte
2071 2444 2342 2501 distribuit
2363 2447 2442 2502 eis
2475 2457 2667 2503 terram
2692 2449 2741 2504 in
2772 2450 3006 2506 {anicula
3030 2451 3434 2510 distributionis.
3456 2473 3476 2509 ο

1887 2536 1943 2591 Si
1982 2539 2101 2607 quis
2144 2539 2209 2593 ad
2243 2538 2357 2595 btee
2387 2541 2546 2597 verba
2580 2542 2732 2597 nobis
2762 2543 2996 2600 inferens
3023 2549 3371 2618 qutestionem
3398 2549 3482 2604 di-

1887 2636 1974 2682 cat
2003 2645 2017 2680 :
2047 2628 2326 2696 Quomodo
2350 2633 2428 2688 eis
2458 2633 2570 2687 haec
2600 2635 2775 2690 omnia
2802 2637 2992 2691 collata
3019 2651 3138 2693 esse
3160 2653 3484 2696 commemo-

1886 2729 2010 2788 rat,
2051 2733 2174 2776 eum
2207 2723 2310 2791 ipsi
2332 2739 2434 2779 non
2465 2724 2658 2781 fuerint
2683 2728 2920 2798 perducti
2950 2729 3000 2784 in
3030 2738 3224 2786 terram
3253 2735 3481 2803 promis-

1888 2813 2094 2880 sionis,
2146 2815 2235 2885 qui
2275 2816 2344 2870 ab
2384 2817 2616 2889 Egypto
2657 2821 2863 2876 liberati
2904 2831 3066 2892 sunt,
3110 2828 3359 2896 quoniam
3408 2829 3484 2886 illi

1890 2906 2086 2960 mortui
2127 2907 2289 2962 sunt?
2315 2910 2440 2979 quid
2469 2913 2910 2982 respondebimus
2932 2958 2946 2982 ,
2978 2917 3077 2972 nisi
3109 2933 3201 2974 eos
3225 2918 3399 2976 dictos
3421 2923 3439 2954 ¹
3465 2966 3478 2992 ,

1889 2997 2011 3067 quia
2035 2997 2174 3054 idem
2198 3001 2310 3071 ipse
2331 3005 2558 3072 populus
2581 3005 2674 3061 fuit
2696 3021 2790 3076 per
2807 3012 3198 3068 successionem
3223 3016 3484 3072 ﬁliorum?

1887 3087 1976 3145 Sic
2003 3106 2157 3161 ergo,
2192 3106 2311 3148 cum
2337 3094 2580 3150 audimus
2600 3139 2614 3163 ,
2645 3099 2874 3156 maxime
2898 3102 3016 3171 quia
3047 3103 3204 3160 futuri
3231 3109 3483 3180 temporis

1889 3181 2049 3236 verba
2072 3192 2227 3249 sunt,
2263 3202 2282 3238 ι
2314 3185 2380 3240 Ει
2407 3188 2663 3258 propitius
2691 3189 2779 3245 lict
2801 3193 3030 3261 peccatis
3051 3211 3235 3252 eorum
3256 3241 3271 3266 ,
3296 3209 3348 3255 et
3375 3217 3482 3258 non

1890 3275 2074 3344 perdet
2091 3291 2204 3341 eos;
2222 3289 2270 3334 et
2294 3279 2581 3336 abundabit
2603 3293 2890 3340 utavertat-
2912 3286 3042 3343 iram
3082 3303 3253 3356 suam,
3285 3302 3339 3348 et
3375 3309 3480 3350 non

1888 3368 2144 3424 accendet
2163 3384 2375 3426 omnem
2401 3373 2531 3427 iram
2553 3391 2724 3440 suam,
2753 3394 2771 3430 ι
2808 3377 3163 3452 intelligamus
3189 3383 3240 3438 in
3269 3386 3351 3443 bis
3379 3387 3480 3442 im-

1889 3459 2087 3530 pletum
2114 3463 2182 3518 de
2205 3464 2395 3536 quibus
2420 3465 2549 3522 dicit
2572 3471 2856 3539 Apostolus
2883 3491 2897 3528 :
2926 3490 2945 3525 ‹
2977 3474 3064 3532 Sic
3085 3493 3212 3551 ergo
3233 3487 3286 3535 et
3305 3481 3356 3536 in
3381 3480 3482 3540 hoc

1879 3559 2130 3623 tempore
2171 3557 2408 3626 reliquitc
2446 3575 2543 3627 per
2575 3561 2888 3618 electionem
2925 3569 3109 3636 gratia:
3143 3571 3306 3628 salvae
3333 3573 3481 3632 iactre

1882 3652 2030 3696 sunt.
2066 3662 2086 3696 ι
2134 3644 2284 3702 Unde
2323 3649 2480 3703 etiam
2529 3650 2659 3706 dicit
2703 3672 2715 3707 :
2769 3671 2787 3704 α
2823 3655 3084 3728 Numquid
3117 3664 3312 3731 repulit
3344 3667 3480 3724 Deus

1887 3735 2096 3805 plebem
2125 3751 2274 3792 suam
2297 3739 2321 3793 ἱ)
2341 3739 2511 3794 Absit.
2534 3741 2665 3796 Nam
2689 3753 2742 3799 et
2761 3760 2860 3817 ego
2888 3747 3120 3805 Israelita
3153 3769 3267 3808 sum
3293 3772 3356 3810 ex
3383 3774 3478 3828 ge-

1886 3845 2016 3885 nere
2035 3829 2214 3898 Israel,
2243 3831 2310 3888 de
2331 3835 2469 3889 tribu
2497 3834 2790 3906 Bcnjamin.
2819 3839 3076 3900 Hebrmus
3099 3863 3162 3900 ex
3193 3847 3429 3906 llebraris
3455 3873 3472 3906 ι

1889 3921 2062 3993 (Rom.
2114 3940 2199 3989 xt,
2243 3926 2309 3992 5,
2355 3927 2376 3980 i
2404 3971 2418 3994 ,
2448 3938 2493 3981 et
2526 3928 2751 4002 I‘lu'lipp.
2783 3949 2836 3988 tu
2861 3976 2874 3998 ,
2904 3934 2980 4007 5).
3012 3936 3119 3993 llos
3151 3939 3308 4012 igitur
3331 3941 3478 4000 Scri-

1887 4023 2037 4088 ptura
2068 4019 2310 4088 pratvidit
2335 4023 2420 4090 qui
2454 4023 2503 4076 in
2533 4023 2802 4080 Christum
2832 4027 3036 4084 fuerant
3067 4047 3130 4086 ex
3159 4034 3258 4088 isto
3283 4039 3478 4107 populo

1887 4110 2158 4172 credituri.
2183 4121 2237 4168 et
2256 4117 2522 4184 accepturi
2544 4129 2880 4188 peccatorum
2907 4125 3293 4195 remissionem,
3311 4147 3478 4203 usque

1886 4214 1954 4256 au
1977 4202 2102 4257 illud
2125 4204 2411 4260 maximum
2428 4209 2871 4277 quoinsauientes
2892 4213 3062 4284 ipsum
3082 4218 3340 4276 medicum
3359 4202 3478 4293 per—

1887 4303 2148 4350 emerunt.
2203 4295 2333 4352 llinc
2360 4300 2575 4354 omnino
2598 4300 2830 4370 dictum,
2869 4323 2887 4356 α
2922 4303 3037 4376 Ipse
3062 4322 3236 4367 autem
3266 4327 3342 4369 est
3373 4317 3472 4371 tui-

1886 4387 2114 4442 sericors
2135 4427 2152 4455 ,
2183 4399 2236 4444 et
2263 4392 2519 4460 propitius
2544 4393 2640 4448 erit
2664 4397 2898 4466 peccatis
2918 4413 3125 4470 eorum,
3149 4413 3327 4460 etnon
3354 4423 3446 4478 per
3467 4446 3476 4452 .

1886 4475 1976 4532 det
2012 4493 2142 4543 eos;
2184 4489 2236 4534 et
2271 4479 2560 4538 abundabit
2600 4494 2656 4538 ut
2688 4497 2892 4542 avertat
2918 4489 3047 4545 iram
3076 4507 3265 4560 suam;
3303 4516 3321 4549 ι
3354 4475 3476 4570 quia

1887 4569 2048 4625 etiam
2076 4569 2201 4625 illud
2228 4572 2430 4627 remisit
2455 4615 2470 4640 ,
2498 4575 2642 4644 quod
2660 4576 2728 4631 ab
2748 4578 2824 4632 eis
2849 4581 3033 4636 unicus
3060 4581 3223 4640 Filius
3249 4589 3364 4657 ejus
3387 4608 3485 4646 oc-

1886 4663 2027 4716 cisus
2049 4671 2133 4717 est
2160 4681 2172 4716 :
2201 4673 2245 4717 et
2275 4681 2374 4718 non
2403 4667 2639 4721 accendet
2668 4685 2864 4724 onmem
2888 4672 3017 4727 iram
3045 4691 3188 4731 suam
3210 4697 3230 4745 ;
3255 4681 3374 4753 quia
3402 4688 3494 4753 τικῖ

1887 4751 2057 4826 liquit:
2079 4754 2233 4810 salvw
2255 4761 2401 4828 facta:
2418 4770 2552 4813 sunt.
3270 4745 3290 4753 ’
3485 4745 3501 4850 ξ

1955 4847 2045 4901 24.
2087 4846 2153 4901 Et
2178 4851 2466 4905 recordatus
2493 4863 2565 4907 est
2588 4856 2704 4924 quia
2723 4872 2840 4910 caro
2869 4869 2986 4914 sunt
3003 4878 3023 4928 ;
3041 4863 3247 4932 spiritus
3267 4868 3492 4937 vadens,

1887 4947 2051 4994 etnon
2074 4952 2338 4996 revertens.
2369 4942 2491 4999 ideo
2537 4961 2629 5000 eos
2667 4950 2906 5005 vocando
2933 4963 2987 5008 et
3039 4958 3338 5013 miserando
3382 4977 3477 5032 per

1887 5045 2036 5086 suam
2061 5033 2283 5102 gratiam
2317 5036 2429 5104 ipse
2471 5040 2762 5105 revocavit,
2801 5044 2918 5112 quia
2947 5059 3042 5115 per
3066 5049 3270 5117 seipsos
3300 5055 3475 5112 redire

1885 5137 1993 5177 non
2023 5134 2258 5194 possent.
2288 5123 2566 5193 Quomodo
2594 5130 2736 5185 enim
2769 5131 2904 5187 redit
2929 5149 3075 5202 caro,
3108 5139 3326 5207 Spiritus
3352 5161 3468 5199 am«

1886 5215 2074 5271 bulans
2100 5225 2152 5272 et
2179 5232 2280 5272 non
2310 5229 2606 5287 revertens,
2636 5234 2855 5295 urgente
2881 5240 2939 5281 se
2968 5227 3018 5282 in
3048 5230 3148 5284 ima
3173 5243 3330 5303 atque
3359 5236 3474 5291 lun-

1884 5309 2076 5378 ginqua
2105 5309 2361 5364 malorum
2391 5312 2622 5381 pondere
2652 5317 2980 5386 meritorum,
3011 5321 3111 5378 nisi
3141 5340 3234 5394 per
3259 5327 3476 5385 electioi

1884 5417 2005 5457 nem
2035 5403 2216 5473 gratiae
2236 5403 2262 5456 ἲ
2298 5403 2426 5472 Quae
2461 5422 2564 5462 non
2596 5410 2798 5465 meritis
2826 5420 3070 5483 tanquam
3100 5434 3304 5475 merces
3349 5423 3471 5478 red-

1883 5493 2058 5560 ditur;
2090 5495 2182 5550 sed
2210 5504 2456 5568 tanquam
2483 5499 2678 5556 donum
2706 5504 2866 5572 gratis
2888 5503 3058 5574 datur,
3087 5512 3474 5582 utjusttncetur

1881 5585 2094 5657 impius,
2124 5596 2177 5644 et
2202 5589 2384 5647 redeat
2425 5593 2539 5648 ovis
2579 5593 2816 5663 perdita;
2846 5612 2948 5651 non
2977 5605 3149 5657 tamen
3195 5607 3244 5658 lu
3275 5609 3473 5664 viribus

1882 5679 2012 5741 suis.
2043 5680 2136 5736 sed
2168 5682 2218 5737 in
2257 5682 2491 5740 humeris
2520 5694 2784 5754 reportata
2821 5692 3044 5759 pastoris
3073 5693 3220 5767 (Luc.
3266 5714 3359 5764 xv,
3393 5701 3470 5773 ‘3),

1881 5787 1998 5846 quae
2019 5789 2076 5831 se
2102 5777 2325 5848 perdere
2345 5781 2514 5850 potuit
2537 5777 2664 5835 dum
2686 5790 2872 5853 sponte
2892 5796 3188 5859 vagaretur,
3213 5805 3270 5849 se
3295 5800 3472 5852 autem

1951 5885 1967 5917 ι
1995 5885 2068 5937 sic
2089 5893 2160 5936 Er.
2191 5895 2242 5938 et
2266 5895 2372 5940 Mss.
2401 5896 2454 5940 At
2480 5897 2610 5954 Lov.,
2636 5895 2818 5946 ductos.
