3966 6474
583 486 827 544 invenire
869 500 976 543 non
1028 484 1217 558 potuit,
1265 497 1367 541 nec
1406 483 1624 540 omnino
1675 483 2024 552 inveniretur,
2075 484 2179 542 nisi

586 582 815 653 pastoris
858 579 1220 637 misericordia
1261 589 1609 652 qntererctur.
1655 578 1773 635 Non
1824 578 2049 639 enimet
2089 577 2183 634 ille

1833 372 1893 428 s.
1931 369 2292 431 AUGUSTINI
2327 370 2629 432 EPISCOPI
3657 387 3739 448 im

2289 501 2395 542 non
2419 486 2620 542 dictum
2671 492 2774 550 est,
2823 498 2929 542 non
2959 485 3155 542 frustra
3185 484 3239 542 in
3265 483 3463 543 Pssimo
3500 488 3653 549 dictum
3671 511 3740 557 esse

2286 578 2415 634 certi
2442 592 2643 641 smnus,
2670 591 2842 647 neque
2864 577 2914 632 id
2947 577 3285 647 interpretari
3310 579 3405 633 nisi
3429 584 3503 652 tigt
3519 592 3609 640 rate
3629 601 3737 652 ιιιςειι.

584 674 723 731 ﬁlius
749 674 814 729 ad
845 674 980 729 hanc
1021 689 1174 729 ovem
1206 691 1311 731 non
1343 675 1593 745 pertinet,
1620 673 1708 745 qtti
1736 688 1982 731 reversus
2007 672 2061 728 in
2089 687 2179 729 se-
2286 684 2424 734 mus,
2451 669 2605 723 simul
2638 668 2994 740 intelligamus
3016 669 3179 725 etiam
3209 681 3393 726 caetera
3417 689 3518 741 qua:
3550 675 3652 731 facta
3673 695 3741 736 esse

581 767 865 837 metipsutn
922 766 1098 821 dixit:
1128 765 1372 838 Surgam,
1414 776 1463 821 et
1508 764 1588 820 ibo
1642 765 1712 820 ad
1759 776 1951 837 patrem
1991 780 2175 819 meum.

580 860 799 915 Occulta
842 858 1019 930 itaque
1069 862 1347 914 vocatione
1393 867 1448 914 et
1476 857 1822 927 inspiratione
1859 858 2021 913 etiam
2065 858 2176 924 ipse

579 954 834 1022 qna-situs
854 961 1012 1007 estet
1043 953 1409 1016 resuscitatus,
1439 950 1648 1005 nonnisi
1676 949 1745 1004 ab
1772 948 1862 1003 illo
1882 947 1971 1018 qui
2001 945 2175 1001 viviﬁ-

577 1053 663 1101 cat
691 1045 866 1101 omnia
888 1059 903 1109 ;
927 1055 979 1100 et
1001 1044 1267 1109 inventus,
1299 1058 1328 1097 a
1351 1058 1479 1112 qtto,
1503 1042 1603 1096 nisi
1627 1041 1696 1096 alt
1722 1041 1813 1096 illo
1829 1040 1918 1112 qui
1942 1038 2176 1110 perrexit

580 1138 789 1193 salvare
842 1147 898 1191 et
948 1151 1190 1206 qmcrere
1234 1133 1375 1205 quod
1427 1134 1659 1205 perierat
1691 1130 1819 1204 (an
1863 1147 2007 1195 uix,
2039 1129 2174 1201 10)?

579 1232 817 1285 Mortuus
844 1230 978 1283 enim
1020 1239 1145 1291 erat,
1178 1236 1228 1282 et
1271 1226 1486 1290 revisit;
1514 1228 1747 1296 perierat,
1771 1231 1815 1278 et
1850 1223 2077 1278 inventus
2100 1230 2175 1277 est

574 1321 686 1395 (Id.
729 1337 820 1389 xv,
872 1321 960 1385 t8,
1005 1320 1120 1389 24).
1171 1320 1302 1374 Nam
1331 1326 1385 1373 et
1417 1315 1501 1373 illa
1534 1331 1640 1370 non
1670 1315 1800 1370 levis
1827 1313 1905 1368 sic
1950 1312 2174 1367 solvitur

576 1416 823 1488 quaestio,
846 1411 987 1482 quod
1011 1413 1062 1465 in
1095 1409 1396 1465 Proverbiis
1418 1409 1671 1477 scriptum
1712 1414 1815 1488 est,
1842 1419 1964 1460 cum
1991 1403 2057 1458 dc
2088 1403 2171 1459 tia

580 1486 875 1576 iniquitatis
895 1503 1170 1571 Striptura
1192 1502 1499 1569 loqueretur
1528 1516 1543 1552 :
1580 1486 1876 1566 Omnes-qni
1910 1495 2171 1549 ambulant

573 1599 625 1653 in
656 1614 735 1662 ea,
769 1614 867 1650 non
897 1604 1203 1649 revertentur
1236 1590 1418 1662 (Prae.
1440 1606 1496 1654 ιι,
1530 1589 1641 1660 i9).
1673 1589 1764 1645 Sic
1802 1588 1943 1643 enim
1969 1587 2168 1644 dictum

573 1697 675 1750 est,
705 1688 852 1757 quasi
882 1686 950 1739 de
981 1685 1171 1755 iniquis
1198 1684 1443 1738 omnibus
1468 1679 1858 1751 desperandum
1888 1680 1957 1734 sit
1983 1697 1996 1733 :
2025 1678 2169 1735 Scri-

574 1792 728 1853 ptura
774 1795 901 1836 vero
926 1779 1146 1850 gratiam
1188 1774 1614 1839 commendavit;
1647 1773 1767 1844 quia
1800 1788 1895 1843 per
1931 1772 2163 1842 seipsum

575 1874 735 1928 homo
765 1882 938 1943 potest
984 1871 1034 1925 in
1068 1871 1154 1925 illa
1190 1869 1482 1933 ambulare,
1529 1881 1635 1922 non
1668 1874 1842 1937 potest
1862 1873 2039 1921 autem
2073 1879 2167 1934 per

570 1966 803 2036 seipsunt
827 1965 1023 2029 redire,
1056 1964 1156 2018 nisi
1180 1964 1348 2035 gratia
1378 1970 1678 2017 revocatus.

643 2059 735 2115 25.
778 2056 927 2130 [νει-ε.
957 2053 1175 2127 40-51.]
1218 2054 1279 2109 lli
1316 2069 1446 2124 ergo
1498 2052 1644 2122 pravi
1688 2059 1744 2107 et
1790 2051 2162 2118 amaricanles,

574 2150 779 2216 Quoties
808 2149 1225 2204 exacerbnttarunt
1250 2162 1363 2200 eum
1384 2147 1435 2198 in
1457 2145 1673 2209 deserto,
1703 2153 1752 2197 et
1780 2144 1831 2197 in
1851 2144 1980 2197 iram
2004 2142 2167 2197 conci-

570 2251 797 2296 laverunt
825 2258 937 2294 eum
964 2240 1015 2294 in
1039 2237 1325 2308 inaquoso!
1355 2235 1421 2290 Et
1447 2237 1668 2290 conversi
1692 2244 1830 2302 sunt,
1861 2244 1907 2289 et
1939 2243 2164 2289 tentare-

570 2345 690 2389 runt
712 2332 893 2397 Deum,
920 2342 964 2385 et
986 2341 1214 2387 sanctum
1239 2328 1401 2383 Israel
1428 2326 1866 2383 cxacerbaoerunt.
1906 2325 2163 2381 Eamdem

571 2425 782 2479 illorum
816 2421 1175 2477 inﬁdelitatem
1207 2420 1397 2489 repetit
1421 2434 1578 2489 quam
1608 2418 1856 2488 superius
1875 2416 1988 2487 jam
2017 2431 2165 2472 com-

572 2522 952 2571 tuemoraverat
980 2530 995 2578 ;
1024 2514 1115 2567 sed
1145 2510 1415 2581 repetendi
1443 2524 1599 2565 causa
1623 2518 1725 2573 est,
1758 2519 1813 2564 ul
1838 2524 2165 2565 commemo-

573 2617 754 2663 rtntnr
789 2620 841 2661 et
873 2606 1037 2675 plagae
1058 2619 1189 2675 quas
1223 2602 1410 2658 inﬂixit
1450 2602 1715 2675 IEgyptiis
1758 2610 1975 2674 propter
1997 2603 2115 2658 illos
2145 2621 2159 2658 :

574 2715 694 2770 qua!
715 2700 890 2753 omnia
921 2703 1101 2766 utique
1131 2695 1397 2752 recordari
1425 2695 1738 2759 debuetaut,
1768 2709 1941 2765 neque
1963 2694 2161 2750 existe-

573 2807 633 2848 re
659 2791 868 2861 ingrati.
902 2789 1135 2860 [lenique
1161 2788 1286 2857 quid
1314 2787 1594 2858 sequitur?
1622 2784 1744 2841 Non
1773 2796 1888 2840 sunt
1912 2784 2164 2840 recordati

573 2901 753 2938 manus
779 2885 906 2955 ejus,
931 2882 1012 2936 die
1034 2898 1133 2951 qua
1159 2880 1366 2934 redemit
1391 2896 1473 2934 eos
1493 2878 1557 2933 de
1584 2894 1737 2933 manu
1760 2877 2066 2931 tribulantis.
2096 2876 2164 2934 Et

568 2975 755 3045 incipit
780 2976 958 3030 dicere
994 2990 1111 3043 qua:
1152 2971 1273 3028 l‘ccit
1299 2969 1565 3041 Egyptiis
1597 2985 1610 3020 :
1641 2967 1821 3023 Posuit
1853 2968 1905 3022 in
1932 2965 2183 3038 IEgypto'

570 3085 715 3140 signa
734 3084 848 3135 sua,
895 3076 939 3122 et
967 3065 1200 3137 prodigia
1236 3080 1333 3118 sua
1360 3064 1410 3118 in
1440 3078 1621 3134 campo
1645 3060 1896 3116 Titaneos.
1947 3059 2015 3115 Et
2044 3076 2162 3114 ron-

568 3162 711 3216 urtit
736 3177 786 3213 tn
815 3159 1111 3230 sanguinem
1138 3156 1354 3227 [Iuntina
1381 3170 1578 3219 eorum,
1603 3163 1650 3209 et
1684 3152 1862 3208 imbres
1884 3168 2059 3208 eorum
2100 3167 2164 3206 ne

569 3252 828 3315 biberent;
854 3251 934 3305 vel
962 3249 1155 3318 potius,
1201 3248 1512 3302 ntanationes
1539 3260 1806 3316 aquarum,
1847 3244 1984 3302 sicut
2023 3260 2161 3298 tton-

573 3343 697 3397 nulli
729 3340 917 3397 melius
945 3339 1244 3410 intelligunt
1271 3338 1413 3404 quod
1442 3352 1616 3408 gra'ce
1655 3336 1910 3405 scriptum
1955 3343 2066 3401 est,
2098 3344 2164 3390 τὰ

570 3441 889 3506 ὃμϐρήματα,
920 3447 1051 3503 quas
1079 3432 1240 3487 latine
1268 3429 1616 3498 scaturigines
1656 3428 1915 3493 dicimus,
1945 3427 2014 3482 ab
2055 3426 2162 3482 imo

570 3541 734 3595 aquas
757 3523 1091 3579 eltullientcs.
1122 3521 1389 3577 Fuderunt
1413 3521 1554 3575 enim
1582 3518 1840 3592 Algyptii,
1869 3527 1924 3575 et
1945 3518 2161 3589 sangui-

573 3633 695 3674 nem
720 3633 814 3686 pro
851 3619 1003 3688 aquis
1028 3619 1361 3669 invenerunt.
1396 3631 1415 3665 ι
1447 3613 1589 3667 Misit
1609 3613 1659 3666 itt
1682 3627 1777 3668 eos
1800 3611 2158 3684 cynomyiam,

567 3718 623 3763 et
645 3708 874 3763 eontedit
901 3722 994 3762 eos
1018 3723 1034 3771 ;
1064 3716 1119 3762 et
1142 3720 1346 3771 ranam,
1378 3714 1432 3759 et
1456 3702 1769 3773 disperdidit
1787 3718 1899 3758 eos.
1928 3702 1998 3758 Et
2014 3702 2163 3758 dedit

569 3799 795 3866 rubigini
822 3799 837 3830 ί
867 3797 1095 3852 fructum
1126 3812 1333 3862 eorum,
1365 3804 1417 3850 ct
1436 3794 1645 3849 labores
1689 3810 1871 3850 eorum
1917 3794 2154 3850 locustae.

569 3889 636 3945 Et
653 3888 839 3945 occidit
866 3890 915 3942 in
939 3888 1192 3959 grandine
1210 3887 1387 3941 vineas
1408 3901 1610 3948 eorum,
1635 3893 1690 3940 ει
1707 3899 1885 3940 moros
1898 3900 2081 3941 eorum
2105 3886 2156 3940 in

570 3983 773 4051 pruina.
805 3982 865 4035 Et
914 3980 1126 4034 tradidit
1159 3978 1399 4048 grandini
1443 3980 1672 4047 iumenta
1700 3992 1907 4045 eorum,
1953 3986 2007 4034 et
2031 3993 2157 4049 pos-

565 4076 860 4132 sessionem
887 4089 1068 4129 eorum
1094 4072 1217 4142 igni.
1251 4072 1388 4127 Misit
1417 4071 1469 4126 in
1498 4086 1592 4126 eos
1612 4071 1743 4125 irant
1786 4070 2160 4140 indignationis

564 4184 710 4232 sum;
745 4165 1175 4237 imlignationetn,
1218 4175 1271 4219 et
1309 4165 1462 4231 iram,
1489 4174 1543 4219 ει
1586 4163 1998 4227 tribulationem,
2054 4164 2158 4218 im-

566 4261 873 4315 ntissionetn
907 4274 1000 4330 per
1024 4257 1243 4328 angelos
1275 4256 1465 4312 malos.
1506 4255 1656 4310 Viam
1686 4255 1809 4310 fecit
1834 4255 2037 4310 semita:
2064 4256 2159 4311 ira:

565 4368 696 4410 sine.
727 4362 780 4407 ct
824 4368 926 4406 non
977 4352 1211 4421 pepercit
1253 4364 1283 4403 a
1327 4357 1499 4404 morte
1526 4348 1822 4403 animarum
1848 4362 2054 4414 eorum,
2104 4357 2160 4404 et

562 4446 797 4515 jumeuta
819 4459 1002 4498 eorum
1036 4443 1085 4495 in
1119 4452 1291 4496 morte
1319 4441 1593 4495 conclusit.
1622 4440 1686 4495 Et
1714 4440 1973 4509 percussit
1997 4454 2158 4496 omne

567 4536 887 4603 primitivum
917 4535 967 4587 ιιι
997 4544 1131 4589 terra
1160 4531 1399 4604 Egypti,
1421 4532 1680 4604 primitias
1705 4531 1942 4588 laborum
1968 4546 2157 4588 eorum

564 4627 618 4682 in
651 4626 999 4683 tabernaculis
1019 4627 1203 4682 Cltant.
1219 4644 1239 4678 ι

635 4718 727 4774 26.
771 4718 862 4773 lla:
893 4732 1078 4773 omnes
1105 4716 1474 4788 Egyptiorum
1501 4731 1672 4787 ptume
1690 4716 1971 4786 allegorica
1994 4716 2157 4773 inter-

542 4824 550 4865 ι
568 4809 864 4881 pretatinne
889 4809 1080 4881 exponi
1112 4818 1354 4879 possunt,
1386 4816 1544 4878 prout
1562 4823 1625 4863 ea
1644 4809 1869 4881 quisque
1896 4808 2157 4880 intellige-

565 4923 641 4970 re,
670 4914 726 4960 et
752 4903 911 4959 rebus
948 4902 1015 4957 ad
1041 4918 1172 4972 quas
1200 4902 1493 4959 referendae
1532 4912 1678 4969 sunt,
1717 4917 2028 4974 comparare
2058 4919 2155 4960 vo-

564 4995 743 5053 luerit.
795 4994 946 5063 Quod
995 5009 1096 5050 nos
1134 5010 1346 5066 quoque
1390 4994 1562 5052 facere
1601 4995 1953 5056 tentabimus:
2009 5004 2156 5052 tanto

564 5088 741 5158 aptius
768 5087 977 5155 facturi,
1003 5097 1202 5158 quanto
1228 5086 1394 5157 magis
1414 5086 1666 5141 divinitus
1686 5086 1940 5142 fuerimus
1966 5087 2151 5157 adjuti.

564 5179 646 5234 Ad
689 5179 792 5235 ltoe
836 5179 977 5234 enim
1022 5177 1211 5248 psalmi
1236 5176 1393 5249 hujus
1420 5177 1509 5233 illa
1556 5178 1718 5235 verba
1765 5180 2150 5248 constringunt,

562 5272 651 5328 ubi
677 5271 875 5327 dictuttt
900 5278 1003 5337 est,
1035 5269 1272 5340 Aperiam
1294 5270 1345 5323 in
1361 5286 1445 5341 pm
1457 5270 1617 5325 abolis
1645 5286 1703 5325 os
1724 5286 1886 5325 meum
1909 5286 1929 5335 ;
1950 5270 2155 5338 eloquar

561 5362 928 5433 propositiones
946 5360 1008 5416 ub
1032 5361 1192 5416 initio.
1213 5360 1436 5431 PrOptcr
1455 5359 1556 5416 ltoc
1577 5361 1775 5432 quippe
1799 5359 1957 5415 etiam
1979 5360 2154 5431 aliqua

560 5456 649 5513 bic
676 5456 816 5513 dicta
840 5466 985 5523 sunt,
1007 5471 1127 5527 qua:
1146 5455 1367 5520 omnino
1383 5452 1641 5510 accidisse
1660 5452 1786 5526 dig)
1799 5454 1921 5522 ptiis
1940 5469 2044 5508 non
2072 5452 2152 5510 le-

560 5553 757 5624 gimus,
784 5566 906 5608 cum
933 5564 1122 5607 omnes
1140 5566 1324 5606 eorum
1353 5549 1518 5621 plaga:
1547 5547 1600 5605 in
1643 5548 1828 5604 Exodo
1854 5547 2153 5620 diligentis-

560 5646 699 5703 sime
728 5660 795 5703 ει
824 5644 1013 5700 ordine
1041 5654 1430 5710 contexantur;
1464 5651 1521 5699 ut
1548 5644 1797 5716 quoniam
1828 5641 1877 5697 id
1908 5641 2047 5713 quod
2079 5640 2151 5695 ibi

624 5760 804 5826 inadd”
826 5758 1132 5826 wrugini.gst
1156 5761 1370 5823 potiores
1401 5766 1532 5820 Itss.,
1574 5756 1785 5824 rubigini
1812 5770 1830 5809 :
1862 5769 2006 5826 quam
2029 5768 2153 5826 nqu-

562 5822 723 5887 nullos
754 5820 1023 5887 zentgin'em
1065 5820 1411 5887 interpretatos
1443 5836 1559 5875 esse
1579 5820 1717 5874 notat
1738 5820 2049 5886 sugusnuus,
2080 5821 2154 5870 in-

560 5885 653 5950 fra,
671 5885 815 5949 hujus
829 5884 989 5935 Enarr.
1014 5899 1065 5936 ιι.
1088 5884 1169 5934 27.

2282 771 2510 827 constat,
2550 761 2620 816 ob
2662 761 2891 830 aliquam
2934 762 3624 833 ﬁgunttantsigniticatiomxn
3663 769 3741 825 farta

2282 853 2365 908 vel
2416 853 2736 921 conscripta.
2791 851 2942 907 Facit
2967 854 3109 908 enim
3163 852 3268 909 huc
3306 853 3551 926 Scriptura
3572 857 3613 912 in
3635 862 3742 916 multis

2284 945 2414 1001 locis
2434 944 2870 1016 Propheticorunt
2894 945 3245 1016 eloqttiurum.
3274 946 3401 1002 Dicit
3422 947 3483 1002 aii
3499 951 3587 1018 pud
3605 953 3700 1021 quod
3716 954 3742 1007 iu

2281 1036 2370 1091 illa
2402 1052 2459 1092 re
2481 1045 2655 1108 gesta,
2685 1051 2845 1108 quam
2872 1036 3080 1092 videtur
3099 1052 3520 1103 commemorare,
3555 1056 3635 1096 Ith
3657 1045 3743 1101 inte-

2280 1130 2444 1197 nitur,
2476 1131 2583 1185 into
2602 1140 2653 1185 et
2675 1130 2828 1186 aliter
2850 1142 2973 1186 esse
2992 1130 3291 1196 invenitur;
3321 1140 3375 1185 ut
3402 1131 3744 1205 binciutelligatttt

2279 1238 2384 1276 non
2418 1223 2517 1276 ltoc
2559 1221 2741 1277 dicere
2779 1220 2920 1292 quod
2966 1229 3140 1292 potest
3188 1224 3376 1292 putari,
3403 1223 3487 1278 sed
3518 1225 3616 1280 illud
3639 1230 3738 1294 [lttlllti

2275 1312 2416 1384 quod
2447 1314 2615 1384 magis
2639 1312 2799 1369 debet
2831 1312 3039 1368 adverti
3070 1332 3086 1368 :
3112 1312 3255 1368 sicut
3279 1323 3359 1367 est
3380 1314 3513 1380 illud,
3538 1312 3743 1373 Domindi-

2278 1412 2362 1458 tur
2379 1420 2409 1456 a
2431 1404 2561 1457 mari
2580 1419 2736 1471 usque
2750 1402 2819 1456 ad
2846 1419 3004 1469 mare,
3026 1413 3072 1456 et
3090 1420 3123 1456 ιι
3142 1403 3348 1474 ﬂumine
3373 1420 3508 1473 uulua
3522 1406 3578 1459 ad
3593 1410 3743 1464 tenuius

2275 1496 2408 1552 orbis
2436 1506 2583 1552 terra:
2613 1493 2782 1566 (Psal.
2808 1511 2952 1561 t.xxt,
2984 1498 3063 1565 8).
3106 1496 3260 1564 Quod
3302 1498 3351 1551 itt
3380 1497 3505 1553 illius
3539 1498 3744 1557 Salomonis

2272 1604 2440 1659 regno
2484 1597 2695 1644 constat
2738 1604 2842 1643 non
2872 1603 2994 1646 esse
3037 1590 3379 1661 completum,
3421 1591 3482 1647 de
3522 1609 3606 1663 quo
3638 1597 3742 1665 putari

2271 1690 2453 1750 posset
2505 1682 2604 1736 iste
2641 1679 2881 1751 psalmus
2933 1680 3101 1751 loqui,
3144 1696 3267 1737 cum
3293 1680 3358 1737 de
3395 1682 3577 1737 Christo
3600 1684 3742 1738 ὓθιιιιηυ

2271 1771 2602 1843 loqueretur.
2626 1771 2682 1827 ltt
2717 1771 2883 1842 plagis
2911 1787 3041 1842 ergo
3063 1770 3451 1843 Egyptiorttm,
3490 1789 3586 1844 qua:
3605 1785 3691 1830 sunt
3712 1778 3740 1831 in

2272 1863 2413 1917 libro
2455 1863 2545 1933 qui
2595 1862 2814 1917 Exodus
2863 1863 3192 1930 nominatur,
3232 1862 3314 1917 ubi
3341 1864 3543 1918 maxime
3563 1865 3743 1934 Scripta:

2269 1956 2476 2010 curavit
2498 1965 2556 2010 ttt
2574 1971 2637 2011 ea
2656 1957 2849 2027 quibus
2875 1954 3057 2011 afﬁicti
3084 1966 3212 2011 sunt
3234 1958 3402 2011 omnia
3420 1973 3479 2012 ex
3494 1957 3638 2013 ordine
3655 1961 3743 2015 dicc-

2270 2057 2474 2108 rentur,
2506 2063 2611 2102 ttott
2642 2048 2913 2102 invenitur
2961 2048 3106 2119 quod
3154 2047 3312 2102 liabet
3356 2049 3449 2105 iste
3484 2050 3672 2119 psalntas.
3703 2051 3742 2104 Et

2268 2138 2405 2192 dedit
2430 2138 2648 2212 rubigini
2668 2142 2863 2209 [ructus
2882 2154 3075 2193 eorum.
3109 2138 3242 2194 illud
3270 2140 3573 2210 etiamquod,
3597 2155 3678 2195 cum
3694 2141 3740 2195 di-

2268 2230 2458 2295 xisset,
2489 2229 2555 2284 Et
2580 2230 2791 2284 tradidit
2820 2231 3061 2301 grandim'
3077 2232 3314 2301 jumenta
3339 2248 3513 2291 eorum.
3535 2232 3740 2287 addidit.£t

2269 2320 2631 2390 possessionem
2651 2336 2822 2375 eorum
2851 2321 2999 2391 igni:
3018 2321 3091 2377 de
3114 2323 3368 2392 jumeutis
3389 2321 3604 2392 grandine
3620 2322 3738 2377 occisis

2271 2413 2463 2484 legitur
2492 2414 2545 2467 in
2589 2413 2775 2469 Exodo
2810 2411 3005 2485 (Exod.
3034 2429 3119 2479 tx,
3151 2414 3284 2485 25);
3330 2413 3459 2485 quod
3481 2415 3738 2485 tempests-

2266 2508 2349 2563 sio
2394 2522 2580 2562 eorum
2628 2509 2748 2580 igne
2800 2518 3034 2563 cremata
3087 2509 3179 2573 sit,
3227 2509 3434 2564 omnino
3477 2523 3561 2562 non
3601 2506 3734 2573 igitr.

2265 2597 2521 2667 Quamvis
2549 2613 2708 2656 voces
2749 2609 2804 2655 et
2830 2600 2978 2670 ignes
3019 2615 3148 2656 cum
3182 2600 3428 2670 grandine
3465 2598 3635 2661 ﬁerent.
3657 2596 3734 2651 :ittt

2269 2695 2497 2750 tonitrua
2524 2709 2646 2749 cum
2676 2692 2972 2765 fulgoribus
2996 2694 3213 2759 solent;
3256 2709 3357 2748 non
3387 2702 3536 2748 tamen
3567 2691 3731 2761 scriptun

2266 2793 2350 2840 est
2374 2784 2574 2856 aliquid
2597 2784 2845 2840 traditum
2877 2785 2982 2856 igni
3025 2793 3087 2840 ut
3122 2785 3358 2842 arderet.
3401 2784 3598 2853 Denique
3628 2780 3731 2835 mli:

2265 2891 2385 2946 qua:
2432 2876 2626 2933 lardi-re
2668 2877 2874 2948 grando
2902 2892 3007 2933 non
3054 2886 3291 2948 poterat,
3319 2878 3536 2933 dicuntur
3568 2886 3731 2930 nonem

2266 2983 2537 3038 percussa,
2564 2970 2613 3025 id
2642 2981 2744 3033 Cal,
2776 2970 2922 3026 duris
2945 2972 3146 3027 ictibus
3175 2972 3331 3038 laesa;
3358 2986 3460 3043 quae
3485 2981 3731 3042 posteacun-

2263 3062 2375 3117 edit
2424 3063 2627 3118 locusta
2677 3061 2788 3135 (Id.
2845 3078 2901 3128 ι,
2949 3062 3131 3135 1-15).
3172 3061 3298 3119 Ιιειιι
3339 3062 3463 3134 quod
3497 3061 3567 3115 hic
3597 3059 3730 3121 dirimi

2265 3156 2334 3211 Et
2354 3172 2521 3210 moros
2549 3173 2721 3211 eorum
2740 3158 2792 3210 in
2824 3156 3031 3225 pruina,
3062 3165 3284 3213 nonest
3307 3157 3354 3211 itt
3383 3154 3539 3211 Exodo
3560 3170 3571 3207 :
3591 3151 3731 3205 multum

2264 3249 2406 3303 enim
2436 3249 2622 3316 pruina
2650 3245 2809 3302 distat
2834 3262 2865 3301 a
2895 3246 3195 3317 grandine;
3228 3263 3345 3302 natu
3385 3245 3559 3302 serenis
3577 3240 3729 3297 lticutali-

2264 3340 2364 3393 bus
2389 3340 2632 3393 noctilms
2663 3340 2853 3408 pruina.
2874 3347 3015 3394 terra
3041 3338 3302 3394 canescit.

2335 3429 2424 3484 27.
2478 3428 2615 3496 Quid
2667 3444 2794 3499 ergo
2825 3429 2924 3483 ista
2967 3428 3295 3499 signiﬁcent,
3339 3428 3465 3483 dicit
3503 3426 3728 3481 tractatam

2264 3534 2467 3597 potest;
2490 3524 2692 3595 jndicet
2716 3525 2884 3581 lector
2909 3534 2964 3580 et
3003 3524 3223 3581 auditor
3267 3534 3321 3579 ιιι
3338 3524 3514 3594 justum
3535 3527 3609 3573 est.
3635 3518 3725 3584 Aqua

2264 3618 2320 3673 in
2342 3617 2655 3687 sanguinem
2681 3629 2962 3679 conversa,
2985 3616 3120 3670 milii
3142 3615 3352 3671 videtur
3374 3611 3617 3682 signiﬁcare
3632 3604 3725 3659 dere-

2263 3726 2379 3765 runt
2403 3711 2579 3764 causis
2607 3709 2809 3765 sentire
2828 3708 3150 3763 carnaliter.
3193 3706 3485 3779 Cynomyia,
3511 3696 3639 3756 Canini
3658 3708 3723 3747 nn-

2261 3816 2351 3858 res
2372 3810 2520 3866 sunt,
2551 3801 2640 3871 qui
2668 3815 2768 3856 nec
2797 3808 3046 3871 parentes
3067 3799 3287 3870 quando
3316 3804 3578 3853 nascuntur,
3599 3788 3719 3841 Vident

2263 3894 2433 3959 Rana,
2465 3901 2549 3949 est
2576 3894 2946 3964 loquacissima
2970 3893 3196 3949 vanitas.
3220 3893 3413 3962 Robigo
3430 3889 3594 3943 occullt:
3607 3888 3721 3940 mw:

2261 4002 2418 4057 quam
2440 3989 2599 4041 etiam
2627 3987 2913 4056 aeruginem
2940 3986 3182 4041 nonnulli
3215 3981 3516 4054 interpretati
3549 3987 3647 4036 sunt.
3671 3968 3721 4025 ³Ιῆ

2260 4079 2558 4136 caniculan:
2587 4080 2603 4111 ¹
2640 4097 2653 4132 :
2681 4078 2821 4149 quod
2852 4077 3050 4132 malum
3087 4080 3177 4133 cui
3204 4077 3435 4132 vitiorum
3468 4076 3606 4143 aptius
3633 4079 3722 4119 cocto

2261 4179 2498 4242 paratur,
2517 4170 2769 4240 nisiquod
2785 4170 3094 4225 difﬁcilinte
3109 4178 3346 4240 apparet,
3363 4166 3497 4223 sicuti
3507 4173 3569 4220 est
3582 4159 3720 4215 multm

2262 4265 2331 4319 de
2359 4279 2417 4320 se
2446 4263 2650 4320 ﬁdere?
2679 4264 2821 4318 Aura
2850 4274 2933 4318 est
2956 4264 3096 4318 enim
3122 4262 3296 4327 noxia,
3323 4276 3435 4332 qua:
3453 4247 3720 4313 liocinlructi-

2264 4355 2362 4411 bus
2390 4356 2617 4411 latenter
2659 4366 2940 4426 operatur;
2973 4355 3111 4410 sicut
3161 4356 3213 4409 itt
3254 4345 3641 4408 tnuribusocculta
3670 4353 3721 4393 sn-

2263 4448 2463 4520 perbia,
2495 4447 2708 4518 quando
2737 4462 2793 4502 se
2827 4448 3108 4518 quisquam
3141 4456 3287 4517 ptttat
3314 4443 3491 4514 aliquid
3516 4453 3619 4497 esse,
3646 4445 3717 4485 tum

2260 4542 2389 4597 niltil
2418 4541 2486 4594 sit
2509 4539 2650 4610 (Gal.
2679 4556 2752 4603 Vl,
2780 4540 2856 4609 5).
2882 4538 3107 4595 Locusta
3132 4547 3216 4594 est
3247 4537 3433 4592 malitia
3469 4548 3547 4588 ore
3580 4523 3716 4581 Ιπάεηει

2260 4630 2458 4687 inﬁdeli
2511 4631 2715 4686 scilicet
2763 4630 3090 4684 testimonio.
3121 4627 3333 4686 Grande
3359 4636 3434 4681 est
3469 4618 3716 4690 ittiqnit-tsna‘

2258 4724 2462 4780 alienas
2489 4725 2770 4787 auferens;
2791 4723 2929 4778 unde
2956 4722 3113 4785 furta,
3145 4724 3359 4792 rapimr,
3383 4713 3716 4789 [immunesque

2261 4828 2588 4874 nascuntur:
2624 4817 2739 4887 plus
2780 4827 2956 4872 autem
2996 4817 3123 4871 vitio
3148 4831 3244 4870 suo
3273 4820 3486 4868 vastatur
3504 4809 3590 4875 ipse
3607 4804 3715 4891 rash:

2261 4919 2366 4966 tor.
2393 4909 2587 4964 Pruina
2632 4909 2896 4977 signiﬁcat
2938 4908 3144 4971 vitium,
3193 4921 3297 4979 quo
3333 4901 3534 4959 cltaritas
3570 4886 3713 4985 prosit!“

2259 5000 2495 5058 stultitia:
2525 5000 2759 5057 tenebris
2808 5000 2954 5054 velut
2988 5008 3246 5055 nocturno
3274 4996 3454 5068 frigore
3478 4984 3709 5075 congelasca-

2259 5093 2398 5165 lgnis
2417 5108 2565 5158 vero,
2594 5092 2636 5146 si
2661 5108 2767 5147 non
2796 5091 2883 5146 ille
2924 5091 3009 5145 ltic
3036 5098 3464 5146 ccttttttemoratttr
3480 5079 3550 5151 qui
3587 5076 3713 5168 erat.”

2257 5188 2515 5259 grandine
2541 5202 2605 5242 ex
2631 5184 3017 5257 l‘ulgurantibns
3046 5183 3290 5247 nubibus,
3308 5177 3523 5251 quoniam
3542 5169 3603 5223 hic
3615 5163 3711 5262 dini,

2262 5279 2493 5334 Tradidit
2525 5278 2886 5348 possessionem
2930 5292 3103 5331 eorum
3130 5272 3271 5345 igni;
3306 5269 3387 5325 ulti
3410 5280 3508 5323 eam
3535 5254 3709 5348 δίαυίξίίτξί

2261 5372 2440 5442 utique
2471 5371 2763 5434 incensam,
2808 5368 2948 5439 quod
3014 5367 3148 5438 ignis
3201 5364 3285 5420 ille
3327 5360 3490 5417 fecisse
3522 5365 3599 5405 non
3625 5342 3711 5445 itii."

2258 5477 2343 5521 tur
2371 5482 2384 5518 :
2409 5463 2791 5519 immanitatem
2823 5477 2950 5533 ergo
2980 5457 3262 5516 iracundia:
3290 5452 3406 5509 tnilti
3430 5446 3710 5533 videtur

2259 5558 2456 5623 ﬁcare,
2501 5571 2604 5628 qua
2661 5565 2718 5611 et
2779 5526 3118 5609 homicidium
3162 5547 3356 5607 admitti
3405 5546 3560 5628 potest:
3597 5526 3706 5628 "Mf

2258 5622 2533 5720 pecorum-
2555 5647 2831 5718 ﬁguratum
2878 5656 2981 5710 est,
3013 5652 3260 5715 qnantunt
3300 5633 3512 5692 arbitror,
3535 5622 3706 5720 domant“

2259 5717 2549 5814 pudicitite.
2580 5717 3075 5811 Concupiscetttiam
3101 5737 3307 5809 quippe,
3333 5742 3422 5800 qua
3456 5720 3565 5777 fetus
3587 5717 3706 5765 ctort-

2325 5882 2339 5913 ‘
2371 5878 2551 5941 Aliquot
2585 5885 2711 5936 ilss.,
2737 5872 3024 5926 rtmicuttnn.
