3966 6438
246 493 400 550 1001

229 1061 412 1119 aliter
437 1067 631 1122 melius
657 1068 1046 1141 intelligantur;
1095 1092 1252 1144 quem
1300 1096 1406 1135 non
1450 1093 1660 1139 moveat
1701 1087 1841 1156 quod

227 1149 440 1209 decem
471 1157 638 1228 plagis
673 1163 1044 1229 percutiuntur
1083 1166 1342 1238 IEgyptii,
1384 1180 1438 1226 et
1474 1172 1659 1229 decem
1707 1149 1838 1246 pra:-

226 1243 420 1312 ceptis
446 1247 750 1304 scribuntur
780 1253 990 1320 tabulas,
1015 1256 1205 1324 quibus
1226 1268 1439 1329 regatur
1455 1265 1678 1333 populus
1707 1243 1839 1322 Dei?

226 1332 314 1390 De
349 1337 549 1406 quibus
589 1353 622 1395 e
659 1344 928 1398 contrario
962 1346 1099 1402 inter
1123 1363 1182 1403 se
1225 1354 1617 1420 comparandis,
1665 1355 1714 1410 id
1755 1367 1837 1413 est

223 1424 419 1497 plagis
449 1439 502 1483 et
527 1434 828 1501 prmceplis,
858 1439 1106 1506 quoniam
1137 1440 1262 1496 alibi
1289 1443 1520 1500 diximus
1546 1446 1642 1518 (a),
1671 1465 1836 1519 cxpoo

223 1516 499 1576 sitionem
546 1523 733 1591 psalmi
761 1524 920 1596 hujus
949 1529 999 1582 in
1041 1531 1124 1584 his
1153 1549 1380 1591 onerare
1420 1553 1525 1592 non
1551 1555 1684 1610 opus
1711 1553 1828 1599 est:

218 1614 452 1664 tantum
480 1611 828 1672 admonemus
848 1619 969 1688 quia
1001 1631 1053 1675 et
1083 1622 1184 1684 hic.
1218 1625 1315 1679 etsi
1346 1642 1448 1682 non
1468 1629 1659 1685 eodem
1688 1633 1833 1688 ordi-

217 1715 317 1765 ne,
355 1701 553 1759 decem
583 1713 760 1763 tamen
807 1708 1176 1783 Egyptiorum
1211 1716 1376 1787 plagae
1402 1735 1828 1778 commemoran-

217 1799 356 1856 tur;
383 1793 517 1849 dum
549 1812 644 1864 pro
674 1799 840 1855 tribus
868 1819 987 1872 qua:
1014 1815 1139 1860 sunt
1169 1807 1217 1860 in
1246 1807 1433 1866 Exodo
1474 1810 1668 1881 (Exod.
1716 1831 1825 1880 \‘lli,

216 1882 317 1946 17,
371 1899 454 1951 Ix,
482 1885 570 1949 10,
617 1897 662 1941 et
688 1905 739 1953 χ,
782 1889 899 1963 22),
929 1903 982 1947 et
1029 1895 1116 1950 hic
1145 1912 1248 1950 non
1272 1907 1415 1965 sunt,
1443 1901 1495 1955 id
1518 1911 1618 1966 est,
1661 1905 1826 1959 scini-

212 1971 385 2040 phes,
411 1975 612 2042 ulcera,
638 1979 891 2044 tenebrae.
919 1984 1035 2039 alite
1066 1995 1172 2042 tres
1197 2002 1682 2048 commemorantur
1708 2011 1826 2066 quae

211 2063 292 2117 ibi
323 2079 442 2119 non
473 2077 616 2134 sunt,
648 2069 700 2124 id
732 2080 834 2138 est,
863 2074 1071 2144 rubigo,
1103 2079 1289 2146 pruina
1317 2074 1371 2134 el
1401 2082 1560 2151 ignis,
1589 2099 1694 2138 non
1724 2063 1822 2140 ful-

209 2166 449 2222 gurum,
499 2156 592 2211 sed
638 2160 722 2214 cui
767 2161 907 2217 dicta
957 2171 1039 2220 est
1083 2167 1270 2222 tradita
1321 2171 1588 2238 possessio
1615 2188 1820 2241 eorum,

206 2245 364 2313 quod
392 2245 470 2300 ibi
494 2263 597 2302 non
625 2249 833 2320 legitur.

283 2336 386 2393 28.
438 2337 579 2395 Satis
597 2351 772 2398 autem
797 2345 882 2400 hic
903 2361 1216 2417 expressum
1240 2361 1342 2419 est,
1365 2353 1566 2423 judicio
1590 2356 1682 2412 Dei
1709 2356 1820 2413 fieri

208 2427 336 2484 haec
359 2429 420 2483 in
449 2429 551 2485 illis
578 2448 670 2502 per
687 2438 905 2506 angelos
927 2441 1116 2508 malos,
1143 2443 1192 2496 in
1217 2445 1319 2499 hoc
1341 2448 1540 2502 sacculo
1566 2451 1818 2520 maligno,

207 2524 482 2588 tanquam
511 2520 561 2574 in
590 2521 821 2595 Egypto
846 2537 899 2582 et
926 2528 979 2582 in
1007 2545 1195 2601 campo
1224 2533 1493 2602 Thaueos,
1527 2540 1614 2593 ubi
1645 2540 1793 2595 humi

209 2610 294 2664 les
330 2625 463 2666 esse
490 2611 766 2680 debemus,
801 2616 971 2674 donec
997 2622 1174 2676 veniat
1201 2626 1452 2680 steculum
1486 2629 1571 2683 ubi
1597 2632 1818 2686 exaltari

207 2715 279 2757 ex
311 2701 425 2756 ista
453 2701 752 2763 humilitate
779 2724 1096 2767 mereamur.
1121 2714 1253 2770 Nam
1279 2725 1332 2771 et
1359 2717 1616 2789 (Egyptus
1647 2722 1697 2775 in
1725 2722 1819 2779 he-

209 2791 366 2847 braea
399 2793 579 2864 lingua
606 2795 878 2855 Tenebras
905 2802 993 2857 vel
1023 2802 1417 2863 Tribulationes
1444 2810 1729 2880 significat,
1765 2813 1816 2871 in

207 2897 322 2952 qua
347 2882 530 2955 lingua
553 2886 774 2956 Titanis,
803 2891 939 2945 sicut
966 2898 1402 2965 commemoravi,
1431 2899 1630 2956 humile
1656 2902 1815 2958 intel-

209 2971 411 3041 ligitur
439 2989 560 3030 esse
585 2975 909 3034 Mandatum.
954 2982 1028 3037 De
1056 2985 1258 3055 angelis
1292 3002 1420 3058 ergo
1447 2989 1600 3044 malis
1634 2991 1686 3045 in
1715 2992 1816 3048 isto

207 3061 454 3131 psalmo,
481 3078 603 3120 cum
632 3065 699 3122 de
727 3066 858 3138 ipsis
880 3071 1045 3142 plagis
1075 3074 1401 3144 loqueretur,
1429 3079 1507 3134 sic
1535 3080 1816 3152 interposi-

211 3159 333 3205 tum
374 3159 500 3217 est,
543 3156 684 3225 quod
726 3174 832 3215 non
881 3164 1182 3218 trausitorie
1229 3170 1651 3234 prretereundum
1683 3181 1809 3229 est:

208 3236 366 3291 Misit
397 3241 452 3292 in
481 3257 564 3297 eos
583 3283 598 3308 ,
630 3244 832 3316 inquit,
874 3249 1002 3304 iram
1031 3252 1391 3325 indignationis
1413 3275 1554 3324 sum;
1578 3261 1814 3333 indigna-

207 3329 407 3385 tionem
433 3339 480 3384 et
509 3333 660 3399 iram,
690 3345 735 3390 et
762 3339 1135 3396 tribulationem
1154 3387 1169 3410 ,
1199 3347 1575 3417 immissionem,
1607 3368 1695 3421 per
1716 3371 1811 3408 an-

205 3420 356 3491 gelos
382 3422 567 3479 malos.
594 3427 727 3484 Esse
750 3439 928 3488 autem
954 3434 1220 3492 diabolum
1243 3448 1295 3494 et
1314 3443 1530 3511 angelos
1556 3420 1671 3514 ejus
1702 3456 1805 3501 tam

205 3511 391 3568 malos
420 3513 625 3585 utique,
655 3526 712 3572 ut
735 3520 812 3574 eis
839 3521 976 3592 ignis
1005 3536 1330 3595 praparetur
1352 3540 1602 3598 aeternus,
1630 3537 1806 3592 nullus

205 3601 390 3658 fidelis
417 3603 625 3674 ignorat
655 3623 668 3664 :
697 3609 790 3666 sed
819 3612 1030 3669 immitti
1060 3630 1155 3686 per
1183 3632 1274 3672 eos
1304 3618 1684 3678 immissionem
1711 3641 1801 3680 su-

205 3706 308 3759 per
331 3693 603 3763 q‘uoslibet
628 3713 657 3752 a
689 3698 914 3757 Domino
945 3704 1056 3760 Deo
1076 3747 1092 3774 ,
1133 3722 1267 3778 quos
1296 3708 1394 3766 hac
1423 3727 1575 3780 poena
1600 3715 1802 3785 judicat

199 3779 402 3850 dignos
423 3825 440 3848 ,
475 3782 667 3841 durum
693 3789 906 3847 videtur
930 3795 1008 3850 eis
1035 3797 1122 3865 qui
1151 3799 1326 3856 minus
1353 3802 1525 3856 idonei
1554 3817 1677 3861 sunt
1705 3825 1798 3863 co-

207 3864 387 3934 gitare
417 3875 864 3939 quemadmodum
893 3864 1100 3936 summa
1130 3882 1217 3937 Dei
1242 3887 1445 3954 ju5titia
1475 3889 1608 3948 bene
1632 3904 1808 3952 utatur

204 3960 262 4008 et
288 3956 472 4010 malis.
519 3958 663 4026 Quos
689 3964 901 4033 quidem
924 4009 938 4030 ,
973 3980 1228 4038 quantum
1273 3977 1499 4043 pertinet
1525 3983 1588 4035 ad
1620 3998 1802 4040 eorum

204 4046 592 4116 substantiam,
637 4054 754 4124 quis
790 4057 925 4112 alius
956 4077 1110 4129 quam
1157 4064 1268 4133 ipse
1309 4068 1468 4124 fecit?
1504 4072 1607 4128 Sed
1637 4078 1802 4134 malos

202 4138 321 4206 ipse
351 4155 462 4194 non
493 4140 616 4196 fecit
648 4161 660 4197 :
691 4146 854 4201 utitur
882 4159 1056 4206 tamen
1089 4154 1189 4221 eis,
1217 4159 1467 4227 quoniam
1498 4162 1667 4220 bonus
1695 4179 1796 4234 ρει,

199 4225 368 4295 bene,
394 4227 448 4284 id
476 4240 556 4285 est
583 4238 962 4295 convenienter
988 4251 1042 4297 et
1058 4243 1202 4313 juste
1223 4225 1246 4311 ;
1269 4248 1405 4304 sicut
1437 4266 1467 4306 e
1492 4262 1674 4310 contra
1701 4257 1798 4311 ini-

196 4317 292 4386 qui
323 4323 586 4377 creaturis
628 4326 743 4395 ejus
780 4326 938 4386 bonis
983 4342 1202 4390 utuntur
1245 4339 1402 4394 male.
1449 4340 1626 4399 Utitur
1668 4361 1797 4417 ergo

196 4405 344 4461 ileus
374 4411 581 4479 angelis
620 4418 806 4484 malis,
841 4436 944 4476 non
975 4424 1145 4480 solum
1176 4427 1241 4482 ad
1270 4430 1564 4498 puniendos
1594 4437 1792 4504 malos,

193 4587 336 4641 utin
374 4602 502 4659 rege
533 4591 738 4660 Achab,
767 4613 924 4667 quem
968 4605 1182 4661 fallacia:
1211 4587 1426 4678 spiritus
1449 4632 1513 4671 ex
1554 4618 1644 4674 Dei
1695 4639 1786 4673 vo-

190 4673 404 4731 luntate
438 4679 648 4736 seduxit
675 4692 731 4738 ut
749 4687 963 4744 caderet
993 4692 1044 4746 in
1075 4694 1216 4751 bello
1243 4673 1330 4768 (Ill
1360 4701 1490 4773 Reg.
1513 4722 1642 4770 xxu,
1671 4709 1785 4781 22);

189 4781 385 4824 verum
415 4771 576 4826 etiam
608 4773 672 4828 ad
705 4777 1007 4847 probandos
1047 4793 1100 4838 et
1141 4771 1554 4849 manifestandos
1578 4798 1746 4854 bonos
1771 4842 1785 4864 ,

189 4859 351 4916 sicuti
380 4860 506 4918 fecit
534 4864 586 4919 in
614 4865 734 4922 Job.
764 4869 914 4937 Quod
943 4886 1118 4930 autem
1149 4882 1374 4947 pertinet
1398 4885 1461 4939 ad
1493 4885 1644 4942 istam
1677 4907 1786 4946 ma-

191 4951 383 5006 teriam
407 4957 739 5025 corporalem
763 4961 1044 5018 visibilium
1068 4967 1475 5043 elementorum,
1501 4988 1626 5046 puto
1646 4984 1783 5052 quod

189 5052 252 5093 ea
271 5052 502 5110 possunt
527 5047 602 5102 uti
631 5050 815 5121 Angell
838 5062 889 5107 et
920 5054 1040 5110 boni
1062 5065 1115 5112 et
1142 5062 1289 5128 mali,
1312 5075 1566 5134 quantum
1594 5047 1784 5144 cuique

187 5143 435 5202 potestas
456 5149 534 5193 est
555 5155 570 5205 ;
595 5144 1039 5211 quemadmodum
1064 5161 1116 5205 et
1141 5153 1381 5212 homines
1406 5159 1527 5216 boni
1554 5164 1781 5236 malique

190 5230 416 5282 utuntur
446 5229 640 5285 talibus
661 5273 673 5293 .
715 5247 968 5305 quantum
1004 5257 1223 5310 possunt
1263 5264 1359 5318 pro
1386 5253 1600 5310 modulo
1630 5229 1778 5314 infir-

188 5315 388 5372 mitatis
407 5318 672 5377 humanaa.
697 5325 827 5382 Nam
849 5341 902 5385 et
919 5341 1053 5388 terra
1077 5337 1290 5404 utimur,
1312 5352 1365 5396 et
1383 5358 1538 5414 aqua,
1561 5359 1614 5404 ct
1631 5366 1775 5420 aere,

188 5412 243 5459 et
270 5407 412 5478 igne,
445 5426 550 5467 non
577 5416 748 5470 solum
777 5419 826 5474 in
852 5427 1167 5483 necessariis
1195 5431 1355 5488 rebus
1375 5441 1777 5500 sustentationis

189 5507 407 5566 nostrae,
441 5518 624 5559 verum
653 5508 813 5563 etiam
847 5511 896 5566 in
925 5517 1103 5573 multis
1133 5523 1412 5591 superﬂuis
1437 5537 1491 5584 et
1517 5530 1732 5591 ludicris
1755 5576 1774 5604 ,

188 5593 241 5639 et
272 5590 590 5649 mirabiliter
617 5599 920 5658 artificiosis
949 5610 1218 5676 operibus.
1251 5615 1380 5670 Nam
1410 5619 1772 5680 innumerabi-

187 5673 252 5726 lia
291 5692 412 5748 qua:
451 5687 784 5754 appellantur
810 5708 1171 5765 μηχανήματα,
1216 5702 1300 5758 his
1337 5707 1615 5764 elementis
1656 5725 1771 5771 arte

189 5772 425 5825 tractatis
453 5775 840 5836 modificantur.
867 5783 970 5838 Sed
1004 5788 1055 5841 in
1083 5787 1196 5845 ha-c
1224 5795 1439 5866 Angelis
1466 5799 1618 5872 longe
1648 5821 1766 5860 am-

247 5922 320 5986 (a)
344 5933 494 5978 Serm.
517 5930 582 5982 de
614 5932 788 5986 decem
811 5936 967 6003 Plagis
987 5951 1038 5991 et
1058 5950 1329 6008 Praeceptis.

337 6007 555 6076 Sacr.
606 6021 883 6084 Aueusr.
928 6025 1030 6088 IV.

1297 507 1688 569 ENARBATIO
1725 514 1791 569 lii
1831 517 2153 578 PSALMUM
2193 525 2447 586 LXXVII.

247 616 372 676 tur,
399 626 736 669 communem
760 629 878 670 cum
905 618 1185 685 pecoribus
1206 618 1482 679 habemus.
1509 625 1656 682 lianc
1673 628 1851 699 itaque

243 697 552 756 edomitam
584 703 781 760 habere
807 714 860 761 et
896 707 1217 776 ordinatam,
1250 713 1516 782 pudicitia:
1549 719 1714 775 virtus
1746 732 1846 775 est.

239 788 407 849 Mors
444 796 828 864 primitivorum
875 808 958 854 est
987 802 1205 858 amissio
1249 805 1416 874 ipsius
1449 807 1700 877 justitize.
1745 827 1848 882 qua

235 883 486 954 quisque
517 884 752 942 humano
778 892 961 959 generi
991 893 1205 949 socialis
1234 905 1336 950 est.
1373 897 1478 953 Sed
1509 901 1623 957 sive
1668 902 1738 956 ita
1788 918 1846 959 se

233 967 491 1031 habeant
529 975 716 1032 harum
752 994 930 1036 rerum
977 982 1214 1054 figurata:
1242 988 1682 1060 significationes,
1730 994 1844 1050 sive

3411 555 3544 616 1003

1962 634 2102 704 plior
2124 648 2204 693 est
2231 653 2486 712 j'otestas,
2518 656 2571 704 et
2598 648 2771 721 bonis,
2805 665 2857 712 et
2885 661 3058 728 malis,
3091 669 3332 736 quamvis
3364 673 3544 744 utique

1959 726 2129 795 major
2155 729 2343 799 bouis;
2375 737 2467 792 sed
2499 751 2750 809 quantum
2785 747 2878 804 Dei
2907 760 3032 807 nutu
3062 767 3221 826 atque
3245 762 3433 820 ordine
3453 766 3545 839 ju.

1959 815 2110 839 L-_---_
2150 831 2232 839 μη.
2275 826 2306 839 νο
2352 826 2382 839 o,
2553 831 2567 839 .

1955 815 2112 872 betur
2145 831 2236 876 aut
2263 826 2475 895 sinitur,
2521 831 2657 889 sicut
2683 845 2737 891 et
2780 841 2954 897 nobis.
2983 844 3164 917 Neque
3191 853 3330 907 enim
3373 856 3426 911 in
3453 815 3542 916 liis

1953 910 2128 965 omnia
2156 928 2273 981 qua:
2300 919 2542 976 volumus
2569 938 2867 993 possumus.
2897 933 2952 989 in
2983 935 3119 992 libro
3139 950 3314 998 autem
3337 945 3525 1004 fidelis-

1951 999 2090 1057 simo
2114 1004 2336 1078 legimus
2363 1010 2632 1071 diabolum
2658 1023 2895 1087 potuisse
2920 1027 3078 1083 etiam
3101 1030 3168 1086 de
3191 1035 3329 1091 caelo
3359 1038 3532 1108 ignem

1950 1091 2268 1166 immittere,
2299 1102 2366 1157 ad
2408 1109 2575 1162 sancti
2605 1110 2702 1166 viri
2736 1121 2938 1173 tantum
2969 1135 3223 1190 pecorum
3257 1143 3531 1188 numerum

1947 1185 2175 1242 mirabili
2221 1200 2276 1245 et
2322 1192 2591 1253 horrendo
2638 1201 2837 1271 impetu
2886 1185 3344 1284 consumendum;
3392 1223 3532 1292 quod

1944 1273 2159 1332 diabolo
2187 1281 2424 1340 tribuere
2448 1303 2604 1345 nemo
2631 1292 2860 1351 lidelimn
2891 1297 3136 1359 fortassis
3160 1307 3399 1376 auderet.
3426 1313 3528 1367 nisi

1943 1376 2139 1423 sanctae
2168 1369 2458 1443 Scriptura:
2501 1383 2814 1441 auctoritate
2855 1388 3139 1459 legeretur.
3179 1397 3282 1453 Sed
3312 1401 3399 1457 ille
3426 1401 3525 1472 vir,

1942 1453 2036 1510 Dei
2065 1457 2208 1514 dono
2233 1462 2406 1532 justus
2426 1507 2440 1530 ,
2484 1477 2539 1524 et
2579 1470 2731 1530 fortis
2755 1515 2770 1541 ,
2812 1487 2865 1533 et
2898 1453 2985 1551 pie
3011 1485 3248 1555 peritus,
3281 1506 3385 1546 non
3415 1453 3522 1555 ait:

1940 1545 2194 1607 Dominus
2220 1554 2384 1622 dedit,
2413 1559 2654 1619 diabolus
2682 1545 2931 1637 abstulit;
2958 1545 3071 1635 sed.
3099 1545 3340 1635 Dominus
3363 1545 3520 1651 dedit,

1940 1635 2187 1698 Dominus
2230 1647 2434 1703 abstulit
2463 1652 2589 1723 (Job
2616 1672 2654 1719 ι.
2687 1658 2774 1724 16,
2799 1660 2858 1715 21
2888 1635 2944 1735 )’;
2977 1668 3176 1736 optime
3200 1635 3521 1731 sciensdia:

1936 1726 2118 1786 bolum
2149 1736 2308 1791 etiam
2347 1742 2488 1810 quod
2533 1743 2704 1802 facere
2728 1749 2794 1804 de
2825 1726 2939 1808 istis
2974 1726 3251 1816 elementis
3282 1774 3514 1837 poterat,

1936 1834 2040 1874 non
2065 1833 2238 1880 tamen
2261 1843 2416 1884 servo
2439 1834 2554 1900 Dei,
2581 1839 2678 1892 nisi
2707 1840 2821 1909 ejus
2842 1843 3066 1902 Domino
3089 1853 3297 1910 volente
3316 1871 3378 1911 ac
3399 1873 3521 1926 per-

1934 1912 2178 1970 mittente
2205 1917 2367 1975 fuisse
2395 1921 2693 1994 facturum;
2723 1933 2974 1989 malitiam
3003 1938 3199 1998 diaboli
3226 1912 3518 2005 COtliUflldev

1933 2001 2021 2058 bat
2035 2005 2330 2074 ‘,quoniam
2347 2014 2464 2082 quis
2481 2015 2567 2071 illa
2583 2019 2633 2072 iu
2648 2033 2706 2075 se
2724 2024 2996 2090 probando
3015 2037 3270 2101 uteretur,
3291 2038 3510 2096 sciebat.

1932 2092 1987 2146 in
2008 2094 2127 2150 filiis
2144 2114 2270 2155 vero
2289 2102 2597 2161 diffidentire
2620 2117 2866 2182 tanquam
2887 2117 2935 2171 in
2957 2120 3067 2175 suis
3086 2125 3360 2196 mancipiis
3380 2144 3514 2202 Ope-

1929 2194 2077 2240 ratur
2097 2185 2308 2261 (Ep/tes.
2334 2209 2390 2257 u,
2416 2195 2495 2266 2),
2526 2203 2970 2269 quemadmodum
3003 2209 3245 2270 homines
3264 2185 3323 2272 in
3356 2185 3512 2290 pe'co-

1927 2276 2076 2333 ribus
2114 2282 2257 2348 suis;
2305 2293 2360 2341 et
2389 2287 2495 2344 illic
2523 2301 2697 2349 tamen
2737 2308 2991 2366 quantum
3021 2303 3115 2359 Dei
3140 2307 3285 2376 justo
3309 2276 3510 2380 jtidicio

1927 2371 2137 2427 sinitur.
2168 2377 2273 2432 Sed
2307 2379 2450 2436 aliud
2491 2393 2574 2439 est
2609 2389 2821 2457 quando
2851 2404 3085 2463 potestas
3126 2371 3244 2469 ejus
3279 2371 3436 2460 etiam
3477 2423 3508 2462 a

1926 2463 2057 2531 suis,
2080 2465 2216 2522 sicut
2235 2469 2283 2524 ei
2306 2471 2498 2540 placet,
2536 2481 2824 2536 tractandis
2858 2487 3058 2557 majore
3093 2463 3354 2561 potestate
3380 2512 3507 2564 pro-

1927 2553 2168 2624 hibetur;
2198 2561 2336 2618 aliud
2363 2567 2575 2636 quando
2600 2571 2648 2625 ei
2679 2583 2910 2640 potestas
2937 2553 3175 2639 etiam-in
3203 2601 3296 2643 eos
3321 2589 3410 2660 qui
3439 2592 3507 2654 ab

1925 2644 2016 2701 illo
2045 2649 2202 2705 alieni
2240 2664 2363 2709 sunt
2396 2658 2572 2715 datur.
2597 2663 2743 2719 Sicut
2770 2666 2930 2724 homo
2953 2672 3020 2728 de
3044 2689 3234 2742 pecore
3263 2696 3382 2748 suo,
3409 2700 3505 2755 pro

1925 2734 1988 2755 ιη
2017 2754 2038 2755 μ
2289 2754 2292 2755 ν
2387 2747 2408 2755 _
2469 2751 2480 2755 _
2657 2754 2666 2755 ,

1925 2734 2157 2796 humano
2180 2754 2357 2814 captu,
2381 2747 2507 2805 facit
2529 2754 2670 2824 quod
2695 2758 2840 2825 vult;
2868 2778 2966 2819 nec
2989 2734 3117 2822 sane
3148 2769 3289 2835 facit,
3315 2734 3506 2846 si'pi'o—

3234 2825 3241 2826 ,
3278 2825 3358 2835 ,__
3381 2825 3474 2846 τη

1923 2825 2170 2888 hibeatur
2196 2850 2222 2887 a
2250 2847 2510 2906 potestate
2535 2846 2737 2917 majore
2767 2869 2779 2906 :
2809 2852 2875 2908 de
2900 2857 3075 2913 alieno
3105 2870 3279 2922 autem
3310 2881 3502 2935 pecore

1921 2929 1979 2976 ut
2005 2923 2191 2992 faciat,
2223 2943 2496 3001 exspeCtat
2521 2938 2620 2992 sibi
2650 2948 2968 3009 potestatem
2999 2950 3114 3004 dari
3141 2953 3207 3009 ab
3235 2923 3324 3010 ῑιιό
3350 2959 3501 3027 cujus

1920 3021 2022 3066 est.
2049 3014 2123 3070 lbi
2153 3033 2280 3088 ergo
2307 3033 2540 3091 potestas
2564 3045 2684 3100 quae
2711 3032 2902 3102 fuerat,
2930 3039 3272 3112 prohibetur;
3304 3048 3385 3105 hic
3406 3014 3502 3110 au.

1921 3109 2026 3158 tem
2057 3121 2176 3176 qum
2204 3126 2307 3165 non
2336 3113 2527 3183 fuerat,
2558 3121 2822 3180 tribuitur.

1987 3195 2079 3252 29.
2120 3199 2247 3268 Qua:
2275 3219 2393 3260 cum
2426 3208 2491 3262 ita
2520 3211 2627 3266 sint
2647 3256 2662 3280 ,
2691 3217 2735 3271 si
2782 3233 2876 3288 per
2900 3225 3115 3294 angelos
3146 3229 3314 3286 malos
3356 3233 3496 3295 Deus

1917 3286 2035 3345 illas
2063 3303 2242 3366 plagas
2269 3299 2455 3357 inﬂixit
2487 3286 3053 3390 Egyptiisgnumquid
3083 3286 3496 3389 attdebimufs'd—i:

1913 3393 2058 3450 certe,
2107 3397 2163 3444 et
2207 3405 2395 3464 aquam
2443 3398 2494 3453 in
2538 3405 2849 3474 sanguinem
2883 3425 2976 3478 per
3015 3415 3232 3470 eosdem
3277 3425 3493 3491 angelos

1913 3488 2119 3531 versam
2145 3521 2160 3544 ,
2189 3491 2243 3538 et
2267 3501 2423 3544 ranas
2452 3505 2546 3559 per
2569 3495 2783 3551 eosdem
2812 3501 3030 3570 angelos
3054 3505 3236 3572 factas,
3264 3525 3487 3579 quorum

1911 3561 2102 3622 similia
2145 3570 2303 3627 etiam
2348 3581 2486 3648 magi
2531 3581 2825 3642 Pharaonis
2873 3592 3143 3652 veneficiis
3172 3600 3282 3655 suis
3315 3602 3488 3658 facere

1909 3665 2228 3724 potuerunt;
2260 3674 2316 3718 ut
2341 3671 2512 3729 angeli
2551 3676 2672 3729 mali
2701 3693 2767 3732 ex
2801 3689 3022 3753 utraque
3059 3693 3205 3746 parte
3232 3687 3476 3744 consiste-

1909 3752 2046 3809 rent,
2089 3747 2213 3805 hinc
2241 3753 2359 3810 illos
2381 3761 2694 3832 altligentcs,
2736 3768 2861 3828 inde
2899 3747 3160 3838 ΙέίΗυηιθδ,
3202 3777 3492 3836 secundum

1910 3832 2164 3900 ,udicium
2190 3847 2243 3895 et
2264 3839 2714 3911 diSpensatiouem
2739 3857 2758 3881 ³
2777 3854 3054 3920 justissimi
3080 3869 3132 3915 et
3157 3865 3492 3937 omnipaten-

1913 3921 2101 3979 tissimi
2130 3927 2255 3996 Dei,
2282 3930 2424 4000 juste
2472 3939 2668 3993 utentis
2711 3941 2868 3997 etiam
2909 3946 3209 4018 iniquorum
3250 3921 3491 4018 malitia?

1910 4009 2024 4066 Non
2053 4017 2222 4073 audeo
2249 4022 2446 4080 dicere.
2490 4027 2639 4086 Unde
2665 4036 2804 4088 enim
2834 4039 3102 4110 sciniphes
3137 4045 3307 4104 facere
3349 4057 3485 4126 magi

1910 4101 2106 4126 ,ην-η
2157 4109 2167 4121 .
2287 4112 2296 4123 .
2344 4116 2354 4125 .

1909 4101 2197 4161 Pharaonis
2228 4112 2446 4170 minime
2479 4130 2761 4186 potuerunt
2798 4101 3001 4198 (Exod.
3033 4149 3144 4201 vn,
3172 4137 3244 4191 20
3265 4181 3278 4203 ,
3305 4141 3405 4206 22,
3434 4101 3487 4199 ’ἐι

1908 4212 2027 4261 vui,
2057 4201 2109 4265 6,
2141 4202 2188 4267 7,
2223 4206 2310 4267 17,
2341 4209 2486 4282 18)?
2523 4229 2588 4268 an
2618 4221 2739 4286 quia
2766 4217 2868 4276 hoc
2895 4227 3140 4292 permissi
3173 4201 3273 4299 ipsi
3309 4201 3484 4306 angeli

1905 4290 2028 4343 mali
2062 4307 2164 4348 non
2189 4305 2315 4353 sunt
2338 4299 2404 4354 "t
2429 4303 2534 4370 An,
2562 4307 2703 4376 quod
2734 4313 2909 4367 verius
2935 4314 3217 4378 dicendum
3243 4332 3325 4378 est
3343 4368 3357 4391 ,
3390 4342 3484 4383 oc-

1902 4383 2040 4437 culta
2068 4401 2223 4442 causa
2252 4402 2353 4458 est,
2380 4405 2434 4451 et
2459 4399 2602 4455 vires
2629 4414 2826 4460 nostra:
2855 4408 3210 4476 inquisitionis
3235 4423 3481 4478 excedit?

1899 4471 2030 4528 Nam
2059 4477 2102 4532 si
2131 4493 2406 4551 prepterea
2439 4505 2534 4559 per
2557 4493 2724 4549 malos
2745 4501 2964 4569 angelos
2989 4503 3074 4559 illa
3102 4505 3264 4563 Deum
3294 4511 3482 4572 fecisse

1898 4571 2281 4641 putaverimus,
2315 4579 2433 4645 quia
2469 4597 2639 4652 paena:
2668 4585 3061 4660 inﬂigehantur,
3091 4610 3196 4652 non
3224 4599 3480 4663 beneﬁcia

1898 4664 2305 4731 praestabantur,
2340 4679 2587 4742 tauquam
2622 4681 2819 4733 nemini
2866 4682 3005 4740 Deus
3052 4703 3236 4756 pteuas
3282 4693 3480 4767 irroget

1896 4767 1992 4821 per
2019 4756 2250 4825 Angelos
2282 4760 2448 4818 honos
2468 4804 2483 4830 ,
2523 4767 2615 4820 sed
2645 4783 2738 4837 per
2766 4771 2882 4826 illos
2909 4776 3055 4831 velut
3083 4781 3286 4838 militia:
3317 4756 3466 4846 crele

1895 4843 1989 4895 stis
2011 4846 2322 4914 carnifices;
2353 4866 2684 4923 consequens
2709 4862 2808 4914 erit
2831 4866 3059 4921 utetiam
3077 4868 3362 4930 Sodomam
3382 4893 3475 4947 per

1893 4933 2061 4988 malos
2083 4940 2300 5007 angelos
2332 4956 2574 5000 eversam
2614 4961 2732 5003 esse
2767 4953 3067 5024 credamus,
3099 4969 3152 5015 et
3179 4966 3349 5022 malos
3375 4984 3472 5023 au-

1888 5025 2036 5094 gelos
2065 5028 2330 5087 Abraham
2360 5045 2414 5088 et
2446 5035 2546 5090 Lot
2571 5038 2799 5110 hospitio
2822 5049 3122 5119 suscepisse
3146 5055 3425 5116 videantur
3455 5084 3469 5119 :

1888 5118 2027 5187 quod
2058 5119 2195 5176 absit
2236 5134 2292 5176 ut
2330 5135 2514 5182 contra
2545 5128 2846 5200 Scripturas
2880 5118 3238 5207 apertissimas
3277 5155 3446 5212 sentia

1890 5225 2006 5264 nnis
2033 5209 2196 5283 (Gen.
2229 5229 2360 5270 xvut
2399 5225 2444 5271 et
2473 5219 2612 5290 XIX).
2655 5222 2833 5280 Claret
2857 5227 3014 5298 igitur
3041 5231 3138 5286 ista
3171 5236 3470 5301 hominibus

1887 5297 1998 5355 fieri
2031 5317 2124 5370 per
2161 5303 2329 5361 bonos
2371 5316 2425 5362 et
2467 5312 2637 5368 malos
2683 5297 2902 5386 angelos
2949 5334 3104 5388 posse
3150 5341 3163 5378 :
3211 5328 3335 5400 quid
3361 5297 3470 5397 aut

1885 5395 2096 5464 quando
2126 5397 2239 5452 fieri
2269 5409 2533 5469 oporteat,
2564 5418 2648 5460 me
2675 5406 2840 5473 latet;
2874 5410 3020 5467 illum
3049 5429 3175 5469 vero
3199 5395 3288 5488 qui
3320 5395 3464 5496 facit,

1883 5500 1989 5540 non
2012 5487 2158 5552 latet,
2184 5497 2238 5544 et
2256 5491 2339 5547 cui
2365 5491 2592 5548 voluerit
2615 5496 2874 5554 revelare.
2904 5487 3279 5565 Verumtamen
3299 5525 3463 5580 quan-

1883 5585 1994 5632 tum
2038 5587 2234 5634 nostra:
2280 5581 2561 5643 intentioni
2605 5583 2874 5657 Scriptura
2917 5590 3094 5650 divina
3137 5598 3461 5670 moderatur,

1946 5712 2062 5796 3f“
2083 5712 2392 5796 mutii“?-
2406 5714 2793 5796 !mmlilia’!
2814 5721 3005 5796 dl‘M‘.
3018 5731 3344 5796 ςοηίετπηειναε
3370 5746 3390 5784 :
3409 5744 3462 5796 et

1911 5773 2096 5834 uidam,
2137 5773 2431 5837 conﬁdenter
2469 5773 2805 5832 mem.
2851 5792 2904 5834 Αι
2940 5773 3458 5856 ίωάῖ-έξάῖειῐηῖάηνε

1877 5787 2023 5900 ad”:
2048 5837 2224 5898 factam
2250 5837 2482 5888 malitiam
2501 5838 2681 5892 diaboli
2703 5841 2991 5900 confidebat.

2048 5837 2224 5911 factam
2250 5837 2681 5911 malitiamdiaboli
2703 5841 2991 5911 confidebat.

1939 5901 1960 5931 ³
1986 5899 2152 5962 Plures
2173 5905 2300 5958 Mss.,
2325 5900 2696 5962 dispositionem.

1941 5962 1962 5993 ι
1986 5958 2171 6022 Aliquot
2194 5963 2357 6022 probae
2378 5958 2500 6011 notae
2523 5971 2648 6024 Mss,
2677 5975 2886 6030 possint.

2538 6049 3062 6136 (Trente—deur.)
