3966 6502
548 552 706 608 4605

563 668 718 722 malis
747 679 929 737 pinnas
958 664 1177 733 irrogari
1206 669 1258 717 et
1284 675 1377 731 per
1404 660 1573 715 bonos
1601 658 1852 729 Angelos,
1883 662 2016 713 sicut
2046 657 2141 711 Sw-

562 756 799 823 domitis,
830 765 884 811 et
912 769 1008 825 per
1037 754 1205 807 malos
1241 751 1479 822 angelos,
1526 749 1663 805 sicut
1692 747 1980 819 Egyptiis,
2010 746 2141 816 legi-

564 864 683 905 mus
712 866 725 901 :
762 847 935 918 justas
965 859 1093 901 vero
1124 841 1490 914 corporalibus
1518 839 1691 911 poenis
1719 855 1813 910 per
1836 839 2006 895 bonos
2034 839 2142 894 An-

561 941 709 1012 gelos
741 938 929 993 tentari
957 946 1012 992 et
1038 935 1272 1006 probari,
1299 949 1406 989 non
1431 932 1558 988 mihi
1583 932 1833 989 occurrit.

631 1032 719 1088 30.
748 1030 898 1098 Quod
927 1043 1053 1083 vero
1082 1026 1312 1098 pertinet
1336 1024 1402 1081 ad
1423 1034 1739 1096 prmsentem
1771 1020 1961 1093 psalmi
1985 1019 2144 1091 hujus

561 1123 735 1179 locum
761 1139 774 1175 :
803 1120 850 1176 si
877 1133 941 1175 ea
965 1134 1083 1190 qua:
1107 1116 1418 1173 mirabiliter
1442 1115 1510 1171 de
1533 1114 1791 1170 creaturis
1820 1112 1956 1169 facta
1981 1119 2139 1179 sunt,

559 1212 716 1268 malis
742 1210 943 1282 angelis
974 1208 1207 1265 tribuere
1244 1222 1349 1263 non
1377 1204 1637 1262 audemus
1655 1246 1671 1270 ,
1717 1205 1973 1260 habemus
2000 1203 2141 1275 quod

558 1304 637 1359 eis
666 1302 897 1358 tribuere
925 1302 1039 1356 sine
1063 1300 1390 1356 dubitatione
1413 1313 1726 1369 possumus;
1757 1305 1956 1352 mortes
1985 1311 2143 1366 pecoo

559 1410 699 1459 rum,
730 1402 932 1449 mortes
959 1391 1370 1462 primitivorum,
1398 1399 1453 1444 et
1480 1388 1607 1444 illud
1634 1386 1865 1443 maxime
1893 1386 2032 1441 unde
2057 1401 2141 1441 re-

559 1488 717 1558 ligata
743 1497 866 1541 sunt
895 1486 1071 1539 omnia
1096 1524 1111 1550 ,
1154 1481 1555 1537 obdurationem
1590 1478 1768 1535 cordis
1797 1478 2005 1532 illorum
2025 1519 2040 1544 ,
2084 1484 2141 1530 ut

562 1580 810 1649 populum
840 1577 931 1632 Dei
960 1576 1164 1632 nollent
1188 1574 1476 1629 dimittere.
1519 1573 1663 1627 Hanc
1695 1571 1837 1626 enim
1867 1569 2138 1641 iniquissi-

559 1689 702 1730 mam
738 1683 795 1728 et
831 1670 1261 1741 malignissimam
1292 1666 1702 1722 obstinationem
1741 1665 1876 1720 Deus
1906 1678 2026 1719 cum
2062 1662 2140 1718 fa-

559 1782 681 1824 cere
709 1766 902 1821 dicitur
927 1762 1119 1836 (Exod.
1150 1777 1224 1827 tv,
1264 1759 1379 1831 2l),
1425 1774 1529 1814 non
1562 1756 1857 1827 instigando
1884 1764 1941 1812 et
1969 1756 2137 1823 inspi-

558 1858 745 1925 rando,
774 1854 869 1912 sed
906 1853 1200 1910 deserendo
1229 1851 1372 1919 facit,
1399 1860 1459 1905 ut
1494 1849 1571 1904 illi
1596 1857 1884 1919 Operentur
1924 1847 1975 1902 in
2016 1846 2137 1903 ﬁliis

555 1949 863 2006 difﬁdentia:
890 1945 1102 2017 (Ephes.
1130 1960 1187 2008 ll,
1219 1944 1301 2013 2),
1337 1941 1478 2013 quod
1514 1942 1656 1997 Deus
1688 1938 1865 1996 debite
1889 1940 2136 2010 justeque

559 2039 833 2110 permittit.
873 2037 1005 2092 Nam
1046 2043 1100 2091 et
1139 2034 1267 2090 illud
1306 2032 1448 2105 quod
1486 2032 1647 2088 lsaias
1685 2030 1941 2103 propheta
1969 2029 2131 2094 dicit,

561 2131 793 2197 Domine,
818 2146 930 2185 ecce
954 2140 1007 2183 tu
1030 2130 1189 2183 iratus
1218 2145 1289 2191 es,
1317 2138 1362 2182 et
1387 2143 1479 2180 nos
1501 2128 1848 2198 peccavimus;
1872 2134 2135 2196 propterea

555 2226 866 2288 erravimus,
906 2232 952 2276 et
981 2221 1102 2292 facti
1138 2237 1312 2275 sumus
1336 2220 1465 2274 sicut
1502 2217 1748 2273 immundi
1781 2234 1951 2272 omnes
1977 2215 2130 2289 (Isai.

556 2331 704 2382 thv,
746 2316 800 2381 5,
832 2312 932 2385 ϐ),
960 2328 1023 2369 ea
1060 2312 1265 2367 ratione
1304 2310 1652 2382 intelligitur:
1685 2308 1960 2379 praecessit
1987 2309 2131 2363 enim

555 2406 785 2479 aliquid,
815 2407 957 2462 unde
986 2407 1125 2461 Deus
1152 2403 1441 2475 iustissime
1469 2403 1633 2457 iratus
1662 2402 1728 2457 ab
1759 2401 1839 2458 eis
1866 2417 2018 2457 suum
2046 2401 2131 2456 lu-

557 2515 676 2552 men
704 2496 957 2560 auferret,
984 2505 1040 2550 ut
1067 2496 1119 2551 in
1148 2506 1361 2565 peccata
1387 2509 1505 2563 qum
1531 2494 1669 2547 nulla
1698 2493 2131 2565 tergiversatione

554 2588 765 2646 defendi
805 2595 1028 2659 possunt
1063 2602 1170 2642 non
1210 2600 1329 2641 esse
1369 2595 1610 2655 peccata,
1648 2586 1859 2642 accitas
1887 2587 2131 2642 humanae

555 2682 747 2737 tuentis
774 2678 1089 2745 oﬁenderet,
1126 2678 1194 2733 ab
1220 2678 1410 2733 itinere
1433 2677 1650 2746 justitire
1684 2677 1944 2731 deviaudo
1964 2686 2017 2733 et
2036 2691 2128 2733 er-

554 2774 739 2829 rando.
764 2773 830 2828 Et
849 2770 988 2843 quod
1011 2772 1062 2826 in
1084 2770 1188 2825 alio
1210 2770 1412 2840 psalmo
1432 2770 1685 2839 scriptum
1707 2778 1789 2824 est
1807 2768 1874 2824 de
1898 2769 1978 2824 his
2002 2770 2131 2839 ipsis

552 2864 817 2936 Egyptiis
837 2906 850 2924 .
884 2863 1023 2934 quod
1050 2863 1189 2918 Deus
1211 2861 1533 2917 converterit
1561 2876 1655 2916 cor
1681 2876 1867 2917 eorum
1898 2869 1954 2916 ut
1981 2862 2130 2916 odis-

549 2965 671 3014 sent
707 2956 957 3027 populum
990 2954 1103 3026 ejus
1123 2995 1137 3019 ,
1167 2963 1222 3010 et
1248 2952 1430 3008 dolum
1461 2952 1697 3009 lacerent
1726 2954 1776 3007 in
1805 2968 1988 3009 servos
2014 2953 2130 3021 ejus

554 3046 741 3120 (Psal.
781 3060 892 3109 etv,
927 3045 1053 3116 25),
1082 3044 1217 3099 bene
1242 3043 1479 3098 creditur
1508 3044 1647 3098 Deus
1676 3042 1860 3099 fecisse
1890 3059 1983 3111 per
2008 3044 2129 3099 illos

535 3139 767 3211 angelos
792 3139 999 3202 malos;
1028 3149 1084 3192 ut
1114 3137 1219 3206 iam
1245 3136 1260 3167 ¹
1288 3136 1492 3190 vitiosas
1516 3144 1723 3190 mentes
1755 3134 1979 3189 ﬁliorum
2010 3134 2129 3189 inﬁ-

550 3230 783 3286 delitatis
818 3244 913 3300 per
950 3242 1043 3284 eos
1081 3228 1320 3298 angelos,
1363 3228 1555 3298 quibus
1595 3225 1780 3282 eadem
1809 3227 1976 3281 amica
2003 3234 2128 3281 sunt

550 3324 698 3389 vitia,
729 3322 1087 3377 excitarentur
1111 3321 1162 3375 in
1189 3320 1370 3376 odium
1395 3319 1573 3390 pepuli
1603 3320 1714 3384 Dei,
1744 3330 1902 3388 atque
1926 3320 1990 3374 ad
2022 3328 2123 3374 ter-

550 3413 746 3469 rendos
775 3422 830 3469 et
864 3411 1206 3483 corrigendos
1234 3411 1403 3466 bonos
1427 3411 1511 3465 illa
1543 3410 1801 3465 mirabilia
1829 3424 2127 3480 sequeren-

551 3520 655 3562 tur.
702 3505 794 3560 llla
843 3504 1002 3559 etiam
1047 3504 1184 3558 mala
1217 3517 1445 3566 morum,
1492 3516 1611 3572 qua:
1657 3501 1735 3555 bis
1760 3502 2126 3571 corporalibus

551 3597 717 3667 plagis
756 3594 1051 3666 signiﬁcata
1074 3609 1192 3650 esse
1220 3592 1483 3657 diximus,
1516 3601 1733 3663 propter
1756 3593 1893 3663 quod
1927 3593 2124 3663 praedi-

535 3698 689 3743 ctum
733 3692 850 3753 est,
892 3687 1129 3756 Aperiam
1156 3686 1209 3739 in
1237 3683 1491 3757 parabolis
1525 3699 1580 3737 os
1606 3700 1802 3750 meum,
1833 3699 1928 3753 per
1953 3686 2121 3740 malos

546 3778 765 3849 angelos
785 3778 1024 3832 exerceri
1053 3777 1105 3831 in
1136 3790 1231 3831 eos
1252 3775 1343 3846 qui
1373 3774 1478 3829 illis
1506 3774 1684 3830 divina
1714 3775 1959 3846 aequitate
1993 3777 2123 3831 sul)—

544 3870 763 3936 duntur,
791 3867 1292 3925 convenientissime
1324 3865 1576 3921 creditur.
1610 3864 1794 3937 Neque
1824 3865 1966 3922 enim
2003 3881 2123 3923 cum

552 3964 608 4017 ﬁt
635 3960 776 4034 quod
807 3960 880 4016 ait
908 3959 1197 4031 Apostolus
1216 4001 1231 4026 ,
1273 3957 1507 4013 Tradidit
1531 3959 1646 4014 illos
1686 3958 1827 4014 Deus
1852 3959 1905 4013 in
1933 3975 2124 4014 conru-

549 4053 818 4124 pisrentias
839 4052 1004 4107 cordis
1040 4067 1231 4115 eorum,
1267 4059 1320 4103 ut
1349 4050 1539 4119 faciant
1565 4066 1796 4120 quianon
1829 4051 2125 4106 conveniunt

547 4147 722 4217 (Rom.
750 4161 789 4210 ι,
816 4143 931 4216 24),
961 4159 1065 4198 non
1106 4142 1214 4197 illic
1247 4140 1375 4196 mali
1400 4140 1569 4212 angeli
1599 4148 1844 4212 tanquam
1875 4142 1925 4195 in
1953 4150 2122 4197 mate-

546 4240 623 4293 ria
650 4237 733 4293 sui
757 4235 934 4307 operis
953 4241 1232 4290 versantur
1251 4240 1307 4288 et
1329 4231 1591 4302 gaudent;
1620 4232 1811 4304 quibus
1829 4231 2122 4302 justissima

545 4328 752 4385 subdita
777 4336 858 4384 est
875 4325 1136 4383 vitiositas
1160 4324 1413 4390 humana,
1440 4330 1632 4393 praeter
1654 4337 1748 4378 eos
1775 4337 1907 4394 quos
1934 4322 2124 4379 liberat

540 4423 732 4494 gratia.
765 4419 830 4473 Et
851 4417 917 4473 ad
947 4416 1062 4472 haec
1087 4417 1204 4486 quis
1230 4414 1451 4469 idoneus
1476 4413 1541 4486 (il
1562 4411 1679 4468 Cor.
1703 4429 1761 4476 ιι,
1793 4411 1927 4486 16)?
1954 4413 2120 4482 unde,

545 4527 665 4568 cum
695 4509 938 4573 dixisset,
972 4506 1114 4561 Misit
1138 4506 1191 4560 in
1211 4521 1295 4561 eos
1324 4505 1450 4558 iram
1484 4503 1845 4575 indignationis
1871 4520 2012 4571 suae;
2038 4504 2121 4559 in-

544 4602 885 4674 dignationem
905 4642 920 4661 ,
952 4608 999 4653 et
1025 4598 1157 4650 iram
1176 4636 1192 4663 ,
1233 4604 1280 4649 et
1325 4594 1731 4656 tribulationem,
1763 4595 2120 4649 immissionem

543 4708 633 4762 per
673 4691 877 4762 angelos
905 4687 1067 4743 malos
1088 4730 1104 4754 ,
1137 4686 1265 4742 illud
1291 4685 1429 4756 quod
1457 4684 1680 4750 addidit,
1723 4685 1866 4739 Viam
1897 4686 2013 4758 fecit
2035 4702 2117 4742 se-

538 4781 679 4838 mita!
706 4780 799 4834 ira:
823 4779 969 4834 sum?
994 4777 1144 4850 cujus
1172 4775 1380 4833 tandem
1405 4776 1547 4831 acies
1571 4774 1764 4831 sufﬁcit
1803 4784 2081 4847 penetrare
2099 4816 2116 4845 ,

539 4887 598 4931 ut
625 4874 885 4945 intelligat
920 4873 1198 4942 capiatque
1224 4870 1538 4926 sententiam
1566 4870 1618 4924 in
1656 4877 1802 4926 tanta
1840 4870 2119 4941 profundi-

541 4979 648 5026 tate
699 4966 1034 5024 latitantem?
1090 4966 1213 5019 Erat
1260 4965 1401 5018 enim
1456 4964 1642 5019 semita
1691 4964 1784 5018 irae
1828 4962 1961 5029 Dei,
2014 4977 2131 5035 quae

539 5061 916 5134 Egyptiorum
959 5057 1283 5127 impietatem
1324 5057 1531 5113 occulta
1573 5057 1819 5126 aequitate
1868 5056 2114 5128 puniret;

537 5155 634 5212 sed
662 5154 834 5211 eidem
861 5152 1067 5209 semitm
1092 5150 1232 5204 viam
1261 5148 1416 5218 fecit,
1442 5157 1501 5204 ut
1526 5165 1619 5204 eos
1649 5159 1896 5219 tanquam
1925 5164 1992 5203 ex
2019 5148 2118 5203 ab-

539 5245 665 5302 ditis
704 5259 801 5315 per
838 5243 1008 5299 malos
1036 5240 1255 5312 angelos
1283 5238 1641 5295 in‘manilcsta
1684 5238 1884 5294 scelera
1915 5237 2117 5308 produ-

537 5339 730 5405 cens’,
759 5338 814 5392 in
843 5333 1271 5393 evidentissimus
1302 5332 1495 5402 impios
1528 5330 1921 5387 evidentissime
1940 5330 2116 5386 vindi-

538 5436 705 5486 caret.
759 5427 842 5483 ΑΙ)
890 5426 991 5481 hac
1035 5433 1298 5497 potestate
1345 5422 1603 5477 malorum
1650 5422 1959 5492 angelorum
2006 5439 2115 5479 non

539 5522 731 5579 liberat
756 5518 1025 5576 hominem
1050 5517 1152 5571 nisi
1176 5514 1343 5585 gratia
1373 5512 1487 5577 Dei,
1518 5512 1586 5569 de
1612 5528 1712 5584 qua
1734 5513 1863 5570 dicit
1887 5514 2118 5584 Aposto-

536 5617 639 5685 lus,
670 5612 771 5684 Qui
794 5612 923 5668 eruit
952 5626 1043 5666 nos
1066 5609 1129 5663 de
1154 5615 1395 5678 potestate
1422 5604 1757 5673 tenebrarum,
1787 5616 1835 5660 et
1859 5607 2116 5662 transtulit

539 5709 588 5763 in
612 5721 822 5782 regnum
848 5703 969 5758 Filii
998 5699 1257 5755 charitatis
1285 5697 1305 5730 ³
1330 5712 1438 5752 sua:
1475 5696 1687 5768 (Coloss.
1718 5712 1771 5766 ι,
1806 5695 1894 5772 i5)
1922 5716 1935 5751 :
1963 5698 2114 5768 cujus

602 5884 619 5917 ⁸
644 5882 717 5933 sic
738 5887 843 5931 uss.
871 5884 927 5929 At
945 5876 1080 5935 ω,
1104 5875 1262 5927 etiam.

598 5946 621 5977 ‘
648 5942 781 6000 add,
805 5933 1089 6003 perducens.
1109 5943 1311 6003 Attius,
1336 5933 1657 6003 producensx
1719 5993 1729 6003 ο

643 6005 716 6055 sic
733 5993 963 6053 meliores
981 6005 1088 6049 uss.
1117 5998 1200 6047 alii
1235 5993 1346 6046 cum
1362 5995 1496 6059 ΒΗ,
1517 5993 1749 6047 claritatis
1772 6007 1888 6044 siue.

1793 544 1854 602 s.
1894 540 2259 601 sucusruu
2300 541 2599 601 EPISCOPI
3616 569 3700 626 ,ωι

2259 655 2333 711 rei
2364 658 2589 728 populus
2614 657 2716 713 iste
2745 656 2969 729 ﬁguram
2994 663 3224 733 gerebat,
3252 680 3362 723 cum
3384 681 3501 727 esset
3521 683 3702 738 eruuisdc

2256 754 2513 813 potestate
2540 745 2934 818 Egyptiorum,
2964 760 3017 805 et
3043 755 3317 810 translatus
3341 756 3388 814 is
3411 775 3701 832 regnantem

2253 838 2620 907 promissionis
2649 840 2862 898 liuentis
2891 841 2972 898 lac
2996 852 3050 899 et
3077 846 3200 912 mel,
3230 850 3357 917 quod
3384 854 3633 914 suavitatem
3655 862 3703 916 si~

2251 926 2465 996 gniﬁcat
2492 930 2697 1000 gratiae.

2320 1017 2407 1072 31.
2452 1016 2600 1092 [oers.
2630 1020 2718 1085 52,
2748 1021 2861 1095 55.]
2900 1021 3152 1095 Sequitur
3176 1042 3296 1098 ergo
3325 1040 3429 1100 post
3459 1048 3701 1096 commemo-

2250 1109 2511 1167 rationem
2544 1112 2815 1184 plagarum
2847 1114 3217 1188 Egyptiorum
3240 1119 3480 1190 Psalmus,
3520 1136 3564 1181 et
3594 1129 3703 1184 dicit:

2248 1199 2320 1256 Et
2359 1202 2565 1259 abstulit
2599 1205 2727 1259 sicut
2761 1223 2875 1261 oves
2916 1209 3161 1280 papulum
3190 1226 3359 1277 suum,
3387 1224 3427 1268 et
3451 1217 3630 1286 perduxit
3657 1238 3708 1276 eos

2248 1304 2487 1368 tanquant
2505 1313 2705 1370 gregem
2724 1299 2774 1353 in
2797 1300 3010 1356 deserto.
3037 1301 3103 1358 Et
3127 1302 3322 1359 deduxit
3345 1323 3418 1361 eos
3439 1310 3483 1362 in
3498 1327 3583 1380 spe,
3599 1322 3633 1366 et
3645 1331 3707 1367 non

2249 1388 2557 1453 timuerunt,
2591 1400 2639 1443 et
2677 1390 2908 1447 inimicos
2936 1409 3106 1448 eorum
3134 1398 3321 1465 operuit
3346 1414 3481 1453 mare.
3520 1400 3649 1459 Tanto
3674 1405 3707 1459 lit

2248 1479 2349 1535 hoc
2380 1481 2576 1537 melius
2600 1525 2614 1550 ,
2645 1494 2844 1553 quanto
2876 1486 3131 1553 interius,
3167 1490 3253 1545 ubi
3289 1492 3412 1547 eruti
3444 1493 3500 1548 de
3524 1505 3707 1564 potestate

2248 1570 2586 1627 tenebrarum
2632 1573 2685 1628 in
2731 1590 2952 1645 regnum
3003 1577 3099 1633 Dei
3146 1587 3314 1635 mente
3347 1581 3709 1652 transierimur,et

2245 1662 2535 1720 secundum
2568 1681 2758 1735 pascua
2786 1667 3082 1737 spirituaiia
3109 1669 3357 1727 efﬁcimur
3381 1688 3488 1729 oves
3509 1675 3611 1742 Dei,
3633 1694 3707 1733 am-

2243 1752 2488 1809 bulantes
2517 1756 2570 1811 in
2603 1757 2701 1813 hoc
2727 1759 2925 1814 sarculo
2951 1760 3094 1816 velut
3119 1763 3169 1816 in
3194 1762 3408 1827 deserto,
3434 1768 3630 1836 quoniam
3648 1786 3706 1826 ne-

2243 1846 2372 1901 mini
2396 1855 2480 1903 est
2501 1847 2632 1905 ﬁdes
2653 1860 2835 1907 nostra
2856 1854 3170 1922 conspicua;
3192 1855 3326 1912 unde
3344 1857 3455 1914 dicit
3473 1860 3703 1930 Apostolus:

2252 1935 2366 1991 Vita
2385 1947 2547 1993 vestra
2565 1939 2857 1995 abscondita
2874 1953 2943 1997 est
2960 1961 3071 1997 cum
3093 1943 3286 2001 Christo
3304 1948 3351 2002 in
3369 1946 3464 2004 Deo
3481 1950 3642 2021 (Colon.
3657 1969 3702 2016 ιιι,

2241 2028 2319 2099 3).
2350 2028 2673 2086 Deducimur
2695 2042 2874 2088 autem
2902 2034 2953 2089 in
2984 2050 3079 2106 Spe
3099 2077 3115 2103 ,
3145 2039 3379 2109 quoniam
3416 2059 3491 2112 spe
3512 2042 3609 2097 salvi
3624 2045 3704 2113 {uti

2238 2134 2411 2173 sumus
2435 2136 2453 2173 :
2482 2137 2581 2177 nec
2609 2123 2795 2178 timere
2821 2124 3078 2181 debemus
3102 2145 3117 2193 ;
3143 2131 3184 2183 si
3208 2129 3343 2186 enim
3366 2130 3487 2187 Deus
3506 2150 3576 2206 pro
3597 2136 3702 2201 nobis,

2238 2210 2350 2277 quis
2383 2222 2557 2267 contra
2590 2230 2681 2268 nos
2703 2213 2877 2288 (Rom.
2917 2233 3029 2283 vm,
3054 2217 3147 2284 2i,
3185 2220 3311 2291 5|)?
3333 2221 3392 2277 Et
3430 2224 3621 2279 inimicos
3642 2242 3702 2279 uo-

2238 2311 2379 2359 stros
2408 2306 2617 2375 operuit
2640 2321 2819 2372 mare;
2861 2308 3096 2366 abolevit
3130 2311 3180 2366 in
3212 2312 3456 2385 Baptismo
3479 2314 3700 2372 remissione

2238 2407 2573 2467 peceatnrum
2612 2398 2629 2430 ¹
2642 2437 2656 2451 .

2308 2485 2397 2541 52.
2441 2485 2590 2560 [vers.
2620 2486 2733 2561 54.]
2778 2489 2976 2547 Deinde
3001 2494 3240 2565 sequitur
3268 2514 3281 2550 :
3311 2494 3369 2550 Et
3395 2496 3560 2552 induxit
3583 2516 3644 2554 eos
3668 2499 3701 2552 in

2237 2589 2454 2633 montem
2474 2582 2888 2651 sanctiﬁcationis
2908 2600 3031 2639 sure.
3057 2588 3265 2655 Quanto
3289 2590 3458 2644 melius
3475 2592 3515 2645 in
3534 2601 3698 2646 sanctam

2237 2672 2581 2729 Ecclesium?
2638 2674 2866 2732 Montem
2911 2696 3059 2752 quem
3118 2683 3369 2754 acquisivit
3414 2685 3581 2740 dextera
3621 2686 3699 2757 ejus.

2236 2762 2446 2832 Quanto
2483 2776 2563 2822 est
2591 2767 2831 2824 Ecclesia
2859 2770 3144 2827 sublimior
3178 2789 3329 2846 quam
3354 2777 3586 2846 acquisivit
3605 2775 3700 2832 Chri-

2234 2864 2370 2921 stus,
2403 2858 2469 2915 de
2498 2875 2602 2928 quo
2630 2857 2828 2913 dictum
2860 2869 2942 2916 est
2972 2879 2985 2915 :
3021 2861 3092 2915 Et
3122 2863 3371 2919 brachium
3388 2864 3561 2920 Domini
3575 2867 3634 2920 cui
3650 2883 3696 2918 re-

2234 2950 2453 3005 velatum
2476 2959 2550 3005 est
2573 2949 2723 3022 (lsai.
2746 2969 2859 3019 Llll,
2897 2951 2989 3026 i)?
3017 2953 3089 3009 Et
3112 2957 3254 3029 ejecit
3273 2975 3303 3012 a
3320 2958 3435 3031 facie
3453 2976 3590 3013 eorum
3617 2956 3699 3012 Gen.

2235 3047 2308 3093 tes
2338 3055 2357 3093 :
2394 3048 2447 3095 et
2481 3056 2510 3093 a
2542 3040 2677 3097 facie
2705 3041 2939 3098 ﬁdelium
2978 3059 3234 3115 suorum;
3266 3064 3378 3103 nam
3412 3048 3700 3119 quodammodo

2234 3129 2433 3186 Gentes
2458 3141 2579 3187 sunt
2597 3175 2612 3200 ,
2641 3134 2915 3204 gentilium
2940 3150 3191 3193 errorum
3232 3139 3428 3211 maligni
3455 3140 3636 3209 spiritus.
3663 3136 3701 3192 Et

2231 3232 2364 3278 sorte
2394 3225 2561 3279 divisit
2589 3226 2658 3280 eis
2691 3237 2877 3280 terram
2910 3229 2963 3282 in
2995 3231 3231 3301 funiculo
3260 3232 3589 3286 distributionis.
3608 3231 3698 3287 Elin

2235 3314 2387 3368 nobis
2423 3316 2591 3368 omnia
2625 3327 2862 3386 aperalur
2894 3335 3025 3374 unus
3052 3330 3208 3393 atque
3240 3323 3364 3378 idem
3391 3321 3695 3394 Spiritus,diu'-

2232 3403 2355 3459 deus
2381 3406 2588 3477 propria
2612 3408 2883 3480 unicuique
2905 3422 3058 3483 prout
3080 3414 3191 3470 vult
3212 3415 3231 3487 (
3245 3415 3266 3470 Ι
3290 3414 3397 3473 Cor.
3419 3431 3504 3481 xu,
3523 3414 3609 3485 ll).

2306 3494 2394 3552 55.
2425 3494 2591 3569 [rem
2621 3498 2817 3555 55-58.
2844 3499 2866 3574 ]
2896 3500 2969 3557 Et
3001 3502 3234 3560 habitare
3260 3508 3370 3578 fecit
3391 3508 3437 3561 in
3463 3502 3697 3560 tabernaculis

2233 3602 2403 3640 eorum
2435 3588 2590 3643 tribus
2619 3587 2804 3645 Israel.
2836 3592 2893 3647 in
2924 3593 3300 3662 tabernaculis,
3338 3597 3501 3669 inquit,
3529 3595 3694 3653 Gentium

2236 3677 2473 3734 habitare
2494 3678 2618 3734 fecit
2643 3681 2808 3738 tribus
2836 3681 3017 3739 lsrael.
3045 3686 3204 3751 Quod
3234 3687 3538 3759 spiritualitcr
3555 3686 3611 3742 sic
3627 3698 3695 3739 me-

2234 3769 2333 3824 lius
2362 3767 2726 3825 disscrendum
2771 3781 2917 3841 puto,
2955 3783 3013 3830 ut
3037 3776 3109 3832 ad
3136 3778 3398 3836 cmleStem
3427 3778 3616 3850 gloriam,
3632 3791 3693 3827 on-

2232 3861 2300 3919 de
2320 3876 2599 3936 peccantes
2614 3869 2786 3938 angeli
2807 3868 2962 3940 ejecti
2980 3879 3144 3941 atque
3163 3873 3348 3945 dejecti
3368 3882 3493 3942 sunt,
3512 3887 3585 3943 per
3599 3868 3693 3926 Chri-

2232 3956 2298 4010 sti
2323 3961 2545 4027 gratiam
2570 3957 2945 4015 subvehantur.
2976 3961 3069 4017 llla
3116 3966 3256 4020 enim
3280 3965 3505 4038 generatio
3539 3976 3647 4031 prava
3665 3966 3692 4011 tl

2230 4051 2530 4114 amaricans,
2550 4051 2797 4120 quoniam
2834 4053 2947 4109 istis
2989 4054 3266 4113 beneﬁciis
3312 4053 3690 4126 corporalibusnon

2229 4139 2459 4211 ponebat
2487 4142 2715 4196 tunicam
2734 4146 3033 4211 vetustatis,
3078 4155 3385 4203 tentaverunt
3406 4147 3550 4203 adhuc
3572 4152 3692 4198 etm-

2231 4229 2549 4285 cerbaverunt
2575 4229 2739 4288 Deum
2762 4234 3030 4302 excelsum,
3072 4246 3121 4291 et
3148 4238 3418 4293 testimonia
3441 4238 3531 4310 ejus
3549 4250 3621 4289 non
3637 4247 3688 4285 tu.

2228 4322 2505 4377 stodierunt
2533 4338 2552 4378 :
2574 4333 2621 4378 et
2644 4335 2928 4382 averterunt
2945 4344 3015 4395 se,
3042 4338 3089 4383 et
3112 4347 3215 4385 non
3233 4339 3521 4387 servaverunt
3542 4336 3691 4400 partum.

2225 4414 2647 4482 quemadmodum
2675 4425 2841 4485 patres
2886 4434 3057 4473 eorum
3083 4436 3102 4474 :
3121 4430 3275 4490 pacto
3318 4423 3447 4477 enim
3473 4416 3642 4490 quodam
3659 4422 3691 4465 ei

2225 4506 2421 4578 placito
2446 4506 2708 4574 dixerunt,
2743 4507 2926 4564 Omnia
2951 4527 3064 4582 quia
3089 4510 3282 4568 locutus
3311 4521 3377 4568 est
3400 4511 3596 4566 Dominus
3608 4505 3691 4557 Dm

2226 4606 2411 4664 noster,
2456 4598 2698 4668 faciemus
2726 4608 2772 4653 et
2797 4600 3059 4655 audiemus
3085 4601 3102 4670 (
3134 4600 3303 4657 Exod.
3332 4618 3432 4668 XIX,
3458 4601 3486 4657 8
3510 4598 3542 4671 ).
3561 4595 3689 4652 Notau-

2223 4687 2350 4742 dum
2395 4702 2526 4743 sane
2578 4688 2719 4759 quod
2767 4691 2861 4758 ait,
2905 4692 3323 4761 quemadmodum
3363 4704 3508 4764 patres
3541 4696 3693 4744 eorum

2224 4795 2344 4835 cum
2374 4796 2467 4852 per
2488 4789 2654 4836 totum
2684 4781 2880 4837 Psalmi
2902 4793 3100 4839 textum
3130 4793 3372 4856 tanquam
3386 4784 3447 4841 de
3472 4777 3688 4839 hominibus

2222 4871 2422 4926 eisdem
2460 4872 2600 4942 loqui
2628 4870 2917 4939 videretur,
2953 4884 3173 4945 apparet
3198 4885 3369 4932 tamen
3412 4889 3531 4931 nunc
3551 4869 3602 4926 de
3619 4864 3685 4921 illis

2222 4962 2324 5016 dici
2351 4963 2438 5033 qui
2463 4961 2572 5032 jam
2596 4970 2752 5017 erant
2776 4963 2985 5020 interra
3012 4967 3391 5035 promissionis,
3409 4974 3456 5022 et
3476 4973 3611 5036 patres
3627 4969 3688 5012 00-

2222 5068 2337 5108 rum
2358 5054 2528 5109 dictos
2551 5054 2639 5125 qui
2666 5054 2718 5108 in
2740 5056 3365 5113 eremoamaricaveruut.

2292 5149 2378 5205 54.
2407 5147 2642 5204 Conversi
2669 5159 2805 5218 sunt,
2860 5150 3049 5221 inquit,
3078 5152 3132 5206 in
3176 5167 3347 5206 arcum
3389 5160 3561 5220 pravus
3582 5157 3596 5194 :
3617 5132 3685 5196 rei.

2220 5238 2357 5295 sicut
2387 5240 2476 5295 alii
2497 5239 2709 5297 codices
2747 5239 2963 5307 habent,
3009 5242 3062 5296 in
3102 5258 3280 5297 arcum
3315 5250 3574 5313 pervertunt-
3596 5222 3684 5295 Quid

2220 5336 2397 5384 autem
2424 5327 2526 5385 hoc
2559 5328 2650 5397 sit,
2692 5329 2746 5384 in
2775 5345 2841 5386 co
2868 5327 3009 5401 quod
3054 5332 3290 5401 sequitur
3330 5329 3479 5400 magis
3516 5323 3682 5393 amiare"

2220 5417 2308 5473 ubi
2334 5417 2405 5472 ait
2437 5437 2447 5472 :
2477 5416 2546 5472 Et
2574 5418 2628 5474 in
2645 5418 2775 5474 iram
2802 5420 3168 5476 concitaverunt
3202 5437 3313 5476 eum
3347 5420 3396 5475 in
3416 5412 3584 5471 collibus
3601 5404 3682 5462 ait.

2221 5511 2276 5566 in
2304 5513 2651 5569 idololatriam
2681 5529 2776 5569 eos
2801 5514 3108 5584 prosiluisse
3149 5512 3415 5587 signiﬁcat.
3450 5508 3679 5565 Arcusﬂti

2220 5619 2501 5675 pervorsus
2548 5612 2650 5671 est,
2690 5620 2794 5659 non
2839 5618 2936 5674 pro
2974 5603 3189 5661 nomine
3225 5601 3436 5665 Domini,
3460 5594 3679 5653 εεάοοηίη

2218 5712 2411 5753 nomen
2442 5696 2670 5761 Domini,
2698 5696 2787 5767 qui
2818 5696 2953 5752 dixit
2980 5697 3151 5754 eidem
3209 5694 3393 5768 populo
3418 5708 3432 5746 :
3454 5687 3554 5744 Non
3583 5684 3684 5735 emi

2219 5789 2307 5844 tibi
2321 5787 2393 5843 dii
2417 5786 2507 5843 alii
2526 5798 2706 5859 prater
2745 5804 2823 5843 me
2855 5789 2873 5860 (
2899 5788 2985 5843 Id.
3010 5805 3098 5855 xx,
3132 5789 3167 5845 5
3192 5787 3232 5859 ).
3274 5787 3368 5843 Per
3389 5792 3541 5837 arcum
3559 5778 3682 5860 sum

2218 5880 2478 5953 signiﬁcat
2497 5857 2658 5936 animi
2689 5857 3052 5936 intentionem.
3087 5857 3200 5936 Hoc
3226 5881 3384 5950 ipsum
3418 5857 3682 5936 dottiquel’h

2285 5997 2301 6028 ⁸
2328 5990 2548 6058 Plerique
2571 5996 2701 6055 κει,
2725 5991 2958 6045 remissio.
2986 5993 3172 6058 Regius,
3192 5986 3441 6044 remissione
3457 5978 3621 6048 Ma-
