3966 6376
210 401 346 461 1005

207 516 325 571 nius
345 512 669 586 exprimens,
705 511 767 566 Et
792 511 845 566 in
861 507 1172 581 sculptilibus
1187 510 1311 575 suis,
1340 508 1530 579 inquit,
1549 508 1615 562 ad
1634 523 1782 562 tcum-

208 610 443 663 lntionem
471 622 586 660 eum
609 614 1014 676 prouocauerunt.

275 700 363 756 55.
394 696 560 771 (vers.
588 697 678 763 59,
702 694 788 752 60.
812 694 834 770 j
862 694 1063 750 Audiuit
1092 694 1250 759 Deus,
1274 703 1317 749 et
1352 695 1537 765 sprevit
1567 709 1585 749 :
1608 693 1661 751 id
1680 703 1782 760 est,

204 790 455 854 advertit,
480 797 534 844 et
568 786 876 842 vindicavit.
917 784 983 840 Et
1033 784 1104 839 ad
1144 783 1361 838 nihilum
1399 784 1591 855 redegit
1638 784 1786 837 nimis

208 883 396 939 Israel.
443 883 550 937 Deo
582 881 778 951 quippe
805 886 1094 951 spernente
1123 875 1248 948 quid
1277 884 1669 941 remanserunt,
1696 875 1784 947 qui

206 975 315 1030 Deo
344 969 856 1043 adjuvanteluerunt
903 968 1046 1041 quod
1093 967 1353 1023 fuerunt?
1386 966 1644 1023 Nimirum
1691 981 1787 1021 au-

205 1077 310 1122 tem
342 1080 455 1120 rem
505 1064 647 1119 illam
696 1070 899 1134 gestam
941 1069 1349 1125 commemorat,
1386 1057 1607 1129 quando
1660 1057 1787 1113 victi

202 1167 328 1214 sunt
352 1158 421 1215 ab
464 1156 764 1228 Allophylis
809 1165 1048 1225 tempore
1076 1153 1194 1209 Heli
1220 1151 1529 1216 sacerdotis.
1555 1160 1611 1207 et
1655 1153 1788 1206 Area

206 1247 416 1304 Domini
438 1255 590 1318 capta
622 1254 724 1313 est,
752 1253 809 1303 et
825 1258 1012 1315 magna
1034 1251 1212 1315 strage
1233 1242 1420 1297 vastati
1442 1250 1566 1298 sunt
1595 1241 1637 1315 (l
1659 1242 1786 1313 Reg.

205 1358 280 1405 tv,
310 1339 398 1407 10,
429 1337 539 1412 11).
569 1337 683 1394 Hoc
702 1346 786 1393 est
829 1336 969 1408 quod
998 1335 1147 1404 dicit,
1177 1333 1241 1389 Et
1281 1334 1466 1406 repulit
1492 1334 1790 1388 tabernacu-

204 1439 314 1491 lum
343 1432 540 1499 Selom,
579 1429 958 1488 tabernaculum
999 1445 1143 1484 suum
1174 1427 1259 1483 ubi
1284 1426 1520 1481 habitavit
1544 1427 1597 1480 in
1626 1424 1791 1480 homi-

203 1528 370 1583 nibus.
394 1526 684 1597 Eleganter
711 1521 959 1594 exposuit
995 1535 1158 1592 quare
1198 1518 1455 1590 repulerit
1482 1518 1794 1574 tabernacu-

205 1618 310 1672 lum
336 1632 517 1684 suum,
542 1629 663 1670 cum
703 1614 797 1676 ait,
828 1611 911 1667 ubi
960 1611 1199 1666 habitavit
1227 1610 1281 1664 in
1309 1607 1608 1664 hominibus.
1660 1608 1792 1665 Cum

202 1721 331 1779 ergo
357 1705 506 1777 digni
556 1718 660 1759 non
694 1711 874 1758 essent
913 1702 965 1757 in
1009 1700 1202 1772 quibus
1228 1698 1506 1766 habitaret,
1555 1712 1651 1754 cur
1688 1714 1794 1754 non

204 1797 496 1868 repelleret
527 1792 948 1860 tabernaculum,
980 1789 1122 1863 quod
1150 1789 1328 1859 utique
1351 1802 1454 1844 non
1488 1798 1702 1859 pr0pter
1731 1803 1790 1843 se

204 1889 533 1951 instituerat,
567 1884 660 1941 sed
692 1892 909 1955 propter
933 1883 1098 1951 ipsos,
1127 1895 1259 1951 quos
1276 1879 1384 1951 jam
1422 1876 1693 1949 judicabat
1714 1877 1794 1931 in-

203 1978 390 2052 dignos
421 1978 472 2033 in
495 1976 687 2048 quibus
708 1972 1011 2029 habitaret?

272 2072 361 2128 36.
393 2071 419 2143 [
445 2086 575 2125 vers.
604 2068 692 2125 6|.
715 2065 736 2140 ]
761 2066 827 2121 Et
873 2065 1085 2120 tradidit
1119 2065 1170 2118 in
1200 2063 1538 2132 captivitatem
1567 2060 1796 2116 virtutem

202 2173 403 2224 eorum,
457 2164 504 2210 et
556 2151 985 2227 pulchritudinem
1028 2165 1199 2204 eorum
1252 2148 1305 2201 in
1358 2162 1538 2200 manus
1584 2143 1794 2200 inimici.

203 2252 374 2323 Ipsam
403 2251 599 2304 Arcam
630 2244 769 2301 unde
821 2244 921 2299 sibi
962 2241 1285 2297 videbantur
1332 2237 1532 2304 invicti,
1561 2246 1616 2293 et
1658 2234 1800 2291 unde

204 2341 307 2397 sibi
329 2338 656 2412 plaudebant
682 2338 722 2401 ⁸,
752 2336 999 2391 virtutem
1040 2340 1096 2388 et
1123 2329 1574 2402 pulchritudinem
1605 2342 1794 2383 eorum

207 2432 355 2487 dicit.
397 2431 635 2499 Denique
664 2437 717 2483 et
746 2434 928 2497 postea
974 2422 1114 2479 male
1145 2423 1405 2484 viventes,
1437 2429 1490 2474 ct
1512 2417 1577 2474 de
1602 2417 1799 2487 templo

210 2520 425 2578 Domini
465 2519 773 2590 gloriantes,
815 2524 981 2571 terret
1023 2527 1118 2585 per
1167 2511 1502 2583 prophetam,
1554 2507 1785 2564 dicens:

225 2613 395 2669 Videte
415 2611 539 2683 quid
567 2609 661 2681 feci
684 2608 874 2673 Selom,
919 2606 1005 2660 ubi
1048 2612 1154 2659 erat
1204 2600 1581 2658 tabernaculum
1632 2615 1796 2653 meum

213 2705 232 2775 (
262 2702 453 2758 Jerem.
477 2719 569 2770 vn,
606 2698 672 2755 12
700 2700 740 2770 ).

283 2793 419 2868 57.[
446 2811 576 2851 vers.
604 2790 697 2858 62,
726 2791 815 2847 65.
841 2788 863 2864 ]
894 2788 958 2843 Et
985 2787 1228 2843 conclusit
1258 2786 1310 2839 in
1354 2783 1525 2856 gladio
1560 2782 1803 2854 populum

214 2905 382 2954 suum,
401 2898 450 2942 et
467 2885 807 2942 haereditatem
826 2899 970 2938 suam
995 2879 1198 2951 sprevit.
1217 2876 1439 2932 Juvenes
1465 2892 1637 2930 eorum
1659 2890 1802 2929 cont-

214 2981 315 3035 edit
340 2979 512 3050 ignis:
543 2977 594 3033 id
622 2983 723 3041 est,
756 2975 854 3030 ira.
887 2972 953 3027 Et
993 2970 1208 3042 virgines
1248 2984 1417 3023 eorum
1441 2983 1541 3020 nan
1577 2973 1694 3021 sunt
1721 2966 1802 3020 la-

215 3080 450 3125 "tentatae
480 3086 499 3125 :
529 3069 647 3140 quia
672 3082 844 3138 neque
862 3065 963 3120 hoc
993 3062 1218 3119 vacabat
1238 3060 1289 3115 in
1321 3058 1495 3115 hostili
1514 3066 1676 3113 metu.

286 3164 376 3218 58.
401 3161 422 3234 [
451 3178 579 3217 vers.
607 3158 738 3233 64.]
768 3155 1068 3215 Sacerdotes
1118 3169 1288 3208 eorum
1330 3152 1383 3206 in
1427 3151 1597 3223 gladio
1615 3150 1804 3205 cecide-

215 3266 352 3318 runt,
380 3267 427 3308 et
443 3254 607 3308 vidule
629 3268 803 3307 eorum
829 3266 929 3304 non
947 3246 1297 3319 plorabantur.
1324 3242 1645 3299 Ceciderunt
1661 3242 1803 3297 enim

215 3348 266 3401 in
295 3344 471 3418 gladio
521 3343 614 3398 ﬁlii
648 3341 785 3409 Heli,
818 3353 1045 3412 quorum
1095 3335 1251 3391 unius
1298 3350 1439 3390 uxor
1474 3332 1706 3401 viduata,
1752 3342 1807 3388 et

216 3452 339 3491 mox
369 3437 420 3490 in
451 3444 601 3505 partu
638 3441 868 3497 mortua,
890 3437 1113 3500 propter
1153 3424 1395 3482 eamdem
1450 3423 1805 3495 perturbatio-

217 3544 338 3583 nem
386 3526 561 3596 plangi
608 3537 713 3578 non
767 3521 938 3593 potuit
975 3519 1181 3573 honore
1242 3515 1521 3587 funeris“
1550 3514 1678 3587 Reg.
1725 3532 1802 3582 tv,

219 3617 470 3689 19,20).

288 3709 378 3765 ⁸50.
407 3705 580 3781 [vers.
613 3703 705 3759 63.
731 3701 754 3776 ]
780 3701 847 3757 Et
896 3700 1143 3755 excitatus
1183 3705 1255 3753 est
1284 3707 1523 3768 tanquam
1553 3696 1806 3751 dormiens

218 3799 489 3854 Dominus.
544 3795 765 3853 Videtur
813 3792 956 3851 enim
994 3790 1248 3853 dormire,
1291 3788 1503 3861 quando
1548 3789 1804 3860 populum

218 3908 375 3948 suum
410 3892 503 3948 dat
525 3891 577 3946 in
604 3903 793 3944 manus
821 3901 1006 3941 eorum
1023 3897 1157 3955 quos
1177 3883 1306 3947 odit,
1338 3881 1426 3936 ubi
1456 3880 1534 3937 eis
1556 3881 1762 3936 dicatur
1789 3899 1802 3933 :

230 3984 329 4039 Ubi
366 3991 439 4039 est
485 3981 625 4037 Deus
676 3989 790 4033 tuus
839 3976 1162 4051 (Psal.x1.t,
1192 3975 1249 4030 11
1287 3974 1347 4046 )‘l
1373 3971 1637 4028 Excitatus
1680 3987 1808 4042 ergo

220 4084 292 4129 est
317 4082 556 4144 tanquam
604 4069 879 4136 dormiens,
930 4076 1169 4137 tanquam
1220 4074 1393 4136 potens
1447 4064 1737 4135 crapulatus
1774 4081 1807 4119 a

218 4168 354 4221 vino.
386 4165 571 4220 Nullus
596 4162 698 4218 hoc
721 4161 788 4217 de
823 4161 930 4217 Deo
956 4159 1137 4215 dicere
1180 4157 1416 4223 auderet,
1445 4156 1546 4213 nisi
1580 4155 1807 4226 Spiritus

220 4256 354 4325 ejus.
378 4254 523 4309 Dixit
551 4250 873 4317 enim,sicut
913 4248 1126 4304 videtur
1182 4246 1357 4317 impiis
1405 4245 1802 4314 insultantibus,

220 4345 361 4416 quod
390 4345 532 4400 velut
555 4343 733 4398 ebrius
762 4340 849 4395 ditt
906 4338 1154 4405 dormiat,
1185 4335 1395 4408 quando
1424 4350 1529 4391 non
1574 4344 1679 4390 tam
1702 4336 1806 4390 cito

221 4449 379 4503 quam
407 4441 597 4502 putant
615 4435 636 4464 ²
666 4431 929 4495 homines,
960 4426 1226 4484 subvenit.

294 4525 389 4581 40.
420 4521 442 4597 [
470 4540 595 4578 vers.
621 4523 708 4578 66.
736 4521 759 4595 ]
783 4521 849 4575 Et
883 4521 1123 4591 percussit
1166 4519 1394 4573 inimicos
1417 4535 1535 4573 suos
1564 4518 1617 4572 in
1641 4528 1807 4590 poste-

222 4618 406 4672 riora:
437 4616 555 4671 illos
599 4614 781 4684 utique
808 4613 894 4682 qui
941 4610 1244 4682 gaudebant
1271 4608 1412 4679 quod
1460 4609 1651 4665 Arcam
1689 4609 1806 4681 ejus

223 4709 491 4779 captivare
545 4711 866 4776 potuerunt;
916 4699 1154 4771 percussi
1186 4700 1327 4756 enim
1356 4708 1480 4753 sunt
1509 4699 1560 4753 in
1589 4699 1804 4758 sedibus

223 4799 334 4853 suis
363 4795 425 4871 (l
452 4796 580 4866 Reg.
609 4811 662 4862 v,
694 4793 727 4848 6
755 4792 793 4862 ).
818 4791 968 4859 Quod
997 4792 1115 4860 ejus
1148 4804 1317 4859 poma:
1343 4790 1550 4859 signum
1570 4789 1697 4844 mihi
1725 4791 1804 4844 vi-

224 4889 398 4956 detur,
429 4903 531 4960 qua
561 4889 784 4958 quisque
821 4882 1162 4948 cruciabitur,
1193 4882 1237 4938 si
1288 4882 1339 4937 in
1384 4882 1677 4951 posteriora
1715 4898 1805 4938 rc-

224 4981 490 5049 spexerit;
520 4994 660 5048 quae,
705 4976 843 5031 sicut
886 4972 1191 5045 Apostolus,
1251 4971 1519 5028 aestimare
1568 4970 1724 5027 debet
1748 4981 1805 5027 ut

224 5070 495 5140 stercora(
516 5067 748 5139 Philipp.
772 5082 848 5131 ιιι,
876 5064 967 5137 8).
995 5062 1095 5132 Qui
1122 5061 1263 5118 enim
1301 5062 1379 5118 sic
1407 5061 1701 5133 suscipiunt
1723 5071 1804 5119 tc-

224 5170 542 5216 stamcntum
573 5159 687 5222 Dei,
714 5167 774 5212 ut
793 5165 974 5212 vetere
1001 5154 1235 5210 vanitate
1263 5169 1368 5209 non
1399 5167 1458 5208 se
1487 5161 1703 5220 exuant,
1727 5154 1802 5208 si-

228 5252 380 5307 miles
410 5258 535 5306 sunt
557 5248 837 5304 hostilibus
869 5245 1079 5317 populis
1123 5244 1211 5314 qui
1261 5244 1453 5298 Arcam
1502 5245 1801 5299 testamenti

223 5343 536 5410 captivatam
560 5339 711 5409 juxta
741 5352 836 5393 sua
866 5335 1005 5391 idola
1049 5341 1355 5405 posuerunt.
1386 5333 1452 5388 Et
1486 5333 1568 5388 illa
1591 5333 1801 5404 quidem

225 5440 400 5487 vetera
418 5433 577 5487 etiam
599 5430 704 5485 illis
737 5427 1042 5484 nolentibus
1073 5426 1288 5493 cadunt,
1336 5426 1457 5496 quia
1499 5426 1660 5480 omnis
1687 5442 1804 5482 caro

226 5520 414 5588 fenum,
439 5531 485 5577 et
512 5521 713 5576 claritas
738 5518 955 5573 hominis
997 5527 1051 5571 ut
1092 5519 1189 5589 ﬂos
1216 5517 1336 5587 feni.
1365 5515 1562 5570 Fenum
1583 5517 1734 5582 aruit,
1757 5525 1804 5572 et

230 5612 324 5679 ﬂos
372 5613 556 5667 decidit
603 5628 620 5666 :
660 5613 797 5666 Area
829 5618 996 5662 autem
1037 5606 1245 5663 Domini
1294 5617 1458 5662 manet
1478 5607 1529 5661 in
1564 5618 1801 5661 (uernum

294 5768 307 5831 ξ
336 5766 427 5815 l‘le!
442 5771 557 5831 ique
582 5773 710 5823 Mss,
730 5762 995 5825 placebant.

291 5828 310 5857 ’
334 5835 433 5878 nuo
453 5828 582 5890 tiss,
604 5835 782 5891 petunt.

1244 395 1639 452 ENARRATIO
1678 393 1742 450 IN
1781 392 2111 453 PSALMUM
2149 391 2404 451 LXXVII.

3341 392 3476 447 W05

1899 508 1917 577 (
1947 507 2073 564 lsai.
2096 524 2185 575 ιι,
2210 506 2266 577 6,
2295 505 2373 581 7)
2409 524 2423 571 ;
2465 514 2729 564 secretum
2779 504 2981 561 scilicet
3030 505 3335 562 testamenti
3387 521 3479 560 re-

1889 616 2052 671 gnum
2075 600 2357 665 oculorum,
2388 599 2476 656 ubi
2522 606 2606 655 est
2652 607 2910 656 aeternum
2965 597 3181 654 Verbum
3212 598 3327 654 Dei.
3365 596 3472 654 Sed

1892 691 1968 748 illi
2030 691 2119 763 qui
2167 692 2462 764 posteriora
2516 690 2836 757 dilexerunt,
2877 706 2941 747 cx
3000 690 3129 761 ipsis
3173 689 3466 761 justissima

1891 781 2306 841 cruciabuntur:
2353 780 2694 852 Opprobrium
2737 783 2877 837 enim
2930 782 3287 852 sempiternum
3333 780 3471 835 dedit

1889 876 2012 932 illis.

1962 966 2053 1023 41.
2084 964 2252 1039 [vers.
2272 965 2361 1034 67,
2391 965 2524 1040 68.]
2551 964 2616 1020 Et
2637 965 2842 1039 repulit,
2872 965 3061 1037 inquit,
3093 965 3472 1020 tabernaculum

1891 1058 2105 1128 Ioseph,
2145 1068 2193 1114 et
2222 1058 2404 1113 tribum
2439 1056 2685 1128 Ephrazm
2711 1075 2811 1114 non
2838 1058 3003 1129 elegit.
3029 1056 3101 1112 Et
3128 1059 3273 1128 elegit
3296 1059 3480 1113 tribum

1892 1148 2051 1205 Iuda.
2069 1147 2185 1204 Non
2233 1148 2385 1214 dixit,
2437 1148 2652 1220 Repulit
2700 1149 3096 1205 tabernaculum
3139 1148 3348 1214 Ruben,
3392 1150 3479 1220 qui

1897 1240 1994 1296 fuit
2036 1240 2417 1312 primogenitns
2456 1238 2657 1305 Jacob;
2684 1255 2783 1296 nec
2808 1255 2902 1296 eos
2944 1240 3032 1313 qui
3083 1249 3397 1311 sequuntur,
3431 1251 3484 1317 et

1895 1330 2084 1387 ludam
2115 1330 2381 1387 nascendo
2428 1330 2757 1401 przecedunt,
2788 1338 2846 1386 ut
2892 1330 2996 1387 illis
3038 1330 3267 1401 repulsis
3296 1341 3480 1387 etnon

1897 1424 2100 1493 electis,
2131 1424 2299 1481 tribus
2326 1423 2462 1482 Juda
2490 1424 2794 1495 eligeretur.
2829 1423 3041 1479 Poterat
3062 1423 3203 1480 enim
3232 1423 3336 1480 dici
3364 1438 3478 1479 me-

1897 1517 2000 1574 rito
2022 1518 2142 1574 illos
2170 1517 2435 1587 repulsos,
2467 1518 2661 1589 qniaet
2690 1517 2743 1572 in
2763 1515 3135 1572 benedictione
3153 1515 3341 1584 Jacob,
3374 1532 3474 1588 qua

1898 1623 2026 1665 suos
2049 1608 2187 1663 ﬁlios
2232 1608 2521 1676 benedixit,
2568 1617 2784 1679 peccata
2822 1594 3023 1664 eorum,
3061 1618 3479 1665 commemorata

1897 1702 2127 1773 graviter
2176 1701 2472 1758 detestatur
2497 1700 2514 1771 (
2540 1701 2671 1756 Gen.
2743 1716 2889 1768 κως,
2923 1701 3014 1755 1-7
3043 1700 3062 1771 )
3091 1716 3107 1767 ;
3138 1700 3385 1771 quamvis
3428 1700 3482 1756 in

1900 1793 1980 1850 eis
2008 1792 2177 1849 tribus
2197 1790 2328 1850 ιενί
2349 1790 2693 1849 sacerdotalis
2721 1791 2887 1847 tribus
2925 1805 3046 1847 esse
3076 1792 3350 1857 meruerit,
3383 1808 3483 1848 un-

1899 1883 1968 1940 de
1985 1884 2145 1940 etiam
2171 1882 2382 1955 Moyses
2409 1880 2545 1953 fuit(
2578 1881 2744 1937 Exod.
2777 1898 2834 1946 ιι,
2864 1881 2948 1952 1).
2989 1880 3101 1938 Nec
3125 1880 3280 1947 dixit,
3310 1882 3484 1952 llepu-

1900 1973 1963 2029 lit
2006 1974 2401 2030 tabernaculum
2458 1972 2899 2043 Benjamin;vel,
2947 1971 3162 2030 Tribum
3209 1972 3484 2045 Benjamin

1902 2078 2008 2120 non
2029 2062 2209 2134 elegit,
2239 2078 2304 2118 ex
2332 2076 2435 2133 qna
2487 2077 2581 2117 rex
2610 2076 2730 2117 esse
2755 2062 2863 2133 jam
2904 2072 3136 2134 coeperat
3170 2079 3184 2127 ;
3216 2078 3335 2119 nam
3365 2061 3486 2117 inde

1904 2154 2075 2211 fuerat
2099 2154 2301 2211 electus
2319 2152 2444 2211 Saul
2474 2152 2494 2225 (
2524 2152 2545 2208 I
2577 2153 2703 2224 Reg.
2763 2168 2838 2219 ix,
2864 2152 2917 2220 1,
2947 2151 2984 2207 2
3010 2152 3030 2225 )
3056 2172 3069 2207 :
3101 2153 3241 2210 unde
3284 2169 3348 2211 ex
3375 2154 3486 2225 ipsa

1904 2248 2171 2305 vicinitate
2211 2248 2488 2317 temporis,
2521 2244 2735 2316 quando
2778 2246 2870 2302 ille
2911 2248 3156 2315 repulsus
3200 2257 3284 2303 est
3328 2258 3486 2321 atque

1904 2338 2240 2410 reprobatus,
2263 2347 2317 2393 et
2346 2336 2507 2392 David
2536 2338 2737 2392 electus
2765 2336 2940 2406 (Ibid.
2968 2352 3080 2404 xvx,
3115 2338 3167 2405 1,
3200 2339 3267 2394 15
3290 2338 3333 2410 ),
3361 2351 3489 2394 conv

1902 2430 2176 2487 venienter
2196 2439 2377 2499 posset
2397 2427 2499 2483 hoc
2525 2428 2631 2483 dici
2655 2444 2670 2493 ;
2704 2443 2803 2484 nee
2823 2435 3000 2483 tamen
3028 2426 3226 2482 dictum
3245 2436 3325 2483 est
3347 2444 3361 2483 :
3393 2428 3486 2483 sed

1906 2538 2000 2580 eos
2026 2521 2359 2593 potissimum
2406 2520 2734 2586 nominavit,
2787 2520 2874 2591 qui
2926 2519 3239 2575 clarioribus
3287 2520 3490 2576 meritis

1904 2600 2224 2669 videbantur
2272 2611 2556 2668 excellere.
2605 2610 2739 2667 Nam
2779 2610 2977 2681 .loseph
3010 2611 3153 2681 pavit
3180 2612 3231 2666 in
3258 2611 3491 2686 Egypto

1906 2712 2108 2775 patrem
2126 2712 2181 2759 et
2213 2701 2405 2759 fratres
2432 2717 2578 2769 suos,
2603 2710 2657 2758 et
2676 2702 2842 2774 impie
2873 2701 3141 2769 venditus,
3165 2703 3355 2759 merito
3378 2717 3491 2775 pte-

1908 2795 2050 2861 tatis,
2079 2794 2358 2860 castitatis,
2376 2792 2672 2863 sapientiae,
2712 2792 3013 2863 jnstissime
3058 2792 3374 2848 sublimatus
3409 2805 3490 2847 eet

1908 2888 2081 2961 (Gen.
2106 2904 2214 2952 xu,
2237 2886 2464 2958 40);et
2491 2884 2738 2958 Ephrmm
2764 2884 2954 2955 majori
2998 2883 3144 2939 fratri
3172 2885 3256 2940 avi
3300 2886 3381 2940 sui
3403 2885 3489 2941 Ja-

1906 2980 2008 3036 cob
2033 2978 2407 3036 benedictione
2430 2977 2676 3046 prtelatus
2716 2984 2798 3031 est
2828 2974 2937 3046 (Id.
2971 2990 3152 3041 mm,
3184 2974 3272 3047 19)
3299 2994 3312 3029 :
3341 2985 3396 3031 et
3416 2985 3491 3029 ta—

1907 3087 2029 3127 men
2082 3071 2224 3126 Deus
2275 3069 2460 3141 repulit
2515 3068 2894 3123 tabernaculum
2934 3066 3126 3138 Joseph
3152 3109 3168 3135 ,
3217 3077 3266 3122 et
3310 3068 3492 3122 tribum

1908 3161 2154 3232 Ephrtem
2177 3176 2279 3215 non
2307 3158 2474 3230 elegit.
2504 3158 2605 3215 Ubi
2630 3174 2725 3229 per
2747 3158 2862 3213 lucc
2900 3158 3140 3228 praeclari
3188 3157 3362 3214 meriti
3391 3174 3492 3215 no-

1909 3256 2068 3319 mina,
2100 3251 2225 3323 quid
2255 3251 2395 3306 aliud
2417 3266 2573 3322 quam
2606 3252 2907 3305 universum
2935 3250 3186 3320 populum
3219 3251 3366 3306 illum
3397 3266 3492 3309 vc-

1909 3352 2046 3400 tusta
2072 3342 2359 3414 cupiditate
2384 3356 2411 3394 a
2445 3340 2669 3396 Domino
2720 3350 2931 3395 terrena
2976 3341 3190 3412 praemia
3217 3341 3494 3411 requiren-

1910 3446 2037 3501 tem,
2087 3436 2359 3506 repulsum
2399 3443 2453 3490 et
2499 3431 2836 3505 reprobatum
2872 3432 3491 3503 intelligimus;electam

1908 3537 2085 3583 autem
2131 3526 2323 3582 tribum
2377 3525 2531 3590 Juda,
2584 3541 2689 3578 non
2720 3538 2817 3593 pro
2860 3523 3064 3578 meritis
3111 3525 3279 3593 ipsius
3302 3523 3493 3579 indie?

1907 3619 2091 3688 Longe
2116 3618 2311 3688 quippe
2341 3616 2543 3684 majora
2592 3621 2718 3668 sunt
2760 3614 2947 3668 merita
2998 3612 3199 3683 Joseph
3226 3631 3239 3680 ;
3271 3613 3364 3670 sed
3394 3629 3495 3685 per

1910 3710 2101 3766 tribum
2122 3707 2280 3773 Juda,
2331 3705 2580 3777 quoniam
2620 3703 2743 3758 inde
2780 3703 2982 3758 exstitit
3024 3701 3270 3759 Christus
3298 3717 3492 3759 secun-

1910 3801 2037 3856 dum
2063 3811 2301 3865 carnem,
2345 3810 2538 3851 novum
2569 3794 2818 3865 populum
2848 3792 3044 3848 Christi
3072 3793 3146 3848 illi
3174 3794 3369 3863 populo
3398 3808 3492 3850 ve-

1912 3893 2008 3949 teri
2050 3892 2327 3964 prmlatum
2371 3889 2638 3957 Scriptura
2681 3894 2924 3952 testatur,
2953 3886 3227 3956 aperiente
3272 3887 3495 3941 Domino

1911 3986 1962 4038 in
1994 3981 2258 4055 parabolis
2285 3995 2345 4037 os
2370 3993 2544 4035 suum.
2575 3977 2690 4032 Jam
2721 3977 2842 4031 inde
2879 3977 3037 4032 ctiam
3064 3977 3203 4046 quod
3231 3979 3490 4048 sequitur,

1912 4075 2138 4130 Montem
2161 4071 2291 4128 Sion
2319 4087 2464 4143 quem
2490 4069 2687 4139 dilexit,
2718 4068 3009 4124 Ecelesiam
3062 4068 3261 4124 Christi
3305 4069 3491 4125 melius

1912 4168 2276 4239 intelligimus,
2308 4180 2415 4221 non
2470 4171 2688 4235 propter
2738 4161 3016 4232 praesentis
3045 4161 3299 4231 temporis
3327 4161 3480 4217 bene.

1910 4261 2025 4316 licia
2053 4257 2283 4316 carnalia
2335 4256 2498 4310 Deum
2528 4254 2810 4319 colentem,
2855 4251 2950 4307 sed
2992 4251 3168 4307 futura
3212 4262 3267 4307 et
3294 4261 3485 4310 aeterna

1912 4350 2126 4423 prtemia
2152 4348 2320 4405 oculis
2349 4347 2471 4403 ﬁdei
2511 4346 2667 4416 longe
2690 4344 3053 4416 speculantem
3085 4360 3097 4397 :
3126 4358 3247 4397 nam
3284 4353 3339 4398 et
3362 4344 3489 4399 Sion

1907 4441 2210 4515 Speculatio
2224 4442 2623 4510 interpretatur.

1979 4532 2069 4591 42.
2100 4531 2261 4606 [vers.
2295 4530 2384 4587 69.
2410 4527 2430 4603 ]
2457 4529 2691 4598 Denique
2716 4527 2973 4597 sequitur,
3004 4524 3075 4580 Et
3099 4525 3365 4595 aediﬁcavit
3384 4527 3485 4581 sic—

1908 4636 1961 4681 ut
2006 4627 2403 4681 unicornuorum
2463 4611 2909 4688 sanctiﬁcationem
2955 4630 3145 4671 suam:
3194 4615 3300 4684 vel,
3349 4617 3487 4672 sicut

1908 4719 2119 4792 quidam
2149 4718 2465 4785 interpretes
2492 4713 2712 4767 verbum
2748 4724 2943 4765 novum
2974 4708 3233 4778 iecerunt,
3259 4710 3485 4778 sancti/i-

1908 4814 2044 4865 cium
2084 4824 2249 4864 suum.
2303 4803 2592 4860 Unicornui
2632 4810 2778 4856 recte
2823 4799 3210 4870 intelliguntur,
3262 4814 3485 4869 quorum

1908 4902 2058 4957 ﬁrma
2088 4914 2212 4969 spes
2243 4899 2293 4952 in
2323 4910 2484 4952 unum
2533 4891 2662 4947 illud
2692 4891 2931 4962 erigitur,
2970 4890 3039 4946 de
3066 4905 3173 4961 quo
3200 4889 3334 4943 alius
3361 4890 3488 4943 dicit

1910 4991 2145 5063 psalmus
2174 5031 2190 5056 ,
2242 4987 2409 5043 Unam
2464 4984 2611 5056 petivi
2663 5000 2694 5036 a
2743 4980 3008 5046 Domino;
3054 4982 3186 5035 hanc
3233 4982 3486 5051 requiram

1910 5082 1929 5156 (
1955 5080 2098 5136 Psal.
2123 5094 2268 5143 xxvn
2293 5074 2385 5149 4).
2417 5073 2779 5132 Sanctilicium
2799 5088 2927 5128 vero
2954 5071 3047 5125 Dei
3068 5080 3168 5134 est,
3190 5071 3483 5126 secundum

1907 5170 2203 5243 apostolum
2234 5168 2469 5232 Petrum,
2518 5163 2782 5220 intellecta
2834 5161 2975 5232 plebs
3007 5169 3201 5227 sancta,
3248 5170 3293 5215 et
3322 5160 3490 5230 regale

1908 5263 2243 5320 sacerdotium
2274 5258 2342 5331 (ι
2387 5258 2528 5313 Petr.
2574 5273 2632 5323 ιι,
2694 5254 2796 5324 9).
2844 5251 2996 5322 Quod
3049 5268 3178 5306 vero
3222 5252 3485 5323 sequitur,

1912 5353 1979 5409 In
2000 5363 2131 5408 terra
2152 5367 2302 5422 quam
2325 5349 2552 5420 [undavit
2578 5347 2628 5401 in
2657 5356 2897 5401 teternum
2927 5358 2946 5397 :
2972 5342 3111 5413 quod
3135 5342 3328 5398 habent
3349 5358 3487 5413 grte-

1909 5445 1955 5500 ci
1983 5442 2216 5509 codices,
2242 5450 2307 5503 σες
2336 5449 2412 5495 τὸν
2435 5439 2603 5501 «tam,
2624 5446 2799 5491 utrum
2828 5434 2880 5488 in
2909 5442 3170 5499 teter-num,
3213 5448 3279 5487 an
3307 5433 3360 5486 in
3388 5447 3486 5486 sa:-

1908 5536 2079 5592 culum
2104 5533 2313 5589 dicatur
2342 5547 2370 5586 a
2402 5531 2575 5596 nobis,
2621 5529 2672 5583 in
2703 5528 2984 5582 latinorum
3014 5526 3363 5595 interpretum
3394 5540 3490 5595 po-

1912 5632 2104 5682 testate
2123 5633 2224 5691 est,
2246 5622 2493 5693 quoniam
2518 5629 2805 5687 utrumque
2829 5613 3092 5686 signiﬁcat
3118 5631 3134 5680 ;
3169 5623 3224 5669 et
3249 5614 3368 5669 ideo
3388 5613 3488 5669 hoc

1911 5720 1963 5773 in
1989 5716 2168 5773 latinis
2194 5713 2467 5770 codicibus
2487 5752 2499 5775 ,
2530 5708 2657 5765 illud
2704 5709 2758 5764 in
2790 5707 2906 5763 aliis
2947 5706 3231 5763 invenitur.
3278 5704 3489 5762 Habent

1914 5808 2074 5881 aliqui
2106 5807 2264 5864 etiam
2293 5805 2581 5876 pluraliter,
2636 5802 2686 5857 id
2739 5810 2840 5867 est,
2896 5801 2947 5853 in
2991 5802 3206 5867 sa'cula;
3257 5798 3396 5871 quod
3438 5800 3488 5853 in
