3966 6476
556 463 692 526 ιιιυτ

561 585 751 655 graecis
787 597 921 653 quos
966 577 1269 643 habuimus,
1319 590 1425 630 non
1471 571 1794 631 invenimus.
1841 566 1974 636 Quis
2012 580 2139 620 vero

558 676 793 733 ﬁdelium
821 672 1023 731 dubitet
1041 669 1357 731 Ecclesium,
1402 664 1611 723 etiamsi
1653 662 1774 719 aliis
1798 658 2138 722 abeuntibus,

558 771 680 825 alia;
703 763 1054 832 venientibus,
1081 777 1149 820 ex
1188 760 1290 817 hac
1330 761 1437 813 vita
1483 754 1782 814 mortaliter
1818 751 2027 815 transit,
2060 759 2140 804 ta-

558 874 682 915 men
708 860 761 913 in
791 865 1047 911 aeternum
1069 866 1190 909 esse
1210 849 1481 907 fundatam
1508 846 1534 900 ?

630 952 719 1008 45.
748 946 769 1024 [
794 963 923 1002 vers.
952 945 1044 1009 70,
1071 945 1161 1000 Ἡ.
1188 942 1210 1016 ]
1234 941 1297 997 Et
1341 941 1491 1012 elegit
1533 936 1702 993 Dauid
1742 951 1939 1024 servant
1973 948 2141 988 suum.

559 1021 779 1100 Tribnm
824 1053 954 1110 ergo
1004 1034 1139 1094 Juda
1207 1042 1427 1106 prOpter
1486 1029 1693 1094 David;
1756 1021 1922 1083 David
1965 1036 2143 1082 autem

563 1142 779 1203 propter
803 1128 1072 1186 Christum
1099 1144 1112 1181 :
1143 1126 1340 1181 tribum
1367 1123 1527 1195 igitur
1564 1120 1700 1179 luda
1746 1128 1962 1192 pr0pter
1988 1116 2144 1171 Clni-

561 1238 727 1289 stum,
750 1239 856 1295 quo
878 1228 1190 1276 transeunte
1212 1217 1577 1272 clamavemnt
1600 1212 1750 1278 czeci,
1806 1208 2046 1264 Miserere
2057 1223 2151 1261 no-

568 1321 663 1384 bis,
687 1318 765 1387 [ili
794 1314 963 1371 David
985 1332 1003 1379 ;
1028 1321 1083 1369 et
1109 1310 1366 1368 continuo
1390 1302 1753 1361 misericordia
1804 1301 1922 1371 ejus
1972 1297 2147 1354 lumen

564 1406 925 1478 receperunt(
962 1402 1150 1459 Matth.
1197 1416 1293 1466 xx,
1334 1397 1426 1464 '50,
1469 1394 1605 1466 ΒΡ),
1629 1391 1752 1464 quia
1801 1406 1986 1447 verum
2038 1397 2148 1443 erat

565 1499 710 1572 quod
729 1491 1253 1554 clarnaverunt.lloc
1306 1487 1425 1544 ideo
1476 1501 1582 1542 non
1629 1489 1963 1539 transeunter
2001 1479 2150 1541 dicit,

568 1565 662 1648 sed
692 1597 892 1646 attente
930 1581 1270 1640 commendat
1327 1577 1635 1649 Apostolus,
1693 1570 1935 1631 scribens
1966 1568 2035 1627 ad
2062 1565 2155 1625 Ti-

570 1681 843 1738 motheum
876 1697 888 1733 ς
930 1668 1129 1733 Memor
1172 1684 1275 1729 esto
1304 1669 1561 1726 Christum
1613 1662 1791 1721 Jesum
1819 1662 2150 1718 resurrexisse

569 1791 601 1826 α
652 1766 862 1827 mortuis
898 1782 961 1823 ea:
1004 1763 1192 1822 semine
1234 1754 1404 1817 David
1432 1802 1446 1822 .
1494 1756 1771 1814 secundant
1824 1750 2157 1825 anngelium

570 1875 759 1925 meum,
788 1852 843 1910 in
869 1868 968 1922 quo
988 1851 1162 1909 laboro
1180 1864 1337 1920 usque
1356 1848 1423 1901 ad
1460 1843 1683 1908 vincula,
1724 1852 1966 1925 tanquam
1995 1839 2155 1893 male-

573 1924 799 2019 faciens;
826 1943 915 2003 sed
940 1958 1103 1999 sermo
1120 1938 1218 1997 Dei
1258 1954 1359 1994 non
1388 1945 1461 1991 est
1485 1930 1723 2004 alligatus
1741 1933 1758 2001 (
1779 1930 1821 1987 ll
1850 1924 1986 1985 Tim.
2012 1944 2072 1996 tt,
2101 1927 2155 1995 8,

572 2042 675 2115 9).
704 2039 825 2112 Ipse
869 2039 1048 2108 itaque
1095 2033 1340 2091 Salvator
1392 2022 1685 2084 secundum
1727 2038 1945 2082 carnem
1990 2018 2161 2077 lactus

573 2111 644 2192 es
663 2111 866 2189 semine
894 2126 1079 2194 David,
1111 2124 1368 2195 ﬁguratur
1387 2120 1438 2175 in
1464 2119 1565 2174 boc
1590 2118 1707 2173 loco
1729 2114 1943 2170 nomine
1969 2111 2157 2178 David,

575 2220 848 2299 aperiente
865 2220 1090 2275 Domino
1114 2218 1167 2273 in
1203 2212 1470 2286 parabolis
1501 2225 1564 2267 os
1601 2224 1779 2265 suum.
1810 2206 1920 2264 Nec
1949 2214 2163 2263 moveat

576 2295 721 2387 quod
745 2326 865 2370 cum
895 2310 1136 2374 dixisset,
1164 2306 1230 2362 Et
1243 2304 1392 2376 elegit
1417 2300 1606 2367 David,
1629 2313 1737 2372 quo
1768 2296 1984 2353 nomine
2006 2295 2161 2387 Chri-

578 2383 719 2460 stum
745 2400 1078 2473 significavit,
1108 2395 1333 2460 addidit,
1382 2407 1577 2446 seruum
1603 2404 1751 2445 suum
1776 2404 1795 2455 ;
1840 2401 1968 2454 non,
1995 2383 2163 2441 ﬁlium

580 2509 734 2551 suum
768 2506 781 2547 :
815 2494 923 2547 imo
957 2505 1083 2545 vero
1121 2486 1246 2541 hinc
1296 2493 1648 2555 agnoscamus
1671 2520 1687 2542 .
1729 2493 1836 2534 non
1886 2475 2029 2533 Patri
2072 2488 2165 2531 co-

583 2590 837 2639 ;eternam
878 2576 1146 2649 Unigeniti
1186 2572 1569 2638 substantiam,
1611 2568 1708 2627 sed
1751 2567 1977 2683 [oratam
2023 2566 2164 2624 servi

582 2679 879 2744 susceptam
913 2684 979 2727 ex
998 2668 1202 2726 semine
1231 2662 1416 2722 David.
1824 2662 1878 2683 "
2166 2677 2179 2715 ι
2238 2686 2249 2709 ο

652 2785 831 2844 44.Ει
869 2783 1072 2847 sustulit
1099 2797 1214 2837 eum
1233 2779 1295 2835 de
1313 2777 1546 2852 gregibus
1595 2777 1806 2839 ovium;
1850 2772 1914 2830 de
1958 2783 2072 2847 post
2093 2772 2143 2841 fe

583 2886 746 2933 tantes
767 2876 957 2947 accepit
983 2890 1117 2941 eum,
1150 2887 1356 2943 pascere
1394 2867 1560 2924 Jacob
1596 2884 1795 2922 servum
1820 2881 1987 2933 suunt,
2010 2874 2058 2920 et
2078 2860 2166 2919 Is-

583 2974 689 3026 rael
713 2970 1055 3025 hereditatem
1082 2981 1247 3020 suam.
1277 2961 1373 3019 llle
1400 2961 1612 3032 quidem
1666 2958 1855 3026 David,
1904 2972 1972 3014 ex
2013 2954 2168 3027 cujus

582 3064 785 3123 semine
811 3075 942 3117 caro
964 3056 1160 3114 Christi
1190 3067 1293 3121 est,
1322 3054 1391 3110 ah
1417 3052 1598 3110 ofﬁcio
1623 3048 1876 3123 pastorali
1916 3062 2165 3119 pecorum

582 3154 649 3211 ad
680 3152 955 3208 hominum
997 3163 1218 3220 regnum
1267 3145 1553 3205 translatus
1603 3151 1727 3200 est:
1761 3151 1944 3198 noster
1988 3149 2167 3196 autem

586 3244 769 3313 David,
801 3244 913 3315 ipse
941 3241 1117 3307 Jesus,
1136 3240 1203 3295 ab
1218 3235 1602 3295 hominibusad
1624 3234 1891 3300 homines,
1920 3248 1951 3288 a
1970 3230 2169 3289 Judaeis

583 3338 651 3394 ad
679 3338 877 3394 Gentes
908 3353 923 3402 ;
971 3345 1148 3391 tamen
1186 3329 1480 3388 secundum
1533 3326 1842 3398 parabolam
1886 3325 1954 3381 ab
1978 3324 2168 3379 ovibus

584 3429 653 3484 ad
678 3444 805 3484 oves
831 3427 1038 3483 ablatus
1064 3434 1223 3493 atque
1251 3420 1538 3477 translatus
1560 3428 1663 3477 est.
1703 3417 1819 3474 Non
1867 3425 1989 3473 sunt
2024 3416 2168 3473 enim

589 3521 749 3576 modo
776 3520 829 3574 in
857 3529 996 3574 terra
1032 3516 1120 3573 illa
1154 3513 1404 3571 Ecclesia:
1443 3511 1642 3569 Iudaeae
1680 3511 1733 3567 in
1771 3510 2005 3577 Christo,
2050 3526 2172 3581 qute

587 3610 802 3667 fuerunt
829 3607 1268 3665 circumcisorum
1309 3603 1510 3660 recenti
1555 3602 1799 3672 passione
1848 3610 1904 3657 et
1930 3616 2173 3657 resurre-

586 3704 764 3759 ctione
812 3700 1020 3757 Domini
1073 3698 1238 3754 nostri
1269 3715 1285 3764 ;
1317 3697 1385 3753 de
1431 3696 1625 3766 quibus
1658 3693 1788 3749 dicit
1829 3693 2120 3765 Apostolus
2149 3710 2163 3747 :

588 3793 747 3849 Eram
781 3801 949 3848 autem
982 3792 1184 3863 ignotus
1210 3788 1339 3858 {acie
1385 3785 1627 3842 Ecclesiis
1653 3783 1852 3840 Judteat
1901 3799 2013 3856 qua:
2053 3791 2172 3838 sunt

586 3888 638 3940 in
669 3882 868 3940 Christo
889 3897 908 3937 :
930 3893 1122 3935 tantum
1144 3888 1311 3934 autem
1328 3877 1598 3932 audiebant
1621 3876 1740 3946 quia
1758 3875 1802 3930 is
1822 3874 1906 3945 qui
1931 3874 2168 3943 aliquan-

588 3974 655 4029 do
703 3990 793 4028 nos
843 3970 1227 4042 persequebatur
1248 4009 1263 4034 ,
1305 3984 1440 4023 nunc
1469 3967 1774 4037 evangelisat
1818 3966 1971 4035 ﬁdem
2020 3981 2169 4035 quam

584 4064 857 4135 aliquando
871 4062 1091 4116 vastabat
1117 4078 1137 4127 ,'
1163 4069 1211 4115 et
1237 4060 1291 4114 in
1331 4075 1411 4113 me
1461 4058 1846 4128 magniﬁcabant
1895 4054 2169 4112 Dominum

587 4162 604 4223 (
638 4152 755 4209 Gal.
787 4168 827 4221 t,
856 4151 1021 4208 22-24
1043 4151 1083 4222 ).
1103 4149 1220 4207 Jatn
1252 4149 1373 4205 hinc
1409 4147 1512 4204 illa:
1540 4147 1793 4204 Ecclesia:
1849 4150 2172 4203 transierunt

590 4245 902 4317 ponulorum
925 4241 1359 4298 circumcisorum
1387 4256 1403 4307 ;
1434 4254 1498 4294 ac
1520 4255 1613 4309 per
1641 4237 1740 4295 hoc
1770 4239 1822 4294 in
1845 4239 2025 4294 Judma
2050 4255 2169 4311 qua:

588 4337 749 4393 modo
772 4337 983 4391 interra
1009 4341 1112 4400 est,
1154 4349 1260 4388 non
1298 4341 1382 4389 est
1413 4331 1574 4387 modo
1630 4331 1870 4388 Christus
1902 4350 1914 4386 :
1960 4332 2168 4388 ablatus

586 4439 671 4484 est
696 4428 853 4495 inde;
896 4442 1037 4483 nunc
1064 4425 1527 4496 Gentium’greges
1557 4425 1745 4496 pascit.
1787 4425 1930 4481 Sane
1955 4426 2018 4480 de
2056 4437 2169 4498 post

586 4523 798 4589 fetantes
829 4518 951 4575 inde
974 4528 1221 4589 acceptus
1244 4528 1346 4573 est.
1396 4517 1503 4572 Illae
1521 4519 1712 4587 quippe
1734 4520 1935 4587 priores
1958 4518 2170 4575 fuerunt

589 4610 743 4674 tales,
768 4609 836 4664 de
859 4609 1100 4680 qualibus
1146 4608 1338 4664 dicitur
1378 4606 1430 4662 in
1455 4607 1674 4663 Cantico
1718 4608 2041 4664 canticorum
2078 4610 2167 4665 uni

588 4702 843 4758 Ecclesiae
868 4717 988 4773 qua:
1011 4711 1220 4757 constat
1250 4717 1317 4758 ex
1360 4702 1557 4767 multis,
1592 4702 1643 4756 id
1673 4711 1755 4757 est
1785 4706 1872 4758 uni
1898 4705 2043 4775 gregi
2071 4719 2168 4760 cu-

581 4794 671 4861 jus
685 4788 923 4848 membra
947 4801 1072 4847 sunt
1096 4792 1250 4847 multi
1278 4806 1503 4863 greges;
1529 4791 1598 4848 de
1642 4792 1835 4848 talibus
1878 4810 2004 4867 ergo
2032 4795 2166 4852 dici-

588 4893 715 4939 tur:
763 4881 952 4937 Dentes
980 4884 1073 4950 tui,
1099 4882 1150 4938 id
1176 4892 1277 4949 est,
1330 4899 1426 4955 per
1468 4899 1602 4955 quos
1660 4884 1913 4956 loqueris,
1965 4889 2046 4943 vel
2077 4905 2170 4959 per

504 5047 508 5051 _
586 4991 721 5046 quos
774 4990 828 5031 tn
855 4989 1052 5045 corpus
1102 4984 1273 5042 tuum,
1322 4976 1467 5032 velut
1513 4976 1903 5046 manducando,
1944 4990 2168 5038 cancros

508 5074 513 5107 ὲ
585 5068 822 5138 trajicis;
853 5067 953 5123 hoc
974 5068 1148 5138 itaque
1173 5066 1527 5138 signiﬁcantes
1554 5070 1725 5123 dentes
1748 5072 1845 5135 tui,
1890 5072 2021 5126 sicut
2045 5090 2170 5144 grex

515 5186 518 5196 λ
581 5158 907 5213 detonsarunt
930 5158 1203 5213 ascendens
1243 5158 1306 5214 de
1345 5158 1566 5226 lavacro,
1611 5176 1726 5232 qua:
1753 5178 1922 5216 omnes
1945 5164 2168 5233 geminos

579 5261 774 5315 creant,
800 5258 845 5303 et
891 5250 1076 5305 sterilis
1114 5267 1215 5304 non
1265 5260 1337 5305 est
1363 5252 1416 5305 in
1447 5253 1560 5324 οἰδ(
1588 5251 1736 5308 Cant.
1771 5270 1846 5319 tv,
1872 5254 1966 5327 2).
1999 5257 2169 5329 Depo-

581 5349 805 5398 suerunt
831 5343 974 5397 enim
993 5350 1120 5397 tunc
1139 5343 1285 5397 velut
1324 5342 1520 5398 vellera
1550 5359 1715 5400 onera
1767 5347 1968 5416 saeculi,
2000 5365 2168 5420 quan-

578 5433 651 5489 tlo
679 5441 805 5488 ante
835 5432 997 5503 pedes
1039 5433 1416 5503 Apostolorum
1447 5433 1778 5491 venditarum
1823 5453 2000 5493 rerum
2037 5454 2165 5495 sua-

577 5540 695 5581 rum
723 5525 891 5596 pretia
921 5526 1253 5595 posuerunt(
1286 5525 1397 5579 Act.
1420 5541 1475 5591 ιι,
1508 5525 1597 5593 45,
1620 5536 1664 5582 et
1705 5543 1774 5595 tv,
1805 5530 1869 5585 54
1898 5529 1944 5602 ),
1976 5547 2165 5588 ascen-

575 5617 765 5672 dentes
798 5613 867 5671 de
898 5615 1108 5671 lavacro
1134 5616 1242 5679 illo,
1269 5616 1338 5671 de
1358 5631 1466 5687 quo
1503 5631 1595 5673 eos
1620 5617 1871 5675 admonet
1895 5623 2168 5690 apostolus

576 5704 788 5773 Petrus,
818 5704 1076 5761 sollicitos
1113 5704 1258 5777 quod
1303 5705 1498 5763 Christi
1539 5710 1853 5779 sanguinein
1908 5712 2163 5784 fuderint,

570 5807 630 5851 et
655 5796 785 5853 dicit
814 5815 834 5852 .'
864 5796 1009 5867 Agite
1033 5797 1395 5866 awaitantiam,
1436 5809 1483 5854 et
1527 5797 1807 5873 baptisetur
1829 5806 2167 5877 unusquisque

574 5900 790 5945 vestrum
819 5908 871 5946 tn
896 5909 1095 5948 nonnae
1120 5891 1323 5947 llontini
1347 5890 1471 5949 Jesu
1510 5892 1714 5965 Christi,
1756 5907 1802 5950 et
1853 5897 2165 5954 dimittentur

1787 456 1846 513 S.
1886 441 2251 510 AUGUSTINI
2290 445 2589 504 EPlSCOPI

3616 456 3700 517 ιιοι

2247 561 2383 616 vobis
2398 569 2601 630 peccata
2628 568 2792 614 vestra
2814 556 2949 632 (Act.
2978 575 3035 623 tt.
3056 560 3125 616 38
3150 565 3191 632 ).
3218 560 3452 619 Geminos
3468 581 3604 625 autem
3619 589 3704 630 cru.

2245 658 2455 714 verunt,
2489 662 2650 720 opera
2675 648 2882 705 scilicet
2921 648 3147 707 duorum
3178 663 3534 723 praceptorum
3557 663 3708 729 gemina

2245 741 2544 805 citaritatis,
2576 740 2876 797 dilectionis
2927 740 3044 806 Dei,
3098 752 3151 798 et
3200 742 3476 802 dilectionis
3522 757 3707 818 proximi:

2249 830 2386 887 unde
2421 830 2620 887 sterilis
2650 847 2753 887 non
2793 841 2907 887 erat
2952 832 3006 887 in
3033 833 3132 888 eis.
3193 834 3267 889 De
3293 847 3401 905 post
3440 838 3519 895 bas
3555 848 3709 904 (Νι-δίει

2249 931 2423 979 tantes
2453 921 2616 977 David
2647 929 2830 977 noster
2853 932 3122 992 acceptus.
3167 940 3302 979 nunc
3328 927 3446 982 alios
3483 946 3627 1002 greges
3655 953 3710 1004 με.

2247 1012 2349 1068 scit
2376 1011 2429 1066 in
2457 1010 2735 1079 Gentibus,
2784 1019 2839 1066 et
2876 1011 3021 1081 ipsos
3045 1011 3209 1069 Jacob
3235 1024 3286 1070 et
3308 1013 3454 1073 Israel
3481 1037 3493 1072 :
3534 1023 3596 1078 sic
3623 1030 3711 1082 enim

2249 1103 2450 1161 dictant
2481 1113 2583 1170 est,
2609 1100 2827 1159 Pascere
2847 1100 3012 1160 Iacob
3030 1121 3226 1161 servum
3245 1124 3402 1176 suum,
3429 1122 3468 1164 et
3504 1112 3632 1169 Israel
3648 1119 3712 1171 lm-

2250 1195 2511 1251 reditatem
2563 1209 2729 1251 suam.
2773 1192 2888 1250 Non
2929 1195 3092 1263 enim,
3136 1197 3256 1267 quia
3301 1214 3363 1254 ex
3403 1200 3612 1261 Gentibus
3639 1222 3715 1263 sinu

2253 1288 2367 1342 ista:
2395 1299 2545 1352 oves,
2577 1284 2699 1343 ideo
2737 1285 2805 1341 ab
2831 1285 2923 1341 illo
2972 1287 3178 1343 semine
3239 1287 3461 1346 alienatae
3494 1303 3607 1362 sunt,
3627 1302 3714 1366 quod

2252 1389 2335 1435 est
2352 1378 2516 1435 Jacob
2536 1387 2591 1434 et
2615 1378 2797 1434 lsrael.
2828 1378 3021 1434 Semen
3045 1388 3124 1434 cst
3173 1380 3312 1436 enim
3356 1383 3569 1450 Abrahze,
3598 1402 3715 1443 sentes

2259 1472 2648 1541 promissionis,
2674 1471 2742 1527 de
2762 1486 2868 1542 quo
2895 1472 2946 1527 ei
2974 1472 3233 1528 Dominus
3277 1473 3400 1529 dixit
3426 1493 3439 1528 :
3466 1475 3521 1530 In
3540 1476 3718 1534 Isaac»-

2255 1562 2449 1618 cabttur
2480 1563 2569 1618 tibi
2616 1579 2785 1619 semen
2813 1565 2831 1634 (
2861 1561 2990 1619 Gen.
3033 1576 3145 1627 ut,
3182 1563 3312 1636 η).
3359 1565 3492 1634 Quod
3533 1582 3717 1640 exponens

2257 1652 2586 1727 Apostolus:
2630 1652 2774 1721 Non,
2803 1656 2973 1726 inquit
3024 1655 3121 1726 ﬁlii
3146 1657 3326 1723 carnis,
3368 1658 3446 1711 sed
3481 1659 3717 1730 liliiprouit.

2257 1753 2412 1808 sionis
2436 1751 2739 1823 deputantur
2760 1749 2812 1805 in
2830 1752 3017 1805 semine
3044 1751 3062 1819 (
3093 1748 3243 1805 Rom.
3271 1764 3341 1815 ιι,
3370 1753 3401 1807 8
3421 1751 3534 1823 ).Ex
3555 1756 3715 1825 gentibus

2258 1842 2401 1899 enim
2431 1850 2588 1899 erant
2615 1841 2797 1898 ﬁdeles
2826 1842 3017 1912 quibus
3036 1839 3267 1908 dieebat,
3299 1840 3357 1897 Si
3378 1853 3521 1897 autem
3538 1860 3604 1898 sas

2259 1936 2344 2002 sti,
2376 1951 2493 2006 ergo
2514 1932 2731 1988 Abralue
2750 1949 2917 1988 semen
2946 1933 3087 2000 estis,
3115 1934 3376 1988 secundum
3399 1937 3716 2003 repromissionis

2261 2028 2521 2097 literedes(
2557 2024 2674 2082 Gal.
2706 2041 2784 2091 nt,
2812 2026 2883 2081 29
2914 2027 2930 2096 )
2956 2025 2980 2078 ?
3002 2025 3156 2094 Quod
3177 2041 3300 2081 vero
3318 2027 3402 2094 ait,
3433 2026 3562 2081 Iacob
3593 2043 3718 2082 sum

2261 2136 2429 2186 suum,
2452 2129 2499 2173 et
2527 2115 2692 2173 Israel
2721 2117 3067 2173 [nereditatem
3089 2134 3254 2186 suam,
3280 2134 3416 2173 more
3436 2134 3517 2174 suo
3537 2117 3715 2189 Scriptura

2264 2209 2508 2281 repetivit
2551 2208 2795 2264 eamdem
2850 2210 3194 2265 sententiam.
3238 2208 3340 2265 Nisi
3387 2209 3505 2265 forte
3542 2211 3716 2280 quispiam

2262 2299 2339 2355 sic
2365 2298 2690 2369 distinguere
2722 2297 2866 2365 velit,
2911 2307 2970 2354 ut
3011 2299 3117 2354 hoc
3138 2309 3365 2371 tempore
3387 2299 3526 2356 lacob
3558 2302 3716 2364 serviat;

2266 2403 2391 2447 tunc
2420 2392 2903 2447 autemsitmterna
2952 2391 3238 2447 ltzereditas
3278 2392 3365 2448 Dei
3400 2392 3573 2463 quando
3589 2391 3717 2446 videbit

2267 2484 2431 2539 Deum
2485 2483 2618 2539 facie
2657 2482 2723 2538 ad
2771 2480 2979 2550 faciem,
3016 2485 3162 2540 unde
3203 2484 3357 2541 lsmel
3394 2501 3551 2540 nomen
3585 2485 3716 2554 accepit

2266 2578 2285 2648 (
2317 2575 2445 2632 Gen.
2470 2592 2640 2642 χχιιι,
2667 2574 2800 2650 28).

2335 2669 2425 2725 45.
2458 2666 2607 2743 [νινε.
2636 2668 2750 2742 72.]
2799 2665 2867 2723 Et
2914 2671 3052 2740 pavit
3077 2688 3166 2725 eos
3189 2714 3204 2739 ,
3234 2670 3419 2741 inquit,
3453 2671 3496 2725 in
3525 2668 3714 2723 innocentis

2268 2759 2438 2815 cordis
2464 2761 2562 2815 sui.
2584 2759 2720 2827 Quid
2748 2760 2837 2815 illo
2863 2761 3223 2825 innocentius,
3244 2763 3329 2832 qui
3353 2762 3493 2817 ullum
3515 2770 3712 2831 peccatum,

2248 2861 2373 2906 'non
2393 2853 2563 2905 solum
2592 2866 2624 2904 a
2645 2867 2748 2920 quo
2770 2851 3072 2907 vinceretur
3089 2895 3107 2920 ,
3135 2851 3228 2908 sed
3258 2852 3403 2907 etiam
3428 2850 3542 2921 quod
3567 2850 3714 2904 vinceret

2269 2955 2374 2998 non
2401 2939 2670 2997 habebat?
2695 2940 2763 2996 Et
2786 2942 2840 2997 in
2867 2944 3133 2998 intellectu
3158 2960 3382 2998 manuum
3402 2959 3569 2997 suarum
3587 2941 3713 2994 dedant

2278 3047 2359 3088 eos
2383 3048 2403 3086 :
2430 3033 2543 3097 vel,
2575 3033 2713 3088 sicut
2738 3034 2901 3105 aliqui
2929 3035 3150 3091 codices
3177 3035 3390 3103 habent,
3415 3036 3460 3089 in
3492 3032 3713 3088 intellsttilst

2274 3137 2511 3177 mnuum
2538 3139 2765 3178 suarum.
2813 3124 2962 3180 Alius
2990 3136 3206 3196 putaret
3230 3126 3297 3182 ita
3339 3124 3637 3196 congruentius
3662 3136 3714 3191 po-

2242 3214 2438 3271 vtuisse
2465 3213 2568 3271 dici
2590 3257 2606 3283 ,
2639 3216 2694 3272 ln
2722 3217 3023 3272 innocentia
3052 3233 3307 3274 manuum
3351 3227 3401 3273 et
3420 3217 3631 3272 intellectu
3644 3227 3712 3278 φι-

2277 3306 2384 3363 iis:
2416 3305 2502 3362 hic
2529 3317 2707 3364 autem
2733 3308 2825 3379 qui
2872 3310 3041 3379 magis
3067 3324 3231 3382 quam
3258 3311 3343 3365 alii
3364 3309 3466 3380 quid
3505 3307 3710 3377 loquente

2270 3396 2505 3464 sciebat,
2537 3398 2687 3453 cordi
2711 3399 2896 3455 maluit
2916 3403 3214 3472 adjungere
3233 3400 3542 3457 innocentiam
3558 3437 3571 3461 ,
3593 3403 3633 3450 et
3648 3409 3712 3453 me

2271 3487 2422 3543 nibus
2448 3487 2868 3559 intelligentiam.
2902 3490 3036 3547 illud
3073 3504 3383 3564 propterea,
3419 3497 3610 3561 quantum
3642 3484 3711 3540 eti-

2269 3578 2449 3647 stimo,
2489 3581 2610 3650 quia
2640 3580 2789 3636 multi
2825 3582 2925 3636 sibi
2969 3582 3219 3640 videntur
3254 3586 3546 3646 innocentes,
3573 3577 3709 3649 φήσω

2270 3668 2468 3725 faciunt
2516 3671 2687 3738 mala,
2728 3688 2847 3726 cum
2887 3673 3075 3728 timent
3120 3691 3188 3730 ne
3219 3671 3518 3744 patiantursi
3542 3667 3707 3723 iecerint;

2268 3758 2467 3815 vellent
2492 3769 2671 3814 autem
2700 3759 2875 3817 facere
2892 3802 2908 3827 ,
2936 3762 2982 3817 si
3010 3762 3230 3833 impune
3242 3762 3518 3834 potuissent.
3539 3756 3647 3813 Tales
3663 3752 3708 3806 νὺ

2270 3849 2383 3907 deri
2408 3860 2631 3919 possunt
2675 3852 2875 3909 habere
2917 3854 3275 3909 innocentiam
3323 3853 3707 3913 mannum,nonte

2271 3958 2394 3998 men
2424 3942 2622 3998 cordis.
2665 3942 2735 3999 Et
2759 3961 2876 4015 qua:
2898 3945 3111 4001 tandem
3141 3956 3231 4001 aut
3253 3945 3407 4017 qualis
3426 3953 3495 4000 est
3514 3942 3588 3997 ista
3617 3938 3706 3991 inoo-

2269 4036 2479 4101 centia,
2512 4035 2555 4088 si
2586 4035 2765 4091 cordis
2805 4053 2911 4091 non
2941 4046 3052 4102 est,
3102 4040 3193 4093 ubi
3237 4039 3386 4093 homo
3432 4036 3568 4089 factus
3590 4036 3645 4084 est
3670 4022 3705 4077 ad

2271 4123 2554 4195 imaginem
2589 4124 2723 4180 Dei?
2748 4125 2899 4194 Quod
2931 4142 3059 4182 vero
3085 4127 3189 4193 ait,
3220 4126 3288 4182 In
3329 4125 3565 4188 intellectu,
3593 4113 3708 4171 veli?

2270 4216 2547 4289 telligentia
2571 4233 2815 4271 manuum
2839 4235 3047 4273 suarum
3085 4220 3289 4275 deduxit
3314 4235 3421 4284 eos,
3461 4214 3617 4270 videtur
3632 4203 3709 4260 mihi

2269 4323 2387 4363 eam
2409 4309 2609 4365 dixisse
2637 4310 3036 4381 intelligentiam
3058 4329 3215 4383 quam
3243 4313 3349 4383 ipse
3373 4309 3484 4366 facit
3511 4308 3551 4361 in
3566 4298 3708 4358 creden-

2271 4399 2438 4468 tibus;
2468 4400 2588 4457 ideo
2616 4419 2857 4457 manuum
2878 4422 3086 4459 suarum
3107 4422 3127 4460 :
3153 4406 3320 4461 facere
3342 4404 3510 4474 quippe
3528 4397 3576 4451 ad
3596 4401 3708 4447 manus

2272 4492 2545 4561 pertinet:
2577 4494 2671 4548 sed
2711 4496 2846 4549 sicut
2875 4496 2891 4527 ⁸
2937 4505 3160 4565 possunt
3205 4496 3405 4564 intelligi
3448 4501 3592 4546 manus
3630 4477 3705 4539 Dei.

2269 4584 2389 4653 quia
2415 4594 2469 4639 et
2495 4582 2741 4640 Christus
2764 4586 2841 4641 sic
2871 4588 3029 4641 homo
3052 4629 3067 4656 ,
3093 4599 3151 4643 ut
3174 4589 3325 4644 etiam
3352 4586 3488 4641 Deus.
3514 4579 3596 4634 Hoc
3622 4574 3705 4625 οεηθ

2271 4676 2361 4731 ille
2389 4675 2550 4731 David
2571 4719 2586 4745 ,
2609 4677 2677 4733 de
2695 4678 2845 4747 cujus
2863 4689 2946 4735 est
2969 4681 3068 4737 iste
3093 4682 3292 4737 semine
3309 4721 3323 4744 ,
3353 4678 3504 4733 facere
3531 4685 3604 4724 non
3619 4670 3707 4733 Pole‘

2269 4777 2353 4823 rat
2379 4769 2431 4823 in
2462 4770 2657 4839 papulo
2684 4770 2769 4826 cui
2796 4772 2934 4826 sicut
2975 4772 3134 4830 homo
3159 4772 3426 4843 regnabat;
3473 4762 3548 4820 sed
3566 4759 3625 4815 ille
3647 4751 3705 4843 hoc

2272 4857 2422 4927 facit,
2452 4860 2538 4915 cui
2585 4868 2731 4916 recte
2772 4862 2949 4917 anima
2981 4863 3148 4919 ﬁdelis
3171 4839 3343 4917 dicere
3380 4861 3550 4929 potest:
3585 4839 3704 4902 luitur

2268 4967 2385 5020 gere
2399 4968 2477 5004 me
2500 4951 2674 5022 facito,
2698 4962 2750 5007 et
2769 4953 3116 5033 perscrutabor
3141 4956 3293 5027 legem
3310 4961 3432 5005 tuam
3446 4942 3576 5019 (Psal.
3591 4946 3703 4993 mw,

2270 5040 2383 5113 34).
2429 5043 2660 5099 Proinde
2681 5085 2696 5111 ,
2727 5060 2793 5100 ne
2821 5046 2890 5101 ab
2927 5047 3019 5102 illo
3057 5060 3323 5109 erremus,
3348 5043 3458 5097 dum
3478 5037 3530 5092 de
3560 5035 3703 5120 nostra...

2269 5133 2413 5188 velut
2436 5150 2502 5189 ex
2528 5135 2680 5190 nobis
2708 5136 2806 5199 sit,
2838 5137 3178 5207 intelligentia
3206 5136 3403 5191 ﬁdimus
3423 5172 3436 5195 .
3481 5124 3568 5195 eius
3602 5124 3705 5207 min"

2268 5224 2368 5281 bus
2397 5241 2496 5280 nos
2519 5226 2787 5282 credendo
2800 5228 2966 5283 snbda
2976 5202 3109 5284 nius.
3133 5227 3248 5299 Ipse
3268 5227 3318 5281 in
3343 5222 3474 5278 nobis
3490 5226 3576 5271 ean)
3592 5202 3701 5260 iaciat.

2271 5315 2401 5370 utin
2432 5316 2774 5386 intelligentia
2806 5334 3057 5374 manuum
3086 5331 3293 5375 suarum
3331 5329 3419 5370 nos
3440 5303 3701 5365 deducalm‘

2269 5416 2354 5461 tos
2385 5408 2453 5462 ab
2479 5422 2661 5464 errore
2679 5451 2695 5475 ,
2724 5425 2896 5481 eoque
2918 5411 3168 5482 perducat
3188 5409 3269 5464 ubi
3290 5407 3390 5478 jam
3424 5413 3511 5455 non
3529 5386 3701 5482 milli“

2267 5512 2469 5555 errare.
2501 5499 2596 5555 llic
2617 5512 2701 5557 est
2726 5479 2931 5557 fructus
2954 5504 3128 5573 populi
3156 5502 3274 5566 Dei,
3308 5486 3570 5575 attendentis
3590 5479 3698 5575 Ιςδςω

2269 5586 2362 5644 Dei
2394 5629 2408 5652 .
2440 5602 2493 5645 et
2516 5590 2817 5648 inclinantis
2860 5608 3047 5649 aurem
3077 5608 3219 5650 suam
3249 5591 3295 5645 in
3330 5584 3467 5643 verba
3498 5572 3696 5662 Ofisel'l’j

2269 5687 2329 5735 ut
2356 5678 2548 5751 dirigat
2572 5682 2622 5735 in
2650 5697 2718 5737 co
2741 5699 2836 5738 cor
2859 5698 3012 5739 suum
3037 5685 3092 5752 ',
3123 5694 3174 5741 et
3197 5682 3263 5737 sit
3298 5691 3403 5735 cum
3444 5669 3516 5728 illo
3543 5652 3697 5717 credims

2333 5790 2350 5856 ξ
2378 5796 2439 5856 tta
2460 5796 2571 5856 uss.
2591 5798 2644 5841 At
2665 5791 2798 5853 κάει,
2816 5790 2902 5843 sed
2924 5791 2969 5856 si
2987 5794 3060 5846 sic
3074 5796 3276 5856 pessmu-

2269 5912 2279 5922 _
2332 5851 2352 5882 .
2363 5816 3287 5923 ιδρᾝζωετυείιηεξιιξιειξππςθ
3304 5859 3425 5903 εηηη.
3444 5856 3458 5893 .-
3474 5828 3627 5903 αυοαει
3640 5816 3695 5866 ιν

2262 5912 2345 5975 jus
2361 5911 2528 5963 Psabni
2552 5914 2601 5975 ᾗ.
2625 5913 2655 5962 8
2678 5924 2929 5979 acceptum
2953 5925 3046 5969 est.
