3966 6444
238 425 389 483 1009

228 540 462 613 spiritus
481 539 614 610 ejus,
641 553 709 596 ne
737 538 1047 598 immutetur
1068 536 1123 589 in
1145 535 1161 566 ι
1189 535 1588 606 generationem
1607 549 1823 606 pravam

228 639 288 688 et
331 632 746 694 amaricantem;
774 628 868 686 sed
898 627 981 682 his
1026 626 1272 684 omnibus
1315 625 1415 682 sibi
1454 626 1780 682 annuntiatis
1809 669 1823 693 ,

228 740 346 780 non
368 724 539 779 solum
560 722 629 778 ad
653 729 970 793 praesentem
987 720 1169 788 vitam,
1183 733 1368 774 verum
1388 718 1549 774 etiam
1573 717 1640 774 ad
1670 725 1828 773 teter-

225 829 361 868 nam
389 856 404 880 ,
433 829 533 870 nec
576 820 781 868 tantum
832 811 901 866 ad
931 810 1238 882 recipienda
1291 809 1555 864 bonorum
1599 825 1822 880 operum

223 907 480 978 praemia,
511 905 603 960 sed
625 906 785 960 etiam
806 905 858 959 in
885 903 997 973 ipsa
1027 902 1167 958 bona
1186 917 1348 972 opera
1375 900 1640 969 facienda,
1662 909 1825 972 ponat

222 999 279 1051 in
313 997 432 1052 Deo
455 1011 604 1067 spem
633 1010 804 1052 suam.

586 1198 670 1260 IN
711 1196 1092 1260 PSALMUM
1132 1195 1462 1257 LXXVIII

771 1342 1170 1399 ENARRATIO
1191 1341 1288 1415 (a).

301 1478 358 1532 1.
393 1474 545 1550 [νοτε.
579 1473 655 1548 1.]
698 1474 758 1530 In
796 1475 948 1531 titulo
989 1475 1178 1545 psalmi
1227 1475 1383 1545 hujus
1417 1484 1525 1532 tam
1572 1477 1721 1532 brevi
1765 1485 1818 1533 et

221 1566 461 1636 simplici
485 1565 869 1622 immorandum
891 1581 1011 1622 esse
1034 1582 1137 1621 non
1160 1576 1307 1636 puto.
1332 1566 1670 1637 Prophetiam
1689 1581 1818 1623 vero

221 1673 394 1728 quam
427 1658 514 1713 hic
541 1658 866 1728 praemissam
899 1657 1124 1728 legimus
1147 1699 1163 1725 ,
1190 1657 1466 1713 evidenter
1493 1659 1694 1714 scimus
1716 1659 1816 1716 im-

217 1748 453 1821 pictam.
486 1748 617 1804 Cum
648 1750 793 1804 enim
819 1750 917 1805 ista
942 1750 1266 1805 canerentur
1304 1749 1634 1820 temporibus
1673 1750 1816 1820 regis

217 1840 421 1904 David,
451 1840 580 1895 nihil
607 1842 713 1897 tale
735 1841 912 1898 adhuc
931 1842 1226 1912 contigerat
1251 1857 1316 1898 ex
1337 1841 1659 1898 adversitate
1682 1841 1815 1898 Gen-

216 1927 362 1984 tium
389 1930 592 1985 civitati
617 1931 911 1987 Jerusalem
932 1971 948 2000 ,
998 1946 1101 1987 nec
1129 1931 1327 2001 templo
1355 1931 1484 1999 Dei,
1527 1930 1669 2002 quod
1715 1946 1816 1988 nec

211 2021 544 2076 aedificatum
567 2021 741 2078 adhuc
765 2032 898 2078 erat.
941 2023 1070 2078 Post
1107 2031 1336 2078 mortem
1363 2023 1559 2094 quippe
1597 2023 1761 2078 David
1794 2064 1809 2091 ,

210 2115 392 2169 tilium
442 2113 558 2184 ejus
604 2115 948 2170 Salomonem
999 2115 1110 2170 Deo
1154 2115 1409 2183 templum
1451 2113 1646 2170 fecisse
1689 2114 1810 2184 quis

209 2207 466 2261 nesciat?
498 2205 699 2262 Dicitur
719 2222 846 2277 ergo
868 2217 1116 2276 tanquam
1165 2206 1491 2276 praeteritum
1511 2246 1527 2273 ,
1573 2205 1716 2276 quod
1757 2206 1810 2261 in

209 2300 410 2370 spiritu
433 2299 711 2355 videbatur
729 2314 851 2355 esse
869 2299 1105 2354 futurum
1132 2317 1148 2355 :
1177 2299 1317 2354 Deus
1333 2339 1346 2364 ,
1369 2308 1607 2354 uenerunt
1627 2297 1810 2353 Gentes

209 2397 264 2447 in
312 2393 658 2448 haereditatem
710 2403 867 2446 tuam.
921 2392 1036 2460 Qua
1105 2391 1358 2462 loquendi
1420 2391 1810 2448 consuetudine

209 2487 378 2541 etiam
409 2484 535 2539 illud
581 2494 664 2540 est
708 2485 1086 2555 pr0phetatum
1132 2484 1200 2540 de
1252 2484 1460 2538 Domini
1510 2483 1758 2554 passione
1788 2524 1804 2550 ,

208 2575 476 2630 Dederunt
500 2575 554 2630 in
579 2591 745 2629 escam
769 2592 930 2629 meam
956 2577 1028 2646 fel
1045 2616 1060 2640 ,
1095 2585 1142 2630 et
1166 2576 1220 2629 in
1253 2575 1338 2629 siti
1373 2592 1485 2630 mea
1511 2584 1807 2645 putaverunt

209 2684 294 2722 me
319 2679 462 2722 aceto
497 2665 664 2739 (Psal.
721 2683 914 2735 vant,
945 2667 1076 2738 22);
1125 2677 1178 2722 et
1222 2667 1325 2722 alia
1351 2682 1471 2737 quae
1514 2668 1568 2722 in
1615 2667 1804 2723 eodem

211 2762 423 2830 psalmo
451 2768 672 2814 ventura
702 2759 848 2815 velut
898 2759 1036 2814 facta
1067 2767 1370 2814 narrantur.
1415 2759 1524 2816 Nec
1545 2758 1675 2815 illud
1701 2759 1803 2814 mi-

208 2849 440 2905 randum
463 2860 542 2906 est
570 2892 585 2917 ,
616 2851 754 2920 quod
799 2851 910 2906 Deo
938 2851 1034 2904 ista
1057 2850 1327 2905 dicuntur.
1357 2849 1473 2906 Non
1523 2851 1664 2906 enim
1704 2866 1803 2907 ne-

205 2941 405 2995 scienti
448 2939 782 3006 indicantur,
814 2955 919 3010 quo
962 2939 1234 2996 revelante
1271 2940 1661 3011 prsesciuntur;
1705 2941 1802 2997 sed

204 3033 390 3086 anima
434 3048 556 3088 cum
589 3033 698 3088 Deo
727 3033 960 3102 loquitur
981 3034 1192 3104 pietatis
1229 3033 1424 3088 affectu
1447 3049 1606 3104 quem
1654 3034 1803 3090 novit

206 3124 355 3180 Deus
378 3126 420 3180 ³.
451 3123 584 3180 Nam
608 3136 664 3180 et
685 3126 871 3197 Angeli
899 3141 1019 3196 quae
1047 3126 1351 3182 hominibus
1386 3127 1664 3192 nuntiant,
1702 3142 1798 3183 ne-

203 3217 505 3271 scientibus
531 3219 812 3282 nuntiant;
839 3233 957 3287 quae
981 3225 1157 3272 autem
1190 3219 1297 3273 Deo
1324 3219 1584 3282 nuntiant,
1610 3219 1798 3274 scienti

203 3305 492 3371 nuntiant,
516 3307 730 3376 quando
773 3307 847 3362 illi
885 3306 1116 3362 olTerunt
1155 3308 1428 3363 orationes
1467 3317 1677 3363 nostras
1701 3351 1714 3371 .
1743 3316 1798 3364 et

199 3395 463 3452 ineffabili
508 3397 666 3452 modo
709 3397 777 3454 de
805 3398 1011 3454 actibus
1032 3399 1143 3452 suis
1171 3408 1426 3455 teternam
1467 3401 1750 3457 veritatem
1775 3441 1792 3468 ,

202 3498 460 3559 tanquam
484 3488 656 3559 legem
699 3490 1189 3546 incommutabilem
1229 3493 1532 3549 consulunt.
1581 3494 1649 3548 Et
1693 3493 1796 3550 iste

202 3587 340 3643 ergo
370 3571 531 3627 homo
562 3573 654 3628 Dei
681 3572 810 3626 dicit
837 3573 946 3628 Deo
973 3574 1114 3643 quod
1140 3573 1358 3630 discata
1388 3576 1515 3641 Deo,
1549 3584 1796 3644 tanquam

201 3663 508 3733 discipulus
533 3666 786 3734 magistro
812 3681 918 3722 non
955 3665 1240 3735 ignoranti,
1273 3666 1369 3721 sed
1409 3665 1703 3735 judicanti;
1734 3680 1797 3721 ac

201 3755 305 3820 sic,
335 3764 430 3808 aut
458 3756 700 3825 probanti
733 3756 872 3826 quod
914 3757 1115 3824 docuit,
1165 3767 1258 3812 aut
1299 3757 1440 3827 quod
1481 3774 1588 3811 non
1616 3757 1797 3812 docuit

201 3847 661 3921 reprehendenti:
692 3851 929 3905 maxime
967 3851 1088 3920 quia
1130 3851 1307 3919 Specie
1336 3850 1639 3919 precantis'
1666 3849 1797 3906 Pro-

203 3941 369 4012 pheta
402 3955 498 3996 eos
524 3941 575 3996 in
601 3957 661 3996 se
701 3943 1060 4011 transligurat,
1106 3942 1196 4012 qui
1244 3953 1369 3996 tunc
1414 3941 1575 3998 futuri
1616 3951 1798 3998 essent

199 4032 424 4104 quando
465 4034 564 4088 ista
605 4044 850 4089 ventura.
898 4033 1085 4090 Solent
1125 4043 1304 4089 autem
1339 4035 1393 4088 in
1421 4034 1662 4090 oratione
1689 4035 1794 4089 dici

205 4122 320 4178 Deo
346 4139 468 4193 quae
490 4122 764 4178 vindicans
790 4122 1013 4182 fecerit.
1053 4133 1108 4178 et
1132 4123 1345 4194 adjungi
1386 4125 1570 4194 petitio
1593 4133 1654 4180 ut
1674 4123 1786 4197 jam

200 4214 526 4269 misereatur
553 4222 605 4268 et
632 4222 832 4284 parcat.
854 4215 964 4268 lloc
994 4213 1156 4269 modo
1182 4222 1236 4268 et
1259 4215 1345 4270 hic
1365 4214 1612 4271 dicuntur
1629 4231 1661 4272 a
1681 4232 1788 4286 quo

200 4306 566 4376 praedicuntur
591 4347 604 4370 ,
637 4315 886 4375 tanquam
903 4305 970 4360 ab
990 4304 1068 4359 eis
1095 4304 1340 4360 dicantur
1367 4305 1561 4375 quibus
1586 4307 1786 4364 accide-

198 4405 330 4450 runt
355 4411 370 4460 ;
399 4406 453 4450 et
488 4396 599 4467 ipsa
623 4394 920 4466 deploratio
947 4404 1107 4466 atque
1144 4395 1418 4465 precatio,
1448 4396 1785 4468 prophetatio

194 4496 303 4542 est.

268 4578 326 4631 2.
358 4595 376 4629 ι
411 4577 581 4643 Deus,
607 4588 865 4634 venerunt
893 4579 1090 4634 Gentes
1115 4579 1168 4633 in
1196 4578 1558 4636 hmreditatem
1599 4590 1780 4650 tuam;

194 4667 506 4738 polluerunt
534 4666 786 4736 templum
829 4675 1069 4722 sanctum
1099 4678 1246 4722 tuum
1268 4711 1282 4734 ,
1317 4681 1605 4738 posuerunt
1624 4670 1781 4728 Jeru-

195 4758 368 4814 salem
403 4757 454 4811 in
479 4772 759 4828 pomorum
784 4757 1101 4812 custodiam.
1152 4757 1452 4814 Posuerunt
1501 4763 1781 4821 morticina

190 4863 481 4906 servorum
512 4857 722 4902 tuorum
763 4861 914 4903 escas
955 4847 1259 4902 volatilibus
1279 4849 1418 4914 coeli,
1445 4865 1633 4906 carnes
1661 4866 1782 4907 san-

193 4950 407 5000 ctorum
440 4949 652 4994 tuorum
683 4939 865 4994 bestiis
903 4947 1078 4993 terrae.
1115 4938 1426 4997 Effuderunt
1469 4943 1778 5012 sanguinem

193 5045 384 5087 eorum
429 5031 566 5085 sicut
612 5045 803 5099 aquam
848 5027 904 5083 in
931 5029 1154 5084 circuitu
1195 5029 1532 5098 Jerusalem,
1573 5041 1629 5087 et
1672 5048 1777 5092 non

190 5130 311 5178 erat
332 5121 424 5192 qui
455 5121 724 5190 sepeliret.
755 5139 774 5173 ι
811 5119 866 5174 Si
896 5119 948 5174 in
972 5119 1070 5174 ista
1092 5120 1369 5191 prophetia
1382 5121 1658 5191 quisquam
1684 5139 1780 5180 no-

189 5219 367 5266 strum
388 5225 506 5268 eam
525 5211 872 5266 vastationem
891 5209 1182 5265 Jerusalem
1211 5211 1602 5282 intelligendam
1623 5222 1780 5283 puta-

189 5303 364 5368 verit,
393 5318 512 5374 quae
533 5301 668 5359 facta
693 5311 823 5358 esta
850 5301 971 5356 Tito
1001 5303 1321 5371 imperatore
1352 5303 1623 5371 llomano,
1655 5320 1774 5360 cum

191 5391 300 5462 jam
330 5394 587 5449 Dominus
607 5392 763 5448 Jesus
809 5393 1050 5448 Christus
1070 5402 1189 5464 post
1236 5395 1677 5450 resurrectionem
1723 5405 1778 5452 et

188 5486 558 5540 ascensionem
608 5498 758 5538 suam
803 5483 1184 5552 praedicaretur
1229 5483 1280 5538 in
1327 5482 1617 5550 Gentibus;
1670 5501 1773 5541 non

190 5573 324 5629 mihi
353 5576 587 5631 occurrit
607 5572 880 5646 quomodo
910 5572 1017 5628 dici
1046 5574 1277 5644 potuerit
1301 5573 1409 5645 jam
1440 5575 1529 5629 ille
1550 5577 1774 5646 pOpuIltS

253 5687 271 5717 ³
296 5693 417 5748 tres
433 5695 562 5748 Mss,
579 5699 639 5738 ne
653 5685 867 5748 imitetur
883 5685 1257 5748 generationem,
1282 5694 1376 5748 etc.

253 5748 277 5810 ξ
295 5747 462 5810 Plures
473 5745 602 5808 Mss,
625 5760 734 5810 qua:
749 5745 987 5810 eniman
1009 5747 1136 5810 ridet
1159 5745 1323 5797 Detur?

261 5807 706 5874 fsic_aliquotalss.
734 5815 790 5874 at
803 5808 935 5868 sdd.,
962 5807 1119 5874 specie
1142 5807 1384 5874 prazsenti.

251 5866 326 5930 (α)
349 5866 608 5936 Dicta'post
621 5871 894 5934 ertpositum
911 5866 1078 5919 Psalm.
1093 5866 1289 5932 LXXVII,
1303 5869 1368 5919 de
1383 5870 1690 5934 quoinfra,n.
1709 5872 1754 5922 3.

1288 418 1682 476 ENARRATIO
1723 419 1786 475 IN
1826 420 2150 484 I’SALIIUM
2189 429 2470 488 LXXVIII.

3389 443 3528 498 1010

1940 538 2222 602 hereditas
2243 547 2370 614 Dei,
2401 563 2507 604 non
2534 557 2723 606 tenens
2741 551 3013 610 Christum
3035 595 3048 620 ,
3091 570 3196 626 quo
3227 559 3516 629 reprobate

1935 639 1990 688 et
2014 635 2192 693 occiso
2219 635 2388 695 factus
2413 648 2496 696 est
2533 642 2825 713 reprobus,
2870 643 2962 715 qui
3007 644 3061 701 in
3094 661 3218 703 eum
3266 662 3365 704 nec
3390 659 3515 720 post

1933 723 2051 796 ejus
2071 731 2515 788 resurrectionem
2531 733 2753 789 credere
2773 733 2940 792 voluit
2965 777 2979 802 ,
3010 745 3066 792 et
3085 736 3302 809 insuper
3325 749 3522 813 marty-

1932 831 2019 872 res
2040 818 2158 889 ejus
2176 822 2390 878 occidit.
2411 823 2490 878 Ex
2511 824 2601 881 illo
2625 826 2766 881 enim
2796 827 2990 898 populo
3010 828 3171 887 Israel
3193 831 3513 904 quicumque

1929 909 1985 964 in
2005 906 2274 968 Christum
2322 914 2696 985 crediderunt,
2751 918 2945 988 quibus
2996 917 3134 976 facta
3185 930 3268 978 est
3307 921 3512 978 Christi

1931 1003 2299 1072 praesentatio,
2327 1007 2793 1078 etquodammodo
2815 1012 3062 1080 promissi
3105 1013 3334 1070 redditio
3363 1015 3509 1071 salu-

1928 1091 2039 1147 bris
2063 1103 2222 1165 atque
2244 1094 2509 1154 fructuosa
2531 1140 2544 1162 ,
2578 1099 2646 1155 de
2688 1100 2881 1171 quibus
2907 1113 2960 1158 et
2987 1105 3100 1173 ipse
3126 1103 3384 1160 Dominus
3429 1106 3510 1160 di.

1927 1185 2000 1240 cit
2023 1227 2037 1253 ,
2067 1185 2188 1242 Non
2209 1205 2318 1244 sum
2344 1190 2523 1246 missus
2555 1193 2650 1248 nisi
2673 1193 2741 1247 ad
2769 1211 2882 1249 oves
2906 1211 3020 1269 qua:
3043 1197 3300 1266 perierunt
3328 1197 3510 1254 domus

1926 1277 2093 1334 Israel
2118 1279 2328 1351 (Matth.
2363 1299 2430 1339 xv
2449 1325 2462 1345 ,
2491 1283 2616 1355 24),
2654 1286 2750 1356 ipsi
2779 1302 2846 1342 ex
2877 1288 2983 1342 illis
3006 1297 3122 1344 sunt
3146 1289 3246 1360 ﬁlii
3287 1291 3509 1361 promis-

1923 1368 2113 1438 sionis,
2147 1370 2246 1441 ipsi
2292 1373 2600 1442 deputantur
2633 1375 2687 1429 in
2714 1379 2902 1431 semine
2928 1376 3104 1448 (Rom.
3147 1394 3201 1435 lx
3225 1421 3240 1446 ,
3270 1380 3361 1450 8),
3408 1379 3511 1452 ipsi

1922 1461 2192 1532 pertinent
2235 1463 2302 1518 ad
2345 1463 2712 1522 hazreditatem
2765 1468 2880 1523 Dei.
2934 1468 3070 1524 Hinc
3109 1479 3236 1525 sunt
3266 1469 3464 1542 Joseph
3490 1514 3505 1538 ,

1921 1550 2084 1608 homo
2122 1553 2332 1624 justus,
2374 1565 2429 1610 et
2469 1557 2617 1627 virgo
2653 1557 2814 1612 Maria
2836 1574 2956 1629 quae
2983 1560 3193 1630 peperit
3237 1560 3508 1618 Christum

1921 1642 2134 1715 (Matth.
2157 1662 2194 1711 1,
2221 1644 2310 1722 l6)
2335 1665 2348 1700 :
2379 1647 2504 1704 hinc
2531 1647 2767 1705 Joannes
2794 1651 3048 1720 Baptista,
3069 1653 3272 1707 amicus
3298 1653 3502 1724 sponsi,

1919 1743 1976 1790 et
1995 1745 2244 1806 parentes
2265 1737 2381 1809 ejus
2418 1739 2705 1795 Zacharias
2733 1749 2786 1796 et
2826 1741 3101 1798 Elizabeth
3133 1741 3281 1811 (Luc.
3307 1760 3360 1811 ι,
3403 1742 3460 1817 5)
3489 1765 3501 1800 :

1918 1825 2042 1882 hinc
2071 1828 2288 1884 Simeon
2318 1844 2480 1886 senex
2511 1840 2565 1887 et
2585 1831 2738 1887 Anna
2765 1831 2946 1902 vidua,
2978 1834 3068 1904 qui
3099 1832 3370 1891 Christum
3392 1853 3500 1894 non

1916 1916 2219 1989 loquentem
2245 1935 2404 1977 sensu
2450 1924 2691 1995 corporis
2736 1925 3050 1992 audierunt;
3078 1927 3172 1983 sed
3210 1928 3384 1986 adhuc
3414 1931 3499 1998 in-

1913 2007 2116 2066 fantem
2143 2026 2247 2068 non
2279 2013 2584 2084 loquentem
2605 2056 2622 2082 ,
2645 2017 2834 2085 Spiritu
2865 2028 3231 2089 cognoverunt
3261 2019 3372 2091 (Id.
3416 2039 3498 2091 11,,

1913 2098 2025 2170 25,
2065 2101 2158 2176 56)
2190 2121 2204 2158 :
2258 2104 2382 2161 hinc
2421 2106 2562 2162 beati
2614 2109 2860 2180 Apostoli
2895 2128 2908 2164 :
2959 2111 3082 2168 hinc
3110 2112 3399 2173 Nathanael
3445 2115 3516 2172 in.

1913 2209 2019 2264 quo
2039 2195 2194 2250 dolus
2221 2211 2327 2253 non
2354 2207 2470 2254 erat
2494 2198 2674 2271 (Joan.
2726 2218 2776 2268 1,
2817 2202 2909 2274 47)
2937 2221 2949 2258 :
2982 2202 3107 2261 hinc
3134 2206 3270 2263 alius
3294 2206 3497 2278 Ioseph

1912 2286 2001 2356 qui
2028 2289 2373 2358 exspectabat
2398 2291 2560 2345 etiam
2583 2292 2696 2361 ipse
2717 2307 2940 2364 regnum
2968 2295 3064 2350 Dei
3095 2294 3204 2369 (Id.
3238 2313 3364 2364 nix,
3393 2297 3497 2362 58.,

1910 2387 1958 2432 et
1994 2376 2124 2432 Luc.
2178 2394 2338 2448 xxm,
2384 2381 2519 2453 5i):
2570 2381 2696 2439 hinc
2737 2393 2881 2438 tanta
2928 2385 3022 2441 illa
3066 2387 3352 2445 multitudo
3380 2405 3500 2460 qua:

1911 2467 2246 2537 praecedebat
2299 2479 2353 2526 et
2391 2471 2712 2540 sequebatur
2726 2472 3025 2543 jumentum
3054 2475 3171 2546 ejus
3194 2517 3210 2542 ,
3263 2478 3447 2534 dicens
3478 2521 3493 2546 ,

1910 2555 2212 2614 Benedictus
2236 2561 2321 2632 qui
2341 2563 2470 2616 venit
2490 2563 2542 2616 in
2568 2564 2768 2618 nomine
2791 2563 3001 2620 Domini
3023 2565 3233 2639 (Matth.
3251 2584 3341 2624 χχι
3357 2611 3372 2636 ,
3402 2569 3494 2642 9);

1907 2649 1962 2704 1η
1991 2665 2094 2720 qua
2125 2659 2238 2706 erat
2259 2661 2314 2707 et
2336 2655 2682 2725 congregatio
2727 2671 3018 2726 puerorum
3061 2660 3112 2713 in
3144 2661 3338 2732 quibus
3363 2662 3500 2719 dixit

1907 2738 2218 2809 impletum,
2269 2739 2356 2796 Ea:
2383 2759 2472 2798 ore
2504 2745 2779 2816 infantium
2817 2757 2865 2801 et
2905 2747 3193 2804 lactentium
3241 2754 3497 2824 perfecisti

1906 2830 2108 2885 laudem
2131 2831 2301 2906 (Psal.
2334 2849 2427 2889 vni
2449 2875 2465 2902 ,
2493 2834 2572 2908 5).
2601 2836 2736 2893 Hinc
2761 2839 2921 2894 etiam
2959 2840 3032 2894 illi
3079 2852 3200 2912 post
3247 2844 3365 2914 ejus
3406 2861 3494 2903 re-

1906 2926 2292 2982 surrectionem
2314 2966 2329 2992 ,
2360 2944 2584 2998 quorum
2611 2930 2697 2985 die
2718 2946 2824 2986 uno
2853 2933 2949 2987 tria
2969 2975 2983 2999 ,
3015 2945 3069 2989 et
3114 2935 3220 2990 alio
3259 2938 3494 3008 quinque

1904 3015 2067 3070 millia
2094 3016 2345 3087 baptizati
2367 3029 2492 3074 sunt
2525 3021 2662 3090 (Act.
2696 3037 2771 3088 11,
2802 3023 2901 3092 41,
2945 3034 2992 3078 et
3031 3040 3083 3080 ιν
3105 3067 3120 3094 ,
3169 3027 3256 3099 4),
3292 3028 3344 3082 in
3371 3009 3490 3084 ani-

1901 3123 2044 3163 mam
2067 3124 2227 3164 unam
2249 3119 2305 3166 et
2327 3125 2421 3165 cor
2447 3128 2610 3167 unum
2631 3111 2908 3170 charitatis
2929 3115 3050 3183 igne
3085 3117 3333 3186 conﬂati;
3358 3134 3491 3190 quo-

1901 3215 2018 3255 rum
2041 3215 2201 3257 nemo
2237 3201 2451 3259 diccbat
2484 3204 2685 3276 aliquid
2736 3207 3008 3278 proprium
3030 3250 3045 3274 ,
3074 3211 3168 3266 sed
3197 3212 3348 3266 erant
3383 3213 3490 3276 illis

1900 3293 2076 3348 omnia
2103 3296 2406 3350 communia
2434 3295 2546 3366 (Id.
2594 3313 2645 3355 ιν
2669 3338 2685 3364 ,
2711 3298 2804 3372 52)
2830 3317 2842 3354 :
2876 3299 3000 3356 hinc
3021 3303 3190 3358 sancti
3219 3303 3429 3361 diaconi
3470 3347 3485 3372 ,

1899 3400 2125 3456 quorum
2153 3384 2460 3456 Stephanus
2481 3397 2608 3444 ante
2628 3388 2916 3460 Apostolus
2943 3395 3202 3466 martyrio
3223 3403 3307 3450 est
3331 3411 3486 3453 coro.

1899 3485 2054 3530 natus
2078 3475 2186 3545 (Id.
2212 3493 2316 3545 vn,
2341 3479 2434 3550 58)
2465 3497 2479 3534 :
2513 3479 2636 3537 hinc
2659 3490 2736 3537 tot
2763 3483 3020 3544 Ecclesiae
3048 3485 3248 3541 Iudaea:
3278 3503 3396 3558 qua:
3427 3490 3480 3546 in

1894 3564 2112 3621 Christo
2137 3577 2292 3622 erant
2309 3609 2325 3636 ,
2359 3570 2551 3639 quibus
2573 3581 2687 3627 crat
2715 3573 2845 3628 facie
2869 3575 3064 3630 Paulus
3099 3577 3312 3647 ignotus
3338 3577 3480 3649 (Gal.

1896 3671 1946 3724 1,
1971 3656 2098 3728 22),
2129 3667 2290 3714 notus
2316 3671 2491 3716 autem
2525 3664 2732 3718 saevitia
2767 3665 3152 3734 famosissima,
3183 3668 3278 3724 sed
3306 3672 3482 3728 notior

1896 3744 2098 3801 Christi
2129 3749 2630 3806 misericordissima
2648 3754 2817 3824 gratia
2851 3773 2865 3820 ς
2917 3754 3044 3811 hinc
3068 3765 3122 3812 et
3150 3758 3264 3829 ipse
3290 3774 3482 3816 secun-

1892 3834 2021 3893 dum
2047 3835 2379 3911 praemissam
2411 3841 2477 3897 de
2524 3859 2584 3898 se
2635 3844 2999 3915 prOphetiam,
3041 3846 3219 3919 Lupus
3271 3867 3434 3920 rapax
3459 3894 3474 3918 ,

1893 3946 2039 3984 mane
2063 3933 2280 4002 rapiens,
2306 3944 2353 3990 et
2379 3935 2446 3988 ad
2461 3951 2717 4005 vesperum
2733 3937 2958 4001 dividens
2979 3955 3116 3994 escas
3141 3939 3292 4011 (Gen.
3321 3958 3470 4011 xux,

1893 4019 1983 4096 27)
2007 4065 2022 4091 ,
2055 4023 2107 4080 id
2137 4034 2252 4092 eSt,
2305 4027 2452 4096 prius
2489 4029 2704 4098 rapiens
2734 4040 3042 4099 persecutor
3084 4032 3151 4086 ad
3199 4042 3426 4090 mortem
3456 4075 3472 4103 ,

1890 4124 2072 4186 postea
2101 4131 2325 4186 pascens
2364 4117 2678 4188 praedicator
2701 4120 2768 4175 ad
2791 4120 2971 4176 vitam.
3001 4121 3067 4177 lli
3090 4133 3242 4178 erant
3288 4140 3354 4180 ex
3382 4125 3475 4188 illo

1891 4207 2085 4276 populo
2113 4207 2395 4268 hmreditas
2419 4210 2532 4270 Dei.
2557 4210 2708 4268 Unde
2727 4219 2780 4267 et
2807 4212 2880 4267 ait
2909 4212 3024 4284 ipse
3061 4214 3316 4272 minimus
3338 4218 3477 4287 Apo-

1889 4297 2146 4353 stolorum
2193 4297 2234 4372 (1
2286 4299 2404 4358 Cor.
2437 4317 2543 4366 xv,
2575 4301 2665 4374 9),
2698 4301 2882 4359 doctor
2933 4304 3225 4361 Gentium:
3287 4326 3305 4359 ‹
3345 4307 3474 4366 Dico

1888 4404 2054 4461 ergo,
2085 4391 2346 4463 Numquid
2394 4395 2586 4464 repulit
2636 4396 2776 4451 Deus
2825 4397 3033 4468 plebem
3078 4401 3269 4456 suam?
3298 4403 3470 4458 Absit.

1888 4482 2019 4538 Nam
2038 4493 2090 4538 et
2115 4499 2213 4554 ego
2236 4483 2474 4540 Israelita
2506 4500 2622 4540 sum
2643 4502 2707 4541 ex
2759 4488 2964 4545 semine
2997 4487 3160 4545 Israel
3184 4532 3199 4556 ,
3242 4491 3307 4546 de
3333 4492 3472 4549 tribu

1891 4576 2186 4647 Benjamiu.
2209 4577 2323 4633 Non
2352 4579 2698 4648 repulitDcus
2720 4581 2926 4650 plebem
2953 4597 3103 4638 suam
3151 4601 3308 4655 quam
3337 4603 3472 4657 prse—

1888 4667 2056 4722 scivit.
2095 4686 2114 4720 1
2146 4667 2272 4724 llaec
2315 4669 2464 4738 plebs
2489 4686 2608 4740 qua:
2629 4686 2694 4726 ex
2730 4671 2819 4726 illa
2845 4684 3003 4744 gente
3031 4674 3227 4730 Christi
3257 4679 3471 4748 corpori

1885 4761 2140 4826 accessit,
2165 4759 2444 4817 haeredilas
2466 4763 2557 4818 Dei
2579 4772 2679 4818 est.
2707 4762 2841 4818 Nam
2869 4764 3010 4836 quod
3039 4766 3113 4820 ait
3145 4767 3466 4838 Apostolus,

1888 4849 2009 4905 Non
2033 4853 2217 4920 repulit
2261 4852 2399 4907 Deus
2455 4853 2647 4922 plebem
2701 4871 2846 4908 suam
2886 4873 3036 4927 quam
3080 4860 3362 4927 prwscivit,
3395 4860 3470 4924 illi

1887 4943 2093 5012 psalmo
2124 4944 2307 5014 utique
2332 4945 2648 5014 respondet,
2681 4946 2769 5000 ubi
2796 4946 3050 5018 scriptum
3079 4958 3180 5016 est,
3219 4951 3473 5019 Quoniam

1885 5050 1984 5086 non
2005 5033 2209 5102 repellet
2234 5033 2480 5088 Dominus
2502 5036 2692 5105 plebem
2708 5053 2853 5091 suam
2871 5054 2891 5092 :
2919 5041 2986 5094 ibi
3005 5049 3182 5097 autem
3207 5043 3471 5110 sequitur,

1882 5123 1952 5178 Et
1975 5125 2318 5180 hwreditatem
2343 5142 2488 5180 suam
2510 5144 2610 5180 non
2642 5127 2951 5200 derelinquet
2978 5128 3149 5200 (Paul.
3168 5146 3314 5197 xcnt,
3343 5133 3430 5205 M)
3457 5149 3470 5198 ;

1884 5216 1970 5272 ubi
1990 5217 2263 5272 evidenter
2291 5227 2541 5288 apparet,
2574 5219 2731 5276 talem
2761 5221 2970 5294 plebem
3008 5237 3128 5278 osse
3177 5224 3468 5281 hmredita-

1885 5321 1989 5365 tem
2019 5310 2131 5366 Dei.
2167 5310 2234 5367 Ut
2257 5312 2398 5367 enim
2429 5310 2531 5367 hoc
2552 5312 2751 5370 diceret
2775 5313 3062 5383 Apostolus
3084 5355 3100 5383 ,
3131 5330 3291 5386 supra
3317 5333 3471 5373 com-

1881 5411 2274 5460 memoraverat
2325 5403 2694 5474 propheticum
2728 5405 3085 5462 testimonium
3124 5409 3193 5464 de
3220 5424 3470 5479 praenun-

1882 5495 2006 5548 tiata
2038 5493 2211 5549 futura
2243 5496 2612 5552 incredulitate
2638 5498 2815 5568 populi
2860 5498 3024 5554 Israel
3056 5518 3068 5554 :
3123 5501 3165 5555 Τ
3166 5511 3249 5556 ota
3273 5503 3357 5558 die
3377 5519 3467 5558 ea:-

1881 5588 2042 5659 pandi
2065 5605 2246 5644 manus
2273 5606 2406 5646 meas
2435 5591 2503 5643 ad
2533 5591 2776 5660 populum
2804 5607 2904 5645 non
2947 5593 3229 5648 credentem
3258 5607 3304 5650 et
3343 5612 3466 5650 con-

1881 5681 2206 5737 tradicentem
2239 5680 2412 5754 (Rom.
2444 5697 2475 5736 x
2501 5723 2516 5748 ,
2538 5681 2602 5736 21
2631 5723 2648 5749 ,
2676 5693 2724 5737 et
2753 5682 2880 5738 1εαὶ.
2908 5699 3008 5739 va
3032 5726 3049 5754 ,
3093 5684 3173 5758 2).
3213 5687 3312 5744 Hic
3339 5703 3470 5761 ergo

1879 5789 1946 5829 ne
1977 5775 2253 5846 quisquam
2284 5774 2424 5830 male
2454 5774 2790 5846 intelligens,
2824 5777 3128 5834 universum
3176 5780 3326 5835 illum
3363 5795 3465 5854 po-

1882 5863 2064 5934 pulum
2093 5864 2317 5921 crimine
2345 5863 2734 5922 incredulitatis
2774 5871 2827 5922 et
2855 5866 3290 5938 contradictionis
3324 5870 3468 5936 arbi-

2321 5956 2344 5982 δ
