3966 6474
538 469 671 525 NH

536 591 708 640 tretur
737 595 857 636 esse
881 579 1220 638 damnatum,
1246 570 1501 626 continuo
1523 561 1749 634 subjecit
1773 579 1786 613 :
1823 557 1946 612 Dico
1969 569 2084 628 ergo
2106 595 2121 620 ,

544 672 812 747 Numquid
841 669 1026 744 repulit
1079 667 1213 722 Deus
1257 660 1449 734 plebem
1491 654 1672 715 suam?
1698 652 1874 747 Absit.-
1908 647 2127 747 niam-et

540 788 634 844 ego
665 740 908 826 Israelita
930 780 1042 819 sum
1062 778 1125 818 ex
1144 773 1322 834 genere
1349 751 1515 811 Israel
1536 793 1551 817 ,
1579 749 1642 844 de
1667 747 1798 844 tribu
1834 740 2124 844 Benjamiq:

543 831 640 920 llic
681 858 914 920 ostendit
969 831 1386 927 quamvplebem
1438 843 1666 907 dixerit,
1715 839 1896 908 utique
1946 831 2129 906 populi

547 954 771 1026 prioris,
803 964 961 1024 quam
1002 949 1048 1004 si
1093 954 1255 1003 totam
1288 943 1429 999 Deus
1453 937 1789 1007 reprobassct
1827 939 1987 998 atque
2033 927 2129 982 da-

547 1021 785 1102 amasset
803 1021 832 1111 ,v
849 1057 956 1098 non
1007 1041 1193 1111 utique
1236 1039 1348 1108 ipse
1398 1031 1593 1089 Christi
1636 1035 1780 1084 esset
1817 1021 2129 1096 apostolus,

551 1139 786 1194 Israelita
837 1151 900 1191 ex
954 1133 1159 1191 semine
1207 1127 1512 1194 Abraham,
1544 1124 1611 1180 de
1669 1121 1805 1177 tribu
1835 1114 2131 1188 Benjamin.

547 1228 784 1285 Adhibet
829 1234 1007 1282 autem
1039 1222 1192 1278 valde
1221 1217 1582 1277 necessarium
1612 1209 1974 1268 testimonium
1995 1249 2008 1269 ,
2057 1204 2136 1258 di-

546 1335 720 1378 cens:
758 1337 778 1371 ι
813 1319 892 1374 An
947 1315 1163 1372 nescitis
1213 1313 1266 1368 in
1314 1310 1428 1365 Elia
1480 1306 1606 1378 quid
1646 1303 1775 1358 dicit
1820 1299 2090 1369 Scriptura
2118 1336 2133 1359 ,

563 1409 999 1483 quemadmodum
1054 1403 1357 1474 interpellat
1410 1401 1576 1456 Deum
1631 1395 1884 1451 adversus
1929 1384 2137 1483 lsraelA?

563 1474 785 1559 Domine
812 1541 828 1567 ,
861 1497 1156 1568 Prophetas
1187 1504 1304 1549 tuos
1328 1489 1671 1551 occiderunt,
1704 1482 1892 1538 altaria
1919 1490 2004 1533 tua
2030 1474 2140 1533 sui-

567 1592 852 1655 foderunt,
881 1596 936 1644 et
961 1602 1059 1656 ego
1088 1583 1372 1641 derelictus
1397 1594 1514 1634 sum
1569 1576 1714 1631 solus
1739 1616 1754 1641 ,
1801 1580 1856 1628 et
1896 1574 2143 1640 qua‘runt

558 1683 789 1740 animam
817 1694 1012 1736 meum.
1057 1676 1162 1734 Sed
1206 1673 1330 1746 quid
1359 1672 1487 1728 dicit
1536 1670 1608 1724 illi
1638 1679 1954 1738 responsum
2001 1661 2140 1717 divi-

558 1774 725 1829 nttm?
773 1770 978 1843 Reliqui
1010 1768 1141 1824 mihi
1190 1774 1394 1836 septem
1443 1761 1604 1817 millia
1635 1759 1866 1812 virorum
1895 1754 1983 1826 qui
2035 1767 2142 1806 non

557 1872 907 1920 curvaverunt
935 1872 1105 1931 genua
1127 1864 1252 1914 ante
1279 1854 1427 1912 Baal.
1452 1854 1540 1908 Sic
1567 1865 1694 1920 ergo
1720 1857 1774 1904 et
1800 1849 1851 1902 in
1884 1847 1985 1900 hoc
2011 1854 2144 1900 tem-

559 1970 690 2026 pore
742 1952 980 2024 reliquia:
1028 1965 1123 2021 per
1177 1947 1498 2004 electionem
1540 1943 1724 2014 gratiae
1779 1940 1940 1994 salvm
1994 1937 2144 1992 factae

559 2055 704 2103 sunt.
738 2063 756 2098 ι
793 2043 912 2100 Istae
960 2042 1198 2112 reliquie:
1237 2047 1362 2094 sunt
1402 2053 1466 2092 ex
1510 2035 1600 2091 illa
1629 2042 1788 2104 gente
1819 2028 2145 2086 hacreditatis

562 2138 687 2202 Dei;
712 2151 816 2191 non
846 2134 920 2190 illi
943 2134 1009 2190 de
1031 2132 1223 2204 quibus
1240 2130 1399 2201 paulo
1418 2135 1538 2199 post
1563 2125 1721 2180 dicit:
1753 2143 1770 2176 ‹
1801 2121 1994 2178 (Ξίεῑθτί
2019 2135 2146 2174 vero

565 2227 819 2284 excatcati
847 2233 991 2281 sunt.
1048 2242 1068 2277 ι
1121 2223 1210 2280 Sic
1234 2223 1376 2277 enim
1404 2221 1478 2274 ait
1510 2236 1524 2272 :
1563 2235 1582 2270 ι
1633 2215 1769 2286 Quid
1797 2213 1965 2284 ergo?
1995 2211 2145 2280 Quod

566 2318 836 2389 quaerebat
857 2316 1018 2372 Israel
1043 2359 1057 2384 ,
1084 2314 1186 2370 hoc
1211 2329 1315 2368 non
1345 2320 1427 2368 est
1455 2318 1805 2366 consecutus:
1837 2307 2027 2362 electio
2050 2321 2147 2359 au—

565 2421 672 2468 tem
689 2417 972 2466 consecuta
1003 2417 1110 2474 est;
1143 2406 1321 2462 caeteri
1343 2419 1469 2460 vero
1490 2401 1877 2458 excmcatisunt
1909 2416 1928 2452 ι
1970 2398 2142 2471 (Rom.

569 2518 628 2557 xt
649 2543 664 2571 ,
695 2501 838 2570 1-7).
870 2501 970 2555 ista
994 2500 1157 2571 igitur
1176 2498 1366 2553 electio
1391 2538 1405 2564 ,
1434 2495 1548 2548 istic
1577 2493 1812 2562 reliquiae
1836 2534 1851 2560 ,
1872 2492 1969 2546 ista
2001 2489 2149 2560 plebs

569 2592 664 2648 Dei
692 2605 851 2662 quam
877 2606 982 2646 non
1014 2589 1206 2660 repulit
1234 2588 1375 2644 Deus
1395 2629 1409 2654 ,
1441 2585 1724 2641 hmreditas
1775 2583 1892 2653 ejus
1933 2582 2146 2636 dicitur.

567 2684 624 2738 ln
656 2683 747 2738 illo
771 2692 949 2738 autem
976 2681 1134 2737 Israel
1180 2681 1268 2751 qui
1315 2681 1414 2733 hoc
1457 2692 1562 2732 non
1589 2685 1670 2731 est
1711 2682 2064 2738 consecutus,
2097 2673 2148 2726 in

568 2775 676 2830 illis
703 2774 912 2829 caeteris
941 2772 1250 2838 exca'catis,
1301 2785 1404 2825 non
1445 2777 1560 2824 erat
1606 2766 1714 2837 jam
1745 2764 2026 2820 haereditas
2056 2765 2149 2818 Dei

567 2868 634 2924 de
661 2882 763 2938 qua
790 2866 893 2922 dici
923 2876 1102 2937 posset
1128 2908 1143 2930 ,
1172 2863 1508 2934 post-Christi
1546 2864 1597 2915 in
1628 2861 1780 2916 ccelis
1808 2856 2151 2930 gloriﬁcatio-

569 2974 690 3014 nem
716 3001 731 3026 ,
765 2967 1002 3029 tempore
1029 2958 1132 3012 'l‘iti
1160 2955 1516 3027 imperatoris,
1544 2953 1716 3020 Deus,
1744 2959 1980 3007 venerunt
2013 2949 2150 3004 Cen-

570 3061 641 3106 tes
669 3052 721 3106 in
747 3051 1087 3105 haereditatem
1113 3059 1251 3102 tuam
1271 3090 1285 3115 ,
1315 3056 1370 3104 et
1396 3055 1588 3104 caetera
1616 3061 1732 3116 qua:
1759 3044 1826 3100 de
1871 3044 2012 3100 illius
2057 3058 2152 3113 po-

571 3143 677 3214 puli
709 3151 764 3198 et
800 3142 984 3213 templi
1027 3151 1080 3198 et
1104 3141 1332 3196 civitatis
1355 3139 1650 3194 vastatione
1676 3137 1921 3193 videntur
1950 3138 2003 3190 in
2051 3136 2152 3190 hoc

572 3234 779 3303 psalmo
803 3247 922 3289 esse
946 3233 1217 3302 prtedicta.

642 3325 694 3379 3.
740 3323 966 3379 Proinde
1001 3333 1090 3377 aut
1136 3339 1198 3378 ea
1236 3323 1492 3377 debemus
1531 3321 1827 3391 intelligere
1855 3337 1974 3391 qua:
2015 3323 2150 3376 facta

573 3423 696 3467 sunt
730 3413 797 3469 ab
834 3414 951 3467 aliis
978 3412 1238 3478 hostibus,
1265 3423 1546 3482 antequam
1575 3413 1816 3467 Christus
1845 3413 2076 3467 venisset
2103 3416 2153 3467 in

572 3517 735 3559 carne
782 3504 924 3571 (non
967 3504 1108 3558 enim
1149 3512 1263 3558 erat
1290 3504 1392 3557 alia
1425 3511 1547 3558 tunc
1588 3502 1870 3557 haereditas
1899 3503 2026 3572 Dei,
2067 3505 2155 3559 ubi

573 3603 628 3650 et
654 3593 937 3663 Propheta
965 3593 1132 3648 sancti
1165 3603 1336 3660 erant,
1365 3591 1575 3663 quando
1611 3592 1743 3646 facta
1784 3601 1868 3648 est
1903 3595 2159 3649 transmi—

571 3688 742 3758 gratio
774 3687 824 3740 in
871 3685 1239 3758 Babyloniam,
1275 3687 1610 3756 graviterque
1655 3701 1784 3755 gens
1829 3686 1918 3741 illa
1951 3697 2157 3742 vastata

574 3790 656 3836 est
680 3779 780 3852 [IV
809 3779 938 3852 Reg.
978 3795 1127 3846 xxiv,
1161 3777 1283 3852 ll];
1328 3788 1382 3832 et
1421 3780 1518 3833 sub
1549 3778 1810 3833 Antiocho
1847 3779 2005 3834 etiam
2046 3779 2152 3834 Ma-

577 3871 777 3928 chabmi
806 3871 1072 3926 horrenda
1093 3871 1353 3941 perpessi,
1371 3870 1755 3940 gloriosissime
1777 3871 2015 3925 coronati
2038 3881 2162 3926 sunt

579 3964 654 4038 [ll
685 3964 923 4019 Macltab.
949 3963 1074 4036 vn].
1106 3963 1180 4020 Ea
1202 3963 1395 4033 quippe
1415 3962 1550 4017 dicta
1583 3971 1707 4017 sunt
1728 3963 1777 4017 in
1807 3962 1908 4019 hoc
1935 3965 2158 4034 psalmo,

577 4071 696 4126 quae
723 4056 896 4110 solent
951 4054 1063 4110 ﬁeri
1105 4054 1263 4110 etiam
1313 4062 1487 4124 strage
1536 4053 1818 4124 bellorum)
1844 4072 1857 4120 ;
1883 4063 1975 4109 aut
2017 4064 2163 4111 certe

579 4150 623 4203 si
658 4158 777 4218 post
821 4147 1266 4203 resurrectionem
1296 4154 1351 4200 et
1377 4146 1741 4200 ascensionem
1777 4146 1982 4199 Domini
2019 4146 2161 4200 acci-

580 4239 768 4311 pienda
789 4248 870 4295 est
884 4238 971 4293 hic
985 4244 1397 4294 commemorata
1419 4235 1698 4290 hmrcditas
1719 4235 1841 4300 Dei;
1865 4251 1927 4291 ca
1945 4245 2066 4290 sunt
2084 4237 2162 4291 in-

582 4331 861 4402 telligenda
877 4345 990 4400 qua:
1007 4345 1038 4384 a
1049 4328 1340 4385 cultoribus
1352 4326 1612 4382 idolorum
1626 4335 1680 4383 et
1695 4327 1922 4382 inimicis
1936 4328 2164 4382 nominis

578 4420 797 4490 Christi,
821 4423 1058 4478 Ecclesia
1085 4423 1202 4491 ejus
1222 4423 1274 4476 in
1300 4429 1442 4476 tanta
1470 4429 1759 4492 martyrum
1787 4421 2164 4476 numerositate

583 4529 831 4585 perpessa
859 4525 960 4570 est.
988 4513 1297 4581 Quanquam
1324 4512 1465 4566 enim
1495 4510 1674 4581 Asaph
1698 4509 1970 4582 Synagoga
2004 4511 2164 4564 inter-

584 4615 840 4677 pretetur,
865 4621 984 4676 qum
1007 4614 1087 4661 est
1107 4605 1468 4675 congregatio,
1505 4603 1661 4672 idque
1689 4619 1880 4657 nomen
1923 4605 2166 4656 usitatius

584 4697 840 4754 insederit
863 4697 1006 4768 genti
1035 4695 1340 4750 Judzeorum
1364 4713 1378 4759 ;
1414 4704 1588 4749 tamen
1610 4704 1663 4749 et
1696 4694 1982 4748 Ecclesium
2010 4694 2161 4746 istam

584 4797 743 4852 posse
767 4782 872 4837 dici
894 4780 1378 4852 congregationem,
1407 4787 1460 4834 et
1485 4779 1629 4833 illum
1660 4787 1889 4832 veterem
1913 4778 2161 4846 populum

583 4877 781 4933 dictum
804 4889 922 4930 esse
949 4873 1263 4938 Ecclesiam,
1279 4872 1388 4942 jam
1415 4872 1470 4926 in
1499 4870 1602 4925 alio
1627 4870 1832 4940 psalmo
1859 4870 1988 4925 satis
2014 4884 2168 4938 aper-

585 4981 742 5040 teque
791 4966 1202 5022 monstravimus
1226 4965 1323 5037 (a).
1371 4965 1496 5019 Hinc
1542 4964 1700 5033 igitur
1741 4963 2000 5029 Ecclesia,
2055 4963 2167 5018 hare

585 5061 866 5116 hazreditas
894 5059 987 5114 Dei
1015 5073 1081 5113 ex
1109 5055 1510 5112 circumcisione
1543 5063 1597 5110 et
1641 5055 1896 5124 prmputio
1941 5070 2165 5124 congre-

583 5164 701 5227 gata
728 5163 830 5221 est,
856 5154 909 5209 id
935 5163 1018 5210 est
1044 5169 1110 5209 ex
1137 5152 1331 5222 populo
1375 5151 1535 5206 Israel
1561 5157 1616 5204 et
1641 5165 1704 5204 ex
1741 5150 1947 5204 caeteris
1985 5148 2168 5204 Genti-

586 5250 704 5314 bus,
747 5263 842 5318 per
871 5247 1090 5317 lapidem
1123 5263 1271 5317 quem
1325 5244 1714 5315 reprobavertmt
1756 5243 2082 5309 aediﬁcantes,
2116 5251 2169 5296 ct

589 5343 750 5411 (actus
787 5349 860 5394 est
907 5340 962 5394 in
989 5347 1140 5409 caput
1177 5338 1352 5410 anguli
1395 5337 1567 5408 (Psal.
1613 5352 1775 5401 cxvu,
1807 5334 1934 5405 22);
1980 5335 2032 5388 in
2064 5350 2168 5404 quo

586 5430 779 5504 angulo
825 5441 1070 5502 tanquam
1115 5431 1222 5486 duo
1267 5431 1497 5500 parietes
1539 5429 1605 5484 de
1635 5428 1846 5482 diverso
1893 5427 2168 5481 venientes

586 5525 980 5595 eopularentur.
1009 5522 1131 5594 Ipse
1157 5530 1229 5577 est
1269 5524 1402 5576 enim
1426 5537 1530 5592 pax
1557 5529 1748 5586 nostra,
1779 5520 1864 5589 qui
1889 5519 2003 5591 fecit
2030 5527 2166 5572 utra-

585 5635 682 5684 que
710 5634 886 5682 unum,
923 5625 975 5670 ut
1002 5616 1129 5670 duos
1159 5617 1391 5671 conderet
1430 5615 1483 5668 in
1510 5630 1565 5668 se
1589 5614 1643 5668 in
1672 5629 1828 5668 unum
1867 5627 2047 5666 novum
2073 5611 2167 5664 lto-

589 5724 793 5775 mmem,
829 5708 1018 5779 faciens
1047 5722 1237 5777 pacem,
1276 5715 1322 5760 et
1347 5704 1682 5760 coadunaret'
1731 5713 1963 5771 utrosque
1987 5702 2040 5754 in
2068 5718 2168 5755 uno

652 5852 668 5882 ι
695 5857 823 5909 Mss.,
848 5855 1172 5901 commatarct.

654 5911 729 5972 (a)
747 5907 912 5973 Supra,
939 5913 985 5959 iu
1010 5918 1168 5959 tinam
1196 5910 1315 5960 Psal.
1338 5924 1514 5967 Lxxvu,
1543 5921 1589 5956 n.
1619 5907 1664 5955 ὅ.

1837 444 1896 498 S.
1939 436 2304 497 AUGUSTINI
2345 433 2644 492 EPISCOPI

3634 441 3715 497 10ιὲ

2236 567 2446 619 corpore
2482 548 2590 603 Deo
2632 543 2845 620 (Ep/res.
2884 561 2939 613 ll,
2968 544 3197 619 44-16);
3233 545 3284 600 in
3313 561 3416 617 quo
3456 562 3636 619 corpore
3664 569 3716 608 su.

2233 656 2352 696 mus
2382 640 2476 696 ﬁlii
2508 640 2624 705 Dei,
2669 639 2981 703 clamantes,
3012 638 3175 703 Abba,
3203 637 3360 694 Pater
3389 638 3539 710 (Rom.
3560 659 3642 710 rm,
3667 649 3717 706 l5.

2233 741 2279 789 et
2301 732 2418 788 Gal.
2450 747 2526 797 tv,
2555 732 2616 804 6)
2646 751 2659 786 :
2702 732 2840 785 Abba
2879 739 3096 801 propter
3136 731 3348 785 illorum
3385 733 3598 802 linguam,
3627 737 3720 792 Pota

2237 834 2454 898 propter
2495 835 2768 891 nostram;
2814 825 2916 880 hoc
2960 833 3042 880 est
3080 825 3228 880 enim
3265 824 3419 892 Abba,
3446 827 3563 897 quod
3605 828 3708 885 Pam

2240 919 2390 975 Unde
2419 919 2672 972 Dominus
2699 917 2786 987 qui
2814 916 2968 982 dixit,
3018 915 3141 970 Non
3168 933 3282 970 sum
3307 919 3475 971 missus
3491 920 3634 974 nisiad
3654 939 3722 977 ora

2237 1025 2351 1078 qua
2376 1009 2631 1079 perierunt
2654 1007 2834 1062 domus
2862 1005 3028 1060 Israel
3053 1005 3272 1075 (Matth.
3301 1023 3384 1073 xv,
3402 1007 3502 1078 24),
3523 1013 3721 1069 ostendens

2241 1101 2317 1155 illi
2346 1102 2487 1170 genti
2527 1100 2786 1155 redditam
2836 1097 3136 1170 praesentia:
3181 1099 3347 1168 ipsius
3389 1102 3722 1170 promissionem;

2240 1193 2315 1247 ait
2347 1201 2523 1247 tamen
2553 1191 2658 1246 alio
2685 1191 2824 1258 loco,
2872 1188 3049 1244 Habeo
3081 1191 3216 1244 aliae
3245 1206 3354 1244 oves
3372 1207 3474 1261 qua:
3492 1209 3573 1246 non
3590 1199 3723 1250 ευπιάι

2244 1285 2338 1338 hoc
2378 1284 2528 1349 ovili;
2568 1291 2764 1352 oportet
2807 1299 2888 1336 me
2926 1290 2970 1335 et
3013 1282 3151 1352 ipsas
3190 1282 3448 1348 adducere,
3487 1292 3532 1336 ut
3566 1285 3615 1337 sit
3643 1303 3722 1340 anu

2244 1394 2367 1450 great
2392 1385 2436 1431 et
2467 1394 2600 1430 unus
2630 1384 2803 1445 pastor
2829 1375 3009 1446 (Joan.
3034 1392 3088 1440 ι,
3115 1374 3205 1446 16)
3232 1392 3244 1426 :
3278 1374 3463 1430 Gentes
3489 1376 3721 1445 signiﬁcans,

2244 1485 2377 1540 quas
2402 1477 2517 1525 erat
2545 1469 2890 1535 adducturus,
2917 1483 3023 1521 non
3047 1467 3263 1538 quidem
3304 1482 3393 1537 per
3416 1482 3544 1521 suam
3565 1483 3723 1536 prasen-

2249 1563 2373 1616 tiam
2419 1562 2807 1630 corporalem‘,
2851 1569 2907 1615 ut
2943 1559 3070 1614 illud
3115 1575 3301 1613 verum
3347 1561 3429 1624 sit,
3474 1577 3492 1610 ι
3531 1559 3619 1614 Non
3651 1576 3723 1615 sum

2248 1651 2442 1705 missus
2477 1651 2576 1704 nisi
2617 1647 2685 1703 ad
2722 1663 2848 1704 oves
2886 1663 3007 1718 qua:
3046 1647 3318 1717 perierunt
3356 1647 3524 1701 domus
3553 1646 3721 1711 Israel;i

2247 1740 2340 1796 sed
2388 1749 2561 1795 tamen
2606 1755 2702 1809 per
2735 1739 3076 1808 Evangelium
3123 1753 3300 1802 suum,
3323 1737 3448 1806 quod
3473 1745 3596 1792 erant
3613 1737 3724 1793 disse-

2252 1831 2498 1886 minaturi
2525 1849 2544 1884 ‹
2582 1831 2808 1900 speciosi
2843 1829 3004 1897 pedes
3045 1829 3458 1884 annuntiantium
3490 1845 3647 1898 pacem,
3665 1847 3723 1884 an-

2251 1925 2604 1980 nuntiantium
2627 1925 2761 1978 bona
2783 1940 2802 1975 ι
2836 1921 3011 1994 (Rom.
3040 1938 3092 1987 x,
3128 1923 3215 1991 l5)
3243 1941 3254 1976 :
3291 1940 3308 1973 ι
3335 1922 3383 1975 in
3404 1937 3580 1977 onmem
3602 1924 3722 1978 ierim

2258 2036 2276 2069 r
2309 2024 2505 2070 terram
2547 2015 2674 2069 exiit
2702 2029 2865 2069 sonus
2891 2028 3100 2079 eorum,
3145 2023 3201 2068 et
3245 2014 3296 2067 in
3326 2014 3446 2068 lines
3480 2014 3596 2069 orbis
3625 2022 3724 2068 terra

2251 2109 2411 2165 verba
2450 2123 2633 2162 eorum
2669 2126 2686 2159 ι
2731 2104 2903 2176 (Psal.
2953 2121 3109 2168 xvm,
3156 2105 3234 2174 5).
3285 2103 3409 2160 llinc
3447 2114 3493 2159 et
3527 2106 3723 2176 Apostolus

2252 2201 2346 2268 ait,
2378 2218 2396 2252 ι
2443 2200 2570 2254 Dico
2619 2212 2748 2270 ergo
2789 2195 3058 2252 Christum
3110 2195 3292 2252 Jesum
3336 2197 3590 2251 ministrum
3622 2197 3723 2251 fuisse

2252 2291 2676 2347 circumcisionis
2706 2297 2921 2359 pr0pter
2951 2288 3230 2342 veritatem
3271 2286 3381 2350 Dei,
3407 2287 3465 2340 ad
3499 2287 3722 2342 confirman-

2253 2383 2348 2439 das
2389 2382 2768 2453 promissiones
2812 2379 3069 2434 Patrum:
3114 2397 3132 2430 ι
3175 2392 3300 2432 ecce
3342 2375 3468 2445 quod
3501 2386 3622 2439 est,t
3658 2393 3721 2429 non

2253 2492 2370 2531 sum
2394 2475 2587 2529 missus
2608 2474 2706 2527 nisi
2730 2472 2794 2526 ad
2823 2487 2949 2525 oves
2964 2487 3087 2541 qua:
3115 2472 3380 2542 perierunt
3397 2469 3557 2525 domus
3572 2468 3718 2524 Israel.»

2256 2567 2458 2624 Deinde
2501 2566 2770 2637 subjungit
2814 2565 3126 2634 Apostolus,
3161 2583 3180 2616 ι
3227 2563 3414 2620 Gentes
3450 2571 3592 2617 autem
3623 2578 3719 2630 super

2257 2661 2620 2716 misericordia
2673 2660 2970 2730 glorificare
3019 2660 3190 2714 Deum
3238 2677 3252 2714 :
3303 2676 3322 2711 ι
3368 2673 3478 2714 ecce
3515 2656 3622 2726 quod
3653 2665 3716 2716 ea,

2263 2772 2282 2807 t
2318 2754 2498 2809 Habeo
2523 2755 2654 2808 alias
2671 2769 2797 2809 oves
2812 2769 2931 2823 qua:
2957 2769 3060 2808 non
3085 2763 3212 2808 sunt
3231 2754 3295 2808 de
3320 2753 3413 2807 hoc
3429 2752 3564 2814 ovili;
3588 2761 3717 2819 oportet

2257 2862 2344 2902 me
2374 2855 2427 2901 et
2458 2847 2600 2916 ipsas
2644 2847 2930 2911 adducere,
2960 2854 3017 2899 ut
3045 2847 3118 2900 sit
3159 2861 3291 2900 unus
3332 2860 3448 2915 grex
3482 2854 3524 2897 et
3547 2856 3646 2896 unus
3665 2855 3718 2907 pt-

2258 2946 2389 2993 stor.
2418 2957 2434 2990 ι
2459 2937 2608 3006 Quod
2636 2947 2919 3007 utrumque
2945 2936 3187 2992 breviter
3211 2936 3396 2991 dictum
3419 2943 3490 2989 cst
3513 2935 3552 2987 in
3569 2949 3616 2987 eo
3633 2931 3717 3000 quod

2258 3032 2328 3086 de
2349 3032 2604 3102 propheta
2635 3033 2771 3087 idem
2811 3032 3084 3102 apostolus
3105 3039 3496 3086 commemorat:
3524 3025 3716 3085 Latonia.

2261 3124 2464 3191 Gentes,
2504 3141 2618 3178 cum
2663 3124 2802 3195 plebe
2844 3125 2954 3194 ejus
2999 3122 3182 3192 (Rom.
3223 3139 3308 3185 xv,
3350 3121 3503 3186 8-10).
3539 3119 3616 3174 [sle
3642 3129 3717 3182 ergo

2261 3231 2401 3271 unus
2427 3232 2558 3286 grex
2591 3216 2691 3270 sub
2734 3222 2946 3283 pastore
2988 3228 3116 3279 uno,
3151 3212 3416 3268 hacreditas
3457 3210 3530 3264 Dei
3565 3217 3715 3270 est,non

2264 3309 2435 3363 solum
2477 3308 2666 3369 Patris,
2695 3309 2786 3360 sed
2813 3308 2972 3362 etiam
2999 3306 3144 3360 Filii.
3175 3305 3302 3361 Nam
3328 3303 3426 3358 Filii
3449 3317 3530 3355 vos
3557 3295 3714 3362 θειώ-

2265 3418 2351 3455 nes
2381 3400 2661 3453 ceciderunt
2683 3400 2807 3451 milii
2837 3399 2887 3451 in
2921 3398 3203 3466 prteclaris,
3238 3397 3405 3451 etenim
3433 3392 3640 3446 hereditas
3655 3401 3717 3438 mra

2268 3492 2514 3563 prwclara
2549 3500 2621 3545 est
2659 3491 2783 3544 mihi
2812 3489 2985 3560 (Psal.
3014 3504 3144 3554 cxv,
3185 3488 3239 3559 6)
3267 3506 3280 3541 :
3312 3495 3361 3542 et
3400 3485 3535 3555 ipsius
3567 3476 3714 3534 heredi-

2268 3585 2390 3640 tatis
2418 3599 2518 3638 vox
2549 3590 2634 3637 est
2661 3581 2800 3650 apud
2844 3581 3189 3650 prophetam,
3224 3579 3425 3631 Domine
3464 3573 3571 3627 Deut
3597 3577 3712 3630 noster,

2269 3675 2466 3745 posside
2493 3690 2583 3728 nos
2614 3672 2764 3743 (Isai.
2794 3688 2940 3734 xxvi,
2969 3672 3056 3734 15,
3087 3688 3190 3724 sec.
3216 3667 3398 3737 LXX).
3424 3666 3543 3720 Hanc
3575 3656 3713 3713 heredi-

2270 3755 2554 3821 tatem‘nou
2578 3765 2812 3819 moriens
2830 3764 2984 3817 Pater
3001 3762 3136 3816 Filio
3160 3763 3390 3831 reliquit;
3417 3757 3496 3811 sed
3517 3757 3599 3823 ipse
3615 3749 3714 3806 Filius

2270 3872 2386 3912 eam
2418 3871 2510 3909 sua
2558 3864 2729 3910 morte
2753 3854 3069 3908 mirabiliter
3107 3852 3394 3923 acquisivit,
3418 3861 3546 3918 quam
3566 3850 3712 3896 nsum-

2270 3949 2445 4003 clione
2474 3947 2728 4018 possedit.

2339 4041 2392 4095 4.
2434 4015 2491 4094 Si
2513 4055 2640 4108 ergo
2661 4039 2728 4093 de
2759 4039 2857 4093 hac
2886 4036 3289 4106 intelligendum
3313 4029 3520 4102 estquod
3540 4028 3576 4080 in
3597 4015 3710 4092 psalmi

2272 4132 2424 4201 hujus
2447 4131 2721 4201 prophetia
2752 4130 2974 4194 canitur,
3012 4129 3171 4192 Deus,
3201 4134 3424 4182 venerunt
3450 4110 3712 4201 Gentesiultc'

2269 4224 2528 4276 reditatem
2555 4230 2713 4286 tuam,
2743 4229 2800 4274 ut
2829 4221 3038 4274 venisse
3073 4219 3270 4274 Gentes
3311 4214 3578 4281 accipiamus
3599 4205 3632 4258 in
3653 4198 3711 4252 EC-

2269 4315 2505 4380 clesiam,
2538 4329 2644 4367 non
2669 4311 2956 4375 credendo,
2989 4312 3082 4365 sed
3110 4306 3470 4380 persequendo,
3493 4299 3532 4353 id
3556 4307 3626 4353 est.
3643 4303 3712 4384 eiu

2271 4406 2528 4462 invasisse
2566 4406 2836 4459 voluntate
2870 4402 3081 4458 delendi
3122 4413 3278 4470 atque
3313 4397 3502 4452 omnino
3534 4380 3709 4458 perdendi,

2269 4500 2405 4553 sicut
2435 4506 2513 4552 tot
2535 4496 2959 4566 persecutionum
2987 4494 3227 4561 exempla
3257 4488 3594 4542 monstrarunt;
3619 4483 3708 4537 opor-

2272 4599 2345 4644 tet
2387 4596 2446 4641 ut
2492 4585 2633 4656 quod
2682 4586 2940 4654 sequitur,
2989 4582 3286 4636 Potlueruut
3331 4573 3535 4644 templum
3569 4569 3707 4656 saneea

2271 4693 2430 4742 mum,
2462 4693 2564 4732 non
2612 4677 2662 4730 in
2697 4677 2852 4746 lignis
2882 4687 2935 4730 et
2972 4675 3250 4743 lapidibus,
3278 4669 3364 4724 sed
3391 4668 3434 4720 iu
3473 4661 3571 4729 ipsis
3590 4649 3708 4748 intelli-

2270 4781 2423 4841 gatur
2455 4766 2859 4830 hominibus,de
2885 4766 3098 4835 quibus,
3129 4773 3368 4829 tanquam
3397 4751 3600 4841 lapidibus
3618 4750 3706 4841 tlte”-

2271 4828 2507 4915 ceuslrui
2552 4858 2676 4912 dicit
2704 4857 2977 4926 apostolus
3016 4856 3203 4910 Petrus
3231 4828 3428 4906 domum
3467 4840 3538 4898 Dei
3561 4836 3595 4907 (Ι

2271 4968 2329 5016 tt,
2365 4953 2441 5020 5).
2477 4949 2624 5006 Unde
2667 4959 2719 5002 et
2766 4948 3040 5017 apostolus
3089 4944 3277 5000 Paulus
3319 4931 3593 5020 apertissime
3621 4919 3706 5020 dicti.

2270 5041 2537 5112 Templum
2582 5039 2675 5093 Dei
2703 5049 2930 5092 sanctum
2961 5047 3051 5101 est,
3093 5035 3225 5106 quod
3262 5033 3369 5087 estis
3404 5042 3475 5080 vos
3497 5019 3537 5093 (Ι
3561 5015 3706 5112 (ἔθνε’

2272 5109 2528 5206 l7).vlloc
2557 5135 2733 5203 itaque
2765 5134 3016 5201 templum
3047 5138 3394 5200 persecutores
3431 5121 3472 5173 in
3513 5112 3573 5166 his
3599 5109 3709 5206 utiqult

2277 5185 2383 5206 --ι-
2417 5185 2526 5190 --η
2712 5185 2726 5188 ν
3047 5185 3062 5200 .

2273 5230 2594 5299 polluerunt,
2628 5241 2761 5296 quos
2817 5226 2881 5278 ad
2921 5225 3214 5295 negandum
3263 5216 3513 5274 Christum.
3549 5185 3707 5299 terrenti0

2273 5323 2352 5375 vel
2381 5319 2670 5375 cruciando
2693 5327 3000 5388 coegerunt,
3033 5327 3188 5386 atque
3214 5321 3268 5367 ut
3287 5307 3424 5365 idolis
3447 5285 3702 5388 SUPPlia‘ri'I’

2273 5413 2619 5467 vehementer
2658 5408 2902 5462 instando
2941 5407 3178 5461 fecerunt
3205 5421 3216 5457 :
3248 5409 3445 5470 quorum
3481 5380 3704 5470 multos

2273 5505 2494 5561 nitentia
2529 5503 2810 5572 reparavit,
2840 5509 2997 5569 atque
3021 5499 3089 5553 ab
3126 5499 3207 5552 illa
3237 5483 3543 5572 inquinatione
3561 5458 3704 5572 mund:

2273 5602 2367 5654 vit.
2413 5560 2726 5653 Pmniteutis
2771 5560 2925 5648 enim'
2961 5607 3062 5646 vox
3105 5600 3218 5647 est:
3247 5605 3264 5637 ι
3308 5560 3368 5638 Et
3398 5596 3422 5632 a
3457 5560 3703 5654 deliC'lmeo

2275 5690 2470 5746 munda
2504 5704 2620 5753 me;
2659 5706 2676 5739 ι
2710 5698 2783 5750 et,
2819 5704 2837 5736 c
2871 5685 2980 5740 Cor
3017 5682 3265 5737 mundum
3291 5689 3396 5732 crea
3431 5670 3474 5722 in
3504 5650 3699 5777 maxilla-3.

2505 5733 2620 5753 ...η
2659 5733 2673 5739 -
2713 5733 2783 5750 ν..
2824 5733 2835 5736 -
2877 5733 2967 5740 ---

2275 5795 2328 5838 ct
2355 5781 2596 5852 spiritum
2626 5785 2826 5833 rectum
2861 5777 3050 5831 iunova
3080 5775 3131 5829 in
3156 5767 3417 5827 visceribus
3439 5753 3538 5812 meis
3563 5733 3699 5811 tim"

2347 5901 2361 5928 ¹
2390 5895 2577 5956 Aliquot
2594 5899 2721 5950 Mss,
2749 5902 2833 5952 per
2857 5901 2907 5940 se
2932 5885 3184 5952 prwsentia
3205 5873 3426 5942 corporali.
