3966 6444
224 406 385 466 1013

227 537 287 584 ι..
324 524 385 589 4,
419 520 531 593 l2).
553 512 975 587 Jamveroquod
1003 510 1264 582 sequitur,
1292 525 1312 562 α
1346 508 1649 564 Posuerunt
1675 502 1833 559 Jeru-

230 615 419 669 salem
450 612 503 667 in
527 623 804 681 pomorum
831 603 1127 664 custodiam
1151 620 1166 659 :
1205 620 1226 657 ι
1260 609 1314 657 ει
1339 601 1454 672 ipsa
1479 597 1715 655 Ecclesia
1740 595 1842 651 hoc

231 704 469 759 nomine
508 710 655 759 recte
697 698 1024 770 intelligitur,
1052 713 1072 748 ι
1106 693 1403 751 Jerusalem
1447 690 1638 757 libera,
1670 694 1842 743 mater

231 804 456 858 nostra,
490 793 557 848 de
588 807 690 862 qua
715 791 972 860 scriptum
996 795 1099 855 est,
1127 785 1334 841 Laetare
1359 782 1557 840 sterilis
1586 796 1705 852 qure
1729 793 1839 835 non

235 885 416 954 paris,
450 898 671 952 erumpe
712 891 769 937 et
808 881 1069 947 exclama,
1099 893 1218 949 quae
1260 892 1367 932 non
1407 873 1672 947 parturis;
1702 886 1837 943 quo-

235 976 395 1030 niam
432 975 579 1029 multi
608 974 701 1029 lilii
732 973 979 1037 desertae,
1012 969 1178 1040 magis
1207 982 1364 1038 quam
1389 967 1504 1037 ejus
1532 980 1650 1036 qute
1675 962 1839 1019 habet

232 1066 424 1121 virum
453 1083 473 1122 ι
492 1063 637 1137 (Gal.
658 1063 836 1129 “1,26,
859 1071 905 1117 et
932 1059 1059 1116 Isai.
1084 1076 1189 1123 LIV,
1212 1057 1286 1132 l).
1309 1077 1328 1112 ι
1355 1057 1413 1113 ln
1429 1055 1724 1112 custodiam
1745 1068 1841 1124 po-

235 1174 488 1226 morum,
521 1177 541 1212 »
575 1156 716 1228 quod
745 1156 943 1211 dictum
988 1162 1091 1221 est,
1128 1152 1487 1208 desertionem
1530 1146 1838 1217 intelligen-

250 1250 375 1309 iam
418 1249 665 1304 existimo
702 1262 861 1318 quam
898 1244 1027 1301 fecit
1066 1244 1283 1298 vastitas
1323 1239 1752 1313 persecutionis:
1786 1237 1839 1293 id

238 1348 358 1403 est,
392 1340 536 1396 velut
560 1337 858 1394 custodiam
900 1349 1215 1405 pomorum;
1247 1332 1371 1403 quia
1398 1330 1719 1386 deseruntur
1745 1340 1839 1397 po—

237 1446 465 1487 morum
512 1428 788 1494 custodize,
839 1440 960 1481 cum
1007 1438 1165 1495 poma
1210 1420 1537 1477 transierint.
1582 1418 1649 1473 Et
1693 1424 1840 1472 certe

234 1524 466 1597 quando
509 1521 808 1579 Gentilibus
864 1517 1302 1592 persequentibus
1345 1512 1583 1570 Ecclesia
1626 1511 1838 1568 deserta

232 1617 365 1672 visa
409 1623 511 1681 est,
560 1614 611 1668 in
649 1613 923 1670 caelestem
968 1624 1207 1665 mensam
1255 1607 1473 1678 spiritus
1521 1612 1834 1676 martyrum,

233 1716 503 1778 tanquam
545 1704 616 1762 de
663 1705 820 1760 horto
866 1702 1135 1759 dominico
1176 1700 1379 1757 multa‘
1423 1707 1479 1754 et
1525 1696 1838 1753 suavissima

235 1815 433 1873 poma,
467 1800 813 1855 transierunt.

317 1894 376 1949 5.
419 1890 579 1965 [vers.
609 1889 692 1965 2.]
731 1889 1040 1955 Posuerunt,
1064 1887 1253 1958 inquit,
1284 1886 1549 1941 morticina
1582 1899 1838 1939 servorum

238 1996 455 2041 tuorum
483 2002 621 2040 escas
647 1984 936 2039 volatilibus
959 1983 1091 2049 coeli,
1119 1997 1296 2035 carnes
1319 1988 1609 2034 sanctorum
1633 1986 1835 2031 tuorum

239 2076 424 2132 bestiis
456 2087 621 2131 terrm.
654 2074 805 2143 Quod
832 2074 1030 2129 dictum
1061 2081 1165 2139 est,
1196 2072 1480 2136 morticina,
1506 2069 1608 2125 hoc
1642 2067 1842 2137 repeti-

236 2181 361 2225 tum
391 2178 491 2235 est,
523 2183 737 2234 carnes;
777 2176 827 2224 el
858 2166 1000 2239 quod
1043 2164 1242 2222 dictum
1291 2172 1393 2230 est,
1423 2178 1679 2218 servorum
1718 2170 1836 2214 tuo-

239 2277 405 2327 rum,
451 2260 554 2314 ltoc
600 2259 884 2330 repetitum
936 2264 1049 2323 est,
1098 2264 1389 2310 sanctorum
1438 2262 1680 2307 tuorum:
1710 2249 1839 2305 illud

240 2348 620 2406 tantummodo
670 2350 930 2404 variatum
974 2356 1073 2414 est,
1104 2346 1392 2402 volatilibus
1424 2345 1556 2410 caeli,
1589 2351 1641 2399 et
1672 2342 1840 2398 bestiis

242 2454 420 2497 terrae.
448 2442 631 2497 Melius
660 2455 791 2496 sane
817 2440 1147 2510 interpretati
1175 2446 1301 2494 sunt
1327 2439 1417 2509 qui
1447 2436 1715 2491 morticina
1744 2449 1841 2505 po-

243 2541 502 2597 suerunt,
521 2546 679 2604 quam
710 2533 848 2587 sicut
874 2531 1088 2602 quidam
1114 2530 1370 2585 mortalia.
1399 2528 1670 2583 Morticina
1695 2526 1841 2582 enim

240 2639 360 2679 non
392 2624 643 2679 dicuntur
677 2623 777 2677 nisi
818 2630 1186 2685 mortuorum;
1233 2619 1473 2675 mortalia
1514 2633 1641 2673 vero
1677 2618 1839 2671 etiam

243 2719 497 2769 vivorum
529 2728 810 2783 corporum
838 2726 1030 2766 nomen
1061 2720 1162 2767 est.
1186 2712 1318 2767 Cum
1349 2725 1497 2780 ergo.
1529 2709 1666 2764 sicut
1704 2707 1836 2771 dixi,

245 2809 322 2861 ad
370 2806 657 2877 agricolam
705 2820 860 2859 suum
907 2803 1122 2875 spiritus
1163 2813 1452 2874 martyrum
1496 2801 1639 2856 velut
1684 2815 1840 2870 poma

247 2899 593 2963 transissent,
626 2896 906 2954 morticina
954 2912 1137 2952 eorum
1186 2904 1241 2952 et
1277 2910 1466 2950 carnes
1509 2909 1692 2949 eorum
1742 2909 1840 2963 po-

248 2999 479 3047 suerunt
507 2989 812 3045 volatilibus
839 2990 981 3054 coeli,
1004 2997 1058 3044 et
1084 2988 1271 3043 bestiis
1294 2997 1482 3042 terrae:
1509 2986 1659 3056 quasi
1691 2984 1842 3056 quid.

248 3097 413 3152 quam
440 3096 624 3135 eorum
658 3079 1033 3136 resurrectioni
1077 3078 1366 3148 deperiret,
1398 3094 1465 3133 ex
1492 3077 1719 3134 occultis
1747 3091 1843 3132 na.

251 3180 392 3227 turze
430 3171 637 3227 sinibus
676 3181 843 3226 totum
885 3170 1310 3241 redintegratum
1332 3169 1444 3239 illo,
1471 3168 1557 3224 cui
1585 3177 1641 3224 et
1666 3168 1842 3239 capilli

249 3264 428 3317 nostri
456 3266 718 3320 numerati
746 3271 872 3317 sunt
900 3262 1112 3333 (Matth.
1137 3278 1192 3330 κ,
1220 3261 1332 3336 50).

327 3354 381 3409 6.
399 3353 546 3426 [vers.
562 3353 641 3427 5.]
661 3352 964 3421 Effuderunt
981 3354 1276 3425 sanguinem
1295 3369 1467 3408 eorum
1485 3354 1612 3408 sicut
1630 3369 1837 3423 aquam,

249 3444 309 3499 id
348 3452 451 3509 est,
481 3445 812 3499 abundanter
853 3454 907 3501 et
932 3446 1111 3500 viliter
1140 3463 1154 3499 :
1183 3445 1235 3498 in
1279 3445 1491 3498 circuitu
1531 3444 1838 3499 Jerusalem.

249 3536 314 3593 Si
345 3536 639 3592 Jerusalem
681 3546 943 3591 terrenam
973 3536 1161 3590 urbem
1187 3535 1273 3590 hic
1300 3536 1610 3604 accipimus,
1648 3551 1834 3591 eorum

253 3627 572 3699 sanguinem
605 3627 950 3697 intelligimus
978 3626 1203 3681 effusum
1227 3625 1278 3679 in
1306 3625 1528 3680 circuitu
1551 3626 1685 3694 ejus,
1705 3640 1840 3694 quos

254 3721 445 3777 hostes
467 3729 615 3775 extra
639 3733 819 3773 muros
842 3718 1079 3787 reperire
1100 3726 1404 3786 potuerunt.
1420 3714 1475 3771 Si
1497 3724 1672 3769 autem
1692 3715 1845 3770 Jeru-

255 3812 426 3868 salem
455 3811 596 3865 illam
622 3810 987 3879 intelligimus,
1006 3809 1074 3864 de
1099 3823 1200 3878 qua
1223 3806 1419 3861 dictum
1442 3815 1545 3872 est,
1562 3806 1717 3861 Multi
1744 3807 1838 3876 ﬁlii

257 3904 491 3967 deserta,
508 3903 667 3974 magis
682 3918 831 3974 quant
849 3902 957 3971 ejus
973 3916 1085 3971 qua:
1104 3898 1247 3953 habet
1266 3898 1447 3961 virum,
1462 3898 1711 3953 circuitus
1732 3898 1847 3967 ejus

257 4004 347 4051 est
396 4009 493 4063 per
537 3994 838 4048 universam
887 4000 1084 4047 terram
1120 4007 1133 4043 :
1165 3990 1218 4044 in
1268 4005 1328 4044 ea
1374 3989 1570 4059 quippe
1616 3987 1847 4044 lectione

259 4084 595 4155 prophetica,
619 4083 703 4139 ubi
731 4082 988 4152 scriptum
1011 4088 1113 4145 est,
1136 4079 1291 4134 Multi
1313 4080 1410 4148 ﬁlii
1435 4078 1661 4142 deserta,
1687 4078 1848 4148 magis

259 4193 414 4249 quam
441 4177 547 4247 ejus
577 4190 692 4246 qua:
718 4174 865 4228 habet
895 4174 1077 4239 virum,
1119 4172 1276 4242 paulo
1307 4178 1427 4240 post
1461 4170 1509 4226 ei
1535 4170 1748 4237 dicitur,
1782 4169 1848 4224 Et

259 4269 351 4341 qui
377 4269 503 4321 eruit
531 4276 597 4329 te,
621 4266 761 4320 Deus
782 4263 950 4320 Israel
976 4264 1228 4317 universa:
1251 4271 1398 4315 terra:
1417 4259 1669 4314 vocabitur
1696 4259 1742 4328 (1
1750 4261 1844 4314 sai.

261 4373 370 4422 Ltv,
407 4359 457 4418 l.
500 4358 578 4428 5).
624 4356 891 4412 Circuitus
935 4369 1062 4426 ergo
1105 4352 1263 4424 hujus
1305 4350 1602 4408 Jerusalem
1647 4351 1699 4405 in
1746 4349 1849 4406 hoc

264 4450 473 4521 psalmo
502 4449 879 4519 intelligendus
903 4455 987 4503 est
1010 4459 1289 4518 quousque
1317 4454 1442 4499 tunc
1468 4443 1639 4497 fuerat
1663 4442 1847 4498 eadem

265 4540 508 4598 Ecclesia
536 4539 773 4600 dilatata,
810 4537 1137 4592 fructiﬁcans
1165 4545 1219 4590 et
1247 4549 1496 4590 crescens
1522 4535 1574 4588 in
1602 4534 1850 4588 universo

265 4631 489 4695 mundo,
513 4630 724 4701 quando
750 4631 802 4683 in
829 4629 973 4683 omni
1004 4638 1153 4697 parte
1184 4627 1302 4696 ejus
1330 4625 1629 4697 persecutio
1656 4624 1848 4681 smvie-

269 4723 391 4789 bat,
438 4731 492 4777 et
545 4728 837 4792 martyrum
888 4728 1141 4790 stragem,
1187 4733 1409 4788 quorum
1458 4718 1675 4787 sanguis
1715 4717 1852 4771 sicut

273 4827 404 4883 aqua
434 4811 822 4875 effundebatur,
852 4825 972 4864 cum
1023 4808 1227 4878 magnis
1274 4807 1437 4862 lucris
1480 4807 1849 4861 thesaurorum

275 4904 573 4964 tmlestium
601 4902 846 4957 faciebat.
870 4898 1019 4967 Quod
1047 4912 1175 4952 vero
1198 4897 1502 4966 adjunctum
1525 4905 1626 4963 est,
1659 4896 1726 4950 Et
1750 4913 1852 4951 non

228 4984 376 5062 ierat
404 4995 490 5063 qui
537 4994 931 5064 sepeliretmut
979 5004 1082 5044 non
1131 4987 1442 5044 incredibile
1487 4987 1647 5043 debet
1669 4987 1852 5045 .videri

236 5068 241 5075 Ἰ
272 5097 377 5141 tam
420 5100 670 5155 magnum
721 5084 775 5138 in
823 5082 1087 5152 aliquibus
1116 5080 1248 5135 locis
1295 5079 1458 5135 fuisse
1486 5087 1767 5145 terrorem,
1798 5086 1855 5134 ut

271 5176 572 5248 sepultores
608 5184 911 5230 sanctorum
940 5187 1221 5242 corporum
1253 5171 1385 5226 nulli
1420 5185 1638 5240 prorsus
1661 5171 1855 5225 existe-

270 5279 424 5332 rent;
456 5277 547 5321 aut
576 5275 720 5322 certe
747 5265 868 5336 quia
899 5264 1162 5334 insepulta
1188 5262 1444 5317 cadavera
1475 5261 1527 5315 in
1557 5260 1734 5315 multis
1775 5260 1855 5315 lo-

272 5362 349 5414 cis
374 5359 464 5414 diu
492 5358 675 5427 jacere
718 5364 1022 5426 potuerunt,
1049 5357 1222 5410 donec
1246 5368 1275 5408 a
1307 5352 1566 5424 religiosis
1599 5350 1855 5423 quodam-

274 5452 435 5509 modo
466 5450 637 5505 furata
667 5449 1042 5517 sepelirentur.

345 5542 397 5595 7.
430 5540 578 5614 [τετε.
609 5538 688 5612 4.]
718 5538 863 5593 Facti
887 5556 1082 5607 sanius,
1111 5536 1301 5608 inquit,
1331 5537 1658 5609 approbrium
1683 5537 1857 5592 vicinis

275 5635 481 5689 nostris.
512 5631 635 5687 Ideo
671 5631 901 5701 pretiosa
923 5672 938 5695 ,
963 5645 1067 5685 non
1097 5630 1150 5684 in
1181 5638 1468 5699 conspectu
1497 5627 1799 5693 hominum,
1827 5642 1857 5681 a

276 5724 471 5795 quibus
496 5724 596 5778 hoc
619 5731 734 5778 erat
753 5719 1115 5792 opprobrium,
1139 5718 1235 5774 sed
1261 5719 1311 5773 in
1337 5726 1620 5788 conspectu
1643 5716 1851 5773 Domini

345 5847 360 5877 ⁸
385 5843 599 5895 Nonnulli
618 5844 782 5905 proba:
800 5849 927 5893 notae
947 5847 1078 5903 mss,
1111 5839 1298 5892 nomini
1316 5837 1574 5891 cunntlata.

1272 388 1666 448 ENARRATIO
1700 386 1767 445 IN
1805 387 2127 448 PSALMUM
2163 391 2441 451 LXXVIII.

3409 400 3536 457 10M

1948 520 2094 563 mors
2119 518 2421 567 sanctorum
2451 509 2568 581 ejus
2593 510 2613 583 (
2634 509 2778 567 Psal.
2805 525 2929 581 ειν,
2951 512 3020 569 15
3039 513 3080 584 ).
3110 511 3455 571 ευὺωηηαιευ
3481 526 3534 569 ει

1943 597 2111 652 irrisio
2134 613 2154 654 :
2181 598 2286 665 vel,
2317 606 2374 654 ut
2410 599 2624 670 quidam
2656 600 2986 673 interpretati
3021 612 3179 671 sunt,
3218 604 3425 670 illusio,
3454 621 3525 660 ets

1942 690 2028 762 qui
2045 689 2099 743 in
2119 690 2331 745 circuitu
2358 702 2531 747 nostro
2562 704 2698 748 sunt.
2729 693 2993 764 Repetitio
3021 704 3104 751 est
3128 698 3408 753 sententiae
3434 712 3527 754 su-

1944 782 2206 851 perioris:
2235 797 2356 837 nam
2384 783 2527 853 quod
2554 799 2714 854 supra
2755 785 2954 841 dictum
2997 794 3114 853 est,
3161 789 3527 860 opprobrium,

1945 872 2047 929 hoc
2075 876 2357 946 repetitum
2388 886 2490 944 est,
2515 879 2841 933 subsannatio
2874 890 2921 934 et
2948 882 3152 945 irrisio;
3177 891 3234 937 ct
3261 884 3402 952 quod
3428 898 3527 940 su-

1944 979 2036 1035 pra
2062 964 2259 1021 dictum
2290 974 2406 1035 est,
2437 967 2611 1024 vicinis
2631 970 2843 1035 nostris,
2875 969 2979 1025 hoc
3002 973 3283 1040 repetitum
3312 982 3423 1038 est,
3455 974 3529 1029 eis

1942 1059 2028 1129 qui
2054 1059 2107 1113 in
2127 1058 2338 1113 circuitu
2363 1070 2536 1115 nostro
2556 1070 2693 1116 sunt.
2723 1061 2957 1118 Proinde
2989 1064 3280 1119 secundum
3304 1064 3530 1121 Jerusa-

1943 1147 2048 1204 lem
2077 1158 2342 1205 terrenam
2363 1152 2546 1216 vicini,
2574 1159 2630 1207 et
2658 1152 2709 1207 in
2736 1152 2959 1208 circuitu
2980 1155 3156 1223 gentis
3181 1154 3319 1224 ejus,
3344 1156 3527 1226 utique

1942 1241 2060 1295 alia!
2086 1251 2271 1312 gentes
2294 1244 2659 1315 intelliguntur
2679 1263 2694 1300 :
2717 1245 3008 1301 secundum
3030 1256 3205 1302 autem
3227 1247 3523 1304 Jerusalem

1940 1332 2163 1389 liberam
2193 1344 2418 1390 matrem
2458 1347 2730 1405 nostram,
2759 1336 2920 1396 vicini
2947 1345 3073 1392 sunt
3109 1346 3163 1394 et
3204 1339 3258 1393 in
3304 1340 3526 1396 circuitu

1941 1426 2077 1497 ejus,
2109 1428 2248 1483 inter
2274 1443 2410 1498 quos
2433 1428 2677 1486 inimicos
2704 1443 2830 1486 suos
2850 1428 3055 1487 habitat
3078 1431 3317 1488 Ecclesia
3341 1433 3393 1488 in
3421 1431 3524 1489 cir-

1941 1518 2084 1573 cuitu
2113 1518 2259 1574 orbis
2288 1526 2578 1574 terrarum.

2012 1606 2068 1663 8.
2096 1605 2262 1680 [vers.
2288 1607 2379 1683 5.]
2423 1609 2621 1665 Deinde
2643 1609 2753 1680 jam
2786 1610 3120 1666 manifestam
3161 1627 3373 1684 precem
3406 1612 3527 1670 fun-

1940 1700 2094 1765 dens,
2126 1701 2269 1757 unde
2299 1702 2622 1775 intelligatur
2649 1704 2941 1775 superioris
2960 1705 3265 1763 al‘ﬂictionis
3285 1720 3524 1766 comme-

1942 1790 2170 1847 moratio
2215 1807 2321 1848 non
2366 1808 2485 1849 esse
2523 1794 2673 1865 quasi
2711 1796 3000 1865 iudicatio,
3045 1796 3140 1853 sed
3187 1798 3523 1868 deploratio:

1946 1881 2233 1956 Usquequo,
2251 1884 2445 1955 inquit,
2466 1883 2700 1953 Domine,
2721 1886 2955 1943 irasceris
2978 1888 3032 1943 in
3047 1889 3222 1958 ﬁnem,
3241 1889 3528 1947 exardescet

1941 1975 2074 2030 velut
2096 1976 2227 2048 ignis
2251 1977 2391 2032 zelus
2417 1978 2568 2033 tuus?
2594 1978 2766 2050 Rogat
2794 1981 2977 2051 utique
3003 1997 3071 2037 ne
3102 1984 3244 2038 Deus
3274 1998 3445 2056 usque
3472 1986 3525 2043 in

1940 2061 2104 2121 ﬁnem
2134 2066 2416 2134 irascatur,
2448 2066 2499 2122 id
2524 2077 2627 2135 est,
2658 2083 2728 2125 ne
2756 2069 2844 2123 illa
2875 2079 3022 2125 tanta
3050 2088 3318 2142 pressura,
3348 2084 3403 2130 et
3427 2076 3527 2130 tri-

1943 2155 2177 2223 bulatio,
2218 2166 2378 2228 atque
2419 2159 2644 2214 vastatio
2693 2176 2862 2230 usque
2888 2161 2941 2215 in
2981 2161 3142 2218 ﬁnem
3183 2175 3523 2233 perseveret;

1941 2246 2036 2303 sed
2075 2255 2336 2318 temperet
2378 2250 2775 2320 correptionem
2817 2268 2968 2308 suam
2993 2295 3008 2318 ,
3060 2255 3350 2312 secundum
3398 2258 3526 2314 illud

1943 2339 2082 2409 quod
2109 2340 2161 2394 in
2191 2339 2298 2395 alio
2334 2340 2541 2411 psalmo
2568 2340 2763 2397 dicitur
2787 2361 2800 2398 :
2832 2342 3029 2399 Cibabis
3057 2361 3150 2400 nos
3192 2363 3324 2416 pane
3352 2346 3525 2420 lacry-

1943 2446 2139 2485 marum
2160 2471 2177 2496 ,
2217 2440 2264 2485 et
2292 2430 2490 2501 potabis
2514 2448 2607 2487 nos
2633 2433 2686 2486 in
2713 2433 2951 2504 lacrymis
2986 2434 3041 2488 in
3075 2452 3311 2490 mensura
3336 2437 3355 2507 (
3381 2437 3525 2493 Psal.

1944 2538 2129 2587 Lntx,
2157 2520 2234 2595 6).
2257 2523 2412 2590 Nam,
2440 2541 2713 2595 quousque,
2737 2524 2975 2592 Domine,
2997 2528 3230 2584 irasceris
3254 2530 3307 2583 in
3334 2530 3486 2600 ﬁnem
3504 2532 3530 2586 .9

1944 2613 2017 2669 ita
2043 2614 2243 2669 dictum
2275 2624 2391 2679 est,
2423 2629 2486 2669 ac
2510 2615 2553 2671 si
2585 2615 2872 2682 diceretur,
2899 2616 3052 2686 Noli,
3082 2618 3335 2687 Domine,
3369 2621 3529 2679 irasci

1944 2705 1999 2759 in
2047 2703 2229 2761 ﬁnem.
2259 2706 2327 2761 Et
2367 2706 2420 2761 in
2462 2720 2528 2761 co
2556 2707 2697 2778 quod
2736 2710 2997 2779 sequitur,
3044 2709 3352 2767 Exardescet
3395 2713 3529 2772 velut

1945 2795 2076 2867 ignis
2112 2796 2250 2851 zelus
2295 2804 2442 2862 tuus,
2491 2807 2773 2867 utrumque
2816 2799 3235 2855 subaudiendum
3279 2810 3391 2868 est,
3439 2811 3523 2870 et,

1944 2900 2218 2957 quousque,
2251 2894 2325 2952 et,
2353 2886 2407 2939 in
2435 2886 2621 2956 ﬁnem;
2646 2902 2709 2942 ac
2735 2888 2779 2942 si
2807 2888 3092 2956 diceretur,
3117 2889 3402 2961 Quousque
3429 2907 3527 2948 ex-

1946 2975 2191 3031 ardescet
2211 2976 2355 3031 velut
2387 2977 2523 3047 ignis
2552 2978 2697 3034 zelus
2728 2988 2845 3034 tuus
2875 2980 2929 3034 in
2960 2979 3160 3035 tinem?
3181 2980 3310 3036 Nam
3339 2982 3408 3036 ita
3438 2982 3525 3038 hic

1946 3067 2053 3121 duo
2077 3067 2179 3122 ista
2204 3068 2565 3123 subaudienda
2593 3078 2736 3134 sunt,
2768 3070 2901 3126 sicut
2929 3073 3174 3142 superius
3202 3089 3367 3129 unum
3393 3074 3526 3144 illud

1944 3156 2087 3228 quod
2117 3157 2314 3212 dictum
2339 3167 2455 3225 est,
2484 3170 2800 3231 posuerunt:
2821 3176 2944 3215 nam
2983 3176 3105 3217 cum
3144 3162 3340 3221 habeat
3383 3166 3530 3235 prior

1947 3251 2234 3315 sententia,
2264 3250 2551 3306 Posuerunt
2580 3254 2846 3308 morticina
2869 3271 3125 3309 servorum
3160 3266 3358 3313 tuorum
3388 3275 3527 3315 escas

1946 3343 2231 3399 volatilibus
2255 3345 2386 3411 cali,
2417 3344 2520 3399 hoc
2545 3345 2766 3401 verbum
2795 3348 3062 3417 pcaterior
3088 3364 3193 3404 non
3222 3351 3401 3420 habet,
3434 3352 3524 3408 ubi

1946 3434 2146 3491 dictum
2177 3445 2258 3492 est
2278 3479 2293 3503 ,
2325 3436 2514 3493 Comes
2558 3448 2846 3494 sanctorum
2889 3450 3089 3496 tuorum
3131 3441 3299 3498 bestiis
3345 3454 3528 3511 terras;

1948 3528 2043 3584 sed
2068 3528 2383 3584 subauditur
2402 3530 2584 3598 utique
2605 3531 2745 3600 quod
2768 3530 2931 3587 habet
2949 3534 3208 3602 superior,
3234 3547 3523 3606 posuerunt.

1950 3617 2029 3671 Ira
2059 3633 2223 3687 porro
2252 3628 2306 3673 et
2334 3620 2482 3674 zelus
2512 3619 2629 3686 Dei,
2658 3635 2763 3674 non
2795 3629 2919 3674 sunt
2948 3622 3375 3690 perturbationes
3407 3625 3522 3694 Dei,

1947 3707 2086 3762 sicut
2132 3708 2370 3763 nonnulli
2420 3708 2722 3779 Scripturas
2773 3725 2905 3780 quas
2946 3726 3050 3766 non
3095 3711 3396 3780 intelligunt
3436 3731 3527 3771 ar-

1948 3809 2114 3870 guunt
2133 3800 2208 3872 (α)
2228 3817 2242 3852 :
2265 3799 2357 3855 sed
2377 3801 2696 3857 nomineirte
2712 3801 3022 3871 intelligitur
3036 3802 3262 3857 vindicta
3278 3804 3527 3875 iniquita-

1950 3893 2052 3957 tis;
2081 3894 2294 3948 nomine
2335 3893 2437 3949 zeli
2481 3894 2689 3949 exactio
2717 3893 3008 3957 castitatis,
3039 3908 3106 3948 ne
3133 3894 3311 3949 anima
3350 3896 3522 3965 legem

1953 3986 2158 4040 Domini
2186 3986 2264 4039 sui
2288 3995 2612 4054 contemnat,
2634 3996 2684 4040 et
2702 4002 2730 4039 a
2752 3986 2860 4042 Deo
2875 4000 2972 4041 suo
2992 3985 3302 4043 fornicando
3321 3987 3530 4059 disper-

1952 4085 2062 4134 eat.
2110 4077 2237 4133 Haec
2273 4093 2402 4149 ergo
2432 4079 2549 4149 ipso
2578 4077 2769 4134 cﬂ'cctu
2795 4080 2812 4111 ⁸
2844 4080 2896 4134 in
2926 4078 3199 4133 hominum
3235 4079 3524 4137 afﬂictione

1952 4180 2074 4225 sunt
2099 4170 2433 4236 turbulenta;
2467 4171 2519 4224 in
2553 4170 2646 4226 Dei
2670 4179 2846 4226 autem
2877 4171 3223 4241 dispositione
3249 4173 3531 4242 tranquilla

1952 4270 2096 4328 sunt,
2114 4261 2196 4316 cui
2212 4261 2412 4317 dictum
2438 4269 2520 4317 est
2543 4280 2556 4316 :
2583 4260 2662 4316 Tu
2682 4272 2869 4329 autem,
2897 4261 3108 4315 Domine
3133 4263 3388 4325 virtutum,
3415 4280 3531 4317 cum

1954 4353 2317 4423 tranquillitate
2345 4353 2551 4423 judicas
2585 4351 2752 4427 (Sap.
2781 4370 2886 4420 xu,
2918 4353 3048 4426 i8).
3078 4353 3221 4409 Satis
3244 4363 3420 4409 autem
3448 4355 3532 4411 bis

1952 4445 2249 4500 ostenditur
2275 4445 2455 4500 verbis
2477 4486 2491 4509 ,
2525 4452 2745 4513 promer
2784 4453 3001 4513 peccata
3046 4443 3382 4512 hominibus,
3410 4444 3534 4501 licet

1954 4536 2218 4602 fidelibus,
2251 4536 2348 4591 has
2375 4534 2490 4592 ﬁeri
2525 4536 2924 4601 tribulationes;
2956 4539 3197 4606 quamvis
3223 4536 3348 4592 hinc
3371 4536 3531 4593 ﬂore-

1953 4638 2067 4686 scat
2096 4638 2387 4700 martyrum
2415 4629 2579 4699 gloria
2609 4627 2800 4682 merito
2828 4627 3114 4696 patiettliu‘,
3142 4635 3196 4682 et
3218 4628 3300 4695 pie
3324 4636 3535 4683 susten-

1955 4728 2067 4776 tato
2094 4721 2144 4774 in
2172 4719 2378 4791 ﬂagello
2407 4718 2612 4775 Domini
2639 4721 2660 4751 ¹
2692 4718 3056 4772 moderamine
3081 4718 3392 4788 disciplinae.
3420 4720 3534 4776 Hoc

1953 4810 2248 4865 Machabazi
2289 4811 2431 4864 inter
2458 4824 2595 4863 sreva
2624 4814 2889 4862 tormenta
2936 4806 3022 4875 (ll
3059 4805 3231 4862 Much.
3260 4824 3332 4863 vn
3355 4808 3395 4877 ),
3431 4808 3535 4864 hoc

1955 4913 2065 4958 tres
2094 4903 2192 4956 viri
2224 4903 2363 4956 inter
2388 4901 2633 4956 innoxias
2662 4900 2901 4955 ﬂammas
2943 4898 2962 4973 (
2987 4899 3119 4953 Dan.
3149 4916 3239 4965 tn,
3273 4899 3336 4954 2i
3364 4899 3408 4967 ),
3433 4900 3535 4956 hoc

1954 4993 2238 5063 Prophetze
2283 4992 2453 5047 sancti
2497 4991 2549 5045 in
2602 4991 2907 5061 captivitate
2959 4998 3237 5045 testantur.
3282 4990 3535 5058 Quamvis

1954 5086 2096 5143 enim
2126 5094 2400 5156 paternam
2444 5084 2833 5153 correptionem
2880 5081 3170 5137 fortissime
3207 5089 3262 5135 et
3299 5082 3536 5152 piissime

1955 5177 2261 5250 perferant;
2313 5191 2416 5230 non
2464 5183 2641 5229 tamen
2689 5182 2865 5230 tacent
2911 5173 3027 5228 hrec
3063 5171 3308 5229 accidere
3333 5174 3536 5229 meritis

1957 5278 2293 5341 peccatorum
2325 5284 2339 5321 :
2367 5267 2556 5321 horum
2609 5266 2749 5321 enim
2800 5280 2902 5319 vox
2945 5271 3028 5319 est
3073 5271 3129 5318 et
3174 5263 3227 5318 in
3274 5264 3535 5328 Psalmis,

1958 5361 2250 5418 Emendans
2270 5359 2548 5413 emendavit
2569 5373 2648 5411 me
2672 5356 2936 5421 Dominus,
2961 5364 3009 5407 ct
3029 5353 3179 5408 morti
3202 5370 3302 5408 non
3330 5354 3539 5408 tradidit

1956 5471 2037 5509 me
2064 5452 2244 5526 (Psal.
2271 5468 2443 5519 cxvn,
2485 5449 2553 5506 l8
2578 5450 2618 5521 ).
2649 5447 2907 5517 Flagellat
2944 5447 3087 5502 enim
3126 5461 3338 5500 omnem
3371 5445 3537 5500 illium

1959 5561 2115 5617 quem
2133 5545 2322 5614 recipit
2341 5561 2354 5596 :
2373 5551 2428 5599 et
2451 5541 2569 5613 quis
2590 5550 2673 5596 est
2692 5540 2832 5594 ﬁlius
2852 5539 2942 5593 cui
2965 5552 3069 5593 non
3090 5537 3184 5593 det
3204 5537 3536 5609 disciplinam

2023 5652 2132 5701 istc
2152 5642 2951 5706 melioresuss.AtEdd.,amctu.
2999 5708 3057 5710 __
3127 5701 3152 5710 _
3247 5699 3279 5710 __
3340 5708 3363 5710 _
3456 5698 3469 5710 ,
3509 5699 3521 5710 ,

2021 5715 2051 5779 ³.
2067 5699 2235 5761 Plures
2268 5712 2446 5779 prqbaz.
2478 5713 2607 5758 nota:
2642 5699 2750 5756 Mss.
2769 5699 3090 5767 ,"sustcnlalo
3116 5699 3308 5768 ﬂagello
3328 5699 3537 5759 Dontim'.

1958 5775 2135 5826 omissa
2156 5770 2404 5835 particula,
2428 5770 2495 5820 in.

2025 5836 2097 5898 (α)
2129 5833 2382 5883 Manichazi.
