3966 6474
526 367 663 423 1015

525 493 674 555 pater
699 483 816 555 ejus
841 482 1025 558 (Hebr.
1059 499 1152 552 xu,
1183 483 1237 550 6,
1263 482 1360 555 7)?

595 577 652 632 9.
683 573 830 649 [νοτε.
851 575 928 649 6.]
954 575 1106 645 Quod
1134 590 1259 630 vero
1283 571 1545 644 adjungit,
1575 569 1796 639 E/funde
1818 570 1947 626 iram
1974 581 2114 626 luam

524 671 577 724 in
597 680 768 740 gentes
793 684 907 739 qua:
932 678 978 722 te
1005 683 1107 723 non
1136 675 1400 732 noverunt,
1423 673 1471 719 et
1500 666 1551 719 in
1580 681 1736 737 regna
1758 681 1872 736 qua:
1900 681 2002 720 non
2027 665 2112 720 in-

527 768 824 816 vocaverunt
863 775 1046 813 nomen
1075 769 1250 824 tuum,
1280 757 1444 813 etiam
1477 756 1576 811 ista
1619 755 1954 827 prophetatio
1994 765 2110 824 est,

527 866 636 908 non
681 851 904 922 optatio.
945 850 1061 906 Non
1107 849 1494 905 malevolentize
1533 857 1658 904 voto
1698 849 1800 903 ista
1842 848 2110 917 dicuntur,

527 941 623 999 sed
663 942 853 1012 Spiritu
893 942 1118 1011 praevisa
1149 939 1545 1010 praedicuntur;
1577 939 1716 994 sicut
1754 939 1821 994 de
1845 938 1980 994 Juda
2007 947 2114 994 tra-

524 1037 721 1101 ditore,
753 1049 872 1105 qure
903 1033 1040 1089 mala
1070 1033 1145 1088 illi
1172 1033 1382 1088 fuerant
1411 1047 1509 1102 pro
1528 1033 1640 1088 suis
1663 1031 1870 1086 meritis
1893 1040 2115 1086 eventu-

525 1143 604 1195 ra,
625 1129 696 1182 ita
722 1128 1032 1198 prophetata
1061 1135 1202 1189 sunt,
1230 1125 1378 1195 quasi
1401 1133 1578 1192 optata
1607 1125 1732 1178 sint.
1756 1121 2113 1190 Quemadmo-

524 1219 650 1274 dum
680 1219 822 1272 enim
856 1216 1120 1286 Propheta
1172 1230 1278 1269 non
1327 1215 1554 1284 imperat
1581 1211 1795 1267 Christo
1817 1255 1832 1282 ,
1865 1214 2112 1283 quamvis

523 1309 683 1366 modo
732 1309 1045 1378 imperativo
1092 1305 1400 1376 pronuntiet
1441 1304 1581 1375 quod
1625 1303 1788 1370 dicit,
1841 1304 2113 1374 Accingere

522 1402 746 1473 gladium
772 1410 914 1452 tuum
945 1400 1084 1452 circa
1109 1401 1294 1468 femur,
1323 1396 1702 1466 potentissime;
1731 1396 1897 1464 specie
1924 1405 2031 1460 tua,
2062 1404 2112 1449 et

523 1490 899 1562 pulchritudine
941 1499 1062 1554 tua,
1110 1496 1158 1541 et
1199 1487 1418 1551 intende,
1455 1494 1502 1538 et
1523 1500 1760 1555 prospere
1801 1485 2033 1553 procede,
2061 1495 2110 1539 et

521 1599 677 1654 regna
701 1579 870 1654 (Psal.
894 1595 1040 1643 κων,
1064 1580 1095 1633 ὁ
1111 1587 1160 1634 et
1176 1578 1234 1648 5)
1255 1595 1269 1635 :
1294 1578 1366 1632 ita
1388 1593 1496 1632 non
1517 1586 1682 1647 optat,
1707 1577 1801 1632 sed
1829 1578 2110 1647 prophetat

522 1675 612 1744 qui
628 1672 780 1737 dicit,
803 1669 1022 1737 E/funde
1049 1671 1179 1724 iram
1205 1679 1342 1723 tuam
1361 1669 1412 1722 in
1433 1677 1601 1738 gentes
1627 1685 1738 1739 qua:
1757 1678 1804 1722 te
1828 1685 1928 1722 non
1956 1684 2108 1723 nove-

520 1773 657 1819 runt.
681 1763 833 1831 Quod
865 1777 1012 1817 more
1039 1777 1135 1816 suo
1161 1761 1373 1831 repetit,
1402 1761 1609 1828 dicens,
1638 1760 1703 1815 Et
1733 1762 1784 1815 in
1812 1779 1968 1834 regna
1994 1779 2108 1832 quce

520 1871 620 1910 non
648 1857 1001 1909 invocaverunt
1027 1870 1206 1908 nomen
1247 1863 1389 1906 tuum
1418 1868 1437 1908 :
1465 1868 1588 1907 nam
1616 1863 1802 1923 gentes
1824 1869 1918 1923 per
1944 1870 2106 1926 regna

522 1949 762 2018 repetita:
791 1955 949 2012 sunt;
982 1955 1036 2001 et
1078 1945 1218 2015 quod
1246 1959 1370 2000 eum
1406 1960 1513 1998 non
1559 1955 1854 2012 noverunt,
1883 1961 1978 2015 per
2005 1946 2106 2003 hoc

518 2039 802 2108 repetitum
831 2047 947 2104 est,
988 2036 1129 2108 quod
1173 2051 1280 2091 non
1328 2037 1712 2090 invocaverunt
1738 2051 1933 2091 nomen
1965 2037 2100 2106 ejus.

521 2131 798 2201 Quomodo
827 2146 954 2201 ergo
985 2129 1388 2199 intelligendum
1429 2137 1513 2183 est
1552 2129 1693 2198 quod
1735 2130 1809 2183 ait
1849 2130 2102 2185 Dominus

517 2224 570 2277 in
600 2223 916 2293 Evangelia,
947 2221 1134 2276 Servus
1159 2221 1245 2290 qui
1271 2221 1425 2274 nescit
1457 2221 1760 2273 voluntatem
1790 2221 1981 2275 domini
2001 2223 2098 2287 sui,

515 2323 562 2368 et
587 2317 706 2384 facit
737 2313 891 2384 digna
912 2313 1096 2382 plagis,
1122 2310 1378 2380 vapulabit
1407 2311 1614 2380 paucis;
1639 2327 1808 2365 servus
1829 2322 1992 2364 autent
2017 2313 2101 2382 qui

515 2406 608 2459 scit
638 2405 944 2458 voluntatem
975 2402 1167 2456 domini
1191 2403 1290 2464 sui,
1319 2411 1364 2454 et
1391 2403 1514 2472 facit
1539 2402 1694 2472 digna
1725 2403 1909 2473 plagis,
1938 2421 2100 2474 vapu-

518 2493 638 2548 labit
667 2495 835 2547 multis
863 2492 1013 2565 (Luc.
1047 2508 1116 2545 χιι
1139 2532 1154 2556 ,
1186 2493 1276 2556 48,
1305 2490 1420 2563 ls'l),
1446 2492 1492 2547 si
1524 2492 1694 2560 major
1722 2492 1797 2546 ira
1827 2494 1918 2547 Dei
1945 2495 2098 2549 estin

514 2597 698 2658 gentes
721 2602 838 2656 qua:
865 2586 1141 2638 Dominum
1167 2599 1272 2638 non
1302 2585 1701 2654 cognoverunt?
1733 2584 1789 2638 In
1817 2600 1882 2640 eo
1905 2587 2100 2657 quippe

514 2678 655 2750 quod
678 2678 771 2742 ait,
800 2675 1025 2742 E/I’unde
1041 2676 1172 2728 iram
1197 2685 1358 2740 luant,
1387 2675 1516 2728 satis
1545 2674 1645 2729 hoc
1665 2677 1828 2729 verbo
1850 2677 2101 2732 indicavit

512 2786 672 2841 quam
701 2769 919 2822 multam
943 2769 1074 2821 iram
1103 2767 1329 2820 voluerit
1357 2766 1580 2835 intelligi
1613 2784 1626 2820 :
1651 2767 1792 2822 unde
1814 2777 1996 2837 postea
2018 2769 2099 2824 di-

511 2863 604 2927 cit,
635 2860 812 2915 Redde
837 2861 1011 2914 vicinis
1041 2859 1224 2913 nostris
1248 2859 1431 2926 septies
1458 2868 1674 2912 tantum.
1701 2863 1778 2913 An
1806 2861 1927 2930 quia
1957 2863 2095 2916 mul-

514 2963 622 3008 tum
655 2954 882 3006 interest
908 2951 1042 3005 inter
1067 2964 1267 3015 servos,
1302 2951 1393 3020 qui
1424 2951 1550 3005 licet
1583 2951 1824 3005 nesciant
1853 2953 2096 3006 volunta-

511 3055 617 3102 tem
661 3045 870 3098 Domini
919 3044 1034 3106 sui.
1085 3051 1265 3096 tamen
1309 3043 1558 3096 invocant
1603 3057 1795 3098 nomen
1845 3043 1999 3111 ejus,
2042 3055 2098 3098 et

508 3139 713 3194 alienos
743 3153 772 3191 a
801 3136 1000 3190 familia
1024 3137 1154 3190 tanti
1183 3134 1602 3204 patrisfamilias,
1627 3137 1714 3203 qui
1739 3135 1821 3190 sic
1847 3134 2096 3204 ignorant

509 3233 674 3288 Deum
701 3272 714 3293 ,
749 3240 805 3284 ut
833 3245 930 3284 nec
955 3229 1204 3282 invocent
1231 3226 1436 3281 Deum?
1458 3224 1711 3281 Invocant
1738 3227 1878 3280 enim
1910 3243 2004 3295 pro
2027 3242 2094 3281 co

509 3323 596 3378 vel
625 3321 905 3377 simulacra
927 3359 942 3385 ,
969 3319 1053 3374 vel
1092 3319 1352 3372 daemonia
1377 3359 1390 3382 ,
1434 3317 1519 3371 vel
1559 3317 1851 3386 quamlibet
1877 3325 2090 3372 creatu-

507 3428 656 3477 ram;
691 3427 795 3465 non
827 3410 1167 3472 Creatorem,
1194 3409 1283 3476 qui
1321 3417 1404 3462 est
1432 3407 1742 3461 benedictus
1784 3408 1838 3460 in
1870 3407 2086 3462 saecula.

505 3505 688 3574 Neque
715 3503 856 3556 enim
889 3502 1040 3562 istos,
1070 3500 1137 3553 de
1162 3499 1351 3567 quibus
1383 3497 1483 3552 hoc
1519 3497 1837 3566 prophetat,
1881 3498 1952 3553 ita
1998 3514 2091 3554 ne-

508 3597 740 3651 scientes
769 3593 1036 3662 signilicat
1069 3589 1276 3644 Domini
1308 3590 1387 3644 sui
1419 3589 1752 3644 voluntatem
1778 3631 1792 3654 ,
1827 3601 1884 3644 ut
1910 3600 2087 3646 tamen

504 3688 677 3756 ipsum
721 3683 1000 3738 Dominum
1035 3682 1286 3746 timeant;
1333 3680 1428 3735 sed
1471 3681 1544 3734 ita
1589 3681 1759 3749 ipsum
1805 3680 2088 3735 Dominum

507 3777 827 3838 nescientes,
861 3784 917 3828 ut
948 3787 1046 3827 nec
1075 3771 1328 3826 invocent
1356 3787 1475 3823 eum
1499 3811 1514 3836 ,
1544 3780 1597 3824 et
1626 3771 1826 3826 inimici
1859 3773 2086 3828 nominis

504 3869 621 3939 ejus
648 3868 898 3921 existant.
923 3864 1146 3918 Multum
1179 3877 1306 3931 ergo
1335 3861 1496 3915 distat
1520 3863 1658 3916 inter
1683 3876 1868 3917 servos
1896 3865 2086 3918 volun-

505 3971 668 4017 tatem
699 3958 902 4014 domini
926 3958 1005 4012 sui
1040 3957 1358 4021 nescientes,
1385 3965 1438 4009 et
1466 3964 1642 4010 tamen
1676 3955 1727 4008 in
1755 3955 1946 4009 familia
1969 3956 2086 4024 ejus

501 4060 662 4122 atque
685 4052 735 4104 in
761 4050 921 4105 domo
944 4049 1201 4110 viventes,
1229 4055 1283 4101 et
1315 4046 1557 4100 inimicos
1582 4062 1684 4099 non
1711 4045 1882 4100 solum
1912 4047 2081 4114 ipsum

501 4144 774 4200 dominum
803 4142 941 4197 scire
963 4140 1222 4203 nolentes,
1249 4137 1343 4192 sed
1368 4147 1422 4194 et
1441 4153 1548 4192 non
1576 4138 1691 4205 ejus
1713 4153 1904 4193 nomen
1937 4140 2084 4194 invo-

501 4245 703 4299 cantes,
731 4244 888 4304 atque
917 4234 968 4286 iu
1000 4232 1170 4286 servis
1194 4232 1208 4262 ¹
1240 4230 1457 4298 insuper
1482 4239 1866 4300 oppugnantes.

575 4327 662 4383 10.
693 4324 856 4399 [vers.
893 4322 978 4396 7.]
1013 4322 1246 4392 Denique
1287 4320 1527 4390 sequitur
1557 4339 1568 4374 :
1605 4320 1736 4386 Quia
1765 4319 2081 4376 comederunt

497 4421 659 4476 Iacob
681 4461 695 4483 ,
727 4427 774 4472 et
804 4419 968 4472 locum
994 4417 1101 4488 ejus
1128 4414 1491 4470 desolaverunt.
1523 4413 1686 4469 Jacob
1720 4414 1914 4484 quippe
1946 4418 2079 4484 tigu-

497 4528 610 4568 ram
637 4511 865 4581 gestavit
893 4508 1166 4573 Ecclesim,
1190 4508 1327 4562 sicut
1347 4505 1490 4560 Esau
1519 4507 1716 4561 veteris
1747 4505 2074 4576 Synagogaa;

497 4607 639 4662 unde
668 4606 867 4660 dictum
892 4611 978 4656 est
1006 4621 1020 4656 :
1052 4600 1118 4654 Et
1142 4601 1306 4670 major
1333 4601 1508 4653 serviet
1549 4601 1728 4652 minori
1761 4599 1913 4668 (Gen.
1946 4615 2072 4665 xxv,

494 4697 607 4766 95).
639 4695 817 4749 Potest
845 4693 895 4744 in
927 4693 1027 4744 hoc
1052 4691 1267 4744 nomine
1299 4690 1516 4758 intelligi
1542 4705 1602 4744 ea
1623 4732 1637 4756 ,
1667 4689 1734 4743 de
1760 4705 1857 4758 qua
1889 4690 2074 4762 loque-

495 4790 701 4850 bamur.
745 4783 1029 4840 haereditas
1074 4782 1202 4842 Dei,
1250 4782 1302 4836 in
1348 4797 1504 4850 quam
1536 4779 1887 4840 invadendam
1918 4793 2076 4856 atque

493 4879 800 4936 vastandam
826 4884 950 4946 post
986 4873 1425 4928 resurrectionem
1465 4881 1518 4926 et
1556 4875 1924 4930 ascensionem
1967 4877 2075 4931 Do-

492 4974 620 5028 mini
643 4972 841 5028 Gentes
864 4965 1231 5038 persequendo
1253 4973 1532 5019 venerunt.
1557 4962 1687 5034 Sed,
1705 4969 1867 5022 locum
1887 4967 2069 5038 Iacob,

489 5062 758 5136 quomodo
801 5062 1103 5116 intueamur
1150 5057 1552 5128 intelligendum
1597 5070 1698 5116 est.
1740 5061 1902 5131 Magis
1927 5063 2070 5116 enim

488 5158 633 5212 locus
658 5153 824 5210 Jacob
849 5152 934 5206 illa
961 5152 1148 5206 civitas
1174 5152 1349 5220 putari
1391 5161 1593 5221 potest,
1637 5153 1688 5205 in
1729 5167 1829 5220 qua
1870 5161 1988 5207 erat
2017 5162 2072 5208 et

488 5253 742 5316 templum
771 5259 876 5315 qtto
904 5244 1204 5298 universam
1235 5243 1377 5297 illam
1399 5255 1631 5313 gentem,
1662 5243 1992 5299 sacrificandi
2014 5255 2070 5301 et

482 5338 741 5394 adorandi
769 5351 927 5389 causa
952 5344 1005 5389 et
1037 5333 1241 5391 Pascha
1281 5335 1613 5402 celebrandi,
1656 5336 1907 5389 Dominus
1933 5351 2068 5406 pra:-

483 5443 697 5501 ccperat
735 5429 1046 5487 cornvenire.
1076 5427 1206 5484 Nam
1245 5428 1288 5482 si
1318 5426 1744 5482 Christianorum
1769 5440 2065 5487 conventus

481 5522 776 5578 inhibitos’
806 5528 966 5588 atque
997 5533 1338 5589 compreSSos
1379 5533 1410 5572 a
1460 5519 1890 5586 persecutoribus
1934 5520 2066 5576 Pro-

485 5613 641 5683 pheta
687 5613 849 5669 vellet
887 5612 1142 5683 intelligi,
1173 5612 1286 5666 loca
1313 5609 1549 5666 desolata
1586 5610 1856 5666 videretur
1881 5610 2062 5668 dicere

544 5749 653 5816 ἶέίε
673 5754 781 5816 “53.-
805 5746 1015 5816 βίωσίν
1039 5751 1180 5816 (⁷⁸0υέ
1203 5758 1380 5816 δεῖυρδ·
1453 5805 1464 5816 .
1501 5804 1609 5816 ._
1759 5806 1771 5816 .
1812 5806 1823 5816 .
1864 5807 1874 5816 .
1926 5807 1968 5816 ..

542 5811 560 5840 ι
594 5813 727 5861 ιον..
747 5804 1047 5860 inhabstatOs.
1069 5804 1123 5857 Αἰ
1143 5814 1216 5857 Er.
1241 5815 1293 5858 et
1308 5814 1432 5867 Mss,
1445 5804 1680 5869 inhibitos,
1695 5806 1791 5868 vel,
1804 5806 2054 5858 inhabitos.

1729 367 1786 422 S.
1820 367 2184 424 AUGUSTINI
2228 369 2530 429 EPISCOPI

3631 400 3720 461 l0"

2220 482 2492 553 debuisse,
2516 502 2624 544 non
2649 488 2845 547 locum.
2874 491 2982 550 Sed
3009 509 3296 564 possumus
3316 503 3542 573 accipere
3563 524 3644 580 pro
3660 531 3721 571 ου.

2220 591 2369 632 mero
2413 579 2602 648 plurali
2646 597 2926 640 numerum
2969 585 3294 658 singularem
3339 579 3585 667 positum,
3628 605 3721 665 sicut

2220 678 2422 768 vestem
2452 686 2547 740 pro
2566 673 2822 741 vestibus,
2849 675 3072 734 militem
3099 696 3195 750 pro
3220 683 3490 756 militibus,
3505 705 3641 760 pecus
3659 713 3722 768 pro

2219 759 2502 829 pecoribus
2534 781 2548 818 :
2576 765 2744 819 multa
2772 768 2914 822 enim
2943 768 3246 840 bujusmodi
3269 779 3432 835 moris
3448 759 3522 836 est
3540 759 3723 854 dici,uec

2219 850 2390 906 solum
2420 853 2582 924 vulgo
2607 854 2969 926 loquentium,
3000 876 3185 918 verum
3218 866 3378 922 etiam
3415 850 3723 936 disertissimo-

2218 956 2338 997 rum
2374 953 2654 999 auctorum
2681 946 3020 1019 eloquentiae.
3049 951 3160 1008 Nec
3201 954 3272 1010 ab
3313 956 3421 1027 ipsa
3449 961 3603 1020 divina
3623 967 3722 1026 sui.

2221 1041 2374 1102 ptura
2404 1036 2503 1092 hoc
2529 1053 2699 1109 genus
2725 1040 3008 1099 locutionis
3033 1045 3269 1102 alienum
3295 1059 3412 1107 est:
3443 1059 3598 1124 posuit
3624 1063 3722 1118 enim

2218 1136 2272 1180 et
2301 1126 2411 1195 ipsa
2444 1143 2625 1184 ranam
2657 1147 2758 1202 pro
2783 1135 2947 1200 ranis,
2977 1137 3236 1195 locustam
3266 1157 3364 1211 pro
3390 1143 3587 1203 locustis
3603 1150 3722 1221 (Psal.

2218 1231 2420 1283 uxvu,
2451 1219 2565 1288 45),
2594 1229 2648 1275 et
2675 1222 3078 1281 innumerabilia
3102 1229 3249 1286 talia.
3271 1231 3420 1300 Quod
3441 1251 3557 1292 vero
3578 1219 3722 1299 dictum

2215 1315 2331 1372 est,
2375 1307 2709 1365 Comederunt
2749 1311 2942 1379 Iacob,
2974 1316 3076 1373 hoc
3115 1319 3254 1378 bene
3292 1325 3600 1398 intelligitur,
3627 1336 3720 1402 quod

2215 1397 2414 1454 multos
2452 1400 2504 1454 in
2545 1416 2702 1456 suum
2747 1405 3039 1475 malignum
3066 1424 3265 1480 corpus
3285 1456 3300 1478 ,
3330 1413 3426 1471 hoc
3449 1429 3520 1474 est
3548 1419 3593 1475 in
3617 1397 3720 1479 suam

2215 1488 2545 1557 societatem,
2576 1494 2826 1549 terrendo
2854 1499 3079 1554 transire
3105 1513 3413 1572 coegerunt.

2287 1581 2372 1636 Η.
2406 1581 2556 1655 [vers.
2578 1584 2658 1658 8.]
2690 1587 2929 1644 Meminit
2953 1607 3083 1647 sane
3104 1635 3118 1658 ,
3149 1598 3391 1664 quamvis
3417 1599 3511 1654 illis
3544 1618 3622 1672 pro
3642 1621 3721 1662 me-

2213 1671 2318 1725 rito
2348 1674 2594 1742 pessima:
2635 1677 2923 1737 voluntatis
2964 1697 3028 1736 ex
3071 1684 3146 1738 ira
3193 1687 3289 1740 Dei
3333 1688 3481 1759 digna
3515 1694 3721 1752 reddenda

2212 1761 2351 1828 sint,
2398 1780 2505 1820 non
2555 1776 2730 1825 tamen
2780 1787 2874 1827 eos
2913 1772 3111 1844 aliquid
3141 1778 3402 1845 adversus
3430 1783 3719 1846 haereditate»

2211 1855 2327 1924 ejus
2357 1859 2536 1914 valere
2561 1864 2819 1931 potuisse,
2853 1866 2953 1920 nisi
2981 1883 3098 1922 eam
3126 1872 3385 1928 voluisset
3409 1876 3513 1944 ipse
3536 1894 3614 1946 pro
3634 1897 3720 1949 pec-

2210 1945 2342 2000 catis
2365 1946 2480 2016 ejus
2511 1949 2830 2019 ﬂagellando
2859 1957 3170 2012 emendare.
3205 1960 3358 2018 Unde
3382 1945 3644 2036 subjungiti
3661 1969 3718 2026 Νι

2209 2038 2491 2093 memineris
2518 2041 2843 2110 iniquitatum
2871 2058 3160 2102 nostrarum
3198 2053 3519 2122 antiquarum.
3541 2057 3637 2112 Non
3667 2062 3715 2115 ait

2209 2131 2600 2198 prmteritarum
2621 2177 2636 2201 ,
2665 2151 2783 2205 qua:
2815 2152 3033 2207 possent
3077 2157 3199 2196 esse
3238 2146 3392 2200 etiam
3434 2151 3710 2217 recentiores;

2208 2221 2300 2276 sed
2345 2224 2701 2294 antiquarum,
2750 2229 2852 2284 hoc
2880 2240 2962 2285 est
3005 2248 3034 2287 a
3085 2238 3396 2304 parentibus
3422 2241 3712 2296 venientium:

2212 2314 2406 2369 talibus
2436 2318 2630 2386 quippe
2677 2320 3044 2391 iniquitatibus
3071 2324 3366 2393 damnatio,
3397 2345 3491 2386 non
3515 2334 3708 2402 correptio

2207 2403 2448 2460 debetur.
2481 2406 2592 2462 Cito
2628 2412 2901 2481 anticipent
2929 2431 3021 2469 nos
3047 2417 3408 2474 misericordiae
3438 2430 3540 2474 tua.
3563 2423 3709 2478 Antici.

2208 2505 2332 2564 pent
2359 2499 2537 2567 utique
2559 2500 2623 2554 ad
2645 2501 2901 2570 judicium
2930 2515 3077 2559 tuum
3102 2526 3114 2560 ;
3143 2507 3493 2578 Supermltat
3513 2512 3624 2567 enim
3640 2515 3704 2567 nti-

2204 2590 2479 2644 sericordia
2521 2593 2572 2646 in
2599 2594 2797 2663 judicio
2823 2596 2836 2627 ¹
2858 2613 2873 2660 ;
2892 2597 3147 2666 judicium
3174 2612 3351 2656 autem
3383 2603 3478 2658 sine
3496 2605 3705 2658 misericor-

2205 2681 2311 2748 dia,
2343 2684 2434 2738 sed
2465 2685 2511 2738 ei
2537 2687 2625 2755 qui
2650 2705 2749 2742 non
2775 2690 2893 2758 fecit
2921 2691 3322 2747 misericordiam
3352 2694 3536 2764 (Jacobi
3555 2713 3602 2758 ll,
3624 2696 3696 2766 l5).

2205 2773 2354 2840 Quod
2374 2785 2548 2830 autem
2568 2778 2630 2832 ad
2631 2779 2822 2848 jungit,
2847 2780 2980 2847 Quia
3000 2800 3250 2854 pauperes
3276 2788 3392 2856 facti
3412 2805 3561 2842 sumus
3582 2790 3701 2854 nimis,

2205 2866 2270 2920 ad
2306 2868 2404 2922 hoc
2437 2871 2546 2924 vult
2572 2873 2790 2942 intelligi
2813 2875 3107 2944 anticipare
3133 2893 3238 2934 nos
3261 2881 3608 2937 misericordias
3623 2884 3698 2947 Dei,

2203 2965 2262 3010 ut
2290 2969 2470 3012 nostra
2504 2971 2820 3029 paupertas,
2854 2965 2904 3019 id
2935 2976 3018 3020 est
3046 2967 3362 3038 infirmitas,
3395 2988 3454 3026 eo
3485 2972 3700 3028 miserante

2201 3045 2484 3116 adjuvetur
2510 3052 2576 3104 ad
2602 3055 2719 3120 ejus
2749 3067 3009 3126 przecepta
3037 3058 3284 3116 facienda
3305 3105 3319 3130 ,
3349 3079 3412 3118 ne
3434 3063 3492 3120 ad
3509 3064 3698 3134 judicium

2200 3135 2314 3204 ejus
2340 3137 2623 3195 damnandi
2652 3144 2944 3201 veniamus.

2271 3228 2357 3282 12.
2389 3227 2536 3301 [vers.
2563 3232 2644 3306 9.]
2675 3235 2798 3290 Ideo
2824 3240 3063 3308 sequitur
3087 3259 3100 3295 :
3127 3243 3331 3316 Adjuva
3354 3263 3450 3312 nos,
3472 3247 3698 3301 Denssals-

2199 3319 2320 3372 taris
2349 3332 2534 3376 noster.
2566 3324 2674 3380 lloc
2703 3328 2864 3381 verbo
2886 3332 3023 3399 quod
3042 3333 3135 3398 ait,
3159 3335 3410 3390 Salutaris
3433 3349 3589 3401 noster,
3609 3337 3697 3391 satis

2197 3411 2416 3477 eXponit
2462 3428 2617 3482 quam
2666 3416 2892 3472 voluerit
2938 3433 3310 3491 paupertatem
3361 3427 3550 3495 intelligi
3581 3427 3620 3480 in
3652 3438 3693 3480 eo

2195 3501 2333 3568 quod
2373 3502 2612 3568 dixerat,
2661 3505 2910 3573 Quoniam
2952 3529 3199 3584 pauperes
3230 3520 3350 3588 [acti
3381 3535 3530 3572 sumus
3557 3519 3692 3570 nimis:

2197 3589 2307 3660 ipsa
2338 3603 2420 3646 est
2448 3595 2644 3665 quippe
2670 3597 2950 3655 inﬁrmitas
2975 3645 2989 3668 ,
3022 3606 3106 3658 cui
3139 3605 3393 3662 Salutaris
3416 3617 3488 3664 est
3511 3621 3691 3663 necessa—

2193 3683 2323 3736 rius.
2362 3683 2494 3739 Cum
2526 3701 2653 3741 vero
2697 3689 2933 3759 adjuvari
2982 3710 3078 3748 nos
3119 3699 3272 3762 vult,
3305 3715 3397 3754 nec
3423 3700 3615 3769 ingratus
3635 3704 3690 3749 est

2193 3776 2396 3843 gratiae,
2432 3791 2527 3831 nec
2559 3779 2693 3832 tollit
2723 3780 2948 3837 liberum
2980 3785 3263 3844 arbitrium
3293 3808 3306 3844 :
3336 3791 3416 3860 qui
3441 3789 3557 3844 enim
3579 3786 3686 3856 adju-

2193 3873 2367 3932 vatur,
2399 3867 2557 3920 etiam
2592 3883 2688 3936 per
2716 3871 2951 3940 seipsum
2977 3876 3173 3946 aliquid
3195 3881 3324 3950 agit.
3347 3879 3538 3934 Addidit
3556 3876 3682 3937 etiam,

2193 3951 2412 4023 Propter
2429 3957 2642 4027 gloriam
2670 3963 2886 4015 nominis
2911 3965 3000 4028 tui,
3032 3965 3271 4032 Domine,
3293 3970 3438 4026 libera
3459 3985 3553 4038 nos,
3565 3977 3607 4024 ut
3627 3968 3686 4039 Qui

2189 4044 2467 4114 gloriatur,
2517 4065 2622 4105 non
2669 4053 2721 4106 in
2767 4055 2965 4124 seipso,
3007 4058 3104 4117 sed
3149 4060 3201 4118 in
3253 4067 3460 4120 Domino
3499 4066 3684 4135 glorietur

2191 4135 2231 4206 (Ι
2258 4135 2375 4191 Cor.
2399 4154 2436 4204 t,
2467 4139 2577 4210 5i).
2606 4141 2672 4194 Et
2699 4146 2948 4212 pmpitius
2971 4158 3095 4216 esto,
3129 4154 3318 4223 inquit,
3345 4157 3536 4226 peccatis
3554 4151 3682 4206 nostris

2189 4239 2392 4296 ρνοριεν
2413 4247 2590 4283 "Omen
2614 4241 2757 4291 tuum
2781 4256 2798 4293 :
2820 4256 2924 4294 non
2953 4254 3165 4312 propter
3187 4261 3313 4312 nos;
3341 4243 3566 4314 namquid
3581 4237 3680 4295 aliud

2188 4331 2460 4375 merentur
2491 4339 2708 4393 peccata
2743 4342 2922 4387 nostra
2941 4375 2954 4397 ,
2985 4350 3143 4404 quam
3169 4338 3340 4392 debita
3370 4347 3419 4393 et
3441 4337 3570 4408 digna
3591 4346 3679 4400 sup-

2187 4412 2380 4482 plicia?
2401 4416 2494 4473 sed
2515 4423 2764 4491 prapitius
2787 4434 2892 4478 esto
2921 4429 3134 4494 peccatis
3161 4432 3340 4484 nostris
3359 4441 3538 4501 propter
3551 4440 3677 4479 uomat

2185 4514 2349 4560 tuum.
2379 4509 2466 4564 Sic
2497 4527 2623 4580 ergo
2645 4529 2741 4566 nos
2775 4514 2988 4581 liberas,
3016 4517 3064 4571 id
3096 4529 3200 4586 est,
3230 4521 3412 4576 eruisa
3435 4519 3578 4582 malis,
3595 4529 3675 4570 cum

2184 4605 2240 4652 et
2266 4598 2484 4666 adjuvas
2515 4616 2610 4654 nos
2635 4603 2699 4657 ad
2724 4602 3018 4660 faciendam
3044 4607 3320 4677 justitiam,
3345 4619 3396 4666 et
3415 4607 3620 4678 propitius
3637 4616 3675 4657 εδ

2184 4689 2416 4759 peccatis
2442 4692 2657 4757 nostris,
2687 4694 2804 4749 sine
2831 4697 3023 4765 quibus
3051 4700 3102 4753 in
3140 4701 3238 4756 hac
3265 4702 3362 4756 vita
3391 4717 3482 4754 non
3506 4708 3673 4751 sumus:
3705 4737 3708 4744 .

2186 4775 2435 4842 Quoniam
2463 4798 2562 4835 non
2581 4783 2944 4853 justi/icabitur
2971 4789 3022 4840 in
3055 4801 3319 4858 conspectu
3356 4800 3435 4843 tuo
3469 4786 3598 4842 omnis
3621 4781 3673 4836 ri-

2179 4884 2294 4923 vens
2324 4870 2344 4940 (
2367 4869 2507 4925 Psal.
2537 4888 2673 4928 eam
2695 4915 2709 4940 ,
2754 4874 2848 4946 2).
2883 4875 3153 4933 Peccatum
3202 4891 3370 4936 autem
3409 4878 3601 4948 iniquitas
3625 4878 3673 4926 αι

2180 4961 2220 5031 (l
2247 4962 2401 5041 Joan.
2432 4981 2505 5031 ιιι,
2533 4966 2589 5035 4)
2612 4983 2624 5029 ;
2649 4975 2702 5022 et
2727 4968 2771 5021 si
2793 4969 3076 5039 iniquitates
3104 4973 3437 5037 observaveris,
3461 4971 3551 5041 quis
3565 4964 3671 5022 susti-

2177 5054 2306 5107 nebit
2335 5037 2506 5124 (l’sal.
2533 5073 2723 5122 cum,
2758 5059 2855 5128 3)?

2247 5147 2333 5200 15.
2363 5145 2510 5219 [vers.
2538 5148 2649 5222 10.]
2675 5149 2824 5217 Quod
2855 5160 3035 5208 autem
3070 5154 3324 5226 adjungit,
3355 5147 3592 5223 Nequanda
3609 5143 3662 5196 di.

2173 5247 2288 5288 cant
2312 5237 2363 5289 in
2386 5236 2644 5303 Gentibus,
2676 5238 2774 5294 Ubi
2801 5253 2874 5295 est
2899 5242 3036 5298 Deus
3061 5247 3273 5301 eorum?
3296 5246 3448 5314 magis
3470 5255 3547 5311 pro
3572 5234 3665 5304 ίρ³ί⁵

2172 5328 2430 5384 Gentibus
2456 5340 2538 5385 est
2563 5334 2951 5402 accipiendum.
2981 5336 3116 5392 Male
3140 5338 3278 5393 enim
3308 5341 3505 5407 pereunt
3529 5328 3596 5399 qui
3615 5324 3662 5376 dc

2171 5420 2281 5475 Deo
2305 5437 2435 5475 vero
2460 5422 2862 5492 desperaverim
2883 5469 2899 5494 ,
2929 5438 3174 5497 putantes
3199 5445 3314 5485 eum
3342 5429 3416 5482 vel
3440 5438 3529 5480 non
3551 5431 3658 5478 esse.

2167 5512 2253 5567 vel
2297 5526 2422 5566 suos
2457 5530 2561 5568 non
2589 5515 2869 5584 adjuvare,
2901 5534 3000 5574 nec
3027 5520 3107 5575 eis
3135 5536 3251 5576 esse
3285 5516 3544 5590 prepitium.
3564 5502 3656 5564 illud

2166 5618 2292 5658 vero
2321 5603 2463 5673 quod
2493 5607 2750 5675 sequitur,
2780 5606 2844 5660 Et
2869 5611 3144 5665 innotescat
3179 5613 3228 5665 in
3265 5605 3511 5665 nationibus
3531 5609 3654 5653 ιοτωι

2166 5697 2322 5751 oculis
2364 5699 2548 5751 nostris
2589 5699 2807 5753 vindicta
2853 5703 3113 5773 sanguinis
3149 5718 3388 5760 servorum
3409 5685 3652 5758 ταοηιπισκί

2227 5811 2244 5840 ι
2279 5808 2446 5860 Plures
2468 5818 2592 5873 Mss,
2615 5809 2948 5864 misericordia
2959 5813 3229 5879 judicium;
3250 5815 3425 5873 omissa.
3442 5807 3500 5861 εει·

3587 6243 3856 6374 __l
