3966 6436
291 397 425 454 ΙΟΠ

285 509 478 578 elusus
505 517 595 574 est,
628 507 714 562 vel
744 507 823 562 sic
845 504 1178 575 intelligitur,
1205 514 1328 557 cum
1354 500 1579 556 credunt
1605 498 1658 553 in
1690 510 1872 553 verum

289 603 478 668 Deum,
509 599 600 671 qui
623 596 1081 671 persequebantur
1104 594 1221 666 ejus
1250 593 1648 658 luereditatem;
1677 592 1799 662 quia
1819 599 1874 647 et

286 698 406 764 ipsa
446 692 676 749 vindicta
719 700 802 747 est
825 731 840 756 ,
869 704 972 762 qua
1005 688 1286 761 perimitur
1313 703 1455 744 saeva
1485 687 1736 759 iniquitas
1773 700 1871 743 eo-

290 802 407 843 rum
434 784 611 859 gladio
634 784 782 841 verbi
809 783 924 851 Dei,
952 783 1021 838 de
1049 796 1156 852 quo
1183 781 1386 837 dictum
1433 790 1517 837 est
1538 824 1553 849 ,
1599 780 1873 853 Accingere

289 877 518 948 gladium
545 885 687 931 tuum
709 872 884 944 (Psal.
907 887 1049 939 xuv,
1078 872 1174 943 4);
1204 873 1292 928 vel
1317 887 1436 926 cum
1467 880 1873 942 perseverantes

293 967 496 1023 inimici
527 967 579 1021 in
610 965 716 1022 line
745 965 1058 1036 puniuntur.
1084 962 1216 1019 Nam
1260 963 1400 1018 mala
1428 962 1722 1033 corporalia
1753 978 1873 1033 quas

290 1059 343 1112 in
377 1058 481 1112 hoc
506 1056 706 1112 seculo
751 1056 1045 1125 patiuntur,
1069 1055 1372 1109 communia
1417 1062 1639 1124 possunt
1677 1052 1875 1109 habere

288 1163 412 1204 cum
442 1149 618 1203 bonis.
642 1146 740 1201 Est
762 1154 816 1201 et
839 1144 986 1201 aliud
1007 1143 1254 1199 vindictte
1276 1159 1465 1216 genus,
1490 1161 1596 1214 quo
1618 1144 1870 1200 Ecclesiae

288 1237 656 1294 diiatationem
679 1246 733 1291 et
758 1235 1132 1291 fecunditatem
1155 1236 1208 1289 in
1240 1235 1344 1291 hoc
1363 1236 1581 1303 sacculo,
1611 1245 1733 1306 post
1754 1247 1874 1291 tan-

289 1337 374 1384 tas
394 1326 792 1397 persecutiones
809 1325 1002 1396 quibus
1025 1340 1142 1381 eam
1164 1326 1385 1381 omnino
1410 1327 1697 1396 perituram
1722 1335 1875 1397 puta-

291 1420 439 1487 bant,
470 1428 737 1491 peccator,
755 1426 810 1475 et
834 1417 1161 1483 incredulus,
1182 1428 1236 1474 et
1264 1418 1508 1473 inimicus
1522 1418 1666 1474 videt
1689 1427 1743 1474 et
1768 1419 1871 1473 ira-

291 1512 477 1576 scitur,
497 1511 742 1567 dentibus
762 1512 874 1567 suis
891 1510 1097 1567 frendet
1117 1519 1170 1566 et
1192 1513 1431 1567 tabescet
1452 1511 1736 1583 (Psal.cxt,
1759 1514 1871 1586 10):

291 1604 413 1676 quis
453 1605 594 1659 enim
641 1619 839 1675 negare
882 1605 1076 1660 audeat
1119 1604 1257 1660 hanc
1288 1605 1449 1660 etiam
1477 1620 1596 1660 esse
1623 1606 1874 1677 gravissi-

291 1710 432 1751 mam
460 1697 714 1766 pmnam?
742 1694 848 1751 Sed
877 1697 1059 1752 nescio
1081 1705 1259 1752 utrum
1289 1696 1418 1751 satis
1443 1697 1713 1768 eleganter
1732 1699 1871 1755 acci-

293 1789 466 1858 piatur
481 1788 622 1859 quod
645 1788 739 1857 ait,
763 1798 880 1843 ante
900 1790 1070 1844 oculos
1086 1799 1302 1857 nostros,
1326 1790 1370 1845 si
1394 1789 1494 1845 hoc
1517 1805 1688 1860 poena:
1707 1806 1875 1863 genus

292 1880 650 1950 intelligamus
677 1879 817 1951 quod
844 1881 897 1935 in
928 1880 1129 1935 intimis
1151 1881 1330 1936 cordis
1355 1881 1553 1952 agitur,
1579 1890 1634 1937 et
1664 1890 1876 1953 torquet

289 1971 452 2027 etiam
474 1971 601 2026 illos
622 1971 713 2041 qui
739 1971 896 2026 nobis
920 1971 1201 2026 adulanter
1222 1971 1461 2027 arrident
1485 2013 1501 2038 ,
1536 1986 1635 2027 nec
1661 1989 1689 2025 a
1722 1972 1876 2028 nobis

289 2061 457 2117 videri
485 2070 661 2131 potest
681 2061 807 2132 quid
831 2062 882 2117 in
907 2061 1128 2117 homine
1152 2061 1405 2118 interiore
1432 2064 1719 2132 patiantur.
1743 2061 1874 2118 Illud

290 2162 469 2209 antem
497 2153 637 2225 quod
663 2154 778 2210 sive
805 2155 884 2210 eis
909 2154 1255 2210 credentibus
1281 2155 1530 2225 iniquitas
1560 2171 1743 2210 eorum
1786 2156 1872 2210 in-

290 2247 584 2315 terimitur,
615 2249 729 2303 sive
750 2249 802 2303 in
831 2248 1160 2318 malignitate
1187 2250 1651 2318 perseverantibus
1676 2251 1877 2321 suppli-

283 2338 431 2394 tium
460 2338 809 2393 novissimum
841 2338 1104 2402 redditur,
1128 2340 1247 2395 sine
1271 2340 1525 2411 scrupulo
1559 2342 1875 2411 quaestionis

290 2429 604 2499 intelligitur
631 2429 852 2498 dictum,
886 2428 1177 2486 lnnolescat
1197 2441 1317 2486 ante
1344 2432 1519 2486 oculos
1544 2442 1742 2487 nostros
1766 2431 1877 2486 vin-

194 2588 201 2593 λ
282 2522 430 2574 dicta
454 2521 505 2574 in
531 2519 834 2574 nationibus.

363 2613 450 2668 l4.
491 2612 557 2668 Et
585 2611 698 2667 haec
725 2611 962 2682 quidem,
1005 2620 1063 2668 ut
1107 2612 1359 2679 diximus,
1405 2613 1741 2684 prophetatio
1767 2623 1872 2683 est,

286 2720 395 2759 non
441 2704 642 2774 optatio
676 2721 688 2756 :
718 2703 812 2759 sed
836 2713 1056 2775 propter
1095 2703 1221 2759 illud
1257 2705 1399 2775 quod
1428 2706 1684 2776 scriptun:
1716 2715 1797 2761 est
1823 2706 1875 2761 in

289 2795 631 2867 Apocalypsi,
664 2795 765 2850 sub
792 2812 880 2850 ara
914 2796 1007 2851 Dei
1035 2806 1300 2869 martyres
1339 2798 1405 2851 ad
1445 2798 1610 2853 Deum
1642 2799 1875 2855 clamare

290 2896 343 2941 et
371 2886 567 2950 dicere,
594 2887 881 2959 Quousque,
906 2888 1144 2954 Domine,
1173 2905 1275 2944 non
1294 2892 1311 2922 ί
1333 2891 1556 2946 vindicas
1578 2893 1876 2963 sanguinem

291 2986 518 3031 nostrum
546 2976 745 3054 (Apoc.
790 2995 848 3035 vt
867 3022 881 3046 ,
913 2980 947 3035 9
966 3024 980 3045 .
1016 2981 1162 3053 l0)?
1187 2999 1291 3038 non
1334 2992 1416 3038 est
1447 2984 1872 3053 praetereundum

290 3069 738 3139 quemadmodum
787 3072 953 3142 accipi
987 3082 1271 3143 eportcat;
1306 3091 1373 3131 ne
1410 3086 1630 3146 propter
1657 3087 1873 3131 exsatu-

290 3161 515 3216 randum
537 3162 715 3217 cdium
743 3164 1030 3219 credantur
1048 3165 1218 3220 sancti
1248 3165 1553 3223 desiderare
1564 3166 1871 3232 vindictam,

290 3253 431 3322 quod
484 3255 551 3309 ab
588 3270 773 3309 eorum
821 3256 1145 3325 perfectione
1193 3259 1348 3329 longe
1392 3260 1566 3315 abest.
1600 3261 1668 3315 Et
1697 3270 1871 3315 tamen

289 3344 543 3414 scriptum
574 3354 674 3411 est,
709 3366 727 3398 ε
757 3345 1046 3403 Laetabitur
1080 3348 1278 3418 justus,
1311 3364 1435 3404 cum
1460 3350 1654 3405 viderit
1698 3350 1871 3404 vindi-

289 3444 429 3492 ctam
458 3435 774 3506 impiorum;
808 3453 995 3493 manus
1022 3455 1144 3496 suas
1166 3441 1360 3497 lavabit
1386 3442 1438 3496 in
1468 3442 1726 3512 sanguine
1741 3458 1870 3514 pec-

290 3528 489 3583 catoris
521 3546 541 3579 ›
574 3527 760 3599 (Psal.
795 3546 918 3597 Lm,
950 3532 1008 3585 ll
1038 3530 1057 3592 i
1107 3550 1120 3584 :
1167 3542 1221 3587 et
1248 3534 1539 3602 Apostolus
1576 3535 1668 3600 ait,
1703 3553 1722 3586 σ
1755 3535 1873 3590 Νοη

291 3634 387 3675 vos
408 3619 550 3684 ipsos
579 3620 926 3687 vindicantes,
950 3621 1268 3689 eItarissimi,
1294 3622 1390 3678 sed
1413 3623 1536 3679 date
1557 3625 1731 3679 locum
1757 3625 1871 3695 irae;

288 3711 548 3780 scriptum
571 3721 652 3766 cst
673 3712 837 3779 enim,
871 3713 994 3767 Mihi
1025 3713 1336 3777 vindictam,
1357 3723 1412 3769 et
1436 3730 1535 3785 ego
1561 3716 1870 3784 retribuam,

288 3801 421 3857 dicit
451 3802 706 3858 Dominus
745 3823 763 3856 ι
801 3802 974 3874 (Rom.
1003 3818 1101 3872 xu,
1126 3803 1237 3876 l9).
1266 3804 1374 3861 Nec
1404 3807 1518 3877 ipse
1547 3807 1721 3877 itaque
1748 3822 1876 3877 prte-

290 3894 422 3964 cipit
448 3902 503 3949 ut
532 3895 701 3950 nolint
721 3895 995 3961 vindicari,
1027 3896 1122 3951 sed
1147 3908 1202 3950 ut
1230 3911 1333 3951 non
1379 3912 1438 3951 se
1466 3896 1563 3967 ipsi
1598 3896 1872 3953 vindican-

292 3994 375 4041 tes
404 3985 530 4041 dent
556 3985 725 4040 locum
750 3986 842 4040 ira:
884 3986 977 4042 Dei
1020 3988 1108 4057 qui
1154 3987 1311 4055 dixit,
1358 3987 1490 4042 Mihi
1515 3988 1806 4055 vindictam,
1830 3998 1877 4044 ct

291 4090 386 4147 ego
410 4076 706 4131 retribuam.
737 4077 801 4132 Et
832 4077 1095 4132 Dominus
1123 4078 1176 4133 in
1201 4078 1489 4149 Evangelio
1518 4079 1725 4134 viduam
1755 4096 1878 4149 pro-

296 4169 446 4236 ponit
467 4167 519 4222 in
545 4168 968 4235 similitudinem,
993 4184 1110 4239 quae
1140 4169 1395 4224 vindicari
1425 4171 1759 4236 desiderans,
1787 4173 1875 4241 ju-

294 4261 464 4318 diccm
510 4261 881 4332 interpellabat
929 4262 1217 4331 injuslum,
1245 4263 1334 4333 qui
1383 4276 1499 4317 eam
1537 4264 1747 4317 tandem
1775 4263 1875 4317 ali-

294 4353 507 4424 quando
545 4368 652 4409 non
694 4353 899 4424 justitia
929 4354 1141 4421 ductus,
1174 4354 1266 4409 sed
1298 4355 1453 4410 ttedio
1482 4357 1655 4411 vietus
1680 4356 1880 4411 audivit

294 4442 316 4513 (
346 4441 470 4495 Luc.
492 4457 644 4506 xvnt,
674 4444 769 4498 5-5
794 4441 814 4516 )
848 4463 862 4499 :
892 4444 994 4500 hoc
1019 4454 1197 4501 autem
1228 4446 1479 4502 Dominus
1505 4449 1798 4517 proposuit,
1822 4456 1880 4503 ut

295 4532 605 4588 ostenderet
635 4535 804 4588 multo
827 4536 993 4605 magis
1040 4537 1203 4591 Deum
1243 4537 1442 4606 juswm
1484 4539 1590 4592 cito
1616 4538 1874 4593 facturum

293 4625 550 4697 judicium
591 4626 881 4682 electorum
908 4643 1147 4693 suorum,
1170 4631 1258 4698 qui
1287 4630 1352 4683 ad
1390 4645 1512 4685 eum
1537 4632 1767 4685 clamant
1793 4630 1879 4687 die

295 4731 360 4771 ac
385 4725 561 4771 nocte.
587 4714 715 4771 Inde
735 4724 818 4771 cst
859 4725 913 4771 et
956 4715 1042 4771 ille
1068 4717 1168 4772 sub
1204 4733 1293 4772 ara
1316 4719 1406 4773 Dei
1448 4727 1737 4790 martyrum
1766 4721 1879 4776 cla-

298 4822 436 4874 mor,
461 4818 519 4861 ut
546 4808 642 4863 Dei
680 4805 884 4877 judicio
907 4808 1259 4863 vindicentur.
1309 4806 1410 4865 Ubi
1451 4818 1533 4864 est
1570 4826 1697 4881 ergo
1726 4811 1877 4877 illud,

303 4916 322 4950 ι
364 4898 572 4968 Diligite
620 4897 865 4953 inimicos
910 4906 1141 4964 vestros,
1189 4899 1484 4955 benefacite
1534 4901 1612 4956 eis
1656 4901 1745 4971 qui
1785 4916 1880 4955 vos

296 4990 543 5056 oderunt,
561 4997 615 5045 et
630 5000 778 5044 orate
794 5003 890 5059 pro
906 4990 984 5045 eis
998 4990 1085 5060 qui
1103 5004 1198 5045 vos
1211 5002 1598 5060 persequuntur
1624 5012 1643 5045 ι
1667 4991 1877 5064 (Matth.

297 5095 355 5149 v,
376 5078 508 5153 £4)?
536 5079 626 5134 ubi
664 5089 747 5136 est
774 5089 830 5136 et
864 5080 1016 5150 illud,
1048 5100 1068 5134 ι
1103 5081 1218 5137 Νυη
1251 5082 1541 5139 reddentes
1561 5085 1755 5139 malum
1786 5100 1881 5154 pro

296 5172 459 5238 malo,
491 5186 590 5226 nec
616 5171 953 5227 maledictum
1004 5188 1100 5243 pro
1147 5174 1432 5229 maledicto
1469 5193 1488 5228 ι
1522 5174 1541 5246 (
1570 5174 1591 5229 1
1623 5172 1765 5229 Petr.
1798 5192 1877 5243 ut,

297 5262 331 5319 9
358 5261 379 5335 )
405 5279 421 5329 ;
458 5270 531 5327 et,
570 5280 589 5313 ι
624 5261 765 5317 Nulli
792 5264 988 5318 malum
1020 5278 1116 5334 pro
1138 5265 1277 5320 malo
1306 5265 1590 5321 reddentes
1623 5284 1643 5318 ι
1676 5264 1696 5339 (
1726 5265 1877 5321 Rom.

295 5367 394 5419 xu,
426 5351 559 5422 l7)?
583 5349 639 5405 Si
666 5352 806 5406 enim
834 5353 1031 5407 malum
1064 5368 1162 5424 pro
1193 5353 1334 5409 man
1380 5371 1484 5409 non
1530 5364 1612 5411 est
1634 5355 1880 5426 cuiquam

294 5443 658 5510 reddendum;
712 5459 820 5499 non
869 5445 1043 5500 solum
1097 5445 1291 5501 factum
1346 5447 1543 5501 malum
1600 5463 1697 5517 pro
1745 5447 1882 5504 facto

298 5536 437 5592 malo
458 5579 472 5602 ,
523 5536 615 5593 sed
643 5552 742 5592 nec
771 5544 952 5591 votum
985 5536 1182 5593 malum
1210 5536 1537 5593 reddendum
1571 5547 1652 5594 est
1678 5554 1774 5609 pro
1805 5536 1880 5593 fa-

296 5637 386 5684 cto
413 5629 490 5684 vel
518 5637 640 5684 voto
667 5627 829 5683 malo.
867 5627 1060 5684 Reddit
1102 5640 1279 5685 autem
1324 5639 1505 5685 votum
1542 5629 1761 5696 malum,
1791 5629 1878 5701 qui

362 5822 378 5852 '
416 5822 601 5887 Aliquot
621 5830 742 5884 Mss,
768 5835 859 5875 non
869 5823 1069 5886 jndtcas
1084 5831 1129 5876 el
1151 5826 1379 5878 vindicas.

1354 386 1749 444 ENABRATIO
1789 383 1852 439 IN
1892 383 2211 442 PSALMUM
2249 386 2528 443 LXXVIII.

3430 390 3567 448 1018

1982 496 2191 552 etiamsi
2222 514 2325 552 non
2358 498 2472 569 ipse
2509 497 2780 567 vindicat,
2819 507 2995 557 tamen
3044 507 3104 556 ut
3144 499 3261 571 ejus
3290 500 3566 559 inimicum

1980 589 2120 646 Deus
2142 590 2344 660 puniat,
2389 597 2664 661 exspectat
2687 598 2848 662 atque
2886 599 3054 662 optat.
3076 591 3414 663 Quapropter
3434 608 3560 649 cum

1979 688 2037 736 et
2062 681 2223 736 homo
2236 681 2412 751 justus
2432 689 2488 736 et
2511 682 2672 737 homo
2698 681 2869 738 malus
2895 681 2964 739 de
2995 682 3227 739 inimicis
3251 684 3364 739 suis
3395 683 3561 741 velint

1980 787 2009 826 a
2039 773 2266 828 Domino
2288 773 2565 840 vindicari,
2593 773 2736 830 unde
2760 773 3132 832 discernentur
3150 816 3167 843 ,
3192 774 3300 831 nisi
3323 774 3446 846 quia
3470 775 3560 846 ju-

1980 875 2095 921 stus
2122 874 2179 922 et
2206 867 2373 938 magis
2399 868 2546 938 cupit
2570 867 2843 923 inimicum
2869 881 3024 923 suum
3053 867 3247 939 corrigi
3276 883 3433 939 quam
3459 882 3562 939 pu-

1982 960 2123 1025 niri;
2154 968 2355 1016 etcum
2386 962 2437 1015 in
2480 975 2601 1016 eum
2638 960 2783 1016 videt
2817 975 2846 1015 a
2887 961 3115 1016 Domino
3148 960 3429 1028 vindicari,
3457 975 3565 1017 non

1979 1051 2098 1121 ejus
2124 1050 2419 1106 delectatur
2439 1065 2619 1121 poena,
2647 1051 2768 1122 quia
2810 1066 2920 1106 non
2962 1067 3083 1106 eum
3110 1051 3241 1118 odit,
3270 1051 3363 1107 sed
3386 1051 3569 1109 divina

1975 1140 2205 1211 justitia,
2232 1140 2354 1210 quia
2397 1140 2563 1197 Deum
2595 1140 2805 1211 diligit?
2831 1141 3068 1211 Denique
3092 1142 3138 1196 si
3166 1142 3218 1196 in
3241 1139 3346 1196 hoc
3368 1140 3567 1199 sacqu

1981 1233 2033 1288 in
2061 1249 2181 1289 eum
2202 1232 2518 1302 vindicatur,
2549 1235 2629 1289 vel
2661 1248 2760 1304 pro
2788 1235 2880 1290 illo
2905 1234 3064 1290 etiam
3091 1233 3303 1289 laetatur
3324 1276 3340 1302 ,
3368 1234 3412 1289 si
3434 1249 3560 1290 cor-

1978 1325 2200 1395 rigitur;
2231 1325 2315 1381 vel
2362 1334 2509 1381 certe
2535 1340 2632 1396 pro
2658 1326 2809 1391 aliis,
2840 1335 2900 1380 ut
2933 1340 3054 1380 eum
3085 1325 3306 1380 timeant
3346 1325 3561 1380 imitari.

1981 1415 2099 1486 Ipse
2126 1431 2337 1488 quoque
2367 1416 2425 1471 lit
2464 1417 2675 1484 melior,
2706 1431 2812 1472 non
2843 1417 3101 1487 supplicio
3126 1417 3267 1471 illius
3302 1417 3425 1472 odia
3465 1430 3564 1473 sua

1981 1507 2247 1577 pascendo
2265 1549 2279 1572 ,
2308 1506 2402 1563 sed
2428 1516 2602 1562 errata
2628 1507 2980 1563 emendando.
3012 1508 3091 1562 Ac
3107 1521 3205 1578 per
3229 1507 3336 1562 hoc
3356 1506 3426 1562 de
3466 1507 3563 1563 be-

1981 1598 2302 1664 nevolentia,
2336 1613 2440 1654 non
2474 1598 2543 1654 de
2577 1599 2775 1654 malitia
2818 1608 2901 1654 est
2947 1599 3086 1669 quod
3130 1598 3340 1653 laetatur
3366 1598 3561 1668 justus,

1978 1705 2099 1745 cum
2148 1690 2291 1745 videt
2320 1691 2625 1755 vindictam,
2657 1700 2712 1746 et
2749 1704 2936 1744 manus
2987 1703 3112 1745 suas
3162 1689 3322 1757 lavat,
3369 1689 3421 1744 id
3459 1698 3561 1757 est,

1979 1798 2141 1853 opera
2168 1782 2443 1838 mundiora
2474 1781 2638 1838 efﬁcit
2665 1782 2718 1837 in
2747 1782 3006 1853 sanguine
3024 1822 3039 1847 ,
3080 1780 3184 1838 hoc
3210 1790 3295 1837 est
3322 1782 3373 1838 in
3399 1781 3565 1838 exitio

1977 1872 2305 1945 peccatoris;
2337 1887 2555 1928 sumens
2603 1872 2728 1929 inde
2774 1888 2880 1928 non
2926 1872 3052 1927 mali
3080 1873 3245 1928 alieni
3287 1871 3561 1943 gaudium,

1982 1968 2073 2023 sed
2102 1968 2294 2022 divinae
2324 1967 2704 2022 admonitionis
2741 1965 3065 2035 exemplum.
3101 1964 3156 2021 Si
3184 1974 3361 2020 autem
3396 1964 3449 2019 in
3480 1964 3563 2019 lu-

1983 2070 2100 2114 turo
2144 2059 2364 2125 szecnlo,
2407 2058 2593 2113 ultimo
2639 2056 2736 2112 Dei
2771 2057 2972 2127 judicio
3000 2056 3317 2122 vindicatur,
3376 2054 3483 2110 hoc
3512 2055 3565 2112 ei

1983 2150 2155 2221 placet
2181 2149 2320 2220 quod
2346 2150 2491 2215 Deo;
2526 2164 2593 2204 ne
2619 2146 2757 2204 bene
2785 2148 2854 2204 sit
2881 2148 3061 2215 malis,
3098 2164 3167 2205 ne
3190 2150 3394 2219 piorum
3422 2163 3563 2218 prte-

1980 2244 2101 2298 rniis
2127 2243 2287 2297 etiam
2313 2243 2457 2311 impii
2484 2240 2828 2312 perfruantur
2859 2258 2873 2296 :
2900 2241 3041 2311 quod
3087 2240 3268 2311 utique
3311 2240 3563 2310 injustam

1980 2344 2080 2402 est,
2111 2345 2164 2392 et
2189 2351 2218 2391 a
2240 2338 2418 2406 regula
2444 2336 2698 2398 veritatis,
2723 2349 2882 2405 quam
2904 2334 3078 2403 justus
3093 2334 3280 2404 diligit,
3309 2333 3560 2387 alienum.

1980 2430 2111 2482 Cum
2137 2428 2279 2482 enim
2308 2442 2407 2482 nos
2449 2425 2515 2481 ad
2548 2426 2845 2495 diligendos
2889 2425 3132 2479 inimicos
3159 2424 3418 2479 Dominus
3440 2422 3566 2477 hor-

1980 2529 2202 2587 taretur,
2232 2518 2531 2588 exemplum
2560 2518 2832 2589 proposuit
2862 2516 3031 2570 Patris
3053 2515 3223 2570 nostri
3248 2514 3336 2585 qui
3363 2514 3418 2569 in
3450 2529 3563 2570 ca:—

1980 2614 2047 2669 lis
2070 2622 2169 2679 est,
2195 2614 2282 2684 qni
2301 2614 2425 2683 facit
2446 2612 2604 2666 solem
2628 2627 2777 2664 suum
2804 2611 2927 2664 oriri
2951 2626 3103 2679 super
3127 2608 3285 2663 bonos
3313 2618 3360 2664 et
3379 2608 3561 2677 malos,

1979 2716 2023 2757 et
2055 2706 2182 2773 pluit
2210 2721 2361 2773 super
2380 2705 2550 2774 justas
2569 2712 2614 2756 et
2639 2702 2855 2769 injustas
2885 2700 2905 2771 (
2926 2699 3113 2754 Mattlt.
3144 2716 3197 2766 ν,
3229 2700 3297 2755 45
3326 2699 3380 2769 );
3413 2715 3568 2755 num-

1979 2795 2103 2865 quid
2131 2802 2307 2848 tamen
2339 2792 2459 2847 ideo
2487 2793 2569 2847 vel
2600 2789 2980 2860 temporalibus
3008 2788 3433 2859 correptionibus
3459 2802 3563 2842 non

1977 2885 2245 2949 emendat,
2274 2885 2356 2940 vel
2378 2884 2720 2954 pertinaciter
2745 2882 2909 2936 duros
2959 2882 3012 2935 in
3042 2881 3147 2935 line
3174 2894 3279 2934 non
3310 2878 3564 2934 damnat?

1979 2979 2068 3033 Sic
2095 2991 2223 3048 ergo
2263 2977 2509 3032 inimicus
2534 2974 2800 3044 diligatur,
2829 2982 2889 3028 ut
2914 2987 3020 3028 non
3045 2971 3322 3043 displiceat
3352 2971 3563 3026 Domini

1973 3071 2175 3141 justitia
2196 3085 2296 3141 qua
2317 3069 2563 3138 punitur;
2592 3068 2734 3122 etsie
2756 3065 2957 3137 placeat
2979 3065 3183 3134 justitia
3201 3080 3304 3135 qua
3328 3064 3560 3135 punitur,

1977 3174 2034 3218 ut
2049 3178 2153 3218 non
2170 3162 2235 3218 de
2248 3162 2385 3216 malo
2399 3159 2639 3230 ejus,sed
2655 3159 2722 3214 de
2744 3159 2881 3214 bono
2889 3158 3066 3228 judice
3078 3157 3389 3229 gaudeatur.
3402 3155 3453 3211 Μ
3470 3156 3564 3212 tle-

1980 3254 2127 3309 vnlus
2142 3268 2268 3309 vero
2293 3254 2500 3307 animus
2530 3250 2891 3317 contristatur,
2914 3251 2959 3305 si
2980 3250 3094 3319 ejus
3110 3250 3358 3304 inimicus
3380 3264 3565 3306 corre-

1976 3356 2094 3402 ctus
2106 3343 2333 3400 evaserit
2349 3358 2557 3414 poenam
2575 3359 2587 3395 :
2602 3350 2790 3398 etcum
2810 3342 2981 3412 puniri
2994 3357 3115 3397 eum
3133 3341 3293 3405 videt,
3307 3341 3562 3396 vindicari

1977 3451 2036 3491 se
2061 3436 2131 3490 ita
2159 3434 2390 3504 gaudet,
2422 3441 2480 3488 ut
2505 3448 2611 3489 non
2649 3433 2855 3502 justitia
2898 3433 2990 3488 Dei
3037 3446 3194 3503 quem
3234 3448 3340 3487 non
3370 3431 3560 3502 diligit,

1977 3527 2070 3582 sed
2094 3528 2234 3582 illius
2262 3542 2417 3596 quem
2447 3525 2591 3590 odit,
2622 3525 2832 3579 miseria
2862 3524 3155 3579 delectetur
3180 3541 3194 3577 :
3225 3531 3421 3578 etcum
3455 3522 3564 3578 Deo

1977 3618 2192 3671 dimittit
2219 3618 2495 3686 judicium,
2525 3626 2582 3670 ut
2606 3617 2724 3684 plus
2752 3624 2943 3669 noceat
2977 3616 3115 3669 Dens
3138 3630 3294 3685 quam
3326 3617 3440 3683 ipse
3465 3630 3565 3669 no-

1978 3725 2104 3766 cere
2132 3717 2312 3780 posset
2335 3717 2550 3778 exeptat
2581 3724 2594 3761 :
2621 3716 2677 3761 et
2711 3722 2830 3762 cum
2859 3705 2950 3760 dat
2976 3707 3153 3760 cibum
3186 3706 3400 3760 inimico
3441 3720 3564 3761 esu-

1978 3803 2157 3870 rienti,
2189 3811 2477 3872 potumque
2503 3801 2719 3866 sitienti,
2746 3799 3008 3854 malitiose
3051 3798 3189 3868 sapit
3242 3797 3381 3867 quod
3424 3798 3563 3853 scri-

1979 3904 2127 3966 ptum
2173 3902 2256 3949 est
2278 3934 2291 3959 ,
2335 3892 2446 3947 Hoc
2501 3894 2632 3946 enim
2656 3892 2846 3961 faciens
2894 3890 3133 3944 carbones
3169 3890 3300 3960 ignis
3327 3905 3563 3960 congeret

1980 4001 2131 4055 super
2158 3994 2307 4055 caput
2328 3985 2457 4054 ejus.
2485 3983 2608 4052 Agit
2632 3982 2773 4036 enim
2801 3990 2857 4035 ut
2882 3979 3108 4049 amplius
3141 3989 3406 4049 aggravet,
3436 3978 3563 4033 etei

1980 4077 2175 4133 excitet
2201 4075 2615 4144 indignationem
2644 4072 2759 4138 Dei,
2790 4087 2946 4143 quam
2973 4070 3289 4125 carbonibus
3319 4069 3454 4139 ignis
3481 4068 3559 4123 si-

1980 4167 2215 4240 gniﬁcari
2242 4175 2423 4236 putat;
2457 4181 2561 4221 nou
2587 4164 2889 4232 intelligens
2920 4163 3065 4217 illum
3095 4163 3270 4233 ignem
3297 4175 3417 4217 esse
3446 4174 3562 4230 ρω-

1982 4260 2219 4315 nitentia:
2248 4269 2489 4313 urentem
2518 4257 2754 4312 dolorem
2778 4257 2818 4324 ¹,
2839 4269 3115 4325 quousque
3143 4262 3300 4323 caput
3324 4260 3563 4308 erectum

1983 4352 2251 4421 superbia,
2285 4349 2555 4405 beneliciis
2581 4346 2779 4403 inimici
2808 4346 2873 4401 ad
2899 4345 3248 4399 humilitatem
3296 4343 3565 4397 salubrem

1982 4443 2295 4513 deponitur,
2336 4442 2468 4495 etin
2514 4438 2653 4494 bono
2703 4436 2841 4492 illius
2885 4436 3039 4505 hujus
3079 4434 3275 4489 malum
3315 4432 3562 4487 vincitur.

1986 4532 2135 4589 Unde
2151 4530 2438 4601 Apostolus
2466 4528 2748 4600 vigilanter
2774 4526 3034 4595 adjunxit,
3059 4522 3185 4578 Noli
3205 4523 3382 4577 vincia
3407 4522 3561 4589 male,

1983 4626 2070 4678 sed
2098 4624 2238 4679 vince
2261 4623 2313 4675 in
2338 4620 2468 4675 bono
2487 4619 2677 4673 malum
2708 4617 2883 4682 (Rom.
2910 4632 3007 4682 xu,
3030 4615 3119 4679 20,
3149 4615 3264 4683 Ἡ).
3291 4613 3568 4681 Quomodo

1984 4725 2157 4770 autem
2211 4723 2383 4784 potest
2423 4714 2638 4767 vincere
2682 4712 2734 4765 in
2772 4709 2915 4765 bono
2942 4707 3140 4762 malum
3184 4706 3237 4760 in
3285 4704 3567 4775 superlicie

1985 4808 2176 4869 bonus,
2207 4812 2264 4859 et
2284 4806 2339 4858 in
2376 4804 2484 4859 alto
2512 4805 2532 4836 ¹
2555 4802 2760 4865 malus;
2789 4801 2878 4870 qui
2908 4814 3069 4869 Opere
3100 4798 3286 4868 parcit,
3326 4805 3380 4852 et
3407 4795 3569 4852 corde

1984 4898 2169 4962 sevit;
2202 4911 2365 4950 manu
2394 4896 2557 4959 mitis,
2580 4897 2850 4948 voluntate
2878 4891 3141 4947 crudelis?
3170 4890 3259 4945 Sic
3281 4903 3408 4957 ergo
3440 4900 3566 4955 spe-

1984 4991 2065 5045 cie
2092 4988 2359 5059 poscentis
2400 4990 2450 5043 in
2482 4986 2584 5041 hoc
2613 4985 2819 5057 psalmo
2840 4984 3015 5040 futura
3043 4985 3093 5037 in
3122 4982 3310 5051 impios
3338 4978 3569 5034 vindicta

1986 5081 2350 5152 prophetatur,
2407 5088 2465 5136 ut
2513 5078 2869 5148 intelligamus
2918 5084 3128 5132 sanctos
3183 5071 3426 5126 homines
3473 5069 3568 5125 Dei

1986 5187 2113 5229 suos
2163 5173 2410 5227 inimicos
2437 5170 2709 5238 dilexisse,
2754 5185 2854 5225 nec
2896 5170 3139 5237 cuiquam
3185 5163 3419 5218 voluisse
3468 5162 3569 5216 nisi

1989 5267 2206 5331 bonum,
2234 5262 2376 5333 quod
2417 5271 2499 5318 est
2541 5262 2708 5333 pietas
2737 5262 2790 5317 in
2836 5260 2937 5314 hoc
2972 5274 3029 5313 sa
3043 5256 3190 5323 culo,
3222 5254 3490 5310 mternitas
3517 5252 3569 5307 in

1988 5358 2167 5411 futuro
2199 5374 2212 5408 :
2245 5355 2295 5408 in
2327 5355 2500 5424 pmnis
2519 5363 2695 5409 autem
2727 5352 3005 5414 malorum,
3040 5363 3145 5402 non
3175 5345 3327 5400 malis
3356 5358 3564 5407 eorum,

1987 5448 2079 5503 sed
2112 5447 2205 5502 Dei
2231 5447 2386 5502 bouis
2408 5447 2619 5517 judiciis
2646 5446 2806 5500 fuisse
2834 5443 3148 5504 delectatos;
3170 5447 3224 5494 et
3252 5436 3569 5505 ubicumque

1990 5542 2041 5594 in
2060 5541 2348 5609 Scripturis
2370 5540 2568 5594 sanctis
2587 5540 2832 5607 leguntur
2857 5536 2908 5589 in
2938 5533 3180 5587 homines
3213 5529 3335 5584 odia
3360 5540 3568 5593 eorum,

1989 5630 2108 5687 odia
2137 5629 2301 5684 fuisse
2330 5629 2597 5693 vitiorum,
2623 5642 2743 5697 qua:
2761 5627 2872 5696 ipse
2890 5625 3048 5679 etiam
3080 5619 3439 5691 unusquisque
3467 5617 3565 5670 lto-

2059 5771 2075 5802 ¹
2113 5766 2244 5826 ωτι,
2273 5766 2455 5817 dolore.
2478 5772 2529 5814 At
2550 5763 2732 5826 aliquot
2753 5769 2858 5811 Mss.
2874 5799 2888 5821 ,
2916 5759 3127 5810 dolerent

2058 5831 2076 5860 ³
2104 5830 2181 5879 sic
2222 5823 2322 5877 itss.
2352 5836 2397 5876 tt
2418 5826 2551 5886 edd,
2579 5823 2757 5874 ntideo.
