3966 6396
565 368 699 424 1019

561 478 764 533 minum
797 474 971 532 oderit
990 481 1200 544 oportet
1232 473 1284 529 iu
1315 488 1393 541 se,
1417 472 1462 528 si
1490 470 1661 541 diligit
1683 483 1764 526 se.

633 568 722 625 15.
751 565 904 641 (vers.
937 562 1049 640 1|.)
1074 564 1191 621 iam
1217 578 1347 620 vero
1372 561 1513 636 quod
1538 561 1779 631 sequitur
1796 602 1813 629 ,
1843 558 2005 615 Intret
2034 569 2153 615 ante

561 670 878 733 conspectum
901 670 1062 722 tuum,
1089 659 1170 714 vel
1196 658 1336 712 sicut
1358 656 1448 711 alii
1469 654 1682 711 codices
1713 652 1933 718 habent,
1954 653 2009 707 in
2028 668 2151 707 con-

558 762 732 825 spectu
777 761 864 805 tuo
907 751 1117 821 gemitus
1159 747 1557 817 compeditorum
1593 760 1613 800 :
1641 760 1748 799 non
1794 744 1947 798 facile
1998 744 2147 814 quis-

561 857 718 914 quam
749 842 946 911 reperit
969 840 1241 909 conjectos
1272 840 1324 893 in
1344 836 1633 906 compedes
1653 851 1681 888 a
1711 834 2149 905 persecutoribus

565 946 813 998 sﬂﬂCltls;
846 943 899 988 et
928 933 974 987 si
1015 931 1209 986 accidit
1236 931 1286 985 in
1330 938 1436 983 tam
1464 942 1653 996 magna
1684 936 1844 997 atque
1871 924 2149 995 multiplici

556 1028 817 1082 varietate
846 1040 1147 1096 pennarum,
1174 1032 1282 1078 tam
1311 1038 1433 1077 raro
1463 1020 1674 1086 accidit,
1704 1029 1762 1074 ut
1798 1034 1904 1073 non
1930 1018 2002 1074 sit
2025 1032 2147 1073 cre-

559 1120 789 1175 dendum
819 1120 919 1173 hoc
945 1120 997 1172 in
1023 1118 1122 1170 isto
1156 1129 1313 1170 versu
1341 1113 1480 1185 quod
1511 1120 1960 1168 commemoraret
1986 1109 2147 1179 potis-

557 1214 748 1268 simum
789 1211 1012 1280 elegisse
1050 1208 1389 1279 Prophetam.
1432 1206 1537 1262 Sed
1569 1205 1820 1259 nimirum
1861 1202 2147 1274 compedes

557 1316 681 1360 sunt
729 1304 1029 1367 infirmitas,
1062 1310 1115 1357 et
1160 1299 1571 1369 corruptibilitas
1607 1295 1867 1365 corporis,
1894 1310 2014 1365 qua:
2056 1308 2149 1362 ag-

555 1405 781 1467 gravant
825 1397 1079 1449 animam.
1108 1393 1210 1447 Per
1247 1392 1364 1460 ejus
1396 1390 1538 1443 enim
1593 1387 1967 1458 fragilitatem,
1995 1384 2147 1440 velut

555 1487 909 1560 quorumdam
939 1486 1183 1539 dolorum
1232 1483 1705 1550 molestiarumque
1744 1478 2044 1546 materiam,
2077 1477 2143 1532 ad

556 1580 879 1650 impietatem
896 1585 1106 1650 poterat
1120 1575 1441 1644 compellere
1463 1581 1791 1642 persecutor.
1803 1570 1881 1626 Ab
1898 1570 1981 1624 his
1996 1584 2145 1625 com-

557 1670 780 1741 pedibus
802 1667 1213 1738 concupiscebat
1235 1665 1450 1720 dissolvi
1480 1662 1786 1732 Apostolus,
1808 1670 1859 1716 et
1884 1675 2005 1717 esse
2017 1674 2139 1715 cum

553 1760 787 1826 Christo;
821 1774 1039 1815 manere
1059 1767 1234 1813 autem
1257 1757 1311 1811 in
1340 1771 1504 1811 carne
1541 1754 1902 1810 necessarium
1926 1761 2143 1823 propter

554 1851 676 1907 illos
713 1852 904 1923 quibus
930 1850 1271 1919 Evangelium
1298 1846 1632 1902 ministrabat
1663 1845 1919 1919 (Philipp.
1954 1862 1992 1912 ι,
2020 1846 2136 1914 25).

557 1945 732 2000 Donec
755 1958 881 2013 ergo
905 1940 1250 2011 corruptibile
1267 1940 1370 1995 hoc
1385 1937 1563 1993 induat
1592 1938 2066 2007 incorruptionem,
2085 1946 2140 1990 et

552 2036 775 2093 mortale
794 2037 894 2092 hoc
908 2035 1091 2090 induat
1105 2033 1548 2098 immortalitatem
1565 2031 1606 2103 (Ι
1618 2030 1737 2086 Cor.
1758 2047 1845 2096 xv,
1861 2028 1975 2101 55),
1993 2030 2141 2085 velut

551 2126 896 2197 compedibus
918 2141 1043 2181 caro
1069 2125 1275 2180 infirma
1304 2130 1605 2193 promptum
1633 2120 2134 2191 impeditspiritum.

555 2217 658 2273 Has
694 2232 824 2287 ergo
842 2216 1129 2286 compedes
1159 2232 1263 2270 non
1303 2214 1561 2280 sentiunt,
1609 2214 1707 2268 nisi
1737 2214 1827 2283 qui
1854 2212 1906 2266 in
1938 2221 2136 2266 semet-

552 2307 681 2377 ipsis
701 2307 1053 2378 ingemiscunt
1077 2306 1276 2376 gravati
1303 2304 1324 2379 (
1348 2304 1390 2359 ll
1420 2304 1539 2359 Cor.
1567 2320 1618 2371 v,
1652 2304 1687 2358 4
1711 2302 1752 2373 ),
1780 2302 2135 2358 habitaculum

551 2396 693 2467 quod
718 2397 785 2451 de
810 2397 948 2452 caelo
973 2404 1056 2451 est
1089 2395 1396 2465 Superindui
1434 2394 1732 2463 cupientes,
1761 2392 1882 2464 quia
1912 2402 1963 2449 et
1992 2409 2138 2449 mors

553 2486 758 2541 horrori
785 2497 886 2552 est,
940 2496 994 2542 et
1044 2488 1260 2542 maerori
1291 2486 1396 2541 vita
1441 2485 1699 2540 mortalis.
1743 2485 1847 2541 Pro
1876 2484 1959 2540 his
2008 2485 2140 2540 Pro-

553 2575 706 2646 pheta
735 2576 1069 2646 gementibus
1101 2576 1336 2646 ingemit,
1382 2585 1437 2629 ut
1462 2576 1621 2630 intret
1647 2576 1699 2630 in
1726 2584 2013 2644 conspectu
2043 2574 2136 2630 Dei

551 2667 779 2738 gemitus
807 2682 1011 2721 eorum.
1034 2667 1261 2721 Possunt
1284 2676 1341 2721 et
1360 2668 1432 2721 illi
1462 2666 1679 2736 intelligi
1708 2665 2014 2734 compediti,
2044 2667 2134 2736 qui

555 2757 836 2830 prmceptis
856 2757 1127 2826 sapientiae
1155 2756 1386 2827 colligati
1414 2765 1567 2822 sunt,
1591 2772 1708 2825 qua:
1730 2757 1994 2824 patienter
2013 2770 2135 2810 sus-

551 2858 749 2906 tentata
780 2851 831 2904 in
877 2861 1190 2904 ornamenta
1230 2857 1544 2913 vertuntur;
1572 2847 1716 2903 unde
1739 2848 1996 2918 scriptum
2017 2856 2131 2902 est:

550 2938 715 3013 Injice
738 2941 916 3011 pedem
943 2950 1084 2994 tuum
1110 2944 1163 2993 in
1190 2939 1454 3009 compedes
1490 2939 1600 3008 ejus
1631 2944 1648 3009 (
1672 2935 1834 2991 Eccli.
1876 2953 1927 2991 vt
1953 2979 1966 3002 ,
1997 2937 2068 2993 25
2093 2939 2131 3004 ).

551 3032 841 3089 Secundum
866 3032 1278 3102 magnitudinem,
1311 3032 1512 3101 inquit,
1543 3031 1739 3086 brachii
1768 3030 1862 3095 tui,
1889 3032 2057 3102 recipe
2080 3032 2135 3085 in

550 3122 870 3194 adoptionem
907 3124 1040 3192 ﬁlios
1066 3123 1507 3191 mortiﬁcatorum,
1538 3121 1622 3176 vel
1647 3122 1782 3175 sicut
1812 3122 1866 3175 in
1895 3122 2015 3177 aliis
2043 3137 2135 3177 co-

549 3216 756 3272 dicibus
798 3217 1007 3286 legitur,
1053 3215 1251 3284 posside
1289 3215 1421 3281 ﬁlios
1460 3225 1620 3268 morte
1646 3214 1999 3284 punitorum‘.
2032 3213 2132 3271 llbi

550 3308 680 3363 satis
710 3307 840 3361 mihi
882 3306 1092 3360 videtur
1121 3305 1421 3359 ostendisse
1465 3304 1774 3374 Scriptura,
1816 3306 1934 3373 quis
1977 3305 2134 3360 fuerit

548 3398 778 3468 gemitus
803 3396 1250 3466 compeditorum,
1278 3396 1367 3465 qui
1402 3410 1500 3465 pro
1539 3395 1755 3451 nomine
1776 3394 1976 3450 Christi
2007 3410 2131 3464 per-

549 3488 851 3544 secutiones
881 3487 1221 3558 gravissi.das
1252 3487 1603 3556 pertulerunt,
1634 3501 1752 3557 qua:
1781 3487 1833 3541 in
1862 3486 1965 3541 isto
1988 3486 2130 3555 psal-

549 3592 641 3634 mo
683 3577 1020 3646 apertissime
1061 3577 1465 3647 pr0pbetantur.
1498 3577 1553 3630 In
1593 3576 1817 3631 diversis
1842 3576 1982 3633 enim
2012 3590 2133 3645 pas-

548 3669 784 3726 sionibus
810 3670 1079 3724 constituti
1102 3668 1328 3723 orabant
1353 3684 1448 3738 pro
1469 3668 1727 3731 Ecclesia,
1751 3683 1821 3724 ne
1842 3667 2133 3723 infructuo-

548 3775 640 3816 sus
661 3770 803 3817 esset
832 3762 1057 3830 posteris
1079 3760 1294 3830 sanguis
1320 3760 1564 3825 illorum;
1586 3768 1643 3813 ut
1660 3759 1925 3814 dominica
1953 3774 2127 3829 seges,

554 3853 695 3909 unde
724 3853 923 3908 inimici
957 3868 1074 3907 eam
1107 3852 1362 3923 putabant
1392 3854 1674 3922 perituram
1696 3894 1711 3919 ,
1753 3852 1878 3909 inde
1902 3852 2130 3908 feracius

546 3945 851 4014 pullularet.
885 3944 1050 4001 Filios
1070 3947 1264 4016 quippe
1283 3947 1699 4014 mortiﬁcatorum
1729 3946 1876 4010 dicit,
1907 3947 1996 4017 qui
2021 3963 2130 4003 non

547 4036 719 4091 solum
760 4052 867 4091 non
912 4046 1037 4092 sunt
1081 4038 1249 4092 territi
1297 4038 1707 4107 praecedentium
1757 4039 2125 4109 passionibus,

547 4127 641 4184 sed
668 4128 721 4182 in
747 4143 869 4183 cum
909 4143 1004 4198 pro
1030 4129 1181 4198 cujus
1220 4130 1439 4185 nomine
1484 4143 1670 4198 passos
1700 4145 1793 4185 eos
1834 4140 2124 4198 noverant,

547 4219 862 4276 exhortante
889 4221 1098 4275 illorum
1126 4222 1290 4290 gloria
1331 4221 1395 4275 ad
1422 4220 1734 4275 imitandum
1764 4222 2009 4287 accensi,
2038 4238 2129 4277 co-

546 4313 857 4384 piosissimis
884 4312 1182 4382 agminibus
1201 4311 1562 4368 crediderunt.
1595 4313 1718 4368 ideo
1742 4313 1896 4374 dixit.
1925 4314 2126 4369 Secun-

546 4402 669 4456 dum
710 4403 1106 4473 magnitudinem
1144 4401 1337 4456 brachii
1364 4404 1460 4457 tui.
1491 4402 1600 4457 Res
1628 4405 1769 4457 enim
1800 4413 1906 4458 tam
1936 4420 2124 4474 magna

545 4502 727 4548 secuta
758 4501 840 4547 est
868 4493 919 4545 in
948 4492 1158 4562 populis
1184 4493 1520 4556 ehristianis,
1559 4503 1617 4548 ut
1658 4508 1775 4548 eam
1821 4494 1912 4563 qui
1942 4509 2002 4550 se
2030 4495 2128 4549 ali-

544 4582 672 4652 quid
720 4582 1086 4652 persequendo
1132 4583 1391 4650 proﬁcere
1436 4583 1728 4652 putabant,
1776 4585 1923 4638 nullo
1966 4584 2125 4639 modo

547 4672 829 4728 crederent
858 4683 1183 4726 secuturam.

618 4762 703 4817 16.
741 4759 891 4835 [verm
921 4760 1033 4835 12.]
1064 4760 1272 4827 Redde,
1304 4762 1499 4833 inquit,
1527 4763 1700 4818 vicinis
1728 4765 1910 4819 nostris
1942 4765 2125 4834 septies

543 4860 738 4909 tantum
758 4853 809 4906 in
826 4853 966 4907 sinus
989 4869 1177 4907 eorum.
1195 4852 1311 4908 Non
1343 4854 1476 4908 mala
1498 4863 1679 4922 Optat;
1705 4854 1797 4910 sed
1819 4854 1962 4925 justa
1989 4871 2123 4925 pra:-

545 4944 792 5009 nuntiat,
840 4952 898 4998 et
943 4945 1203 4998 ventura'
1249 4944 1547 5014 prophetat.
1590 4945 1904 5014 Septenaria
1946 4955 2123 5002 autem

546 5051 801 5097 numero,
833 5037 884 5091 id
913 5046 996 5092 est
1021 5038 1264 5106 septupla
1311 5039 1692 5104 retributione,
1743 5040 2122 5109 perfectionem

544 5140 718 5196 paenae
738 5127 852 5181 vult
880 5128 1119 5198 intelligi,
1143 5130 1266 5198 quia
1295 5129 1396 5184 isto
1420 5146 1643 5183 numero
1672 5130 1942 5198 plenitudo
1965 5132 2126 5201 signi-

544 5216 690 5271 ficari
714 5217 870 5272 solet.
889 5218 1039 5274 Unde
1065 5228 1118 5273 et
1147 5218 1275 5273 illud
1297 5226 1380 5274 est
1403 5219 1455 5273 in
1481 5219 1653 5285 bonis,
1676 5219 1899 5291 Accipiet
1915 5220 1935 5253 ³
1962 5222 2013 5274 in
2030 5221 2126 5275 hoc

542 5308 727 5362 stzculo
751 5310 930 5377 septies
957 5318 1149 5363 tantum
1175 5309 1366 5377 (Herc.
1391 5326 1441 5374 χ,
1471 5307 1562 5382 50)
1589 5327 1602 5364 :
1625 5311 1764 5379 quod
1793 5314 2020 5380 positum
2043 5321 2126 5368 est

543 5414 642 5469 pro
666 5401 946 5467 omnibus;
981 5400 1139 5468 Quasi
1157 5401 1285 5456 nihil
1309 5402 1567 5469 habentes,
1599 5411 1643 5456 et
1672 5404 1842 5458 omnia
1863 5405 2126 5473 possiden-

603 5598 622 5662 ξ
654 5603 844 5662 omnes
854 5596 1003 5646 nostri
1025 5603 1153 5662 Mss,
1170 5596 1577 5662 mortiﬁcatormn.

602 5659 625 5732 ξ
655 5658 791 5732 μά,
816 5657 1393 5732 [qtarwfleriqugpﬁsv
1418 5675 1546 5732 vera:
1569 5658 1783 5732 Quidam,
1817 5668 2027 5732 ventura.

541 5717 629 5826 Iw;
655 5717 979 5825 (iunctiores
1002 5729 1106 5770 ξιτεδ.
1132 5717 1187 5771 Αἱ
1210 5721 1340 5783 πω,
1363 5717 1415 5773 in
1439 5717 1959 5785 bonis'accipiendum.
1996 5731 2048 5776 Et
2072 5724 2123 5775 in

634 5812 648 5836 ’
679 5812 772 5825 ‘4“;-

1801 357 1859 413 S.
1902 354 2262 413 AUGUSTI.“
2302 357 2601 417 EPISCOPl
3627 380 3715 441 to”

2259 479 2332 526 tes
2351 471 2419 543 (ll
2448 471 2567 528 Cor.
2596 487 2669 541 γι,
2700 474 2805 547 10).
2837 475 3050 535 Vicinos
3074 476 3237 548 dicit,
3259 482 3377 552 quia
3401 485 3519 550 inter
3540 486 3633 547 illos
3656 496 3715 551 tu.

2257 561 2391 619 bitat
2418 565 2655 623 Ecclesla
2683 584 2850 639 usque
2874 570 2927 627 in
2958 570 3097 627 diem
3123 575 3489 645 separationis:
3516 597 3599 639 non
3619 588 3712 645 eain

2255 653 2415 709 modo
2454 656 2515 710 fit
2550 656 2809 713 discessio
2848 661 3159 730 corporalis.
3188 662 3254 718 In
3277 664 3405 721 sinus
3438 684 3578 726 eorum
3606 675 3715 744 dicit,

2256 745 2437 816 utique
2464 761 2607 802 nunc
2638 749 2689 803 in
2719 748 2977 815 occultis;
3006 759 3067 807 ut
3093 753 3316 809 vindicta
3350 772 3457 828 qua:
3490 759 3533 814 in
3558 762 3632 820 hac
3647 768 3715 822 vita

2252 837 2426 906 agitur
2467 838 2522 892 in
2561 838 2772 894 occulto
2795 881 2811 906 ,
2858 850 2980 911 post
3016 843 3286 899 innotescat
3310 862 3362 901 in
3386 850 3618 907 nationibus
3642 867 3718 912 ante

2252 927 2427 982 oculos
2451 939 2669 985 nostros.
2695 929 2865 985 Homo
2895 947 3121 1004 namque
3140 949 3259 989 cum
3282 935 3423 992 datur
3447 939 3492 994 in
3513 944 3717 1012 reprobnm

2252 1030 2467 1072 sensum
2488 1060 2504 1084 ,
2528 1020 2580 1073 in
2612 1020 2868 1077 interiore
2897 1023 3018 1079 sinu
3043 1025 3236 1095 accipit
3262 1028 3593 1098 suppliciorum
3610 1037 3719 1093 meri-

2253 1115 2364 1162 tum
2392 1107 2710 1165 futurorum.
2740 1110 3080 1183 Opprobriam
3101 1132 3303 1185 eorum,
3325 1119 3448 1188 quod
3471 1123 3720 1191 exprobrare.

2250 1207 2367 1253 runt
2395 1200 2503 1269 tibi,
2535 1200 2771 1258 Domine.
2803 1203 2919 1259 Hoc
2944 1204 3024 1260 eis
3048 1206 3214 1262 redde
3236 1210 3508 1280 septuplum
3546 1212 3587 1267 in
3617 1216 3719 1273 sinus

2249 1304 2457 1356 eorum,
2486 1292 2542 1348 id
2570 1302 2681 1361 est,
2710 1310 2808 1365 pro
2838 1295 2943 1351 isto
2970 1298 3258 1368 opprobrio
3280 1314 3368 1355 eos
3391 1301 3441 1356 in
3460 1303 3642 1361 occultis
3656 1322 3717 1364 eo-

2249 1396 2369 1437 rum
2413 1382 2722 1452 plenissime
2763 1386 3013 1455 reproba.
3057 1385 3134 1442 lbi
3181 1386 3319 1443 enim
3365 1392 3715 1461 exprobrareth

2248 1486 2441 1526 nomen
2472 1480 2618 1528 tuum
2646 1517 2661 1540 ,
2687 1484 2741 1531 te
2764 1474 3087 1532 arbitrantes
3129 1477 3182 1533 in
3208 1479 3374 1534 servis
3407 1482 3497 1537 tuis
3520 1482 3657 1541 delere
3676 1486 3717 1543 de

2250 1572 2411 1618 terra.

2318 1655 2405 1709 17.
2436 1652 2586 1727 [vers.
2620 1657 2733 1730 15.]
2762 1656 2873 1713 Nos
2899 1670 3068 1715 autem
3091 1662 3305 1732 populus
3334 1668 3718 1734 tuus:generalitcr

2245 1745 2609 1815 accipiendum
2665 1747 2732 1803 de
2775 1750 2919 1804 omni
2982 1766 3181 1821 genere
3226 1752 3419 1822 piorum
3462 1764 3507 1810 ct
3543 1772 3716 1814 verorum

2243 1838 2677 1896 Christianorum.
2711 1839 2825 1896 Nos
2850 1857 2980 1912 ergo
3000 1858 3136 1914 quos
3156 1844 3375 1915 perdere
3397 1861 3450 1901 se
3471 1862 3595 1917 posse
3611 1858 3715 1919 puts-

2247 1937 2455 1994 verunt,
2475 1930 2693 2001 papulas
2710 1941 2843 1998 tuus,
2862 1942 2911 1986 et
2931 1948 3044 1988 oves
3067 1936 3234 2006 gregis
3254 1935 3342 2002 tui,
3363 1937 3503 2007 utqui
3520 1938 3713 2009 gloriatur,

2245 2020 2295 2074 in
2327 2020 2552 2075 Domino
2579 2021 2837 2092 glorietur
2863 2024 2916 2095 (l
2949 2023 3068 2080 Cor.
3113 2041 3152 2092 ι,
3193 2027 3307 2095 31),
3350 2029 3636 2097 conﬁtebimur
3661 2031 3714 2085 tibi

2241 2105 2293 2158 in
2320 2106 2579 2159 stcculum.
2620 2105 2724 2161 Alii
2752 2115 2931 2163 autem
2959 2107 3176 2166 codices
3208 2109 3429 2178 habent,
3464 2113 3715 2183 ιοιιβιειιίιιιιν

2241 2196 2329 2251 tibi
2356 2198 2409 2251 in
2436 2206 2699 2252 internum.
2735 2198 2813 2257 Ex
2836 2200 3086 2272 ambiguo
3128 2218 3299 2273 grazco
3341 2203 3466 2260 facta
3493 2214 3560 2260 est
3579 2207 3646 2261 ista
3662 2206 3713 2261 di-

2240 2291 2463 2347 versitas
2492 2309 2504 2345 :
2532 2290 2677 2361 quod
2699 2292 2842 2348 enim
2867 2292 3030 2349 habet
3052 2310 3278 2365 grazcus,
3308 2306 3369 2359 εις
3392 2306 3462 2353 τὸν
3484 2307 3615 2362 utan,
3629 2308 3666 2353 et
3678 2299 3713 2352 in

2240 2389 2499 2447 aeternum,
2526 2390 2582 2436 et
2610 2382 2663 2435 in
2703 2384 2940 2437 surculum
2984 2385 3323 2455 interpretari
3359 2397 3534 2457 potest;
3564 2387 3714 2458 sedpro

2242 2470 2356 2524 loco
2396 2471 2790 2543 intelligendum
2841 2473 2969 2545 quid
3005 2477 3200 2533 melius
3228 2477 3624 2548 interpretandum
3657 2481 3710 2533 sit.

2240 2562 2441 2617 Sensus
2465 2577 2595 2634 ergo
2623 2563 2779 2634 hujus
2809 2564 2911 2619 loci
2943 2567 3113 2637 magis
3141 2567 3271 2622 mihi
3295 2569 3710 2632 videturosteadere.

2239 2654 2291 2707 in
2329 2654 2570 2707 saeculum
2607 2654 2710 2710 dici
2750 2666 3019 2725 oportere,
3051 2658 3106 2713 id
3139 2668 3220 2715 est
3246 2674 3403 2730 usque
3424 2660 3470 2714 in
3497 2658 3619 2714 tinem
3650 2674 3698 2714 sa

2239 2745 2363 2800 culi.
2422 2745 2663 2817 Sequens
2711 2758 2889 2803 autem
2946 2765 3139 2806 versus
3188 2767 3337 2808 more
3383 2753 3713 2822 Scripturarum,

2237 2839 2576 2910 maximeque
2621 2841 2954 2897 Psalmorum
2979 2882 2996 2911 ,
3027 2845 3276 2915 repetitio
3311 2846 3562 2915 superioris
3581 2855 3641 2901 est
3661 2860 3716 2898 or-

2237 2928 2360 2985 dine
2384 2941 2730 3001 commutato,
2764 2934 2910 3005 prius
2934 2934 3143 2991 habens
3162 2937 3301 3009 quod
3327 2938 3391 2994 ibi
3416 2948 3485 2994 est
3511 2937 3717 3009 posterius,

2237 3035 2291 3082 et
2319 3028 2586 3098 posterius
2613 3029 2755 3099 quod
2783 3030 2852 3084 ibi
2883 3039 2967 3086 est
3000 3031 3170 3101 prius.
3202 3031 3328 3087 Nam
3354 3031 3479 3103 quod
3504 3032 3560 3087 ibi
3580 3030 3719 3087 dictum

2237 3126 2336 3182 est,
2370 3119 2718 3188 conﬁtebimur
2746 3121 2853 3188 tibi,
2886 3136 2983 3193 pro
3011 3122 3131 3192 ipso
3162 3123 3246 3179 hic
3273 3124 3453 3179 dictum
3474 3133 3556 3186 est,
3577 3137 3721 3174 ιιιιιιιιιιο

2236 3208 2467 3263 tiabimus
2497 3209 2698 3264 laudent
2726 3218 2883 3265 tuam.
2918 3212 3071 3279 Quod
3099 3214 3279 3284 itaque
3312 3215 3375 3269 ibi
3402 3214 3567 3269 dictum
3591 3222 3668 3275 est,
3686 3211 3717 3262 in

2235 3300 2492 3365 saecularia,
2530 3315 2627 3370 pro
2664 3303 2778 3372 ipso
2809 3302 2895 3358 hic
2922 3303 3123 3358 dictum
3162 3316 3263 3372 est,
3292 3306 3341 3360 in
3374 3305 3718 3376 generationemst

2235 3393 2623 3463 generationem.
2657 3394 2758 3450 ista
2787 3395 2982 3467 quippe
3019 3399 3374 3469 generationis
3410 3396 3614 3467 repetitio
3632 3408 3716 3462 per-

2237 3485 2540 3553 petuitatem
2579 3486 2841 3557 significat
2873 3505 2887 3542 :
2919 3489 3052 3556 sive,
3100 3500 3163 3546 ut
3203 3490 3429 3547 nonnulli
3465 3486 3719 3554 intelligunt,

2233 3579 2356 3647 quia
2385 3577 2506 3634 dua:
2533 3589 2658 3634 sunt
2682 3581 3088 3651 generationes,
3141 3582 3294 3638 vetus
3339 3591 3389 3637 et
3433 3594 3562 3635 nova.
3582 3574 3663 3632 Sed
3684 3573 3720 3627 in

2235 3666 2334 3722 hoc
2371 3667 2431 3722 iit
2477 3669 2674 3725 saeculo
2712 3678 2937 3741 utraque
2972 3690 2985 3727 :
3038 3674 3290 3743 quoniam
3335 3673 3416 3743 qui
3451 3686 3539 3726 non
3565 3672 3723 3722 renatus

2232 3757 2393 3813 fuerit
2417 3775 2486 3814 ex
2517 3774 2652 3832 aqua
2678 3768 2734 3817 et
2757 3760 2979 3831 Spiritu,
3010 3777 3114 3818 non
3146 3764 3362 3821 intrabit
3380 3764 3426 3818 in
3453 3770 3722 3832 regnumce-

2233 3849 2404 3904 lorum
2446 3849 2622 3922 (Joan.
2667 3865 2747 3916 ιιι,
2784 3852 2871 3925 5);
2916 3851 3112 3910 deinde
3140 3855 3261 3926 quia
3292 3855 3340 3910 in
3369 3855 3460 3908 isto
3481 3850 3634 3906 sacculo
3655 3863 3703 3900 an

2234 3940 2503 3995 nuntiatur
2531 3941 2645 3995 laus
2675 3941 2791 4009 Dei,
2820 3957 2942 3997 nam
2977 3943 3029 3997 in
3071 3943 3250 3999 futuro
3291 3943 3471 3999 saculo
3491 3955 3587 3995 cum
3615 3936 3700 3990 vide

2231 4031 2405 4086 bimus
2447 4047 2567 4087 eum
2612 4032 2765 4089 sicuti
2806 4043 2889 4088 est
2930 4032 2981 4105 (l
3015 4033 3175 4089 Joan.
3207 4053 3282 4100 ιιι,
3315 4035 3390 4107 2),
3431 4033 3504 4089 cui
3536 4030 3720 4096 deinceps

2231 4124 2594 4191 annuntietur,
2626 4140 2733 4179 non
2759 4126 2880 4181 erit.
2905 4124 3018 4180 Nos
3046 4142 3195 4197 ergo,
3225 4128 3430 4199 populus
3452 4135 3566 4188 tuus,
3586 4129 3622 4173 et
3640 4133 3720 4171 om

2231 4216 2395 4287 gregis
2420 4218 2512 4282 tui,
2544 4232 2675 4287 quas
2708 4218 3073 4289 persequendo
3113 4220 3185 4274 illi
3216 4218 3717 4281 credideruntseposse

2229 4326 2545 4366 consumere
2566 4353 2582 4374 ,
2612 4311 2958 4372 confitebimur
2982 4313 3068 4366 tibi
3101 4312 3152 4366 in
3182 4312 3432 4376 sweulum,
3456 4307 3718 4380 permanente

2231 4402 2409 4470 utique
2441 4400 2674 4455 Ecclesia
2705 4416 2871 4471 usque
2907 4401 2959 4455 in
2990 4401 3147 4456 linem
3169 4445 3184 4469 ,
3216 4419 3369 4474 quam
3399 4401 3466 4458 illi
3488 4398 3631 4454 delere
3655 4404 3720 4445 co-

2229 4491 2336 4545 nati
2367 4498 2491 4546 sunt
2521 4508 2536 4545 :
2563 4491 2615 4545 in
2644 4492 3011 4562 generationem
3032 4502 3075 4547 et
3099 4494 3450 4564 generationem
3472 4478 3720 4543 annuntiabi-

2229 4598 2339 4635 mus
2374 4581 2574 4635 laudem
2616 4594 2792 4649 tuam;
2820 4598 2937 4652 qua:
2966 4583 3080 4638 laus
3105 4593 3162 4639 ut
3191 4594 3459 4647 taceretur,
3500 4593 3580 4635 nos
3611 4571 3721 4629 ﬁnire

2228 4672 2404 4728 conati
2443 4681 2586 4727 sunt.
2618 4673 2793 4727 Multis
2815 4684 2992 4729 autem
3016 4675 3124 4744 jam
3167 4676 3298 4730 locis
3336 4681 3594 4728 sanctarum
3616 4659 3721 4718 Scri-

2226 4774 2499 4835 pturarum
2537 4764 2916 4819 insinuavimus
2937 4763 3321 4820 confessionem
3348 4764 3490 4819 etiam
3513 4771 3588 4829 pro
3606 4748 3720 4806 laude

2230 4856 2349 4925 poni
2373 4873 2385 4909 :
2405 4854 2555 4909 sicuti
2586 4863 2668 4909 est
2693 4854 2839 4919 illud,
2871 4853 2998 4909 Ha'c
3027 4857 3198 4911 dicetis
3217 4856 3268 4910 in
3288 4853 3574 4924 confessione.
3595 4842 3721 4910 0PM

2228 4945 2433 4999 Domini
2453 4945 2683 4999 universa
2703 4946 2941 5016 quoniam
2960 4947 3089 5001 bona
3109 4946 3253 5002 ualde
3280 4945 3451 5018 (Eccli.
3470 4952 3615 5000 χχιιι.
3634 4930 3719 5001 59);

2229 5038 2562 5105 maximeque
2605 5036 2732 5091 illud
2764 5037 2903 5107 quod
2942 5038 3016 5093 ait
3055 5038 3167 5109 ipse
3190 5038 3440 5097 Salvator,
3467 5030 3542 5103 qui
3566 5024 3720 5081 nullum

2226 5127 2456 5184 habebat
2483 5130 2700 5183 omnino
2745 5142 3015 5198 peccatum
3059 5130 3195 5200 quod
3240 5124 3517 5198 ptenitendo
3551 5112 3721 5174 confite-

2228 5231 2372 5276 retur
2403 5239 2416 5276 :
2439 5219 2692 5289 Conﬁteor
2717 5222 2824 5288 tibi,
2848 5222 3007 5277 Pater
3030 5264 3044 5289 ,
3067 5222 3280 5278 Domine
3302 5220 3406 5275 creti
3425 5228 3466 5272 et
3481 5225 3612 5270 terra.
3631 5202 3722 5274 (Ιυίθ

2226 5312 2532 5368 abscondisti
2561 5315 2669 5369 Itth
2695 5331 2726 5367 a
2750 5315 3056 5385 sapientibus
3076 5325 3123 5369 et
3146 5314 3468 5385 prudentibus,
3487 5315 3527 5361 et
3542 5292 3719 5385 molesti

2227 5422 2287 5460 ea
2312 5405 2535 5473 parvulis
2565 5405 2775 5476 (Matth.
2809 5384 2888 5473 st,
2917 5406 3031 5476 25).
3065 5406 3175 5460 iloc
3198 5404 3326 5468 dixi,
3354 5412 3405 5456 ιιι
3438 5392 3626 5467 apertius
3657 5384 3720 5440 ia-

2231 5494 2513 5563 telligatur,
2557 5493 2609 5548 id
2648 5508 2769 5549 esse
2806 5495 3092 5564 repetitum
3121 5496 3170 5550 in
3195 5509 3259 5549 eo
3283 5489 3414 5564 quod
3439 5486 3602 5543 dictum
3619 5481 3684 5532 est
3704 5511 3716 5534 ι

2227 5583 2637 5639 annuutiabimus
2689 5584 2887 5638 laudent
2937 5596 3095 5657 tuam,
3148 5583 3282 5657 quod
3323 5578 3535 5654 superius
3564 5570 3718 5626 dictum

2228 5683 2362 5737 erat,
2393 5672 2745 5744 conﬁtebimur
2767 5673 2872 5728 tibi.
