3966 6396
254 459 379 513 1021

644 646 726 708 ΙΝ
766 642 1148 710 PSALMUM
1190 641 1464 703 LXXIX

828 763 914 823 EN
922 761 1243 819 ARRATIO.

887 889 1058 931 senato
1088 873 1188 947 (a).

319 995 368 1048 ι.
400 992 546 1065 [rem
581 989 656 1063 1.]
684 988 798 1043 Non
824 985 959 1042 adeo
986 986 1148 1042 multa
1177 996 1301 1042 sunt
1335 988 1387 1042 in
1431 987 1532 1042 hoc
1552 989 1759 1060 psalmo
1785 993 1826 1056 ¹,

225 1071 298 1138 ἰιι
327 1083 519 1154 quibus
547 1094 727 1136 sermo
755 1086 938 1133 noster
962 1077 1192 1148 patiatur
1215 1076 1597 1143 difﬁcultatem,
1628 1079 1715 1136 vel
1743 1080 1827 1135 in-

244 1177 410 1232 tentio
434 1174 736 1229 auditorum
764 1170 1088 1241 intelligendi
1115 1169 1573 1240 impedimentum.
1599 1172 1831 1229 Proinde

238 1268 526 1338 adjuvante
541 1265 789 1330 Domino,
808 1278 926 1318 cum
944 1262 1135 1317 affectu
1157 1261 1404 1318 audiendi
1422 1272 1476 1317 et
1496 1262 1705 1318 videndi
1718 1264 1826 1333 jam

238 1376 361 1431 qua;
387 1359 697 1427 prophetata
727 1363 781 1410 et
819 1353 1067 1425 praedicta
1105 1362 1250 1421 sunt,
1276 1362 1528 1425 tanquam
1555 1355 1745 1410 eruditi
1774 1356 1827 1412 in

238 1449 422 1504 schola
452 1447 672 1514 Christi,
696 1460 913 1501 currere
938 1444 1192 1500 debemus
1212 1459 1331 1515 qua:
1353 1445 1506 1514 plana
1527 1454 1680 1512 sunt;
1706 1452 1762 1500 ut
1781 1445 1827 1500 si

240 1541 378 1595 forte
416 1538 641 1594 obseura
677 1535 892 1606 exigunt
921 1534 1153 1590 ofﬁcium
1189 1534 1686 1605 interpretandinea
1707 1550 1827 1607 qum

239 1633 396 1701 plana
443 1638 566 1684 sunt
612 1627 822 1695 legendi
851 1625 1085 1682 ofﬁcium
1116 1642 1144 1681 a
1173 1642 1259 1682 me
1286 1626 1521 1684 debeant
1561 1627 1821 1697 ﬂagitare.

235 1723 497 1778 Cautatur
538 1719 627 1775 hic
655 1718 721 1774 de
748 1717 977 1773 adventu
1011 1716 1219 1772 Domini
1247 1726 1301 1772 et
1329 1715 1621 1772 Salvatoris
1657 1716 1826 1773 nostri

234 1814 363 1869 Jesu
389 1812 606 1879 Christi,
637 1820 692 1866 et
714 1809 781 1867 de
807 1810 960 1865 vinea
989 1810 1124 1879 ejus.
1146 1807 1251 1865 Sed
1277 1817 1453 1865 cantat
1479 1809 1569 1865 ille
1618 1809 1821 1881 Asaph,

234 1915 492 1977 quantum
532 1910 772 1973 apparet,
806 1900 1133 1957 illuminatus
1172 1910 1329 1971 atque
1351 1910 1641 1965 correctus,
1672 1901 1826 1971 cujus

236 1998 452 2053 nomine
481 1994 647 2051 nostis
675 1993 959 2065 signiﬁcari
987 1991 1340 2062 Synagogam.
1372 1992 1605 2062 Denique
1642 1994 1824 2048 titulus

235 2090 433 2145 Psalmi
452 2098 554 2152 est,
578 2086 643 2143 In
665 2088 816 2156 ﬁnem
845 2102 937 2156 pro
967 2085 1046 2141 his
1072 2087 1159 2155 qui
1184 2085 1577 2139 immittebantur
1605 2085 1824 2155 :utique

231 2184 289 2237 in
306 2181 516 2245 melius,
540 2181 785 2248 quoniam
803 2177 1045 2234 Christus
1063 2176 1180 2231 ﬁnis
1201 2176 1358 2248 chis
1375 2175 1551 2248 (Rom.
1569 2176 1680 2247 x,4)
1704 2177 1823 2232 ideo

229 2275 398 2338 venit,
447 2281 502 2328 ιιι
541 2272 785 2327 immutet
830 2270 883 2325 itt
932 2270 1145 2325 melius.
1180 2269 1246 2323 Et
1284 2258 1450 2336 addit,
1481 2269 1821 2323 testimonium

228 2368 333 2437 ipsi
359 2368 379 2399 ³
410 2366 584 2435 Asaph
607 2382 626 2419 :
650 2364 848 2421 bonum
878 2364 1240 2418 testimonium
1287 2363 1544 2419 veritatis.
1584 2363 1821 2431 Denique

230 2461 339 2517 hoc
366 2457 725 2515 testimonium
761 2465 817 2512 et
860 2455 1129 2510 Christum
1175 2464 1229 2510 et
1265 2455 1471 2509 vineam
1499 2453 1815 2522 confitetur;

231 2553 338 2610 hoc
375 2560 457 2610 est
480 2558 640 2621 eaput
672 2557 726 2603 et
753 2562 964 2617 corpus,
999 2562 1178 2617 regem
1207 2556 1261 2603 et
1288 2546 1517 2616 plebem,
1550 2552 1817 2615 pastorem

230 2652 287 2698 et
312 2657 547 2713 gregem,
571 2648 625 2696 et
646 2648 812 2694 totum
835 2637 1069 2691 omnium
1092 2635 1483 2706 Scripturarum
1507 2637 1816 2707 mysterium

229 2734 503 2789 Christum
524 2740 577 2785 et
597 2726 1190 2786 Ecclesiam.Conclndit
1207 2736 1381 2783 autem
1402 2727 1586 2782 titulus
1599 2728 1812 2793 Psalmi,

234 2843 328 2894 pro
360 2824 601 2895 Assyriis.
645 2820 852 2892 Assyrii
892 2820 1324 2890 interpretantur,
1358 2819 1670 2889 Dirigentes.
1698 2819 1815 2875 Jam

231 2931 362 2986 ergo
401 2930 506 2969 non
541 2914 610 2968 sit
646 2910 921 2984 generatio
967 2925 1088 2981 qua:
1134 2925 1227 2965 cor
1273 2925 1376 2965 nou
1419 2910 1615 2966 direxit
1659 2925 1815 2966 suum

232 3008 406 3077 (Psal.
452 3021 648 3072 Lxxvn,
694 3004 770 3074 8),
817 3003 910 3058 sed
953 3004 1224 3073 generatio
1254 3002 1363 3071 jam
1391 3002 1644 3074 dirigens.
1676 3002 1816 3074 Ergo

233 3099 511 3155 audiamus
534 3097 658 3168 quid
679 3095 820 3151 dicat
851 3096 901 3150 in
935 3094 1034 3150 hoc
1061 3094 1386 3149 testimonio.

302 3189 357 3244 2.
389 3188 536 3260 [vers.
566 3185 648 3260 2.]
679 3186 780 3255 Qui
818 3186 983 3256 pascis
1022 3183 1206 3252 Israel,
1256 3184 1473 3240 intende.
1515 3185 1648 3253 Quid
1694 3196 1774 3242 est
1798 3230 1811 3253 ,

235 3281 334 3348 Qui
387 3281 551 3349 pascis
589 3277 756 3332 Israel
774 3319 787 3341 ,
833 3278 1052 3343 intende,
1085 3278 1170 3345 qui
1198 3277 1404 3332 deducis
1430 3278 1558 3332 velut
1584 3295 1696 3333 oves
1713 3277 1812 3333 Jo-

230 3370 384 3443 seph?
408 3370 686 3425 Invocatur
712 3378 768 3422 ut
793 3369 991 3432 veniat,
1015 3376 1354 3436 exspectatur
1378 3376 1435 3422 ut
1452 3367 1647 3433 veniat,
1670 3368 1813 3424 desi-

229 3464 447 3519 (teratur
472 3469 528 3514 ut
554 3459 748 3512 veniat.
795 3458 935 3527 Ergo
960 3456 1249 3526 dirigentes
1273 3456 1505 3511 inveniat
1537 3474 1550 3510 :
1584 3457 1685 3523 Qui
1722 3458 1809 3512 de-

230 3556 395 3621 ducis,
420 3552 609 3623 inquit,
644 3550 772 3604 velnt
814 3564 926 3602 oves
965 3546 1157 3618 Joseph
1189 3563 1207 3601 :
1237 3548 1407 3618 ipsum
1448 3548 1645 3618 Joseph
1675 3550 1814 3603 velut

230 3664 378 3706 oves.
410 3648 528 3718 Ipse
555 3645 751 3717 Joseph
781 3657 911 3698 oves
933 3652 1074 3707 sunt,
1100 3651 1153 3696 et
1182 3643 1296 3710 ipse
1323 3641 1518 3713 Joseph
1553 3643 1670 3698 ovis
1708 3652 1809 3698 est.

231 3742 425 3798 Audito
451 3737 672 3809 Joseph,
701 3750 1002 3806 quanquam
1031 3742 1085 3789 et
1112 3734 1477 3803 interpretatio
1502 3736 1617 3805 ejus
1639 3735 1811 3790 nomi-

233 3837 314 3888 nis
343 3833 565 3888 multum
607 3829 791 3897 juvet;
838 3827 1100 3896 significat
1140 3825 1281 3881 enim
1331 3827 1709 3898 Augmentum,
1758 3837 1813 3883 et

230 3928 352 3981 ideo
376 3925 562 3994 utique
589 3923 734 3975 venit
764 3920 875 3982 ille,
900 3927 957 3974 ut
981 3918 1359 3975 mortiﬁcatum
1381 3935 1604 3990 granum
1629 3921 1811 3975 multi-

231 4018 440 4090 pliciter
480 4023 721 4085 surgeret
766 4012 938 4085 (Joan.
975 4029 1068 4078 xu,
1098 4011 1213 4080 25),
1243 4012 1344 4066 hoc
1383 4020 1500 4079 est,
1530 4023 1812 4083 augeretur

232 4107 456 4178 populus
491 4106 582 4161 Dei
610 4122 622 4158 :
655 4115 828 4158 tamen
859 4117 924 4157 ex
950 4116 1014 4156 co
1039 4101 1179 4171 quod
1200 4102 1309 4166 jam
1336 4102 1502 4158 nostis
1525 4103 1811 4172 contigisse

229 4198 451 4270 Joseph,
483 4197 659 4253 veniat
686 4196 736 4249 in
768 4203 1000 4251 mentem
1021 4210 1049 4246 a
1080 4193 1332 4248 fratribus
1351 4194 1811 4257 venditus,veniat

228 4307 258 4346 a
284 4290 394 4345 suis
429 4288 788 4343 exhonoratus
808 4327 821 4349 ,
850 4284 988 4355 apud
1016 4285 1341 4354 alienigenas
1365 4286 1628 4342 exaltatus
1657 4286 1806 4359 (Gen.

228 4394 427 4444 xxxv",
465 4377 558 4444 28,
597 4386 645 4431 et
689 4392 797 4441 xm,
825 4374 939 4446 40),
968 4385 1023 4431 et
1058 4375 1364 4445 intelligetis
1395 4376 1448 4430 in
1477 4376 1626 4445 cujus
1650 4392 1810 4447 grege

230 4482 350 4525 esse
375 4468 687 4530 debeamus,
720 4466 878 4521 simul
899 4481 1021 4521 cum
1049 4466 1153 4521 illis
1179 4466 1267 4535 qui
1306 4466 1417 4535 jam
1457 4467 1685 4538 dirigunt
1715 4484 1810 4523 Cot‘

229 4575 408 4624 suum,
431 4567 487 4612 ut
512 4557 645 4626 lapis
673 4556 990 4625 reprobatus
1027 4556 1094 4611 ab
1120 4555 1500 4612 :cdiﬁcantibus
1527 4558 1619 4613 ﬁat
1642 4559 1693 4613 in
1721 4574 1810 4613 ca-

229 4662 323 4723 put
347 4651 525 4722 anguli
552 4647 761 4720 (Mattlt.
782 4661 892 4713 xxI,
920 4648 1011 4714 42,
1035 4654 1081 4700 et
1110 4645 1250 4700 Psal.
1282 4662 1444 4711 cxvtt,
1477 4648 1594 4719 9.2).
1622 4658 1808 4705 tenens

228 4743 368 4799 duos
404 4741 637 4812 parietes
680 4738 749 4794 de
782 4738 995 4794 diverso
1034 4737 1341 4803 venientes,
1392 4738 1486 4793 sed
1530 4739 1584 4793 in
1613 4743 1807 4812 angulo

225 4832 631 4890 concordantes.
675 4830 778 4896 Qui
813 4829 956 4885 sedes
1001 4846 1153 4898 super
1195 4829 1479 4885 Cherubim.
1517 4829 1806 4889 Cherubim

228 4924 385 4979 sedes
409 4930 492 4978 est
515 4922 699 4993 gloria:
722 4921 835 4982 Dei,
859 4928 914 4974 et
944 4920 1321 4989 interpretatur
1343 4919 1624 4976 Plenitudo
1636 4922 1808 4977 scien-

228 5016 334 5072 tiae.
367 5015 441 5071 lbi
468 5015 619 5071 sedet
645 5014 786 5071 Deus
816 5014 867 5068 in
895 5011 1218 5083 plenitudine
1243 5012 1499 5067 scientiae.
1542 5013 1691 5070 Licet
1727 5015 1808 5070 in-

227 5107 524 5177 telligamus
544 5104 830 5161 Cherubim
866 5102 1124 5158 sublimes
1149 5118 1269 5158 esse
1289 5103 1546 5160 caelorum
1573 5114 1808 5175 potesta-

230 5206 306 5251 tes
332 5205 493 5266 atque
530 5194 786 5255 virtutes;
825 5203 1000 5248 tamen
1040 5192 1086 5247 si
1125 5193 1225 5256 vis,
1261 5194 1369 5248 eris
1399 5193 1706 5250 Cherubim.
1748 5196 1806 5252 Si

224 5287 365 5343 enim
394 5285 685 5342 Cherubim
714 5283 869 5341 sedes
896 5292 979 5340 est
1005 5284 1132 5349 Dei,
1162 5284 1285 5338 andi
1325 5282 1451 5354 quid
1491 5283 1634 5340 dicat
1660 5284 1804 5341 Scri-

226 5389 377 5449 ptura
410 5396 423 5433 :
456 5378 642 5432 Anima
682 5376 805 5441 iusti
852 5376 993 5432 sedes
1038 5386 1111 5431 est
1155 5376 1417 5446 sapientia:
1462 5374 1631 5450 (Sap.
1683 5377 1801 5450 vn).

223 5468 539 5539 Quomodo,
585 5465 794 5537 inquis,
836 5479 930 5521 ero
956 5466 1227 5535 plenitudo
1260 5465 1530 5520 scientiae?
1556 5467 1674 5536 quis
1703 5467 1805 5523 hoc

226 5560 447 5631 implet?
485 5559 658 5614 Habes
686 5557 826 5612 unde
854 5557 1077 5624 impleas
1109 5576 1122 5612 :
1160 5556 1430 5612 Plenitudo
1457 5555 1605 5627 Legis
1631 5559 1803 5612 altari-

290 5653 317 5726 ί.
338 5651 570 5726 Plerique
588 5656 641 5700 et
656 5648 888 5698 meliores
908 5653 1015 5697 Mss.
1031 5660 1127 5699 non
1141 5648 1264 5698 adeo
1288 5651 1398 5699 sum
1422 5643 1473 5697 in
1488 5644 1577 5699 hoc
1593 5645 1805 5713 psalmo;

224 5710 618 5773 omisso,niulta.
1195 5770 1206 5782 .
1270 5771 1281 5782 .
1337 5771 1347 5783 .
1594 5710 1602 5713 '

286 5777 308 5846 τ
341 5774 475 5846 βίων
660 5769 1019 5846 Aere-rem
1180 5784 1278 5846 me
1297 5806 1311 5832 ›
1328 5776 1467 5846 mare
1489 5776 1617 5846 sxx-

287 5837 361 5897 (a)
385 5832 710 5946 Ad'gbpulum
731 5832 926 5885 habitus
940 5838 1048 5897 post
1074 5832 1344 5896 sitpositum
1366 5832 1596 5882 I‘salmum
1620 5838 1800 5894 LXXIII,

222 5900 287 5949 de
310 5896 472 5962 quoin
519 5909 564 5957 a,
588 5910 636 5946 ιι.
664 5894 736 5945 ιο.

1313 448 1702 507 ΕΝΛΠΚΑΤΙΟ
1740 451 1806 507 ΙΝ
1843 454 2167 515 PSALMUM
2204 460 2440 519 LXXIX.

3387 475 3525 531 1022

1945 584 2023 630 tas
2049 578 2228 648 (Rom.
2257 596 2373 648 χιιι,
2407 581 2519 653 10).
2550 583 2670 640 Noli
2695 599 2791 656 per
2803 588 2967 645 multa
2986 589 3065 647 ire
3080 600 3240 663 atque
3262 590 3519 653 distendi.

1937 667 2127 726 Terret
2173 681 2225 729 te
2274 690 2543 732 ramorum
2590 676 2832 747 diffusio;
2883 682 3117 741 radicem
3171 694 3314 752 tene,
3355 695 3411 744 et
3445 688 3515 748 de

1937 764 2295 833 magnitudine
2322 767 2530 825 arboris
2556 771 2664 826 noli
2692 772 2942 844 cogitare.
2971 774 3053 832 Sit
3080 776 3136 833 in
3166 786 3217 835 te
3237 762 3473 838 cltaritas
3496 824 3515 849 ,

1936 860 1990 908 et
2016 868 2236 912 necesse
2262 867 2345 914 est
2372 861 2644 930 plenitudo
2682 864 2919 922 scientia:
2968 880 3342 940 consequatur.
3381 872 3518 943 Quid

1934 945 2075 999 enim
2101 949 2271 1003 nescit
2291 950 2377 1019 qui
2403 950 2714 1010 charitatem
2736 956 2854 1019 scit.
2871 958 3296 1031 quandoquidem
3317 960 3514 1018 dictum

1934 1043 2016 1091 est
2048 1052 2063 1089 :
2089 1035 2230 1094 Deus
2249 1042 2470 1098 charitas
2497 1054 2568 1099 est
2597 1045 2650 1116 (Ι
2677 1047 2834 1103 Joan.
2861 1065 2932 1117 Iv,
2964 1048 3042 1121 8).

2005 1127 2058 1183 5.
2100 1127 2259 1203 [vers.
2303 1132 2396 1207 5.]
2442 1133 2545 1200 Qui
2570 1137 2711 1192 sedes
2749 1156 2900 1212 super
2942 1139 3248 1209 Cherubim,
3297 1161 3509 1217 appare.

1934 1216 2057 1275 Ideo
2083 1223 2226 1278 enim
2255 1226 2591 1296 erravimus,
2642 1224 2764 1300 quia
2812 1248 2917 1286 non
2966 1234 3277 1304 apparebas.
3326 1234 3512 1292 Coram

1931 1309 2196 1383 Ephrem,
2224 1325 2273 1370 et
2306 1316 2593 1388 Beniamin,
2621 1330 2667 1375 et
2693 1320 2948 1378 Manasse.
2982 1328 3213 1395 Appare,
3249 1327 3463 1398 inquam
3493 1370 3510 1396 ,

1931 1417 2110 1459 coram
2161 1417 2318 1477 gente
2354 1408 2691 1477 Iudaeorum,
2735 1428 2914 1469 coram
2961 1417 3159 1485 populo
3196 1418 3355 1473 Israel
3388 1438 3402 1474 :
3436 1419 3509 1477 ibi

1930 1493 2070 1550 enim
2102 1496 2374 1567 Ephrmm,
2402 1500 2473 1555 ibi
2502 1500 2791 1570 Manasses,
2843 1504 2915 1560 ibi
2963 1505 3258 1575 Benjamin.
3294 1508 3399 1565 Sed
3430 1511 3512 1565 in-

1932 1589 2362 1656 terpretationem
2392 1591 2666 1648 videamus
2709 1635 2722 1647 .
2776 1596 3058 1665 Ephraem,
3108 1597 3508 1669 Fructiﬁcatio;

1928 1676 2223 1748 Bcnjamin,
2258 1680 2422 1737 Filius
2448 1683 2709 1749 dexterae;
2742 1686 3029 1754 Manasses,
3054 1687 3508 1762 Oblitus.Appare

1927 1768 2067 1823 enim
2097 1784 2276 1825 coram
2304 1771 2637 1840 fructiﬁcato,
2667 1789 2844 1830 coram
2884 1778 2994 1833 ﬁlio
3021 1778 3280 1845 dexterae,
3310 1796 3508 1851 appare

1926 1873 2105 1915 coram
2141 1861 2340 1929 oblito,
2386 1873 2443 1917 ut
2465 1864 2576 1934 jam
2607 1882 2710 1920 non
2738 1868 2808 1922 sit
2834 1867 3056 1934 oblitus,
3091 1871 3183 1925 sed
3220 1871 3401 1929 venias
3431 1872 3507 1927 illi

1927 1951 1981 2006 in
2008 1960 2237 2008 mentem
2260 1956 2346 2025 qui
2364 1955 2622 2011 liberasti.
2650 1958 2704 2012 Si
2727 1959 2867 2014 enim
2895 1959 3094 2015 Gentes
3119 1976 3506 2019 commemora-

1927 2042 2142 2107 buntur,
2172 2053 2222 2101 et
2259 2057 2633 2105 convertentur
2658 2050 2725 2105 ad
2768 2051 3046 2107 Dominum
3077 2054 3339 2110 universa:
3369 2057 3502 2113 fines

1927 2143 2082 2190 terra:
2110 2134 2279 2204 (Psal.
2307 2154 2416 2206 χχι,
2437 2138 2567 2213 28);
2594 2141 2821 2212 populus
2866 2142 2982 2214 ipse
3012 2143 3082 2200 de
3114 2145 3381 2200 Abraham
3409 2162 3502 2203 ve-

1924 2224 2097 2293 niens,
2144 2243 2250 2282 non
2295 2228 2476 2284 habuit
2524 2234 2777 2302 parietem
2828 2250 2983 2290 suum
3035 2236 3123 2305 qui
3172 2238 3397 2307 gaudeat
3446 2238 3501 2293 in

1923 2317 2135 2387 angulo,
2169 2333 2287 2373 cum
2318 2322 2572 2391 scriptum
2601 2325 2689 2392 sit,
2719 2324 2967 2396 Reliquiae
2992 2327 3145 2381 salute
3169 2329 3289 2396 ﬁent
3318 2328 3498 2387 (Rom.

1923 2423 1998 2476 Ix,
2034 2410 2170 2480 27)?
2208 2411 2391 2467 Excita
2420 2418 2694 2484 potentiam
2718 2428 2874 2473 tuam.
2906 2419 3035 2474 Nam
3073 2422 3313 2477 inﬁrmus
3340 2438 3461 2479 eras
3484 2466 3498 2489 ,

1921 2502 2134 2571 quando
2163 2503 2482 2560 dicebatur:
2517 2506 2579 2562 Si
2628 2507 2766 2576 ﬁlius
2817 2508 2916 2565 Dei
2962 2521 3074 2578 est,
3121 2512 3393 2567 descendat
3435 2514 3500 2569 de

1921 2609 2067 2646 cruce
2089 2591 2299 2664 (Matth.
2334 2612 2495 2660 xxvu,
2518 2596 2631 2667 40).
2657 2599 2795 2654 Nihil
2815 2601 2988 2656 valere
3014 2601 3283 2659 videbaris
3312 2622 3327 2659 :
3360 2619 3499 2674 prae-

1921 2684 2086 2739 valuit
2114 2699 2272 2755 snper
2301 2696 2352 2741 te
2380 2700 2711 2759 persecutor;
2740 2692 3181 2749 etdemonstrasti
3200 2695 3302 2750 hoc
3320 2705 3496 2761 antea,

1921 2777 2042 2847 quia
2088 2787 2141 2832 et
2177 2777 2344 2833 Jacob
2371 2779 2484 2851 ipse
2511 2780 2785 2850 prtevaluit
2813 2782 2864 2835 in
2895 2782 3055 2850 lucta,
3089 2784 3251 2839 homo
3272 2786 3495 2857 Angelo.

1919 2868 2170 2936 Quando,
2203 2871 2304 2925 nisi
2344 2871 2505 2926 vellet
2540 2872 2815 2941 Angelus?
2839 2883 2892 2929 et
2920 2875 3195 2944 praevaluit
3224 2876 3382 2931 homo
3403 2916 3418 2942 ,
3444 2888 3500 2933 et

1919 2960 2088 3014 victus
2109 2969 2191 3015 est
2214 2962 2475 3032 Angelus;
2502 2972 2559 3018 et
2582 2963 2750 3019 victor
2778 2963 2935 3019 homo
2961 2974 3105 3022 tenet
3127 2967 3385 3038 Angelum
3405 3010 3421 3036 ,
3443 2978 3499 3025 et

1918 3050 2046 3106 dicit
2091 3068 2105 3104 :
2141 3051 2262 3106 Non
2298 3052 2545 3108 dimittam
2572 3063 2636 3121 te,
2670 3055 2767 3110 nisi
2792 3054 3102 3112 benedixeris
3125 3075 3223 3113 me.
3250 3059 3497 3131 Magnum

1918 3154 2308 3201 sacramentum
2334 3146 2347 3201 !
2376 3146 2438 3200 Et
2465 3156 2570 3200 stat
2592 3146 2780 3213 victus,
2815 3156 2870 3204 et
2904 3148 3167 3205 heuedicit
3193 3151 3444 3208 victorem
3475 3170 3494 3211 :

1917 3235 2103 3301 victus,
2135 3238 2254 3307 quia
2288 3238 2482 3303 voluit;
2508 3252 2669 3292 carne
2713 3239 2986 3307 inﬁrmus,
3015 3240 3290 3312 majestate
3319 3242 3491 3298 fortis.

1919 3328 1981 3382 Et
2010 3328 2280 3384 benedixit
2307 3346 2318 3380 :
2347 3326 2632 3394 Vocaberis,
2664 3329 2853 3400 inquit,
2878 3330 3064 3386 Israel.
3092 3333 3289 3404 Tetigit
3317 3343 3494 3390 tamen

1915 3430 1970 3475 et
2015 3422 2227 3477 femoris
2272 3422 2623 3487 latitudinem,
2654 3432 2709 3479 et
2736 3425 2893 3488 aruit,
2937 3424 3289 3496 eumdemque
3317 3425 3493 3481 homi-

1917 3528 2037 3567 nem
2086 3530 2247 3568 unum
2294 3512 2419 3568 fecit
2464 3523 2518 3569 et
2558 3514 2891 3571 benedictum
2944 3524 2998 3570 et
3037 3517 3280 3572 claudum
3337 3516 3488 3591 (Gen.

1916 3619 2077 3671 χχιιι,
2108 3607 2199 3672 26,
2220 3605 2311 3670 28,
2339 3606 2453 3678 ‘25).
2480 3606 2638 3661 Vides
2657 3609 2980 3664 claudicasse
3001 3612 3250 3680 pupulum
3276 3611 3492 3666 Judch-

1917 3714 2031 3752 rum
2058 3714 2077 3753 :
2110 3698 2229 3755 vide
2280 3700 2350 3755 ibi
2391 3710 2443 3755 et
2490 3700 2822 3755 benedictum
2874 3718 3042 3772 genus
3088 3704 3488 3774 Apostolorum.

1917 3788 2098 3843 Excita
2126 3804 2252 3860 ergo
2292 3792 2564 3860 potentiam
2593 3801 2732 3846 tuam
2763 3810 2783 3846 :
2809 3793 3059 3862 quamdiu
3099 3794 3294 3850 videris
3340 3796 3493 3851 inﬁr-

1917 3880 2070 3933 mus?
2117 3879 2528 3959 Crueitixus'ex
2575 3882 2901 3950 inﬁrmitate,
2948 3899 3165 3955 resurge
3205 3886 3259 3940 in
3296 3886 3493 3944 virtute

1916 3968 1991 4041 (ιι
2028 3969 2146 4025 Car.
2188 3987 2301 4037 xm,
2331 3972 2387 4044 4)
2416 3991 2427 4027 :
2459 3972 2638 4027 Excita
2678 3975 2952 4045 potentiam
2993 3985 3165 4045 tuam,
3193 3987 3240 4032 et
3268 3980 3404 4048 veni,
3438 3991 3492 4034 ut

1913 4061 2078 4117 salvos
2103 4064 2263 4133 facias
2291 4080 2403 4117 nos.

1983 4155 2037 4209 4.
2070 4152 2220 4228 [vers.
2250 4154 2328 4228 4.]
2357 4153 2518 4223 Deus,
2544 4168 2771 4211 converte
2789 4174 2898 4213 nos.
2919 4159 3109 4214 Aversi
3133 4161 3276 4216 enim
3305 4177 3488 4219 sumus

1914 4261 1943 4300 a
1971 4256 2043 4313 te,
2071 4256 2124 4302 et
2153 4247 2254 4301 nisi
2284 4259 2336 4301 tu
2365 4258 2673 4313 convertas,
2707 4263 2810 4303 non
2839 4259 3230 4305 convertemur.
3265 4251 3330 4305 Et
3368 4250 3491 4307 illu-

1913 4337 2051 4390 mina
2080 4338 2259 4409 faciem
2289 4347 2446 4404 tuam,
2466 4348 2512 4391 et
2526 4336 2652 4392 salvi
2666 4340 2868 4393 erimus.
2894 4338 3162 4410 Numquid
3188 4341 3276 4397 ille
3300 4342 3493 4398 obscu-

1912 4445 2027 4483 ram
2057 4429 2219 4485 habet
2261 4430 2488 4485 faciem?
2525 4430 2639 4485 Non
2666 4431 2826 4487 habet
2847 4432 3126 4487 obscuram
3152 4432 3367 4503 faciem,
3390 4435 3486 4491 sed

1911 4521 2157 4590 apposuit
2183 4521 2200 4554 ί
2228 4522 2277 4576 ei
2315 4522 2509 4577 nubem
2539 4524 2731 4584 carnis,
2764 4532 2815 4577 et
2846 4531 3094 4594 tanquam
3129 4526 3303 4581 velum
3332 4525 3486 4580 inﬁr-

1911 4612 2125 4676 mitatis,
2154 4622 2207 4667 et
2236 4627 2339 4668 non
2366 4624 2445 4668 est
2472 4622 2684 4684 putatus
2704 4615 2816 4683 ipse
2835 4629 2955 4670 cum
2974 4613 3230 4683 penderet
3247 4617 3296 4670 in
3320 4616 3480 4686 ligno,

1910 4702 2277 4774 agnoscendus
2300 4718 2418 4759 cum
2446 4704 2657 4759 sederet
2693 4704 2745 4758 in
2784 4705 2941 4760 caelo.
2986 4703 3117 4759 Nam
3169 4705 3241 4761 ita
3287 4705 3483 4761 factum

1910 4807 2012 4852 est.
2040 4796 2362 4851 Prresentem
2390 4797 2442 4849 in
2469 4804 2604 4851 terra
2631 4794 2897 4850 Christum
2926 4802 2979 4849 et
3003 4797 3255 4853 miracula
3282 4796 3485 4854 facien-

1912 4895 2015 4941 tem
2041 4902 2143 4941 non
2173 4886 2386 4957 agnovit
2410 4887 2619 4954 Asaph;
2643 4894 2907 4940 mortuum
2925 4895 3122 4949 tamen,
3143 4896 3484 4959 posteaquam

1909 4977 2199 5032 resurrexit
2224 4985 2280 5031 et
2296 4975 2536 5030 ascendit
2557 4975 2609 5028 in
2630 4975 2845 5041 coelum,
2875 4977 3109 5046 agnovit,
3136 4988 3485 5047 compunctus

1909 5079 1992 5127 est
2023 5087 2038 5127 :
2066 5068 2261 5124 dixerit
2286 5075 2342 5124 et
2381 5067 2448 5123 de
2480 5067 2573 5123 illo
2601 5076 2771 5121 totum
2808 5067 2911 5123 hoc
2940 5069 3297 5125 testimonium
3342 5071 3482 5142 quod

1910 5162 2068 5218 modo
2116 5161 2451 5232 agnoscimus
2505 5160 2557 5214 in
2599 5159 2703 5216 hoc
2746 5161 2972 5231 psalmo,
3011 5159 3257 5215 litamina
3300 5164 3482 5235 faciem

1910 5265 2076 5320 tuam,
2106 5262 2155 5308 et
2177 5252 2304 5308 salvi
2323 5253 2529 5311 erimus.
2551 5251 2809 5309 Obtexisti
2839 5252 3025 5307 faciem
3049 5261 3214 5322 tuam,
3236 5261 3291 5310 et
3310 5269 3481 5326 aegro-

1909 5343 2136 5399 tavimus
2164 5362 2177 5397 :
2208 5342 2445 5397 illumina
2470 5341 2646 5409 illam,
2680 5350 2735 5399 et
2760 5342 2892 5397 salvi
2915 5342 3138 5401 erimus.

1979 5434 2033 5489 5.
2075 5431 2224 5505 [oers.
2257 5431 2337 5506 5.]
2365 5431 2601 5498 Domine,
2630 5430 2772 5487 Deus
2796 5434 3031 5487 virtutum
3054 5477 3068 5501 ,
3098 5450 3352 5508 usquequo
3379 5436 3483 5491 ira-

1907 5527 2060 5580 sceris
2080 5526 2133 5579 in
2159 5525 2437 5580 orationem
2459 5525 2587 5579 serui
2607 5526 2679 5581 tui
2694 5526 2720 5581 .’
2741 5526 2856 5581 lam
2882 5529 3009 5582 servi
3038 5529 3131 5583 tui.
3162 5527 3479 5587 lrascebaris

1907 5617 1960 5673 in
1986 5616 2280 5672 orationem
2302 5616 2500 5672 inimici
2528 5617 2624 5684 tui,
2648 5618 2820 5674 adhuc
2840 5621 3085 5676 irasceris
3107 5622 3162 5677 in
3182 5623 3476 5679 orationem

1907 5708 2048 5764 servi
2098 5708 2206 5763 tui!
2246 5706 2569 5764 Convertisti
2612 5723 2742 5777 uos,
2795 5711 3105 5782 agnovimus
3136 5753 3153 5781 ,
3196 5722 3253 5769 et
3304 5713 3478 5771 adhuc

1906 5800 2150 5857 irasceris
2188 5801 2241 5853 in
2271 5799 2564 5855 orationem
2594 5801 2739 5855 servi
2770 5801 2876 5859 tnil
2923 5802 2997 5859 fta
3037 5804 3189 5876 plane
3214 5806 3477 5873 irasceris,

1975 5894 1989 5923 ι
2023 5892 2093 5941 sic
2126 5897 2228 5939 Mss.
2259 5894 2311 5940 At
2331 5889 2463 5949 add,
2486 5889 2724 5953 opposuit.
