3966 6448
494 435 630 492 1095

490 560 548 607 ιιι
572 560 720 622 pater
749 551 1036 622 corrigens,
1070 564 1176 604 non
1207 557 1264 603 ut
1286 547 1448 619 judex
1488 546 1764 603 damnans.
1800 546 1872 602 lta
1910 546 2063 616 plane

492 644 763 708 irasceris,
792 644 914 714 quia
938 643 1196 713 scriptum
1224 650 1328 706 est,
1360 639 1489 705 Fili,
1510 640 1749 694 accedens
1773 638 1840 692 ad
1863 639 2076 694 servitu-

497 745 595 790 tem
627 733 745 799 Dei,
780 743 856 789 sta
890 735 942 788 in
975 733 1178 806 justitia
1202 741 1250 788 et
1280 733 1479 797 timore,
1511 740 1556 784 et
1593 746 1826 801 praepara
1852 729 2074 783 animam

489 839 628 888 tuam
643 828 712 882 ad
737 827 1057 882 tentationem
1079 825 1268 897 (Eccli.
1297 841 1353 890 ιι,
1385 825 1459 894 1).
1485 823 1563 880 Νε
1586 833 1738 894 putes
1759 822 1868 892 jam
1896 830 2073 877 trans-

491 918 597 973 isse
663 917 794 972 iram
851 916 941 971 Dei
985 917 1108 986 quia
1155 929 1445 971 conversus
1483 929 1574 979 es;
1613 915 1840 979 transiit,
1882 913 1977 968 sed
2006 928 2073 967 ne

488 1006 706 1061 damnet
751 1005 803 1060 in
851 1013 1129 1060 :cternum.
1176 1005 1432 1075 Flagellat
1479 1013 1680 1071 autem,
1727 1018 1832 1057 non
1884 1005 2068 1073 parcit,

488 1098 611 1168 quia
641 1097 873 1166 ﬂagellat
900 1111 1113 1152 omnem
1142 1097 1308 1152 ﬁlium
1347 1111 1506 1166 quem
1533 1095 1722 1164 recipit
1761 1093 1944 1162 (Hebr.
1974 1110 2067 1158 xu,

487 1188 568 1258 6).
621 1187 676 1244 Si
717 1186 967 1257 ﬂagellari
1010 1187 1294 1253 detrectas,
1343 1189 1505 1257 recipi
1549 1203 1711 1257 quare
1759 1186 2071 1241 desideras?

487 1277 743 1349 Flagellat
758 1294 968 1334 omnem
995 1277 1159 1333 ﬁlium
1175 1294 1334 1349 quem
1351 1278 1567 1348 recipit:
1587 1279 1815 1348 ﬂagellat
1831 1293 2064 1342 omnem,

486 1371 576 1439 qui
606 1380 661 1426 et
685 1369 854 1426 Unico
878 1386 981 1425 non
1004 1371 1260 1441 pepercit.
1288 1370 1392 1425 Sed
1424 1378 1599 1426 tamen
1626 1371 1871 1440 quamdiu
1893 1372 2070 1424 irasce.

486 1463 558 1515 ris
586 1461 638 1515 in
673 1463 946 1516 orationem
985 1463 1111 1516 servi
1143 1461 1253 1515 tui?
1285 1476 1388 1516 non
1423 1461 1533 1532 jam
1581 1454 1782 1516 inimici
1818 1461 1924 1525 tui;
1971 1460 2065 1516 sed

485 1553 717 1608 irasceris
744 1553 798 1607 in
827 1553 1104 1607 oralionem
1134 1553 1262 1606 servi
1291 1553 1384 1606 tui.
1414 1552 1712 1618 Quamdiu?

556 1643 609 1698 6.
641 1642 790 1716 [vers.
830 1642 908 1716 6.]
953 1642 1200 1713 Sequitur
1233 1661 1245 1696 :
1276 1642 1477 1696 Cibabis
1519 1659 1609 1697 nos
1649 1659 1778 1712 pane
1815 1643 2064 1712 lacryma-

483 1752 632 1803 rum,
659 1747 705 1790 et
732 1736 927 1807 potabis
953 1753 1043 1791 nos
1063 1737 1116 1791 in
1144 1735 1376 1807 lacrymis
1399 1737 1451 1790 in
1496 1753 1745 1790 mensura.
1769 1734 1904 1803 Quid
1947 1742 2061 1800 est,

481 1827 536 1880 in
562 1829 837 1882 mensura?
872 1829 1183 1899 Apostolum
1214 1828 1335 1883 audi
1383 1846 1396 1882 :
1430 1827 1622 1881 Fidelis
1670 1827 1802 1881 Deus
1841 1828 1926 1896 qui
1964 1843 2062 1880 non

480 1933 568 1972 vos
612 1918 849 1984 permittit
889 1919 1068 1973 tentari
1105 1936 1262 1989 supra
1288 1935 1437 1988 quam
1474 1919 1677 1988 potestis
1715 1922 1846 1989 ferre
1874 1918 1916 1988 (ι
1941 1916 2059 1972 Cor.

480 2021 513 2060 κ
533 2048 548 2073 ,
593 2007 704 2076 15).
739 2007 853 2077 Ipsa
881 2017 962 2064 est
988 2023 1236 2064 mensura
1261 2051 1274 2074 ,
1306 2023 1400 2078 pro
1426 2009 1626 2063 viribus
1673 2009 1773 2064 tuis
1804 2027 1815 2062 :
1846 2010 1957 2080 ipsa
1981 2019 2063 2064 est

477 2114 728 2154 mensura
749 2141 764 2168 ,
797 2109 854 2154 ut
879 2100 1137 2156 erudiaris
1161 2143 1174 2166 ,
1201 2117 1304 2156 non
1327 2111 1380 2156 ut
1413 2103 1748 2172 Opprimaris.

549 2191 601 2245 7.
635 2191 783 2264 [vers.
815 2191 892 2265 7.]
933 2192 1159 2250 Posuisti
1195 2211 1286 2248 nos
1326 2195 1378 2248 in
1418 2196 1860 2249 contradictionem
1886 2195 2060 2250 vicinis

479 2283 681 2338 nostris.
714 2283 877 2339 Plane
907 2284 1100 2340 factum
1144 2295 1258 2350 est;
1293 2300 1413 2340 nam
1442 2285 1510 2340 de
1540 2285 1717 2355 Asaph
1756 2285 1907 2340 electi
1938 2294 2061 2340 sunt

477 2375 565 2444 qui
591 2376 728 2430 irent
765 2376 829 2430 ad
857 2375 1054 2432 Gentes
1075 2418 1088 2442 ,
1123 2386 1174 2430 et
1201 2376 1552 2446 praedicarent
1577 2375 1872 2439 Christum,
1904 2386 1958 2432 et
1979 2376 2060 2431 di-

475 2476 686 2521 ceretur
729 2467 806 2521 eis
839 2484 852 2520 :
887 2468 1010 2532 Quis
1039 2477 1113 2522 est
1150 2468 1239 2521 iste
1281 2484 1520 2522 novorum
1559 2468 1920 2522 dwmoniorum
1961 2486 2056 2522 an-

476 2555 734 2610 nuntiator
763 2556 896 2628 (Act.
929 2572 1054 2623 ml,
1088 2557 1216 2627 18)?
1247 2555 1473 2613 Posuisti
1498 2575 1588 2612 nos
1617 2559 1670 2612 in
1699 2560 2058 2613 contradictio-

475 2664 590 2702 nem
614 2649 789 2702 vicinis
818 2649 1019 2703 nostris.
1066 2649 1198 2703 Eum
1227 2649 1366 2704 enim
1413 2649 1772 2719 praedicabant
1800 2649 1884 2705 cui
1923 2665 2055 2704 con-

475 2739 850 2794 tradicehatur.
901 2737 1068 2806 Quem
1130 2739 1523 2809 prmdicabant?
1572 2739 1832 2795 Mortuum
1883 2757 2057 2794 resur-

472 2831 674 2885 rexisse
702 2829 992 2885 Christum.
1019 2829 1147 2899 Quis
1179 2828 1280 2885 hoc
1299 2831 1508 2884 audiat?
1539 2831 1658 2901 quis
1685 2831 1787 2887 hoc
1814 2831 2055 2886 noverit?

472 2920 618 2976 Nova
654 2921 772 2976 res!
811 2921 905 2976 sed
947 2922 1095 2992 signa
1133 2922 1624 2992 consequebantur,
1667 2931 1723 2976 et
1760 2922 2053 2977 incredibili

470 3011 549 3065 rei
595 3011 752 3066 ﬁdem
783 3012 1032 3065 miracula
1079 3012 1358 3066 faciebant.
1406 3011 1916 3076 Contradicebatur,
1960 3011 2053 3065 sed

472 3100 833 3157 contradictor
871 3101 1208 3167 vincebatur,
1251 3111 1305 3156 et
1346 3116 1408 3157 ex
1449 3103 1839 3158 contradictore
1884 3101 2053 3157 ﬁdelis

469 3191 818 3248 efﬁciebatur.
851 3193 925 3248 lbi
965 3201 1139 3247 tamen
1170 3209 1360 3263 magna
1401 3193 1611 3247 ﬂamma
1650 3214 1661 3248 :
1695 3195 1763 3248 ibi
1796 3203 2054 3264 martyres

469 3283 626 3339 cibati
652 3283 718 3338 de
745 3298 882 3354 pane
911 3283 1282 3354 lacrymarum,
1309 3292 1362 3338 et
1393 3284 1555 3353 potali
1585 3285 1636 3338 in
1664 3285 1930 3355 lacrymis;
1959 3284 2050 3339 sed

469 3376 522 3430 in
553 3391 822 3441 mensura,
856 3392 961 3430 non
990 3376 1217 3445 amplius
1243 3391 1401 3446 quam
1427 3386 1669 3445 poterant
1695 3377 1830 3430 ferre
1859 3387 1917 3430 ut
1936 3387 2052 3446 post

469 3481 774 3522 mensuram
799 3465 1151 3536 lacrymarum
1171 3473 1480 3537 sequeretur
1501 3481 1695 3520 corona
1717 3465 2049 3535 gaudiorum.

470 3554 540 3608 Et
577 3555 766 3609 inimici
789 3557 946 3610 nostri
975 3555 1402 3610 subsannaverunt
1434 3573 1545 3610 nos.
1577 3555 1646 3610 Et
1687 3557 1772 3609 ubi
1802 3566 1925 3611 sunt
1956 3557 2046 3627 qui

468 3648 963 3704 subsannaverunt?
1007 3648 1107 3703 Diu
1139 3649 1338 3703 dictum
1379 3657 1501 3703 est:
1541 3648 1638 3718 Qui
1680 3659 1803 3702 sunt
1835 3650 1919 3704 isti
1961 3663 2050 3702 eo.

469 3742 639 3798 lentes
679 3753 948 3797 mortuum
975 3784 989 3812 ,
1018 3741 1301 3797 adorantes
1341 3740 1694 3796 cruciﬁxum?
1723 3741 1812 3796 diu
1851 3741 2047 3797 dictum

469 3843 570 3891 est.
601 3834 701 3890 Ubi
742 3844 824 3892 cst
857 3850 1018 3891 nasus
1047 3833 1529 3891 subsannantiurn?
1565 3833 1753 3888 Nonne
1785 3850 1922 3888 nunc
1961 3837 2046 3905 qui

467 3925 902 3996 reprehendunt,
927 3927 981 3982 in
1007 3941 1259 3982 cavernas
1288 3925 1521 3996 fugiunt,
1547 3939 1612 3979 ne
1642 3923 1955 3980 vidcantur?
1981 3923 2047 3978 Et

469 4018 658 4072 inimici
687 4019 843 4072 nostri
866 4017 1296 4072 subsannaveruut
1322 4034 1429 4071 nos.

538 4112 592 4168 8.
627 4111 775 4186 [vers.
807 4112 861 4180 8,
895 4110 974 4186 9.]
1004 4112 1110 4168 Sed
1129 4112 1322 4168 videtis
1340 4112 1465 4184 quid
1489 4113 1727 4183 sequitur
1759 4130 1768 4164 :
1797 4110 2044 4177 Domine,

465 4202 604 4258 Deus
628 4204 867 4258 virtutum
891 4247 907 4274 ,
943 4213 1172 4258 converte
1200 4221 1321 4269 nos,
1362 4213 1407 4257 et
1437 4204 1638 4258 ostende
1667 4205 1847 4276 faciem
1875 4215 2044 4270 tuam,

466 4305 512 4351 et
539 4297 664 4351 salvi
692 4297 894 4351 erimus.
931 4296 1138 4350 Vineam
1173 4314 1235 4352 ea:
1262 4295 1490 4368 Egypto
1511 4297 1840 4359 transtulisti;
1864 4298 2049 4368 ejecisti

469 4386 649 4442 Gentes
669 4429 682 4453 ,
714 4397 760 4442 et
793 4389 1035 4458 plantasti
1065 4404 1195 4443 eam.
1224 4388 1475 4444 Novimus
1494 4430 1508 4456 ,
1547 4387 1738 4443 factum
1780 4399 1879 4444 est.
1910 4389 2050 4456 Quot

465 4489 650 4550 gentes
696 4481 881 4550 ejecta:
923 4482 1077 4536 sunt!
1120 4481 1414 4536 Amorrhzni
1440 4523 1454 4548 ,
1495 4481 1730 4549 Cetba'i,
1777 4483 2004 4538 Jebusmi
2031 4525 2045 4550 ,

467 4570 730 4642 Gergescei
750 4614 764 4636 ,
793 4582 846 4627 et
869 4572 1011 4627 Evaei
1039 4590 1051 4626 :
1083 4572 1273 4642 quibus
1303 4572 1536 4643 expulsis
1565 4584 1617 4627 et
1657 4575 1807 4628 vietis
1830 4615 1843 4637 ,
1879 4575 2045 4628 intro-

467 4665 658 4720 ductus
695 4673 778 4719 est
811 4666 1036 4735 populus
1078 4681 1145 4720 ex
1184 4665 1412 4736 AZgypto
1455 4666 1709 4720 liberatus
1749 4666 1800 4720 in
1853 4675 2048 4720 terram

468 4756 856 4828 promissionis.
885 4755 1036 4812 Unde
1062 4757 1214 4812 vinea
1256 4759 1421 4827 ejecta
1447 4757 1554 4824 sit,
1593 4765 1646 4812 et
1692 4758 1779 4812 ubi
1816 4758 2046 4828 plantata

465 4850 572 4910 sit,
619 4847 936 4902 audivimus.
969 4847 1253 4903 Videamus
1290 4847 1415 4918 quid
1455 4847 1644 4903 deinde
1689 4846 1883 4904 factum
1928 4858 2044 4914 est;

471 4941 738 5011 quomodo
763 4941 1082 5007 crediderit,
1115 4948 1368 5011 quantum
1393 4942 1639 5006 creverit,
1665 4943 1788 5011 quid
1819 4957 2049 5012 occupa-

466 5034 620 5090 verit.
658 5031 864 5089 Vineam
881 5049 944 5088 ea:
970 5031 1201 5104 ﬁgypto
1229 5033 1555 5100 transtulisti;
1584 5033 1769 5102 ejecisti
1793 5043 1976 5104 gentes,
2002 5044 2048 5088 et

467 5127 707 5196 plantasti
720 5143 846 5182 eam.

538 5217 592 5274 9.
626 5216 775 5290 [υεη.
809 5216 1022 5292 10-12.]
1059 5217 1204 5272 Viam
1241 5217 1402 5291 fecisti
1439 5219 1494 5274 in
1540 5227 1803 5289 conspectu
1831 5221 1939 5290 ejus
1961 5261 1975 5283 ,
2002 5231 2049 5274 et

468 5312 710 5382 plantasti
729 5312 922 5366 radices
947 5313 1054 5382 ejus
1074 5353 1088 5377 ,
1117 5321 1163 5366 et
1180 5310 1403 5383 implevit
1433 5323 1636 5367 terram.
1659 5313 1920 5382 Numquid
1946 5315 2047 5368 im-

469 5402 638 5474 pleret
661 5414 884 5468 terram,
919 5404 1020 5458 nisi
1058 5403 1140 5457 via
1172 5403 1323 5457 ﬁeret
1349 5403 1398 5456 in
1430 5413 1716 5473 conspectu
1743 5403 1892 5474 ejus?
1917 5405 2046 5470 Quae

466 5495 547 5548 via
574 5492 710 5549 facta
738 5501 820 5548 est
845 5495 899 5548 in
922 5503 1208 5564 conspectu
1228 5494 1375 5563 ejus?
1400 5491 1510 5563 Ego
1536 5511 1675 5558 sum,
1704 5495 1902 5564 inquit,
1933 5497 2012 5550 via
2031 5537 2045 5564 ,

465 5586 646 5640 ueritas
674 5595 721 5638 et
747 5586 845 5639 vita
869 5581 1045 5652 (Joan.
1076 5601 1163 5638 xw
1185 5626 1200 5650 ,
1229 5582 1306 5656 6).
1332 5584 1519 5639 Merito
1563 5585 1791 5653 implevit
1826 5592 2044 5641 terrain.

465 5678 578 5734 Hoc
607 5677 804 5732 dictum
838 5686 921 5732 est
949 5675 1107 5731 modo
1143 5675 1210 5731 de
1239 5677 1390 5731 vinea
1431 5676 1558 5741 ista,
1588 5677 1728 5746 quod
1760 5678 2048 5746 perfectum

465 5779 550 5826 est
573 5785 737 5840 usque
763 5771 817 5824 in
842 5768 1002 5825 ﬁnem
1037 5788 1050 5824 :
1081 5777 1442 5824 verumtamen
1473 5768 1598 5839 quid
1624 5769 1810 5840 prius?
1841 5770 2048 5840 Uperuit

467 5872 658 5919 montes
681 5864 856 5916 umbra
893 5863 1031 5932 ejus,
1079 5872 1124 5916 et
1162 5863 1364 5916 arbusta
1389 5863 1495 5932 ejus
1525 5863 1697 5916 cedrus
1723 5861 1830 5917 Dei.
1859 5862 2046 5916 Exten-

1707 431 1762 488 S.
1796 431 2159 488 AUGUSTINI
2201 430 2502 488 EPISCOPI

3637 449 3783 506 £028

2183 544 2298 598 disti
2326 545 2555 615 palmites
2591 546 2702 616 ejus
2729 562 2884 615 usque
2909 550 2975 602 ad
3017 567 3184 617 mare,
3225 562 3274 606 et
3299 570 3460 624 usque
3485 558 3555 609 ad
3584 559 3780 628 ﬂumen

2183 635 2482 704 propagines
2518 635 2646 705 ejus.
2677 635 2788 692 Hoc
2830 637 3108 694 desiderat.
3134 641 3366 699 ofﬁcium
3412 651 3741 716 expositoris
3763 697 3777 718 ,

2182 738 2284 778 non
2312 725 2509 780 sufﬁcit
2537 726 2750 782 lectoris
2771 736 2825 784 et
2846 729 3136 788 laudatoris
3163 749 3177 788 :
3207 734 3462 804 adjuvate
3491 754 3581 795 me
3604 741 3780 798 inten-

2177 813 2386 880 dendo;
2409 816 2548 871 solet
2571 818 2712 871 enim
2744 818 2914 874 vinea:
2939 818 3099 891 hujus
3124 829 3571 885 commemoratio
3599 834 3655 886 in
3678 832 3778 887 hoc

2179 905 2384 973 psalmo
2404 907 2681 978 caliginem
2712 907 2890 966 facere
2916 911 3092 968 minus
3131 914 3367 972 intentis.
3399 919 3615 978 Etenim
3661 942 3773 979 ma-

2176 997 2398 1064 gnitudo
2439 1000 2607 1055 vineae
2648 1000 2806 1071 hujus
2843 1003 2954 1072 jam
2985 1020 3014 1058 a
3057 1007 3210 1063 nobis
3251 1011 3514 1080 explicata
3553 1029 3678 1081 em;
3724 1031 3777 1076 et

2177 1087 2314 1143 unde
2345 1089 2478 1145 facta
2505 1099 2586 1146 est
2615 1092 2631 1123 ¹
2655 1131 2673 1157 ,
2701 1103 2754 1146 ει
2783 1094 2922 1149 unde
2949 1094 3088 1152 facta
3116 1098 3186 1153 sit
3206 1116 3422 1172 magna,
3450 1108 3772 1175 pmdictum

2173 1185 2274 1231 est.
2319 1177 2459 1234 Viam
2484 1182 2648 1252 fecisti
2672 1183 2723 1236 in
2751 1196 3018 1255 conspectu
3043 1191 3152 1258 ejus
3174 1231 3190 1257 ,
3226 1201 3273 1245 et
3295 1193 3538 1263 plantasti
3564 1201 3774 1258 radices

2173 1271 2283 1338 ejus
2302 1313 2316 1336 ,
2342 1282 2387 1326 et
2413 1272 2638 1343 implevit
2660 1286 2845 1330 terram
2871 1295 2889 1331 :
2912 1278 3014 1334 hoc
3037 1281 3106 1337 de
3129 1283 3454 1354 perfectione
3481 1289 3660 1359 ipsius
3690 1297 3769 1347 di-

2170 1370 2314 1416 ctum
2354 1375 2455 1419 est.
2495 1364 2600 1422 Sed
2642 1376 2814 1424 tamen
2855 1372 3022 1439 prima
3052 1389 3182 1443 gens
3205 1375 3387 1432 Judzea
3417 1381 3517 1436 fuit
3550 1383 3660 1439 ista
3692 1388 3755 1442 vi-

2172 1469 2290 1510 nea.
2321 1454 2463 1512 Gens
2484 1468 2660 1513 autem
2691 1459 2872 1516 Judma
2902 1479 3071 1534 usque
3095 1466 3162 1521 ad
3187 1483 3363 1535 mare,
3394 1481 3451 1526 et
3490 1488 3669 1544 usque
3703 1482 3760 1534 ad

2170 1543 2368 1602 ﬂumen
2403 1550 2658 1619 regnavit.
2689 1551 2870 1623 Usque
2901 1555 2967 1609 ad
3014 1572 3157 1613 mare
3191 1577 3202 1613 :
3245 1573 3466 1631 apparet
3510 1543 3589 1620 in,
3619 1567 3758 1626 Scri-

2170 1643 2321 1704 ptura
2345 1640 2485 1708 quod
2517 1655 2660 1694 mare
2683 1641 2754 1697 ibi
2780 1645 3007 1700 vicinum
3035 1648 3104 1702 sit
3146 1647 3326 1720 (Num.
3351 1668 3554 1721 xxnv,
3585 1658 3665 1729 5).
3697 1660 3757 1715 Et

2171 1741 2336 1796 usque
2363 1729 2428 1782 ad
2476 1729 2670 1785 ﬂumen
2715 1732 3023 1790 Jordanem.
3069 1737 3239 1794 Trans
3280 1739 3570 1801 Iordanem
3618 1751 3752 1804 enim

2167 1814 2366 1886 aliquid
2405 1818 2708 1876 Judreorum
2741 1825 3054 1882 collocatum
3094 1838 3213 1894 est;
3252 1831 3388 1888 intra
3417 1837 3438 1866 ¹
3471 1835 3754 1898 Jordanem

2165 1916 2341 1962 autem
2371 1917 2477 1964 tota
2505 1927 2654 1982 gens.
2693 1915 2832 1984 Ergo
2853 1934 3007 1989 usque
3029 1921 3098 1973 ad
3125 1938 3263 1977 mare
3282 1963 3296 1988 ,
3323 1935 3372 1980 et
3389 1933 3633 1999 usquead
3655 1935 3752 2003 ﬂu-

2167 2014 2278 2052 men
2307 2015 2527 2070 regnum
2547 2002 2874 2073 Judmorum,
2910 2024 3126 2080 regnum
3159 2013 3319 2069 lsrael
3347 2034 3361 2068 :
3386 2031 3494 2072 non
3517 2002 3692 2078 autem
3719 2044 3747 2078 a

2165 2093 2296 2146 mari
2324 2110 2478 2164 usque
2503 2096 2571 2148 ad
2595 2115 2753 2164 mare,
2785 2110 2830 2153 et
2855 2117 2886 2153 a
2906 2102 3114 2170 ﬂumine
3139 2121 3296 2176 usque
3325 2109 3396 2161 ad
3414 2113 3653 2169 terminos
3672 2133 3744 2170 or-

2164 2182 2238 2275 bis
2261 2194 2409 2275 terra
2429 2227 2442 2251 ,
2475 2187 2562 2242 illa
2579 2189 2688 2258 jam
2708 2189 2966 2265 perfectio
2986 2195 3152 2250 vinea:
3174 2206 3258 2252 est
3283 2199 3352 2253 de
3373 2214 3478 2269 qua
3509 2202 3597 2258 hic
3616 2222 3731 2275 pne-

2163 2272 2328 2341 dixit,
2368 2275 2513 2331 Viam
2549 2280 2712 2350 fecisti
2738 2282 2790 2335 in
2818 2294 3082 2354 conspectu
3113 2287 3242 2358 ejus,
3274 2298 3319 2342 et
3346 2272 3726 2360 plantastiradi-

2162 2380 2242 2418 ces
2265 2369 2373 2437 ejus
2393 2408 2407 2433 ,
2430 2378 2476 2421 et
2506 2368 2727 2440 implevit
2755 2381 2959 2428 terram.
2983 2375 3115 2431 Cum
3145 2379 3237 2433 tibi
3259 2394 3390 2451 ergo
3419 2385 3737 2453 pradixisset

2163 2458 2564 2526 perfectionem,
2597 2462 2751 2518 rediit
2780 2465 2846 2519 ad
2875 2465 3096 2530 initium,
3121 2468 3189 2523 de
3213 2485 3318 2540 quo
3341 2474 3497 2530 initio
3515 2479 3585 2531 sit
3613 2479 3734 2534 facta

2161 2544 2437 2614 perfectio.
2467 2549 2677 2606 Initium
2699 2553 2779 2608 vis
2811 2555 3033 2611 audire?
3065 2556 3233 2628 Usque
3256 2561 3326 2614 ad
3354 2580 3496 2620 mare
3523 2579 3569 2620 et
3599 2585 3740 2638 usque

2160 2638 2228 2690 ad
2272 2640 2480 2709 flumen.
2532 2643 2715 2700 Finem
2763 2647 2842 2702 vis
2883 2649 3104 2705 audire?
3143 2650 3507 2710 Dominabitur
3546 2677 3579 2712 α
3621 2665 3740 2716 mari

2162 2746 2320 2802 usque
2347 2733 2413 2785 ad
2440 2750 2579 2789 mare
2602 2777 2616 2802 ,
2659 2748 2707 2791 et
2736 2754 2768 2791 a
2803 2740 3014 2809 ﬂumine
3051 2758 3205 2813 usque
3234 2745 3305 2798 ad
3331 2750 3570 2805 terminos
3619 2754 3741 2808 orbis

2162 2828 2306 2875 terra:
2331 2822 2501 2894 (Psal.
2534 2841 2650 2890 ut,
2684 2827 2738 2899 8)
2774 2845 2787 2882 :
2817 2829 2919 2885 hoc
2944 2839 3042 2895 est,
3074 2833 3297 2903 implevit
3319 2847 3525 2894 terram.
3554 2841 3742 2900 Videa-

2158 2926 2277 2966 mus
2299 2927 2427 2984 ergo
2451 2918 2813 2973 testimonium
2839 2920 3052 2991 Asaph;
3084 2924 3210 2993 quid
3231 2924 3428 2983 factum
3452 2941 3536 2986 est
3561 2935 3742 3002 prima:

2157 3003 2325 3058 vineae
2349 3043 2362 3068 ,
2393 3006 2516 3076 quid
2546 3018 2628 3063 est
2667 3012 3079 3079 exspectandum
3108 3017 3358 3072 secundae
3386 3019 3555 3075 vinea:
3577 3063 3594 3088 ,
3640 3025 3741 3079 imo

2157 3095 2332 3148 eidem
2378 3098 2587 3152 vineae:
2622 3101 2733 3170 ipsa
2772 3111 2855 3156 est
2895 3104 3065 3169 enim;
3099 3121 3203 3160 non
3242 3110 3388 3164 enim
3432 3111 3596 3168 altera
3641 3125 3740 3169 est.

2156 3185 2284 3243 lude
2311 3188 2552 3245 Christus
2595 3193 2739 3248 salus
2767 3209 2832 3249 ex
2871 3195 3069 3251 Judaeis
3113 3195 3288 3268 (Joan.
3321 3217 3406 3268 iv,
3437 3202 3532 3275 22)
3555 3245 3572 3270 ,
3627 3206 3739 3261 inde

2155 3281 2394 3349 Apostoli
2418 3321 2432 3344 ,
2472 3282 2593 3338 inde
2623 3286 2777 3352 primi
2797 3297 3109 3351 credentes,
3139 3299 3196 3344 et
3219 3291 3375 3359 pretia
3405 3307 3595 3348 rerum
3626 3310 3732 3350 sua-

2155 3385 2273 3425 rum
2303 3379 2426 3426 ante
2452 3372 2612 3440 pedes
2640 3376 3013 3444 Apostolorum
3039 3389 3296 3446 ponentes
3318 3382 3452 3453 (Act.
3481 3398 3557 3450 ιι,
3579 3387 3669 3453 45,
3694 3399 3733 3442 et

2155 3481 2238 3532 tv,
2268 3467 2357 3540 55)
2382 3484 2395 3534 ;
2429 3468 2553 3525 inde
2578 3473 2754 3526 omnia
2782 3471 2919 3528 hinc.
2949 3473 3017 3527 Et
3039 3475 3081 3528 si
3105 3475 3268 3546 aliqui
3295 3491 3365 3531 ex
3412 3480 3567 3535 ramis
3586 3485 3733 3552 fracti

2153 3569 2301 3624 sunt,
2341 3571 2546 3631 prapter
2577 3562 2978 3618 incredulitatem
3003 3567 3152 3636 fracti
3171 3577 3285 3621 sunt
3305 3582 3326 3621 :
3348 3578 3404 3622 tu
3422 3581 3611 3637 autem,
3639 3588 3732 3642 po-

2155 3651 2307 3720 pulus
2337 3653 2584 3708 Gentium
2607 3697 2620 3722 ,
2654 3656 2755 3724 ﬁde
2777 3667 2854 3710 sta
2877 3675 2890 3721 ;
2922 3660 3028 3712 noli
3054 3659 3214 3712 altum
3237 3675 3421 3730 sapere
3441 3703 3456 3726 ,
3495 3665 3581 3716 sed
3598 3667 3728 3721 time.

2157 3741 2292 3796 Nam
2317 3745 2361 3798 si
2384 3743 2524 3799 Deus
2553 3747 2865 3801 naturalibus
2893 3751 3049 3803 ramis
3075 3766 3176 3804 non
3196 3753 3439 3821 pepercit,
3472 3771 3628 3826 neque
3647 3757 3731 3809 tibi

2152 3844 2340 3902 parcet.
2376 3835 2438 3890 Si
2468 3847 2635 3890 autem
2663 3837 2822 3891 altum
2849 3841 3016 3909 sapis,
3063 3857 3163 3895 non
3206 3853 3260 3895 tu
3287 3847 3508 3899 radicem
3536 3857 3726 3915 portas,

2153 3925 2240 3976 sed
2267 3926 2417 3979 radix
2445 3935 2492 3981 te
2521 3927 2692 3998 (Itoni.
2727 3943 2779 3982 χι
2799 3969 2814 3993 ,
2844 3928 3052 4001 18-21).
3079 3932 3216 3996 Quid
3242 3947 3371 4004 ergo
3389 3975 3406 4000 ,
3437 3937 3588 3991 vinea
3614 3950 3727 3994 ante

2151 4018 2302 4086 cujus
2330 4030 2673 4087 conSpectuni
2705 4020 2840 4075 facta
2867 4033 2948 4076 est
2981 4024 3063 4076 via
3087 4067 3103 4092 ,
3144 4036 3200 4078 ut
3228 4025 3475 4094 impleret
3505 4039 3689 4084 terram
3709 4072 3721 4093 ,

2153 4125 2323 4178 [)l‘llllO
2346 4112 2434 4165 ubi
2464 4111 2563 4165 fuit
2590 4111 2648 4164 3‘!
2681 4112 2890 4183 Operuit
2919 4126 3109 4169 montes
3130 4118 3309 4170 umbra
3331 4120 3460 4186 ejus.
3491 4121 3591 4187 Qui
3610 4132 3722 4177 sunt

2154 4204 2395 4256 montes?
2436 4203 2732 4277 PrOphetx.
2763 4205 2940 4273 Quare
2966 4209 3175 4276 operuit
3215 4209 3334 4263 illos
3361 4214 3553 4268 umbra
3581 4215 3724 4284 ejus?

2152 4294 2284 4359 Quia
2306 4295 2529 4348 obscure
2556 4295 2715 4349 locuti
2742 4307 2866 4351 sunt
2892 4314 3011 4368 qua:
3047 4302 3216 4354 t'utura
3253 4306 3562 4360 atinuntiata
3586 4319 3716 4360 sunt.

2152 4387 2318 4439 Audis
2337 4403 2365 4438 a
2389 4386 2687 4455 Prophetis,
2715 4389 2950 4444 Observa
2978 4391 3267 4461 sabbatum,
3293 4392 3499 4450 Octavo
3527 4398 3608 4451 die
3624 4399 3722 4451 cir-

2151 4479 2390 4534 cumcide
2435 4478 2720 4548 infantem,
2757 4481 2900 4536 Oﬂ'er
2941 4485 3256 4540 sacriﬁcium
3297 4488 3516 4555 arietis,
3547 4491 3718 4557 vituli,

2152 4570 2285 4624 hirci
2318 4587 2332 4624 :
2356 4569 2467 4624 noli
2494 4572 2717 4638 moveri;
2738 4572 2924 4627 innbra
2942 4573 3058 4644 ejus
3082 4584 3165 4630 est
3187 4577 3503 4646 cooperiens
3532 4591 3722 4636 montes

2152 4661 2268 4729 Dei,
2291 4664 2470 4716 veniet
2501 4671 2622 4732 post.
2646 4664 2888 4719 umbram
2916 4665 3293 4722 manifestatio.
3317 4667 3386 4722 Et
3405 4671 3610 4725 arbusta
3627 4674 3724 4742 ejus

2151 4755 2324 4809 cedros
2352 4753 2448 4809 Dei
2473 4770 2493 4808 :
2520 4755 2571 4809 id
2595 4764 2678 4810 est
2696 4795 2712 4822 ,
2738 4757 3013 4826 cooperuit
3036 4757 3225 4814 cedrus
3252 4760 3381 4828 Dei,
3409 4763 3683 4817 altissimas
3703 4803 3717 4827 ,

2151 4848 2245 4903 sed
2285 4847 2306 4879 ‘
2351 4845 2467 4903 Dei.
2517 4847 2651 4903 Sunt
2697 4850 2837 4903 enim
2883 4849 3026 4904 cedri
3071 4849 3433 4921 signiﬁcantes
3480 4856 3726 4923 superbos

2152 4941 2489 4996 evertendos.
2520 4939 2722 4996 Cedros
2742 4940 2960 5008 Libani,
3003 4941 3525 5000 altitudinesmundi
3557 4947 3577 4976 ⁵
3603 4962 3727 5017 ope-

2152 5032 2259 5086 ruit
2281 5031 2572 5087 cresccndo
2602 5032 2757 5086 vinea
2785 5032 2903 5098 ista,
2931 5043 2986 5086 et
3014 5043 3220 5089 montes
3250 5035 3363 5102 Dei,
3395 5052 3586 5094 omnes
3611 5053 3727 5095 san-

2151 5130 2266 5178 ctos
2295 5123 2614 5193 Prophetas,
2646 5122 3000 5178 Patriarchas.

2217 5320 2235 5411 ζ
2269 5319 2845 5444 hEarini.agtur.nde
2862 5320 2990 5383 facta
3006 5326 3093 5380 est,
3117 5322 3291 5372 absunt
3307 5335 3335 5372 a
3354 5326 3598 5376 nonnullis
3617 5334 3719 5376 llas.

2218 5445 2236 5475 ³
2362 5413 2762 5512 Ἧι
2799 5443 2928 5512 ridi:
2956 5443 3078 5504 Quid
3123 5457 3237 5509 ergo
3273 5446 3412 5512 uinea
3449 5455 3559 5499 ante
3598 5449 3729 5512 cujus

2153 5512 2450 5567 cmtspectum
2476 5507 2600 5568 facta
2623 5512 2690 5556 est
2714 5506 2789 5556 via
2809 5507 2833 5554 εν
2857 5515 3002 5556 ("actu
3025 5515 3095 5557 est
3111 5506 3388 5571 utunpteret
3403 5518 3602 5562 terram.
3629 5506 3728 5562 iri-

2151 5581 2246 5659 m?
2269 5577 2530 5677 gitomnes
2553 5641 2700 5691 prope
2724 5636 2829 5678 Mss.
2864 5636 2918 5678 Al.
2941 5630 3073 5690 Edd.,
3097 5632 3234 5682 sedes
3256 5635 3358 5684 Dei.

2215 5692 2235 5723 ⁵
2269 5698 2319 5738 ιιι
2344 5693 2633 5761 nemig._ais_.
2658 5693 2897 5752 repetitur
2912 5692 3007 5761 hoc
3027 5695 3148 5761 loco,
3166 5698 3336 5746 cedi-os
3359 5697 3486 5747 Dei:
3509 5695 3635 5761 quod
3653 5699 3723 5746 ab

2155 5763 2232 5823 est
2253 5766 2281 5801 a
2303 5755 2497 5823 caeteris
2517 5753 2670 5823 libris.
2695 5764 2765 5823 an
2785 5759 3210 5823 tortelegendum;
3231 5766 3375 5823 cedri
3391 5753 3553 5814 Liberis
3575 5766 3724 5816 attitu-

2153 5819 2288 5871 dines
2307 5820 2508 5891 rutundi;
2532 5816 2752 5891 subaudi,
2778 5816 3086 5885 significdnt:
3117 5829 3169 5869 ut
3193 5821 3306 5876 inde
3340 5838 3611 5891 sequatur:
3649 5840 3724 5880 (e-

2156 5892 2269 5938 uros
2297 5887 2381 5932 Dei
2402 5887 2587 5945 operuit
2611 5892 2886 5942 crescendo,
2907 5893 2998 5936 etc.
