3966 6336
296 335 433 394 ⁸025

367 455 452 510 10.
478 451 607 525 [vers
648 447 762 522 15.]
777 447 884 505 Sed
911 457 1185 516 quousque
1206 441 1470 496 eatendisti
1491 439 1722 511 palmites
1738 435 1887 508 ejus?

300 545 468 616 Usque
504 543 572 598 ad
609 557 783 605 mare,
824 548 871 593 et
911 552 1064 600 usque
1101 534 1168 588 ad
1201 534 1392 604 ﬂumen
1427 530 1729 602 propagines
1759 529 1888 598 ejus.

295 635 422 692 Inde
449 633 614 706 quid?
642 631 836 702 Ulquid
862 626 1162 684 destruxiin
1191 625 1462 678 maceriam
1490 623 1640 694 ejus?
1671 619 1787 678 1am
1815 619 1890 675 vi-

297 727 435 784 detis
465 738 705 783 eversam
735 721 876 777 illam
903 727 1116 790 gentem
1159 715 1498 780 Judaeorum;
1527 716 1636 784 jam
1678 728 1743 767 ex
1785 711 1890 766 alio

298 821 504 892 psalmo
553 815 772 872 audistis
795 856 810 880 ,
862 811 928 865 In
981 807 1190 864 dolabra
1233 818 1278 862 et
1322 806 1563 877 [ractorio
1603 804 1889 874 dejecerunt

297 928 408 966 eam
437 908 607 982 (Psal.
632 920 820 972 LXXIII,
851 902 930 973 6).
953 899 1176 969 Quando
1198 898 1369 966 ﬁeret,
1399 897 1498 952 nisi
1518 896 1635 967 ejus
1661 898 1889 950 maceria

297 997 859 1063 destrueretur?ch
906 1002 989 1049 est
1032 991 1259 1046 maceria
1299 989 1454 1060 ejus?
1491 987 1710 1043 Munitio
1748 987 1886 1056 ejus.

307 1092 517 1149 Exstitit
555 1089 696 1144 enim
739 1085 967 1156 superba
1011 1083 1269 1137 adversus
1313 1080 1668 1150 plantatorem
1710 1092 1884 1133 suum.

297 1183 493 1240 Servos
522 1179 587 1234 ad
614 1193 672 1234 se
690 1177 884 1232 missos
905 1184 959 1240 et
984 1182 1228 1246 petentes
1259 1171 1557 1228 mercedem
1587 1169 1765 1226 coloni
1793 1168 1890 1223 ﬁa-

299 1274 660 1346 gcllaverunt,
691 1267 1036 1330 ceciderunt,
1069 1262 1400 1320 occiderunt.
1430 1261 1586 1317 Venit
1622 1271 1678 1317 et
1703 1261 1890 1316 unicus

299 1363 494 1429 Filius;
521 1361 801 1427 dixerunt,
833 1357 934 1412 Hic
959 1366 1031 1412 est
1056 1355 1236 1422 horres,
1263 1355 1422 1408 venite
1447 1353 1734 1408 occidamus
1751 1368 1887 1416 eum,

298 1465 345 1508 et
391 1461 562 1508 nostra
604 1451 696 1505 erit
725 1448 995 1505 htereditas
1035 1465 1053 1502 :
1090 1445 1379 1501 occiderunt
1422 1453 1470 1499 et
1507 1454 1650 1499 extra
1693 1445 1888 1498 vineam

299 1546 616 1617 projecerunt
638 1541 848 1614 (Matth.
873 1557 962 1596 xm
979 1581 994 1606 ,
1017 1536 1228 1608 54-59).
1251 1536 1547 1607 Projectus,
1575 1535 1741 1605 magis
1769 1549 1889 1604 pos-

299 1636 438 1692 sedit
480 1633 621 1690 unde
667 1633 934 1705 projectus
963 1638 1065 1685 est.
1097 1629 1186 1685 Sic
1233 1629 1374 1683 enim
1422 1627 1470 1682 ei
1518 1627 1751 1681 minatur
1795 1640 1889 1696 per

300 1726 485 1782 Isaiam
521 1743 536 1780 :
567 1723 832 1778 Destruam
859 1721 1130 1775 maceriam
1170 1719 1301 1790 ejus.
1329 1716 1548 1786 Quare?
1589 1715 1890 1787 Exspectavi

296 1820 432 1873 enim
459 1825 511 1870 ut
539 1819 725 1889 faceret
749 1830 935 1879 uvam,-
965 1813 1081 1883 [ecit
1125 1820 1292 1865 autem
1328 1809 1502 1880 spinas
1533 1823 1552 1862 :
1581 1807 1886 1876 exspectavi

300 1909 422 1964 inde
443 1907 693 1972 fructum,
720 1914 776 1960 et
803 1905 978 1960 inveni
1011 1909 1304 1974 peccatum.
1335 1899 1472 1966 Quid
1500 1913 1628 1969 ergo
1650 1899 1846 1970 quaeris
1868 1941 1884 1966 ,

298 2020 331 2055 υ
370 2000 545 2071 Asaph
563 2040 578 2066 ,
615 1997 807 2070 thuid
835 1995 1125 2051 destruxisti
1166 1991 1438 2047 maceriam
1467 1991 1610 2061 ejus?
1641 1989 1720 2045 Tu
1743 1990 1887 2045 enim

301 2097 474 2151 nescis
511 2093 714 2166 quare?
741 2090 1046 2163 Exspectavi
1082 2098 1136 2142 ut
1181 2090 1367 2158 faceret
1383 2083 1669 2156 judicium,
1700 2093 1745 2138 et
1771 2083 1888 2153 fecit

300 2189 612 2258 iniquitatem
637 2184 788 2254 (Isai.
813 2199 866 2247 v,
895 2183 948 2249 5,
972 2181 1028 2248 2,
1051 2180 1110 2248 7)
1132 2198 1145 2234 :
1168 2193 1275 2234 non
1300 2186 1415 2233 erat
1432 2174 1750 2232 destruenda
1777 2189 1889 2229 ma-

297 2283 438 2336 ceria
468 2279 620 2349 ejus?
648 2277 718 2332 Et
743 2283 1002 2331 venerunt
1027 2271 1229 2328 Gentes
1249 2313 1264 2338 ,
1306 2270 1578 2325 destructa
1615 2267 1844 2324 maceria
1870 2309 1883 2333 ,

300 2375 477 2427 invasa
503 2379 585 2427 est
611 2369 786 2434 vinea,
814 2382 876 2422 ac
901 2366 1134 2421 deletum
1167 2377 1386 2435 regnum
1414 2361 1741 2417 Judmorum.
1772 2357 1884 2415 Hoc

301 2464 470 2533 primo
494 2460 694 2532 plangit
713 2500 726 2523 ,
753 2458 848 2514 sed
874 2472 977 2512 non
1013 2458 1128 2511 sine
1158 2470 1272 2525 spe.
1306 2455 1381 2509 De
1415 2452 1712 2507 directione
1743 2452 1885 2507 enim

297 2553 475 2607 eordis
499 2552 606 2622 jam
637 2549 900 2618 loquitur,
937 2546 988 2600 id
1018 2554 1130 2608 est,
1175 2559 1271 2614 pro
1311 2543 1580 2614 Assyriis,
1623 2557 1720 2612 Pro
1761 2541 1889 2597 diri-

298 2643 543 2714 gentibus
596 2639 840 2695 Psalmus
885 2644 987 2692 est.
1040 2633 1228 2705 Ulquid
1277 2632 1568 2687 destruxisti
1617 2633 1886 2686 maceriam

297 2736 438 2804 ejus;
463 2741 509 2784 et
535 2729 840 2784 vindemiant
867 2742 980 2780 eam
1005 2740 1176 2778 omnes
1207 2731 1522 2777 transeuntes
1543 2723 1672 2776 viam
1692 2724 1718 2776 ?
1749 2723 1885 2792 Quid

298 2834 402 2889 est,
430 2825 560 2876 vium
590 2817 942 2874 transeuntes?
967 2813 1356 2884 Temporaliter
1383 2810 1740 2867 dominantes.

373 2915 461 2970 il.
493 2912 646 2986 [rem
668 2907 780 2981 14.]
806 2906 1094 2962 Devastavit
1113 2921 1224 2959 eam
1257 2919 1380 2973 aper
1405 2902 1468 2956 de
1498 2903 1641 2957 silva.
1685 2905 1885 2972 Apro.“

299 3006 368 3062 de
391 3006 520 3060 silva
543 3001 670 3073 quid
691 2995 1272 3070 intelligimusUudzeis
1295 3007 1487 3064 porcus
1501 2991 1758 3048 adversus
1781 3001 1882 3058 est,

298 3097 431 3152 etin
461 3109 626 3167 porco
669 3099 870 3164 ponunt
894 3101 1144 3160 tanquam
1185 3083 1576 3142 immunditiam
1613 3084 1884 3142 Gentium.

298 3190 342 3241 Α
385 3185 644 3242 Gentibus
681 3190 858 3238 autem
893 3195 1077 3236 eversa
1116 3185 1199 3234 est
1240 3192 1371 3248 gens
1395 3175 1577 3233 iudica
1614 3174 1749 3231 :sed
1794 3191 1886 3230 rex

299 3276 387 3331 ille
424 3277 512 3347 qui
541 3274 764 3341 evertit,
794 3287 898 3328 non
940 3281 1143 3327 tantum
1185 3285 1377 3340 porcus
1413 3268 1751 3336 immundus,
1789 3267 1885 3323 sed

297 3371 460 3425 etiam
488 3383 624 3438 aper
647 3368 762 3421 fuit.
792 3365 924 3434 Quid
948 3365 1089 3420 enim
1125 3378 1254 3432 aper
1273 3403 1288 3429 ,
1316 3362 1416 3417 nisi
1447 3375 1640 3432 porcus
1673 3373 1845 3416 saevus
1866 3402 1882 3428 ,

302 3475 494 3532 porcus
517 3457 812 3528 superbus?
839 3457 972 3524 Aper
997 3455 1059 3509 de
1077 3456 1203 3510 silva
1235 3453 1444 3508 vastavit
1467 3470 1597 3508 eam.
1626 3451 1705 3508 De
1722 3453 1850 3508 silva
1866 3469 1886 3507 :

299 3555 366 3612 de
394 3553 671 3610 Gentibus.
710 3549 918 3605 Etenim
960 3547 1047 3602 illa
1089 3546 1240 3600 vinea
1277 3554 1424 3608 erat;
1465 3544 1665 3601 Gentes
1707 3553 1884 3600 autem

300 3647 444 3701 silvae
471 3652 640 3700 erant.
671 3641 775 3697 Sed
802 3638 1014 3712 quando
1041 3636 1380 3693 crediderunt
1407 3634 1625 3701 Gentes,
1652 3634 1779 3705 quid
1805 3635 1885 3690 di-

300 3741 442 3786 ctum
473 3728 593 3784 est?
625 3745 644 3778 c
679 3726 830 3781 Tunc
874 3722 1212 3779 exsultabunt
1251 3721 1430 3775 omnia
1455 3721 1596 3791 ligna
1633 3721 1883 3775 silvarum

302 3820 472 3891 (Pist.
491 3834 612 3885 xcv,
639 3815 748 3889 l2).
787 3814 1225 3870 Devastaviteam
1261 3825 1391 3882 aper
1423 3810 1492 3875 de
1511 3811 1741 3879 silva,et
1764 3811 1878 3866 sin-

300 3911 496 3983 gularis
539 3909 682 3964 ferus
707 3907 958 3976 depastus
987 3911 1071 3959 est
1105 3919 1243 3957 eam.
1285 3919 1302 3954 ι
1335 3901 1473 3969 Quid
1501 3911 1602 3968 est,
1642 3920 1660 3954 ι
1699 3902 1884 3972 singu-

303 4005 427 4060 laris
451 4001 632 4058 ferus?
667 4019 686 4052 ι
721 4000 836 4068 Ipse
862 4011 992 4067 aper
1020 3996 1108 4066 qui
1141 3993 1434 4050 devastavit
1461 4008 1580 4049 eam
1600 4036 1614 4058 ,
1648 3993 1884 4063 singula-

304 4096 376 4151 ris
415 4093 575 4148 ferus.
602 4089 895 4160 Singularis
915 4129 930 4154 ,
967 4087 1088 4158 quia
1119 4085 1401 4154 superbus.
1432 4082 1546 4139 Hoc
1588 4084 1730 4138 enim
1758 4083 1887 4139 dicit

301 4183 476 4240 omnis
501 4181 762 4251 superbus
791 4197 804 4235 :
833 4178 945 4248 Ego
972 4192 1110 4241 sum;
1134 4190 1234 4244 ego
1253 4189 1394 4242 sum,
1425 4182 1479 4229 et
1501 4189 1678 4230 nemo.

374 4275 460 4332 i2.
485 4273 636 4348 [vers.
666 4273 752 4338 I5,
779 4269 889 4342 16.]
915 4268 1020 4325 Sed
1045 4285 1150 4340 quo
1171 4267 1344 4320 fructu
1377 4266 1529 4321 haec?
1557 4284 1576 4317 ι
1613 4265 1751 4321 Deus
1776 4267 1881 4320 vir-

305 4380 473 4425 tutum
501 4374 812 4423 convertere
841 4376 986 4418 vero.
1041 4379 1060 4412 ι
1107 4358 1358 4426 Quamvis
1402 4359 1518 4412 ιιωο
1564 4356 1697 4412 facta
1736 4359 1881 4425 sint,

311 4478 329 4513 ι
363 4465 673 4513 convertere
697 4469 847 4510 vero.
877 4451 1100 4520 Respice
1127 4449 1194 4505 de
1221 4447 1378 4514 caelo,
1401 4456 1456 4502 et
1481 4446 1618 4511 vide,
1645 4457 1700 4502 et
1730 4449 1883 4503 visita

303 4553 512 4607 vineam
537 4548 712 4603 istam.
742 4545 808 4600 Et
836 4544 1029 4615 perﬁce
1057 4558 1174 4596 eam
1203 4555 1359 4612 quam
1386 4541 1644 4610 plantavit
1668 4540 1883 4597 dextera

305 4659 414 4700 tua.
446 4661 466 4694 ι
499 4639 614 4696 Non
640 4638 796 4692 aliam
841 4636 1091 4700 institue,
1135 4633 1227 4689 sed
1270 4635 1406 4688 hanc
1451 4633 1663 4703 perﬁce.
1708 4633 1884 4704 Ipsum

302 4744 385 4792 est
407 4734 547 4789 enim
570 4745 750 4787 semen
776 4726 1064 4788 Abraham,
1083 4726 1256 4796 ipsum
1277 4733 1358 4780 est
1380 4739 1562 4778 semen
1590 4725 1641 4778 in
1663 4740 1768 4795 quo
1789 4725 1882 4781 be-

305 4827 619 4883 nedicuntur
658 4835 846 4876 omnes
873 4818 1078 4874 Gentes
1119 4814 1271 4886 (Gen.
1319 4830 1460 4881 χιιι,
1507 4813 1599 4884 l8)
1644 4831 1656 4866 :
1691 4815 1762 4869 ibi
1802 4823 1886 4871 est

303 4917 483 4983 radix,
512 4917 600 4972 ubi
646 4921 885 4986 portatur
922 4911 1154 4966 oleaster
1189 4909 1439 4962 insertus.
1469 4904 1667 4976 Perﬁce
1689 4907 1884 4961 vineam

301 5013 448 5067 istam
475 5024 623 5078 quam
663 5003 908 5077 plantavit
937 5002 1143 5056 dextera
1169 5008 1276 5053 tua.
1305 4997 1410 5054 Sed
1437 4997 1524 5053 ubi
1553 4997 1796 5067 perﬁcit?
1819 4998 1885 5053 Et

300 5119 454 5173 super
483 5101 646 5170 ﬁlium
675 5097 890 5150 hominis
924 5109 1070 5162 quem
1095 5091 1406 5157 conﬁrmasti
1447 5089 1554 5143 tibi.
1596 5088 1734 5156 Quid
1776 5091 1886 5144 evi-

300 5190 551 5251 dentius?
591 5189 715 5260 quid
745 5187 916 5242 adhuc
943 5181 1270 5254 exspectatis
1295 5189 1354 5236 ut
1389 5180 1539 5236 vobis
1567 5179 1884 5251 disputando

302 5296 665 5356 exponamus,
707 5288 760 5333 et
795 5293 902 5332 non
932 5277 1108 5347 potius
1136 5273 1408 5328 vobiscum
1438 5270 1749 5326 admirando
1775 5271 1886 5326 cla-

303 5390 510 5432 memus
542 5391 556 5426 :
590 5371 789 5439 Perﬁce
815 5369 1010 5423 vineam
1048 5367 1196 5421 istam
1223 5381 1373 5436 quam
1411 5363 1654 5433 plantavit
1681 5363 1885 5418 dextera

302 5480 410 5534 tua,
440 5474 486 5520 et
507 5478 660 5533 super
684 5461 850 5530 ﬁlium
874 5458 1090 5512 hominis
1115 5471 1232 5512 eam
1260 5453 1494 5526 perﬁce?
1519 5453 1687 5520 Quem
1720 5451 1882 5507 lilium

304 5556 571 5614 hominis?
603 5555 763 5622 Quem
793 5551 1102 5621 conﬁrmasti
1147 5548 1252 5602 tibi.
1305 5546 1548 5618 Magnum
1577 5547 1883 5600 ﬁrmamen-

301 5652 432 5706 tum!
460 5647 660 5703 mdiﬁca
686 5653 940 5716 quantum
963 5654 1132 5713 potes.
1153 5640 1563 5696 Fundamentum
1587 5637 1716 5692 enim
1741 5635 1884 5689 aliud

304 5758 448 5796 nemo
472 5745 627 5808 potest
653 5752 852 5806 ponere,
872 5744 1054 5805 preter
1071 5749 1220 5800 quam
1242 5733 1376 5797 quo.’
1401 5731 1610 5790 posi'um
1634 5736 1726 5791 est,
1749 5728 1886 5788 quod

301 5843 372 5884 est
397 5829 622 5885 Christus
647 5826 796 5881 Iesus
830 5825 867 5882 (l
900 5825 1015 5880 Cur.
1051 5841 1100 5878 tu
1129 5867 1140 5888 ,
1180 5826 1284 5891 ll).

1350 315 1744 378 ENARRATIO
1783 315 1845 370 IN
1886 313 2205 374 ΡεΑωιωι
2247 320 2481 377 LXXIX.

3450 334 3584 390 1026

2070 462 2154 516 15.
2181 459 2330 534 [υενε.
2367 464 2476 535 I7.)
2511 465 2766 521 Succensu
2800 469 2906 540 igni
2929 478 2976 523 et
3001 469 3215 538 effossa,
3256 474 3320 528 ab
3354 473 3584 548 increpa-

1997 551 2132 606 tione
2169 554 2334 606 vultus
2373 557 2446 607 toi
2476 555 2726 626 peribunt.
2759 558 2887 627 Qua:
2928 570 3051 616 sunt
3093 577 3346 620 succensa
3396 569 3499 638 igni
3529 577 3586 624 et

1997 641 2220 708 eﬁ'ossa,
2267 661 2384 715 quae
2416 647 2662 715 peribunt
2698 649 2765 705 ab
2805 650 3166 722 increpatione
3211 658 3385 713 vultus
3431 661 3586 729 ejus?

2001 733 2286 790 Videamus
2324 747 2377 791 et
2422 739 2776 810 intelligamus
2800 758 2918 812 qua:
2953 745 3058 800 sint
3087 746 3190 816 igni
3234 763 3487 806 succensa
3532 763 3586 809 et

1996 825 2208 882 eﬁ‘ossa.
2241 829 2380 896 Quid
2407 831 2696 900 increpavit
2718 831 3001 890 Christus?
3033 837 3254 894 Peccata
3286 858 3298 894 :
3325 843 3392 896 ab
3414 844 3586 900 incre-

1997 919 2209 988 patione
2259 919 2436 975 vultus
2480 921 2598 991 ejus
2643 935 2857 993 peccata
2901 927 3191 996 perierunt.
3237 930 3410 1000 Quare
3457 951 3584 1004 ergo

1999 1017 2212 1077 peccata
2251 1008 2355 1080 igni
2385 1025 2638 1066 succensa
2670 1023 2724 1068 et
2749 1014 2980 1071 effossa?
3008 1017 3194 1074 Omnia
3226 1031 3438 1092 peccata
3464 1024 3583 1080 dua:

1996 1116 2081 1155 res
2108 1100 2305 1158 faciunt
2334 1103 2388 1158 in
2414 1103 2661 1170 homine;
2693 1108 2953 1178 cupiditas
2974 1153 2987 1175 ,
3017 1122 3071 1166 et
3096 1113 3273 1170 timor.
3307 1116 3580 1188 Cogitate.

1995 1189 2274 1259 discutite,
2325 1192 2648 1266 interrogate
2694 1198 2853 1254 corda
2902 1215 3115 1270 vcsu-a,
3178 1211 3581 1273 perscrutamini

1994 1283 2382 1351 conscientias;
2408 1285 2582 1342 videte
2614 1296 2788 1343 utrum
2820 1292 3026 1359 possint
3051 1308 3170 1350 esse
3198 1306 3412 1366 peccata
3433 1340 3446 1362 .
3481 1300 3582 1355 nisi

1993 1381 2084 1428 aut
2128 1375 2428 1445 cupiendo,
2485 1386 2576 1433 aut
2627 1380 2880 1436 timendo.
2937 1382 3257 1454 Proponitur
3300 1392 3581 1457 praemium

1995 1474 2054 1518 ut
2095 1480 2319 1536 pecces,
2365 1467 2415 1522 id
2458 1477 2574 1536 est,
2620 1471 2757 1540 quod
2806 1482 2854 1528 te
2883 1473 3142 1542 delectat;
3197 1478 3324 1534 facis
3369 1494 3582 1552 propter

1994 1559 2134 1627 quod
2166 1561 2334 1630 cupis.
2365 1560 2472 1616 Sed
2521 1561 2654 1616 forte
2683 1579 2787 1618 non
2832 1565 3099 1622 induceris
3127 1568 3281 1626 donis
3302 1613 3314 1634 ,
3365 1576 3584 1632 terreris

1993 1651 2185 1716 minis;
2240 1651 2372 1707 facis
2429 1664 2646 1725 propter
2696 1655 2838 1726 quod
2888 1657 3064 1715 times.
3115 1659 3475 1735 Corrumpere
3533 1677 3584 1723 te

1994 1744 2106 1798 vult
2152 1743 2364 1814 aliquis,
2394 1755 2452 1799 ut
2475 1747 2643 1812 dicas,
2667 1750 2815 1805 verbi
2843 1752 3046 1821 gratia,
3097 1752 3290 1812 falsum
3339 1761 3582 1816 testimo-

1994 1833 2160 1888 nium.
2194 1833 2599 1891 lnnumerabilia
2623 1848 2784 1906 sunt,
2816 1841 2909 1895 sed
2933 1843 3167 1909 planiora
3202 1863 3471 1918 propono,
3514 1852 3580 1907 dc

1992 1928 2185 1998 quibus
2226 1938 2418 1984 cartera
2472 1931 2784 2001 conjiciatis.
2830 1936 3111 1992 Attcndisti
3165 1948 3220 1993 tu
3270 1939 3469 2008 Deum,
3529 1954 3582 2000 et

1993 2018 2172 2074 dixisti
2239 2020 2290 2074 in
2353 2021 2532 2075 animo
2595 2033 2686 2077 tuo
2736 2043 2747 2076 :
2802 2025 2938 2092 Quid
2991 2029 3192 2098 prodest
3253 2031 3477 2100 homini,
3537 2037 3581 2090 si

1995 2119 2153 2164 totum
2182 2112 2424 2165 mundum
2466 2113 2717 2180 lucretur,
2746 2117 2930 2172 anima:
2967 2130 3131 2174 autent
3158 2138 3266 2177 suo!
3307 2125 3578 2182 detrimen-

1992 2209 2097 2254 tum
2127 2203 2388 2276 patiatur(
2415 2204 2600 2258 Matth.
2627 2223 2730 2272 xw,
2761 2209 2906 2279 26)?
2931 2210 3045 2266 Non
3074 2213 3308 2270 adducor
3337 2219 3576 2287 praemio.

1993 2302 2052 2348 ut
2075 2294 2294 2365 perdam
2316 2295 2547 2350 animam
2580 2313 2752 2353 meam
2801 2315 2898 2369 pro
2949 2302 3094 2357 lucro
3139 2307 3396 2374 pecuniaa.
3433 2309 3578 2366 Con-

1992 2385 2153 2441 vertit
2193 2386 2284 2442 ille
2326 2402 2387 2444 se
2428 2388 2496 2444 ad
2546 2389 2906 2446 incutiendum
2957 2405 3185 2456 metum;
3228 2399 3316 2469 qui
3361 2404 3578 2470 prmmio

1993 2493 2336 2550 corrumpere
2371 2497 2475 2536 non
2507 2481 2707 2549 valuit,
2751 2483 2945 2556 iucipif
2967 2487 3155 2542 minari
3186 2490 3461 2561 damnum,
3487 2510 3574 2550 ex—

1995 2571 2310 2640 pulsionem,
2340 2573 2514 2629 caedes
2535 2572 2778 2630 fortassis
2799 2584 2854 2632 et
2873 2586 3100 2634 mortem
3128 2598 3141 2634 :
3167 2581 3238 2636 ibi
3263 2581 3393 2652 jam,
3422 2586 3465 2640 si
3487 2600 3579 2641 eu—

1994 2663 2182 2732 piditas
2207 2679 2310 2718 non
2336 2664 2515 2729 valuit,
2542 2665 2678 2722 forte
2705 2669 2862 2723 timor
2881 2669 3074 2726 valebit
3095 2680 3152 2726 ut
3171 2687 3380 2742 pecces.
3411 2675 3578 2731 Porro

1991 2763 2168 2811 autem
2210 2756 2254 2810 si
2301 2756 2369 2812 de
2417 2757 2704 2828 Scripturis
2731 2770 2915 2815 contra
2947 2763 3287 2830 cupiditatem
3315 2767 3457 2822 venit
3485 2769 3574 2824 tibi

1995 2847 2046 2902 in
2075 2858 2324 2912 mentem,
2358 2849 2493 2917 Quid
2518 2852 2718 2921 prodest
2745 2853 2955 2921 homini,
2981 2855 3022 2908 si
3045 2865 3204 2909 totum
3228 2859 3467 2912 mundum
3491 2863 3572 2914 lu-

1991 2948 2177 3008 cretur,
2207 2941 2390 2995 animo:
2412 2949 2577 2996 autem
2601 2959 2708 2998 sua:
2734 2943 3086 2999 detrimentum
3117 2948 3371 3016 patiatur;
3398 2951 3575 3006 veniat

1990 3030 2150 3088 etiam
2179 3041 2364 3088 contra
2404 3034 2649 3090 timorem
2697 3037 2747 3090 in
2794 3046 3049 3104 mentem,
3079 3036 3256 3093 Nolite
3288 3041 3461 3097 timere
3495 3060 3578 3098 eos

1991 3125 2080 3195 qui
2104 3141 2288 3196 corpus
2312 3127 2579 3194 occidunt;
2616 3129 2839 3183 animam
2874 3139 3039 3185 autem
3069 3148 3170 3186 non
3209 3144 3418 3205 possunt
3441 3140 3576 3191 occi-

1996 3215 2114 3270 dere
2143 3215 2265 3290 (Id.
2295 3233 2346 3281 χ,
2373 3216 2500 3288 28).
2531 3219 2857 3290 Quicumque
2883 3230 2935 3276 te
2963 3222 3073 3277 vult
3105 3223 3378 3293 occidere,
3411 3243 3578 3298 usque

1991 3306 2058 3363 ad
2080 3321 2274 3377 corpus
2300 3308 2348 3363 ei
2375 3309 2528 3374 licet;
2559 3325 2725 3380 usque
2745 3311 2811 3365 ad
2831 3312 3062 3367 animam
3085 3329 3190 3368 non
3215 3315 3354 3370 licet.
3385 3317 3575 3373 Anima

1993 3408 2080 3456 tua
2112 3418 2217 3456 non
2243 3402 2517 3464 morietur,
2550 3403 2648 3457 nisi
2679 3414 2729 3457 tu
2763 3420 2878 3458 eam
2902 3406 3132 3461 volueris
3157 3408 3420 3464 occidere.
3454 3411 3577 3466 I’er-

1993 3494 2118 3548 imat
2149 3495 2319 3549 aliena
2346 3495 2591 3565 iniquitas
2617 3512 2831 3552 carnem
2857 3509 3017 3564 tuam,
3042 3499 3166 3554 dum
3187 3514 3363 3556 servet
3384 3505 3577 3560 veritas

1990 3589 2221 3642 animam
2255 3599 2415 3643 tuam.
2449 3592 2504 3645 Si
2532 3601 2708 3646 autem
2737 3608 2766 3647 a
2792 3595 3012 3650 veritate
3036 3597 3307 3664 resilieris,
3335 3601 3460 3668 quid
3486 3601 3574 3656 tibi

1990 3678 2218 3748 amplius
2249 3677 2482 3736 facturus
2506 3690 2588 3736 est
2608 3681 2871 3747 inimicus,
2890 3699 3046 3753 quam
3077 3693 3130 3739 tu
3161 3686 3252 3740 tibi
3276 3687 3388 3757 ipse
3411 3692 3576 3744 facis?

1993 3765 2242 3824 Inimicus
2264 3772 2490 3827 szeviens
2515 3787 2728 3827 carnem
2772 3781 2946 3842 potest
2984 3775 3227 3832 occidere
3256 3796 3269 3832 :
3304 3787 3354 3832 tu
3399 3790 3576 3836 autem

1991 3858 2216 3915 dicendo
2260 3861 2450 3917 falsum
2497 3863 2861 3919 testimonium
2908 3864 3140 3922 animam
3187 3868 3404 3925 occidis.
3438 3872 3575 3927 Audi

1992 3953 2320 4023 Scripturam
2348 3969 2361 4008 :
2389 3953 2460 4007 0s
2485 3953 2620 4024 quod
2659 3955 2929 4022 mentitur,
2963 3956 3143 4010 occidit
3168 3959 3390 4014 animam
3420 3961 3572 4034 (Sap.

1992 4063 2028 4113 ι,
2066 4047 2124 4102 ll
2154 4046 2194 4118 ).
2227 4046 2427 4116 Itaque,
2465 4044 2658 4102 fratres
2699 4046 2835 4112 mei,
2885 4048 2950 4103 ad
2989 4063 3149 4105 omne
3193 4061 3336 4106 recte
3381 4051 3574 4108 factum

1991 4155 2142 4193 amor
2176 4147 2230 4194 et
2273 4139 2430 4192 timor
2456 4138 2602 4193 ducit
2630 4155 2643 4191 :
2676 4138 2739 4192 ad
2767 4155 2926 4194 omne
2955 4150 3226 4209 peccatum
3253 4159 3403 4198 amor
3431 4155 3482 4200 et
3514 4148 3576 4200 ti-

1992 4249 2110 4288 tnor
2152 4233 2314 4286 ducit.
2361 4231 2430 4287 Ut
2477 4231 2634 4285 facias
2675 4232 2834 4298 bene,
2883 4247 3032 4287 amas
3075 4235 3273 4298 Deum,
3323 4247 3376 4291 et
3422 4238 3582 4294 times.

1991 4327 2158 4382 Deum
2191 4345 2204 4381 :
2236 4336 2293 4381 ut
2321 4334 2496 4380 autem
2527 4325 2687 4379 facias
2714 4327 2851 4380 male
2873 4369 2886 4388 ,
2922 4341 3070 4382 amas
3106 4330 3360 4383 mundmn
3387 4373 3400 4393 ,
3431 4341 3484 4386 ct
3515 4334 3577 4385 ti-

1991 4435 2105 4476 mes
2151 4417 2429 4473 muudum.
2484 4416 2609 4470 "me
2655 4415 2759 4470 duo
2800 4427 3176 4472 convertantur
3219 4419 3284 4472 ad
3333 4421 3571 4474 bonum:

1990 4512 2206 4566 amabas
2248 4521 2440 4565 terram
2465 4550 2480 4573 ,
2511 4523 2629 4561 ama
2663 4509 2823 4562 vitam
2855 4518 3142 4574 aeternam;
3177 4511 3402 4567 timebas
3430 4529 3576 4568 mur-

1993 4613 2119 4669 tem,
2146 4604 2270 4656 time
2299 4603 2621 4673 gehennam.
2652 4599 2915 4670 Quidquid
2941 4601 3031 4655 tibi
3062 4602 3242 4674 iniquo
3270 4606 3576 4673 promiserit

1991 4695 2254 4755 mundus,
2289 4691 2540 4762 numquid
2582 4701 2755 4762 potest
2793 4692 2919 4747 dare
2963 4703 3222 4762 quantum
3264 4695 3576 4766 dabitjusto

1993 4785 2171 4840 Deus?
2215 4783 2476 4854 Quidquid
2527 4783 2618 4836 tibi
2655 4782 2799 4852 justo
2841 4784 3070 4838 minatus
3111 4785 3270 4838 fuerit
3309 4786 3571 4851 mttndus,

1993 4877 2245 4946 munquid
2287 4886 2456 4945 potest
2495 4875 2674 4930 facere
2716 4874 2858 4945 quod
2907 4874 3027 4929 facit
3067 4877 3245 4945 iniquo
3279 4877 3454 4932 Deus?
3484 4877 3574 4933 Vis

1993 4971 2172 5024 videre
2200 4969 2324 5038 quid
2351 4967 2569 5021 daturus
2596 4975 2679 5021 est
2703 4967 2862 5031 Deus,
2887 4967 2930 5022 si
2953 4966 3094 5036 justo
3115 4967 3346 5021 vixeris?
3379 4967 3571 5034 Venite,

1991 5061 2231 5114 benedicti
2257 5059 2425 5112 Putris
2448 5058 2576 5121 mei;
2607 5057 2842 5127 percipite
2869 5074 3074 5127 regnum
3103 5059 3240 5126 quod
3266 5043 3399 5112 vobis
3421 5076 3566 5127 para-

1993 5165 2097 5208 tum
2122 5163 2192 5207 est
2218 5152 2278 5205 ab
2304 5151 2497 5221 origine
2525 5151 2720 5204 mundi.
2755 5150 2845 5202 Vis
2871 5150 3049 5203 videre
3077 5149 3203 5219 quid
3234 5150 3470 5206 facturus
3496 5164 3577 5208 est

1993 5243 2204 5313 impiis?
2235 5241 2314 5296 Ite
2338 5243 2388 5296 in
2415 5242 2580 5312 ignem
2603 5251 2863 5302 internum,
2895 5241 2980 5311 qui
3025 5251 3232 5310 paratus
3268 5252 3342 5296 est
3376 5244 3577 5298 diabolo

1992 5347 2036 5389 et
2065 5335 2256 5406 angelis
2296 5335 2407 5404 ejus
2437 5330 2659 5403 (Matth.
2708 5347 2830 5395 xxv,
2863 5332 2950 5395 54,
2998 5332 3122 5402 41).
3173 5332 3319 5388 Bene
3362 5334 3574 5403 quidem

1995 5426 2123 5480 nihil
2155 5435 2210 5480 tu
2247 5423 2387 5478 aliud
2417 5424 2494 5477 vis
2515 5465 2530 5489 ,
2571 5437 2728 5492 quam
2763 5431 2818 5474 ut
2859 5422 2992 5476 Iuno
3024 5422 3115 5477 tibi
3145 5423 3231 5477 sit.
3269 5423 3400 5478 Nam
3433 5425 3484 5479 iu
3511 5441 3578 5482 eo

1994 5517 2134 5588 quod
2163 5532 2328 5580 amas,
2355 5517 2434 5570 vis
2461 5524 2517 5568 ut
2544 5514 2678 5568 bene
2708 5513 2799 5566 tibi
2830 5514 2927 5577 sit;
2956 5523 3008 5566 et
3038 5514 3090 5567 in
3111 5527 3175 5568 eo
3201 5515 3342 5584 quod
3385 5516 3538 5571 times
3561 5559 3573 5582 ,

1995 5625 2099 5662 non
2125 5608 2203 5663 vis
2231 5616 2288 5661 ut
2312 5606 2452 5661 male
2479 5604 2572 5660 tibi
2593 5603 2695 5658 sit:
2715 5601 2811 5658 sed
2836 5603 3014 5658 nonin
3038 5617 3101 5659 ea
3123 5604 3339 5674 regione
3357 5608 3574 5675 quieris,

1997 5703 2048 5756 in
2077 5717 2181 5773 qua
2209 5697 2554 5770 quaerendum
2583 5705 2686 5752 est.
2738 5695 3015 5761 Festinas;
3066 5713 3186 5752 nam
3213 5707 3267 5753 et
3290 5698 3406 5753 sine
3435 5698 3574 5754 indi-

1999 5795 2172 5865 gentia
2205 5793 2280 5847 vis
2326 5807 2464 5846 esse.
2513 5799 2566 5845 et
2606 5789 2722 5844 sine
2763 5787 2992 5844 molesti:
3035 5789 3274 5845 :bonum
3310 5798 3389 5846 est
3436 5791 3577 5860 quod
