3966 6362
547 318 683 375 ΙοὶἹ

543 424 641 499 vis,
674 429 769 487 sed
795 429 962 486 tolera
990 428 1131 500 quod
1158 442 1264 486 non
1286 429 1387 498 vis,
1424 436 1483 485 ut
1520 430 1821 501 assequaris
1858 429 1998 501 quod
2025 432 2124 485 vis.

500 584 505 591 ,
544 519 777 577 Proinde
806 520 946 576 illius
973 520 1135 576 facies
1158 518 1346 576 delens
1375 528 1611 591 peccata,
1639 520 1765 591 quid
1794 521 1989 577 faciet?
2007 536 2126 592 qua:

539 620 666 670 sunt
694 621 907 685 peccata
934 626 1192 669 succensa
1231 612 1334 683 igni
1375 621 1429 667 et
1468 611 1701 669 effossa?
1744 613 1879 680 Quid
1925 612 2129 670 fecerat

539 723 692 763 amor
718 706 927 763 malus?
963 705 1237 777 Tanquam
1265 706 1442 776 ignem
1469 706 1836 762 succenderet.
1877 705 2015 774 Quid
2050 705 2127 762 fe.

538 809 690 857 cerat
716 801 878 857 timor
901 799 1114 856 malus?
1137 799 1408 869 Tanquam
1435 799 1712 855 etToderat.
1744 801 1908 854 Amor
1931 800 2127 871 quippe

536 893 863 961 inﬂammat;
897 892 1057 948 timor
1077 891 1321 947 humiliat
1344 907 1356 943 :
1379 890 1501 946 ideo
1525 900 1739 960 peccata
1756 890 1881 946 mali
1903 892 2120 957 amoris,

535 986 659 1055 igne
705 998 961 1042 succensa
1004 992 1166 1051 sunt;
1216 990 1432 1054 peccata
1474 982 1601 1037 mali
1644 982 1886 1048 timoris,
1932 981 2124 1038 eﬁ'ossa

535 1084 681 1132 sunt.
725 1076 978 1133 Humiliat
1022 1085 1078 1132 et
1117 1076 1288 1131 bonus
1336 1075 1513 1139 timor,
1560 1072 1807 1129 accendit
1851 1081 1904 1128 et
1951 1073 2126 1128 bonus

536 1183 717 1235 amor;
749 1171 844 1225 sed
873 1168 1048 1237 aliter,
1077 1176 1235 1239 atque
1259 1166 1433 1221 aliter.
1466 1164 1599 1220 Nam
1628 1174 1684 1220 et
1707 1164 1929 1221 colonus
1955 1163 2118 1219 inter-

536 1261 736 1320 cedens
759 1276 857 1334 pro
893 1261 1107 1327 arbore,
1137 1274 1257 1332 quae
1297 1260 1497 1314 fructus
1524 1271 1630 1312 non
1671 1256 1866 1325 dabat,
1905 1272 1972 1312 ne
2000 1256 2125 1311 sub-

537 1363 856 1420 verteretur,
883 1354 958 1410 ait
982 1371 996 1409 :
1022 1350 1366 1426 Circumfodio
1391 1366 1525 1417 eam,
1548 1359 1595 1404 et
1616 1349 1828 1403 adhibeo
1853 1348 2126 1420 cophinum

536 1448 769 1504 stercoris
797 1445 944 1517 (Luc.
970 1460 1087 1513 xm,
1112 1443 1192 1516 8).
1217 1442 1382 1499 Fossa
1406 1441 1667 1513 signiﬁcat
1692 1440 1831 1511 piam
1858 1438 2129 1495 humilita-

537 1548 646 1597 tem
675 1539 930 1603 timentis,
957 1545 1014 1594 et
1036 1533 1287 1592 stercoris
1315 1533 1577 1604 cephinus
1602 1532 1789 1588 sordes
1820 1531 1978 1586 utiles
2004 1545 2122 1600 poe-

536 1631 776 1689 nitentis.
825 1629 899 1686 De
939 1629 1063 1700 igne
1100 1635 1278 1683 autem
1306 1624 1431 1681 boni
1458 1625 1657 1680 amoris
1691 1623 1947 1678 Dominus
1972 1621 2122 1690 dicit,

535 1721 718 1795 Ignem
742 1722 853 1777 veni
876 1721 1069 1775 mittere
1086 1718 1139 1774 in
1159 1717 1403 1773 mundum
1429 1714 1550 1788 (Id.
1582 1730 1676 1783 xu,
1702 1714 1773 1771 49
1790 1713 1833 1786 ).
1864 1714 1983 1782 Quo
2006 1714 2126 1784 igne

536 1815 877 1872 inardescant
912 1812 1102 1883 spiritu
1137 1810 1424 1874 ferventes,
1451 1816 1506 1863 et
1535 1806 1628 1863 Dei
1656 1821 1721 1862 ac
1743 1805 1971 1877 proximi
1998 1803 2127 1860 cha-

534 1907 695 1964 ritate
721 1906 1025 1977 ﬂagrantes.
1049 1905 1126 1960 Ac
1155 1917 1249 1974 per
1279 1901 1399 1966 hoc,
1430 1900 1568 1956 sicut
1595 1898 1773 1954 omnia
1793 1898 1937 1968 justa
1960 1910 2121 1967 opera

536 1997 679 2054 bono
708 1996 901 2052 timore
925 2002 979 2050 et
1004 1993 1147 2049 bono
1175 2005 1359 2051 amore
1392 1989 1558 2055 fiunt;
1595 1989 1675 2043 sic
1695 1988 1837 2043 malo
1864 2001 2049 2041 amore
2071 1992 2128 2041 et

534 2089 677 2146 malo
703 2088 894 2144 timore
915 2087 1092 2142 omnia
1117 2094 1333 2155 peccata
1352 2082 1774 2138 committuntur.
1806 2079 1969 2149 Ergo,
1994 2077 2128 2133 Suc-

533 2196 684 2237 censa
705 2180 811 2253 igni
833 2188 880 2235 et
907 2176 1112 2246 elfossa,
1136 2176 1313 2231 omnia
1348 2173 1553 2231 scilicet
1590 2180 1827 2243 peccata,
1857 2169 1920 2224 ab
1948 2169 2121 2223 incre-

534 2272 736 2344 patione
761 2271 928 2325 vultus
954 2270 1027 2324 lui
1055 2268 1304 2339 peribunt.

605 2364 694 2419 14.
737 2361 889 2436 (vers.
915 2359 1130 2433 18-20.]
1166 2358 1284 2414 Fiat
1310 2374 1489 2413 manus
1518 2368 1604 2412 tua
1628 2372 1780 2426 super
1807 2356 1969 2410 uirum
1996 2355 2127 2412 dea:-

532 2464 654 2512 terw
680 2465 802 2523 tute,
833 2462 880 2509 et
903 2470 1057 2526 super
1080 2453 1245 2523 [ilium
1271 2452 1487 2507 hominis
1513 2465 1657 2522 quem
1680 2449 1991 2518 conﬁrmasti
2012 2448 2123 2505 tibi.

534 2546 604 2602 Et
642 2563 742 2601 non
772 2546 1076 2601 discedimus
1098 2562 1132 2599 a
1158 2552 1223 2599 te.
1270 2540 1533 2611 Quamdiu
1574 2541 1850 2613 generatio
1881 2555 2039 2610 prava
2070 2547 2124 2594 et

532 2640 850 2705 amaricans,
868 2646 924 2694 et
946 2653 1065 2708 qua:
1089 2652 1183 2694 cor
1208 2650 1315 2691 non
1340 2634 1517 2705 dirigit
1537 2649 1690 2689 suum
1718 2632 1888 2705 (Psat.
1909 2649 1976 2687 1.x
1990 2646 2118 2699 xv",

529 2731 582 2794 8.
617 2728 731 2803 9)?
769 2730 919 2785 Dicat
957 2727 1136 2799 Asaph
1168 2744 1183 2781 :
1215 2725 1469 2783 Ostendat
1496 2740 1555 2780 se
1585 2723 1947 2780 misericordia
1991 2731 2117 2787 tua;

528 2824 611 2880 fac
638 2822 774 2877 bene
795 2835 916 2876 eum
937 2820 1090 2876 vinea
1114 2829 1221 2886 tua,
1245 2817 1441 2888 perfice
1466 2817 1633 2877 illam.
1657 2815 1896 2886 quoniam
1921 2813 2121 2867 cwcitas

528 2932 592 2971 ea:
616 2922 758 2986 parte
775 2911 944 2968 Israel
961 2916 1097 2985 facta
1120 2921 1216 2979 est,
1238 2921 1294 2965 ut
1321 2908 1579 2981 plenitudo
1609 2906 1845 2962 Gentium
1868 2905 2115 2971 introiret,

526 3016 573 3060 et
598 3019 674 3062 θ’
695 3005 857 3059 omnis
887 3002 1054 3059 Israel
1076 3003 1244 3058 salvus
1271 3003 1412 3072 ﬁeret
1441 3001 1615 3072 (Rom.
1642 3016 1715 3064 xl,
1741 2998 1834 3065 25,
1861 2996 1978 3067 26).
2011 2996 2117 3052 De-

525 3104 819 3153 monstrata
872 3095 1005 3151 facie
1053 3106 1141 3150 tua
1187 3109 1339 3165 super
1378 3093 1541 3147 uirum
1575 3092 1793 3145 dextera:
1836 3099 1936 3144 tua:
1970 3105 2115 3154 quem

525 3189 840 3260 conﬁrmasti
867 3187 973 3254 tibi,
1005 3202 1106 3242 non
1129 3185 1433 3241 discedimus
1458 3200 1491 3239 a
1519 3193 1568 3238 te
1598 3198 1616 3237 :
1644 3181 1897 3253 quamdiu
1918 3196 2017 3235 nos
2037 3182 2118 3234 in-

527 3280 756 3352 erepas?
776 3278 1027 3351 quamdiu
1047 3278 1301 3333 accusas?
1330 3276 1444 3332 Hoc
1471 3275 1574 3341 fac,
1607 3286 1654 3329 et
1679 3290 1779 3328 non
1805 3273 2116 3327 discedimus

525 3382 674 3427 ate:
708 3370 996 3441 Viuiﬁcabis
1024 3387 1136 3435 nos,
1175 3380 1219 3425 et
1260 3386 1440 3425 nomen
1475 3378 1617 3423 tuum
1645 3368 2003 3422 invocabimus.
2037 3365 2115 3420 Tu

530 3461 686 3518 nobis
721 3460 894 3518 dulcis
930 3461 1070 3528 eris;
1103 3460 1375 3530 viviﬁcabis
1396 3477 1509 3515 nos.
1559 3458 1690 3513 Nam
1719 3457 1868 3528 prius
1896 3455 2115 3510 amaba-

532 3566 653 3611 mus
680 3561 897 3617 terram,
930 3569 1038 3609 non
1072 3560 1157 3619 te;
1187 3552 1279 3609 sed
1309 3550 1635 3606 mnrtificasti
1667 3548 1902 3604 membra
1934 3555 2112 3602 nostra

525 3660 647 3718 quae
690 3658 815 3702 sunt
854 3658 1015 3716 super
1048 3652 1243 3700 terram
1273 3638 1507 3714 (Coloss.
1542 3656 1620 3708 lii,
1650 3637 1745 3706 5).
1790 3637 1920 3693 illud
1968 3636 2111 3692 enim

1717 317 1776 373 s.
1816 315 2183 375 AUGUSTlNl
2223 316 2525 376 EPISCOPI
3637 339 3736 395 ,ωε

2238 433 2402 489 Vetus
2446 432 2840 490 Testamentum
2886 414 3091 491 habens
3126 438 3386 506 promissa
3425 449 3627 510 terrena,
3665 451 3743 514 hac

2234 524 2444 579 videtur
2488 524 2733 591 suadere,
2770 539 2837 580 ne
2877 526 3041 597 gratis
3082 527 3291 583 colatur
3333 529 3495 598 Deus;
3535 538 3615 592 sed
3648 545 3739 609 quia

2233 616 2431 688 aliquid
2473 616 2563 671 dat
2607 616 2659 671 in
2708 624 2872 685 terra,
2912 616 3036 672 ideo
3075 617 3343 689 diligatur.
3388 620 3517 691 Quid
3540 638 3677 694 amas,
3701 647 3741 687 ιιι

2235 710 2402 766 Deum
2443 724 2549 765 non
2588 709 2770 765 ames?
2796 708 2885 765 die
2912 710 3063 765 mihi.
3107 710 3262 779 Ama,
3291 714 3337 768 si
3381 725 3553 784 poles,
3586 720 3740 791 aliquid

2234 801 2374 873 quod
2403 801 2492 856 ille
2531 816 2636 856 non
2674 800 2819 856 fecit.
2860 800 3227 872 Circumspice
3260 802 3551 861 universam
3579 821 3741 868 creatu-

2233 908 2382 958 ram;
2416 891 2536 948 vide
2562 901 2738 947 utrum
2763 891 2958 947 alicubi
2982 894 3287 962 cupiditatis
3308 896 3450 951 visco
3472 901 3686 966 tenearis,
3707 916 3745 959 et

2231 998 2259 1036 a
2282 982 2549 1054 diligendo
2571 982 2824 1037 Creatore
2845 982 3167 1052 impediaris,
3193 984 3295 1040 nisi
3320 1000 3380 1041 ea
3407 1001 3462 1042 re
3484 1003 3618 1059 quam
3640 1007 3744 1048 crea.

2230 1077 2306 1131 vit
2332 1077 2446 1146 ipse
2472 1090 2631 1148 quem
2656 1075 2897 1146 negligis.
2937 1075 3114 1143 Quare
3150 1085 3331 1131 autem
3374 1092 3510 1133 amas
3544 1081 3646 1148 ista,
3671 1085 3743 1139 nisi

2230 1170 2351 1242 quia
2383 1168 2602 1240 pulchra
2628 1169 2790 1223 sunt?
2819 1169 3047 1225 Possunt
3075 1182 3200 1249 esse
3227 1177 3334 1223 tam
3373 1169 3571 1239 pulchra
3590 1215 3603 1239 ,
3624 1190 3742 1244 quam

2229 1261 2320 1317 ille
2348 1277 2377 1316 a
2401 1275 2508 1332 quo
2537 1259 2675 1315 facta
2699 1259 2862 1315 sunt?
2887 1258 3093 1314 Miraris
3115 1260 3252 1325 haec,
3282 1260 3402 1329 quia
3432 1260 3567 1315 illum
3591 1278 3677 1318 non
3700 1267 3743 1319 ri-

2229 1352 2324 1408 des
2354 1370 2368 1407 :
2395 1351 2489 1407 sed
2534 1366 2629 1422 per
2663 1362 2724 1405 ea
2764 1365 2885 1421 qua:
2921 1349 3153 1418 miraris,
3184 1364 3305 1403 ama
3328 1365 3476 1421 quem
3501 1367 3592 1406 non
3618 1354 3737 1411 vides

2230 1443 2500 1514 Interroga
2529 1451 2865 1507 creaturam;
2896 1442 2941 1497 si
2973 1456 3002 1494 a
3030 1440 3205 1509 seipsa
3230 1449 3333 1510 est,
3361 1457 3562 1497 remane
3584 1444 3628 1498 in
3648 1446 3738 1501 illa:

2230 1536 2273 1591 sl
2295 1544 2471 1591 autem
2502 1534 2569 1589 ab
2593 1535 2686 1589 illo
2709 1543 2791 1590 est
2808 1577 2824 1602 ,
2856 1549 2962 1589 non
2985 1534 3055 1589 ob
3076 1533 3222 1589 aliud
3246 1535 3528 1604 perniciosa
3549 1545 3621 1591 est
3639 1554 3738 1593 ama-

2232 1630 2352 1695 tori,
2387 1629 2486 1683 nisi
2521 1629 2644 1699 quia
2683 1627 3012 1697 przeponitur
3040 1626 3304 1683 Creatori.
3332 1627 3499 1695 Quare
3530 1627 3618 1683 hoc
3632 1630 3737 1684 dixit

2230 1723 2454 1794 Propter
2475 1736 2687 1776 versum
2717 1721 2897 1785 istum,
2920 1718 3133 1775 fratres.
3162 1718 3357 1774 Mortui
3380 1733 3503 1790 ergo
3526 1729 3664 1787 erant,
3679 1722 3737 1792 qui

2229 1823 2510 1886 propterea
2550 1813 2713 1868 Deum
2756 1810 3005 1868 colebant
3052 1818 3112 1865 ut
3154 1810 3235 1866 eis
3274 1811 3550 1866 secundum
3581 1826 3736 1869 carnem

2228 1907 2367 1963 bene
2389 1912 2530 1961 esset
2554 1923 2569 1960 :
2593 1919 2783 1975 sapere
2822 1903 2964 1959 enim
3001 1901 3300 1959 secundum
3325 1917 3530 1962 carnem
3554 1917 3667 1958 mors
3682 1911 3736 1960 est

2232 1997 2419 2070 (Rom.
2449 2013 2539 2051 vui
2564 2037 2579 2061 ,
2604 1995 2702 2067 6);
2734 2005 2791 2052 et
2815 1994 3010 2051 mortui
3039 2001 3168 2049 sunt
3193 1994 3284 2065 qui
3314 2009 3417 2049 non
3446 1994 3594 2049 Deum
3624 1997 3733 2064 gratis

2227 2089 2433 2157 colunt,
2460 2088 2511 2143 id
2540 2096 2643 2151 est,
2666 2087 2786 2159 quia
2815 2087 2930 2157 ipse
2955 2086 3129 2142 bonus
3154 2093 3262 2153 est,
3293 2101 3395 2141 non
3423 2087 3536 2157 quia
3561 2087 3633 2140 dat
3653 2087 3729 2141 talia

2227 2181 2367 2237 bona
2406 2196 2525 2253 quae
2572 2182 2666 2236 dat
2710 2188 2768 2237 et
2810 2193 2919 2235 non
2965 2178 3143 2235 bonis.
3197 2178 3476 2234 Pecuniam
3498 2178 3727 2232 visaDeo?

2227 2275 2398 2331 Habet
2425 2284 2479 2330 et
2504 2275 2659 2330 latro.
2707 2272 2959 2339 Uxorem,
2988 2271 3370 2328 fecunditatem
3404 2270 3625 2337 filiorum,
3640 2270 3723 2326 salu-

2228 2378 2334 2425 tem
2360 2368 2621 2439 corporis,
2640 2367 2948 2438 dignitatem
2975 2365 3200 2422 sreculi?
3224 2364 3451 2421 Attende
3472 2379 3611 2435 quam
3633 2364 3731 2418 multi

2228 2463 2354 2518 mali
2386 2462 2602 2517 habent.
2638 2461 2749 2516 Hoc
2771 2469 2855 2516 est
2880 2468 3046 2515 totum
3078 2468 3304 2530 prepter
3327 2458 3462 2529 quod
3487 2474 3591 2514 eum
3613 2456 3733 2512 colis?

2225 2555 2494 2611 Nutabunt
2541 2555 2700 2626 pedes
2742 2555 2836 2619 tui,
2884 2552 3096 2625 putabis
3152 2562 3207 2609 te
3258 2552 3373 2609 sine
3414 2567 3556 2607 causa
3590 2552 3734 2617 colere,

2225 2648 2438 2720 quando
2478 2649 2528 2703 in
2568 2649 2645 2702 eis
2670 2648 2818 2703 vides
2859 2648 2959 2702 ista
2990 2648 3078 2718 qui
3107 2661 3233 2703 eum
3263 2662 3369 2702 non
3399 2646 3561 2701 colunt
3592 2642 3733 2717 (Ρωι.

2227 2758 2388 2805 LXXII,
2415 2740 2495 2810 2).
2520 2740 2665 2811 Ergo
2689 2741 2786 2796 ista
2817 2739 2909 2795 dat
2934 2739 3114 2795 omnia
3141 2740 3304 2796 etiam
3328 2739 3505 2802 malis;
3532 2753 3583 2793 se
3604 2737 3733 2790 solum

2224 2843 2403 2890 servat
2444 2833 2617 2888 bonis.
2657 2832 2944 2901 Vivi/icnbis
2989 2846 3081 2885 nos
3115 2848 3135 2886 :
3161 2845 3285 2886 nam
3328 2829 3507 2885 mortui
3541 2840 3734 2886 eramus,

2222 2923 2439 2996 quando
2459 2924 2687 2977 terrenis
2717 2923 2876 2977 rebus
2896 2921 3329 2988 inhaerebamus;
3360 2919 3534 2974 mortui
3554 2929 3736 2979 eramus,

2222 3014 2434 3088 quando
2464 3015 2659 3071 terreni
2694 3013 2925 3069 hominis
2952 3014 3244 3083 imaginem
3268 3011 3594 3084 portabamus.
3634 3005 3737 3062 Vici-

2221 3109 2396 3179 ﬁcabis
2426 3125 2517 3164 nos
2546 3124 2565 3162 :
2598 3106 2875 3162 innovahis
2916 3122 3048 3171 nos;
3076 3107 3247 3161 vitam
3289 3103 3531 3160 interioris
3556 3099 3736 3155 hominis

2221 3199 2372 3255 dabis
2412 3197 2585 3254 nobis.
2630 3197 2696 3252 Et
2735 3212 2917 3252 nomen
2939 3205 3080 3251 tuum
3105 3197 3438 3252 inuocabimus
3461 3208 3479 3247 :
3503 3191 3548 3246 id
3577 3197 3672 3251 est,
3701 3194 3739 3239 te

2221 3293 2521 3364 diligemus.
2561 3291 2640 3346 Tu
2668 3290 2822 3346 nobis
2849 3290 3020 3344 dulcis
3047 3290 3162 3343 eris
3189 3288 3426 3344 remissor
3450 3289 3735 3353 peccatorum

2221 3396 2554 3450 nostrorum;
2603 3393 2656 3438 tu
2695 3382 2804 3439 eris
2847 3389 3016 3437 totum
3062 3382 3341 3450 pmmium
3380 3372 3731 3448 justilicatoruni.

2222 3479 2435 3534 Domine
2480 3476 2619 3532 Deus
2640 3478 2898 3539 virtutum,
2921 3483 3157 3530 converte
3174 3489 3303 3538 nos;
3325 3481 3368 3527 et
3393 3466 3570 3525 ostende
3592 3461 3732 3534 [etiam

2222 3581 2379 3637 tuam,
2412 3580 2458 3625 et
2485 3571 2610 3624 salui
2640 3572 2843 3625 erimus.

1418 4064 1794 4129 EXPLICIT
1838 4060 2038 4124 TOMI
2081 4060 2377 4136 QUARTI
2423 4058 2622 4123 PARS
2664 4053 2927 4119 PRIOR.

2136 4672 2532 4839 $72-55

1842 4794 1871 4820 .
1890 4789 1941 4840 .
1965 4797 2070 4838 at?
2088 4833 2102 4841 ,
2127 4769 2324 4843 71...,
2357 4787 2378 4807 ὓ

3862 3234 3868 3347 l
