4046 6200
652 370 728 378 -...

220 368 3501 437 mw

967 570 1135 671 IN
1234 569 1977 695 QUARTUM
2080 572 2606 677 TOMUM

1495 803 2169 983 aﬂrtefatio.

1284 1095 1763 1130 ———-————-===o

1771 1091 2283 1137 999:9...—
2338 1114 2471 1124 _.__
3526 1144 3583 1185 ﬂ

282 1249 336 1303 Si
363 1257 659 1317 postremos
681 1249 799 1303 illos
821 1249 1268 1303 Retractationum
1296 1250 1459 1304 libros
1490 1251 1639 1304 nobis
1662 1253 1986 1321 Augustinus
2008 1252 2339 1321 reliquisset,
2363 1255 2553 1324 quibus
2578 1255 2782 1311 habitos
2811 1257 2877 1311 ad
2918 1258 3167 1327 populum
3205 1260 3480 1319 Tractatus

212 1356 503 1397 recensere
525 1357 582 1395 se
608 1332 989 1407 velleﬂepistola
1017 1356 1109 1395 sua
1133 1342 1197 1395 ad
1215 1342 1634 1409 Quodvultdeum
1661 1346 1951 1400 testabatur
1976 1344 2167 1414 (Epist.
2194 1345 2299 1399 2°24
2317 1389 2330 1411 ,
2356 1364 2409 1400 n.
2437 1347 2529 1417 2);
2561 1349 2874 1405 immensum
2900 1351 2999 1406 hoc
3034 1353 3084 1407 in
3114 1354 3353 1409 Psalmos
3380 1357 3480 1410 Da-

210 1435 414 1488 vidieos
441 1448 572 1502 opus
602 1433 670 1487 ibi
701 1433 838 1486 haud
861 1432 1017 1487 dubie
1048 1434 1359 1487 illustrasse!
1388 1434 1451 1486 iis
1475 1434 1932 1490 ohservationilms
1951 1478 1964 1499 ,
1998 1452 2115 1505 (ιιιίυ
2145 1436 2467 1505 praefatiouis
2490 1439 2603 1492 luco
2624 1482 2639 1506 ,
2668 1450 2848 1494 nostra
2890 1443 3055 1497 multo
3092 1446 3331 1504 utilioris.
3356 1464 3474 1501 esset

212 1528 532 1596 potuissent.
562 1527 630 1580 At
658 1542 777 1579 cum
810 1526 1133 1595 propositum
1162 1526 1380 1595 exsequi
1410 1527 1565 1580 beato
1595 1526 1721 1581 Viro
1750 1544 1845 1597 per
1870 1538 2094 1584 mortem
2120 1545 2223 1583 nou
2254 1532 2491 1595 licuerit,
2521 1534 2842 1589 arbitramur
2866 1536 3024 1591 officii
3050 1538 3212 1595 nostri
3236 1536 3339 1591 hoc
3359 1536 3472 1591 loco

212 1620 399 1688 paucis
442 1634 746 1687 exponere,
771 1619 943 1687 primo
982 1620 1171 1687 quibus
1212 1620 1494 1673 momentis
1534 1620 1597 1672 ad
1640 1623 2027 1691 suscipiendam
2070 1624 2396 1677 Psalmorum
2438 1630 2828 1682 enarrationem
2872 1630 3129 1699 impulsus
3166 1628 3265 1693 sit,
3302 1642 3485 1700 postea

210 1728 367 1782 quem
390 1713 441 1765 in
474 1727 534 1765 e1
555 1711 795 1766 ordinem
819 1712 1141 1777 servaverit,
1175 1711 1368 1765 deinde
1393 1727 1548 1781 quam
1576 1722 1788 1769 secutus
1820 1714 1975 1769 fuerit
2006 1718 2055 1768 in
2082 1717 2401 1786 exponendo
2426 1720 2679 1773 rationem
2703 1762 2716 1783 ,
2749 1730 2856 1774 tum
2888 1737 3019 1791 quas
3049 1721 3195 1792 leges
3216 1722 3314 1776 sibi
3340 1738 3479 1793 prai—

209 1806 445 1860 stituerit
467 1848 481 1869 ,
510 1806 735 1875 denique
760 1805 966 1858 cuinam
996 1804 1245 1859 institerit
1273 1806 1613 1860 Versionum.
3278 1818 3289 1828 ο

285 1898 512 1952 Psalmis
540 1896 800 1951 Davidicis
825 1896 1017 1949 mirum
1045 1896 1096 1949 in
1125 1896 1335 1951 modmn
1374 1898 1681 1966 capiebatur
1704 1899 2041 1968 Augustinus.
2074 1899 2269 1953 Eorum
2298 1909 2512 1965 cautus,
2545 1916 2648 1969 quo
2685 1910 2920 1971 tempore
2958 1902 3101 1957 illum
3146 1903 3197 1957 in
3228 1903 3467 1959 Ecclesia

211 1991 595 2047 llediolanensi
618 1990 802 2044 audire
831 1990 992 2057 cmpit
1012 2030 1025 2053 ,
1056 1988 1188 2042 adeo
1211 1989 1443 2043 suaviter
1470 1989 1633 2058 ipsius
1663 1989 1926 2044 afﬁciebat
1944 1992 2176 2045 animum
2199 2033 2212 2057 ,
2243 1999 2299 2043 ut
2325 1992 2419 2059 piis
2446 1992 2589 2046 hisce
2616 1994 2935 2049 motibusad
2958 1996 3322 2050 maturandam
3343 2012 3478 2051 eon-

216 2086 515 2137 versionem
552 2097 697 2135 suam
743 2082 1107 2136 vehementius
1146 2082 1511 2135 stimularetur
1535 2080 1939 2155 (Confessionum
1968 2082 2051 2134 tib.
2079 2084 2143 2146 9,
2178 2100 2222 2134 c.
2271 2084 2302 2136 6
2333 2086 2379 2137 et
2407 2084 2477 2153 7).
2517 2084 2699 2138 Tradit
2725 2086 2881 2141 etiam
2928 2086 3019 2140 Vir
3046 2096 3257 2142 sanctus
3296 2089 3347 2141 in
3376 2104 3477 2143 suo

213 2194 426 2232 secessu
454 2178 593 2247 apud
636 2178 985 2232 Cassisiacum
1009 2219 1023 2243 ,
1058 2178 1142 2232 tibi
1174 2192 1232 2231 se
1260 2177 1324 2230 ad
1358 2178 1679 2245 Baptismum
1705 2176 2071 2247 comparabat,
2107 2186 2379 2246 tantopere
2409 2178 2642 2233 divinum
2676 2180 2725 2233 in
2755 2193 2819 2233 sc
2843 2194 3079 2234 amorem
3107 2181 3369 2236 exarsisse
3399 2182 3478 2236 le-

209 2270 394 2340 grndis
424 2269 611 2323 iisdem
642 2270 804 2322 sacris
826 2266 1056 2322 Canticis
1078 2310 1092 2335 ,
1122 2277 1177 2321 ut
1209 2268 1580 2322 ardentissimo
1616 2267 1864 2337 flagraret
1885 2267 2149 2323 desiderio
2177 2269 2293 2323 illos
2318 2284 2410 2339 per
2437 2271 2618 2325 orbem
2661 2272 2965 2325 universum
2989 2314 3003 2335 ,
3034 2272 3077 2325 si
3105 2288 3205 2342 qua
3237 2272 3349 2327 fieri
3378 2288 3476 2344 po-

210 2364 425 2426 tuisset,
453 2361 742 2427 recitandi;
765 2361 1025 2431 simulque
1055 2360 1393 2414 amarissimo
1418 2360 1614 2415 doloris
1640 2375 1758 2413 eum
1789 2358 2144 2428 indignatione
2164 2375 2225 2415 ac
2246 2362 2707 2417 commiseratione
2737 2362 3001 2431 conjuncti
3029 2376 3188 2417 sensu
3216 2378 3478 2434 pungere-

206 2468 308 2519 tur,
342 2456 481 2526 quod
508 2472 627 2526 quae
656 2456 908 2527 mysteria
939 2454 1278 2524 remediaquc
1308 2454 1415 2508 illic
1457 2454 1814 2519 continentur,
1842 2451 2114 2507 Maniehrei
2159 2454 2382 2523 lugenda
2421 2458 2657 2510 czccitate
2696 2470 2801 2510 non
2840 2455 3116 2521 viderent,
3144 2466 3305 2528 atque
3343 2458 3479 2514 adeo

202 2549 496 2603 antidotum
517 2589 532 2615 ,
565 2565 669 2618 quo
691 2548 889 2602 sanitas
909 2548 985 2601 eis
1006 2548 1209 2601 restitui
1232 2546 1522 2617 potuisset,
1547 2553 1858 2617 reSpuerent
1887 2543 2073 2617 (Ibid.,
2103 2562 2149 2599 c.
2183 2547 2263 2616 4).

275 2642 435 2710 Atqui
465 2641 587 2694 licet
612 2655 643 2694 e
670 2639 894 2693 Psalmis
924 2648 1125 2693 tantum
1152 2638 1375 2693 luminis
1396 2637 1552 2704 duci,
1587 2647 1691 2691 tam
1721 2636 1940 2691 uberem
1970 2637 2180 2707 pietatis
2200 2652 2414 2692 succum
2440 2637 2665 2707 exprimi
2692 2653 2849 2707 posse
2880 2640 3228 2709 intelligeret,
3258 2642 3476 2711 proprio

204 2733 451 2786 nimirum
490 2730 880 2800 experimento;
908 2738 1140 2784 attamen
1170 2728 1370 2799 privata
1409 2744 1503 2783 sua
1541 2728 1886 2783 meditatione
1914 2735 2223 2792 contentus,
2264 2742 2529 2797 nunquam
2570 2727 2811 2783 fortassis
2836 2729 2904 2783 ad
2944 2744 3037 2783 eos
3064 2730 3273 2799 publice
3306 2748 3474 2802 expo-

205 2821 408 2875 nendos
428 2821 661 2873 animum
691 2819 999 2888 appulisset,
1025 2818 1125 2873 nisi
1154 2818 1321 2888 ipsum
1347 2818 1522 2886 petita:
1544 2814 1759 2871 aliunde
1779 2831 1954 2871 causa:
1976 2817 2378 2886 permovissent.
2404 2817 2686 2873 Enimvero
2712 2826 2819 2872 tam
2842 2820 3167 2888 magnificam
3192 2822 3469 2878 imbiberat

204 2913 271 2968 de
295 2913 623 2968 Psalmorum
658 2911 957 2981 praestantia
980 2910 1313 2980 opinionem,
1342 2919 1399 2964 ut
1419 2918 1674 2980 quotquot
1696 2924 1761 2964 ex
1792 2908 1893 2962 illis
1931 2909 2252 2979 apertissimi
2283 2909 2617 2977 videbantur,
2651 2910 2809 2965 iidem
2843 2910 3070 2966 habendi
3097 2924 3277 2970 essent
3311 2916 3475 2985 ipsius

204 3006 399 3076 judicio
425 3003 851 3060 reconditissimi.
894 3002 1003 3058 Nec
1029 3018 1158 3058 sane
1182 3002 1323 3057 aliud
1361 3018 1537 3073 causa:
1578 2998 1743 3055 fuisse
1793 3015 1889 3054 cur
1928 3000 1993 3055 ad
2031 3001 2290 3071 psalmum
2330 3002 2697 3060 centesimum.
2718 3002 2981 3058 decimum
3019 3015 3293 3071 octavum,
3325 3009 3478 3076 cujus

205 3099 589 3168 expositionem
621 3097 689 3152 ab
725 3112 790 3151 eo
817 3079 1161 3151 tantum‘non
1191 3095 1446 3150 conviciis
1481 3092 1818 3165 flagitabant,
1846 3092 2273 3163 explanandum,
2306 3102 2425 3170 post
2465 3102 2639 3148 tantas
2664 3110 2841 3150 moras
2883 3103 2937 3150 et
2974 3099 3481 3167 procrastinationes

209 3191 529 3261 accesserit,
572 3191 685 3259 ipse
723 3190 856 3243 Satis
890 3187 1123 3242 declarat
1164 3186 1279 3241 istis
1316 3186 1521 3251 verbis,
1569 3185 1768 3253 Quanto
1809 3185 1941 3238 enim
1982 3185 2174 3237 videtur
2216 3184 2457 3253 apertior,
2488 3192 2625 3238 tanto
2664 3185 2788 3237 mihi
2818 3187 3117 3256 profundior
3158 3189 3313 3242 videri
3353 3190 3481 3243 solet

211 3280 440 3351 (Prolog.
464 3281 517 3333 in
544 3277 688 3333 Psal.
717 3278 924 3350 cxvm).
951 3278 1323 3332 Verumtamen
1347 3292 1467 3331 cum
1489 3276 1757 3346 dignitatis
1782 3291 1940 3345 quam
1961 3275 2178 3345 gerebat
2204 3274 2341 3328 ratio
2360 3274 2596 3345 exigeret
2614 3285 2671 3330 ut
2690 3276 2900 3344 plebem
2928 3291 3069 3332 cura:
3094 3292 3202 3332 sua:
3220 3280 3476 3335 creditam

211 3373 485 3443 przeceptis
520 3372 850 3433 institueret,
884 3368 1341 3439 objurgationibus
1374 3367 1694 3438 corrigeret,
1727 3366 2035 3421 informaret
2076 3364 2142 3418 ad
2188 3366 2433 3433 pietatem
2456 3406 2469 3429 ,
2500 3364 2551 3418 in
2579 3364 2836 3420 bonorum
2868 3381 3084 3435 operum
3120 3370 3478 3438 virtutumque

211 3466 617 3521 christianarum
644 3464 819 3518 studio
847 3472 900 3518 et
919 3478 1018 3516 usu
1045 3462 1421 3524 confirmaret;
1446 3476 1741 3531 quanquam
1769 3458 2037 3528 Scriptura
2068 3458 2240 3511 omnis
2261 3499 2276 3524 ,
2305 3457 2561 3527 Apostolo
2590 3464 2722 3512 teste
2744 3498 2758 3521 ,
2790 3456 2856 3512 ad
2890 3458 2941 3512 id
2968 3459 3213 3515 conducit
3241 3461 3306 3531 (ll
3333 3460 3468 3518 Tim.

210 3578 293 3625 Ill,
321 3560 449 3630 16);
486 3574 604 3611 eum
632 3566 804 3611 tamen
832 3556 1065 3623 oportuit
1102 3557 1153 3609 in
1181 3554 1366 3623 primis
1394 3553 1636 3607 Psalmos
1669 3552 1956 3616 adhibere,
1988 3559 2168 3620 utpote
2206 3564 2337 3619 quos
2363 3550 2559 3619 passim
2589 3549 2765 3618 populi
2791 3550 3032 3603 manibus
3059 3552 3156 3605 teri
3194 3566 3256 3607 ac
3290 3553 3342 3607 in
3375 3569 3471 3608 ore

126 3666 129 3669 ·
209 3651 410 3707 versari
438 3659 713 3713 cerneret,
739 3662 909 3714 eoque
937 3647 1001 3701 ad
1030 3646 1155 3701 illud
1194 3643 1582 3715 assequendum
1617 3643 1880 3714 judicaret
1905 3640 2231 3697 efficaciores
2251 3683 2265 3706 ,
2294 3640 2433 3711 quod
2473 3642 2725 3712 mysteria
2750 3650 2907 3710 atque
2946 3651 3207 3710 praecepta
3235 3644 3285 3697 in
3312 3646 3478 3699 sacris

207 3745 453 3798 omnibus
484 3744 715 3812 paginis,
743 3756 966 3810 quarum
1000 3740 1073 3793 illi
1093 3738 1357 3809 quoddam
1386 3737 1544 3791 veluti
1575 3735 1945 3805 compendium
1972 3734 2260 3799 exhibent,
2291 3733 2528 3802 dispersa
2553 3774 2566 3795 ,
2600 3734 2651 3786 in
2680 3748 2738 3788 se
2766 3731 3206 3800 complectantur.
3239 3734 3473 3789 Desuda-

208 3840 277 3891 vit
311 3836 471 3905 igitur
502 3836 551 3888 in
578 3834 675 3887 hoc
699 3836 878 3887 labore
901 3847 1105 3887 summa
1126 3846 1250 3885 cura
1275 3839 1327 3884 et
1347 3828 1627 3884 sedulitate
1648 3869 1662 3893 ,
1692 3836 1745 3881 et
1770 3826 1815 3880 si
1841 3826 2054 3895 quando
2076 3825 2312 3879 molestis
2338 3822 2698 3891 improbisque
2728 3820 2971 3891 precibus
3001 3836 3186 3876 eorum
3213 3824 3301 3893 qui
3327 3839 3478 3879 com-

207 3929 565 3985 mentationes
609 3926 658 3979 iu
688 3924 955 3988 Psalmos,
988 3940 1121 3993 quos
1148 3924 1262 3991 ipse
1302 3921 1457 3973 nimis
1497 3918 1740 3972 difficiles
1782 3916 2154 3980 existimabat,
2191 3913 2565 3984 postulabant,
2619 3910 2821 3968 nonnisi
2849 3928 2990 3982 tegre
3028 3928 3230 3969 morem
3271 3919 3472 3987 gessit:

209 4032 395 4076 cutura
428 4020 671 4074 videmus
695 4016 975 4087 aliquando
1010 4016 1149 4070 nolle
1180 4016 1348 4084 ipsum
1382 4012 1630 4073 Psalmis,
1662 4010 1794 4079 quos
1840 4011 1889 4063 in
1920 4008 2165 4062 manibus
2207 4007 2429 4061 habebat
2456 4048 2471 4072 ,
2495 4004 2723 4065 relictis,
2752 4007 2817 4061 ad
2863 4008 2963 4062 alia
2993 4010 3251 4066 calamum
3292 4023 3470 4067 trans-

206 4121 374 4183 ferre;
407 4116 634 4187 eoquod
662 4131 779 4184 qua:
807 4115 985 4169 multis
1023 4120 1203 4169 essent
1245 4108 1623 4168 conducibilia,
1654 4105 1840 4161 eadem
1880 4112 2087 4174 putaret
2127 4118 2338 4171 semper
2381 4100 2771 4169 anteponenda.
2814 4101 2983 4173 Magis
3025 4114 3232 4175 urgent,
3267 4106 3467 4178 inquit,

205 4228 319 4281 qum
344 4210 572 4278 pluribus
601 4208 743 4261 utilia
772 4208 879 4276 [ore
903 4222 1162 4277 speramus
1192 4204 1379 4277 (Epist.
1407 4202 1538 4265 169,
1571 4200 1638 4253 ad
1664 4198 1910 4253 Evodium
1931 4239 1945 4262 ,
1979 4215 2030 4250 η.
2068 4198 2137 4264 ι).

272 4303 415 4355 Cum
442 4301 666 4369 primum
696 4298 760 4352 ad
791 4298 916 4351 illud
946 4306 1076 4367 opus
1098 4310 1373 4366 aggressus
1396 4302 1479 4348 est
1504 4291 1860 4361 Augustinus,
1893 4287 2337 4359 quemadmodum
2370 4287 2532 4356 ipsius
2557 4288 2837 4342 consilium
2870 4306 2975 4344 non
3014 4300 3129 4346 erat
3166 4293 3468 4352 Davidicum

204 4410 364 4449 omne
396 4392 708 4448 Psalterium
738 4390 1120 4454 commentari,
1150 4390 1218 4443 ita
1248 4389 1504 4441 rationem
1548 4383 1751 4439 ordinis
1779 4378 1917 4435 haud
1944 4394 2264 4450 magnopere
2287 4377 2581 4432 habendam
2622 4380 2957 4433 existimavit.
2998 4382 3063 4435 Et
3101 4384 3311 4451 quidem
3355 4389 3475 4456 cpi-

207 4489 363 4543 stola)
385 4486 450 4538 ad
480 4485 756 4539 Paulinum
783 4498 923 4536 anno
944 4481 1155 4536 circiter
1190 4481 1294 4534 414
1321 4481 1531 4547 scripta:
1557 4479 1706 4532 locus
1730 4474 1843 4537 ille,
1872 4488 1977 4543 quo
2002 4472 2316 4526 strictiorcm
2341 4471 2525 4539 psalmi
2553 4470 2744 4526 decimi
2775 4474 2907 4527 sexti
2943 4475 3330 4531 enarrationem
3361 4479 3464 4533 du-

205 4579 329 4633 dum
361 4580 459 4630 abs
482 4590 541 4630 se
568 4574 753 4628 factam
788 4581 1029 4637 testatur,
1056 4570 1299 4626 Recensui
1318 4611 1333 4635 ,
1363 4568 1621 4638 inquiens,
1649 4564 1989 4619 brevissimam
2008 4562 2281 4633 quamdam
2303 4562 2524 4631 ejusdem
2556 4562 2738 4632 psalmi
2760 4562 3148 4632 expositionem,
3177 4582 3327 4633 quam
3352 4572 3468 4639 jam

208 4674 325 4727 olim
351 4670 659 4723 dictaverunt
682 4666 871 4740 (Epist.
908 4664 1040 4731 M9,
1072 4681 1123 4717 η.
1153 4664 1231 4733 5),
1262 4676 1326 4715 eo
1363 4660 1735 4729 cogitationem
1766 4666 1999 4712 nostram
2045 4655 2295 4722 impellit,
2329 4664 2384 4708 ut
2404 4698 2419 4721 ,
2445 4670 2563 4708 eum
2604 4655 2843 4709 eamdem
2875 4656 3018 4708 illam
3052 4659 3468 4729 expositionem,

206 4779 315 4820 tum
344 4775 540 4817 omues
565 4759 695 4813 alias
716 4759 901 4814 eadem
926 4756 1186 4811 brevitate
1204 4767 1265 4807 ac
1289 4751 1427 4821 stylo
1444 4749 1782 4804 conciunatas
1799 4791 1813 4811 ,
1836 4748 1996 4804 totius
2020 4746 2196 4815 operis
2218 4746 2415 4816 primas
2437 4745 2631 4800 exiisse
2655 4745 2992 4798 arbitremur.
3017 4744 3279 4803 Statuerat
3308 4753 3467 4805 etiam

204 4855 500 4909 Graduales
529 4867 663 4921 quos
690 4858 881 4905 vocant
910 4849 1149 4903 Psalmos
1187 4861 1250 4898 ex
1282 4842 1468 4897 ordine
1505 4841 1815 4906 enucleare,
1856 4839 1994 4906 quod
2027 4838 2080 4891 in
2123 4838 2472 4892 centesimum
2512 4837 2821 4906 vigesimum
2864 4838 3156 4895 secundum
3201 4841 3475 4915 disserens

203 4948 467 5012 significat
498 4943 579 4998 his
601 4944 777 4997 verbis
794 4984 805 5005 ,
842 4939 1163 4995 Ascendeutis
1185 4936 1394 4991 Cantica
1414 4950 1479 4988 ea:
1497 4934 1672 4987 ordine
1700 4949 1813 4986 cum
1844 4931 2124 4987 Sanctitate
2160 4929 2331 4983 Vestra
2352 4926 2718 4982 consideranda
2740 4930 2953 4998 suscepi.
2985 4931 3239 4988 Similiter
3265 4935 3314 4988 iu
3337 4951 3469 4991 ccu-

202 5012 454 5093 te;imttm
482 5036 795 5105 vigesimum
826 5034 1060 5102 quintum
1088 5045 1151 5085 ac
1174 5028 1521 5083 centesimum
1546 5026 1869 5094 trigesimum
1900 5023 2123 5093 primum
2153 5021 2279 5074 dicit
2301 5022 2371 5075 ita
2411 5035 2470 5074 se
2508 5018 2572 5072 ad
2612 5019 2845 5088 psalmos
2874 5021 2991 5076 “'08
3018 5025 3255 5089 VCIIiSSC.
3289 5036 3344 5080 ιιι
3371 5044 3468 5082 οη·-

200 5133 393 5201 jusque
422 5127 553 5183 ordo
582 5126 884 5197 postulabat
914 5142 928 5176 :
959 5140 1076 5177 cum
1104 5132 1277 5177 tamen
1305 5119 1617 5189 vigesimum
1654 5126 1866 5171 sextum
1896 5116 1946 5169 in
1975 5115 2107 5169 festo
2140 5114 2196 5166 Β.
2229 5112 2486 5180 Crispinrc
2507 5152 2521 5176 ,
2554 5111 2706 5179 cujus
2737 5126 2956 5182 agonem
2990 5117 3142 5175 nonis
3167 5117 3467 5176 decembris

202 5228 448 5275 referunt
478 5216 848 5288 Martyrologia
869 5256 883 5279 ,
913 5215 1170 5282 psalmum
1210 5225 1335 5266 vero
1362 5209 1688 5279 trigesimum
1736 5207 2015 5276 septimum
2063 5205 2112 5258 in
2140 5204 2225 5256 die
2256 5201 2414 5256 natali
2450 5202 2504 5255 S.
2539 5202 2756 5264 Felicis,
2785 5204 2934 5273 cujus
2972 5209 3278 5277 martyrium
3312 5214 3467 5267 nouis

204 5308 519 5363 novembris
543 5307 898 5368 renuntiatur,
931 5304 1249 5371 exposuerit.
1286 5300 1389 5356 Sed
1425 5300 1477 5353 in
1521 5298 1736 5367 reliquis
1762 5297 2009 5351 omnibus
2037 5310 2157 5349 cum
2184 5294 2357 5348 ordini
2391 5311 2494 5350 non
2534 5294 2695 5348 fuisse
2732 5294 2997 5350 addictum
3020 5340 3033 5363 ,
3062 5300 3188 5353 varii
3222 5302 3321 5357 loci
3352 5304 3466 5373 pla-

204 5421 327 5459 num
354 5402 563 5457 faciunt
609 5398 848 5466 Exempli
890 5411 1046 5449 causa
1068 5436 1082 5459 ,
1112 5395 1162 5448 in
1192 5394 1448 5463 psalmum
1477 5391 1863 5460 sexagesimum
1885 5399 2092 5443 sextum
2130 5388 2526 5456 explanationes
2548 5387 2822 5442 centesimi
2854 5389 3070 5444 secundi
3113 5402 3166 5445 et
3192 5397 3465 5450 centesimi

203 5499 345 5553 tertii
375 5496 539 5558 citat;
568 5493 619 5546 in
646 5491 993 5569 centesimum
1032 5487 1315 5541 secundum
1352 5485 1741 5539 enarrationem
1781 5482 2052 5535 centesimi
2082 5482 2254 5545 tertii,
2284 5496 2440 5550 quam
2470 5482 2630 5534 etiam
2660 5481 2710 5534 in
2742 5483 3054 5549 exponendo
3081 5488 3459 5557 octogesimum

201 5591 437 5661 quodam
468 5586 630 5642 modo
651 5584 862 5639 videtur
889 5580 1137 5635 iudicare.
1169 5580 1221 5633 lu
1246 5578 1467 5647 epistola
1492 5578 1558 5631 ad
1598 5576 1852 5631 Evodium
1875 5573 1999 5628 data
2019 5582 2244 5629 exeunte
2273 5589 2411 5626 anno
2436 5574 2540 5627 415
2561 5616 2577 5637 ,
2606 5574 2764 5627 tradit
2803 5576 3041 5643 proxime
3080 5578 3301 5633 dictatas
3337 5594 3364 5631 a
3405 5597 3468 5636 so

196 5686 539 5753 psalmorum
570 5678 886 5749 sexagesimi
911 5672 1142 5742 septimi,
1172 5671 1544 5741 septuagesimi
1565 5671 1716 5740 primi
1745 5678 1797 5723 et
1818 5668 2186 5739 septuagesimi
2212 5668 2421 5737 septimi
2449 5668 2812 5722 euarrationes
2839 5668 3036 5733 fuisse;
3071 5672 3209 5725 nolle
3232 5687 3358 5727 vero
3380 5690 3461 5739 se,

195 5794 356 5833 suum
402 5778 455 5831 in
507 5772 738 5840 reliquos
780 5770 1009 5840 psalmos
1035 5809 1047 5827 ,
1073 5780 1204 5835 quos
1233 5764 1456 5820 necdum
1497 5763 1881 5833 cxplicaverat,
1922 5760 2157 5818 laborem
2189 5760 2446 5829 interpelli
2475 5759 2667 5829 (Epist.
2700 5761 2801 5817 169
2824 5805 2837 5829 ,
2863 5780 2915 5815 η.
2949 5764 3004 5828 1)
3033 5779 3045 5813 :
3075 5762 3211 5819 unde
3245 5767 3461 5841 colligas

474 5868 745 5927 PATROL.
793 5860 1086 5926 XXXVI.

2366 5944 2373 5949 θ
2917 5855 3159 5932 '{UneJ
