4046 6200
495 375 568 430 si
689 347 694 350 ’
1575 335 1577 337 ’
1941 371 2093 429 ruta

2150 373 2320 429 ΑΤΙΟ.
2591 378 2597 386 ’
3681 391 3748 445 τε

489 502 624 548 tunc
653 507 755 546 non
780 496 910 548 bene
939 492 1142 546 multos-
1158 490 1482 560 superfuisse
1505 504 1639 560 quos
1668 498 1943 545 tractaret.
1972 489 2113 545 Loca
2132 532 2145 555 ,
2180 500 2416 559 tempora
2435 532 2448 554 ,
2480 503 2635 544 casus
2653 531 2667 554 ,
2700 505 2968 561 personzc,
2995 506 3136 562 sa‘pe
3177 490 3367 561 sepius
3403 495 3756 551 enarrandum

488 586 755 653 psalmum
785 585 831 638 ei
856 583 1230 654 suggerebant.
1258 583 1518 638 Debemus
1557 582 1810 652 trigesimi
1844 583 2016 652 quarti
2059 592 2114 636 et
2149 583 2421 638 centesimi
2466 583 2716 653 trigesimi
2756 584 2880 638 noni
2923 585 3394 644 commentationes
3423 586 3646 656 imperio
3673 589 3755 643 vel

489 679 743 748 precibus
767 677 1172 746 episcoporum,
1203 691 1338 747 quos
1360 683 1483 730 tunc
1513 674 1767 744 temporis
1794 685 2111 730 conventum
2135 673 2363 743 aliquem
2390 674 2634 729 habuisse
2653 675 2918 743 conjicere
2947 683 3046 729 est.
3078 674 3220 730 ldem
3251 685 3371 744 puta
3391 675 3457 731 de
3483 693 3760 732 commen-

495 773 695 838 tatione
723 771 772 823 in
812 769 1137 839 trigesimum
1180 777 1423 831 sextum,
1451 766 1898 837 quemadmodum
1945 767 1995 819 iu
2045 765 2265 822 exordio
2292 767 2554 819 sermonis
2598 764 2817 819 secundi
2863 779 3024 835 super
3069 765 3261 820 eodem
3306 765 3504 834 psalmo
3527 766 3761 836 ipsemet

498 876 697 921 narrat.
745 865 1244 934 Quinquagesimum
1295 861 1585 918 secundum
1631 859 1861 933 Fratris,
1909 859 2130 928 alicujus
2172 857 2392 914 forsitan
2433 857 2699 927 episcopi,
2734 858 2960 927 impulsu
2991 873 3050 912 se
3090 857 3420 913 tractandum
3461 859 3760 927 suscepisse

501 967 742 1012 testatur.
771 956 1178 1026 Nonagesimum
1220 963 1464 1024 quartum
1493 953 1687 1023 populo
1717 953 1958 1021 exposuit
1986 949 2157 1005 Patris
2175 992 2189 1015 ,
2219 960 2275 1005 ut
2299 951 2402 1017 ait,
2427 950 2592 1018 jussis
2618 950 2964 1026 obsecuturos
2982 992 2995 1014 ,
3024 951 3270 1005 nimirum
3298 951 3378 1006 vel
3407 951 3603 1006 Aurelii
3630 951 3756 1007 Car-

495 1053 820 1122 thaginensis
840 1093 854 1112 .
885 1050 969 1104 vel
996 1049 1138 1105 senis
1169 1047 1393 1110 Valerii,
1422 1063 1578 1117 quem
1622 1047 1671 1100 in
1701 1047 2004 1115 episc0patu
2032 1044 2354 1114 Augustinus
2388 1044 2612 1112 excepit.
2651 1044 2722 1097 De
2749 1043 2950 1112 psalmo
2999 1046 3289 1097 centesimo
3322 1044 3482 1098 tertio
3524 1043 3659 1098 idem
3690 1046 3756 1099 si.

490 1146 691 1202 militer
715 1143 1010 1197 declaratur
1037 1142 1087 1195 in
1115 1140 1350 1196 secundo
1376 1139 1719 1208 prolixiorum
1746 1139 1995 1192 horumce
2015 1148 2238 1207 quatuor
2268 1152 2608 1202 sermonum,
2635 1137 2825 1206 quibus
2845 1133 3161 1206 Carthagine
3192 1137 3282 1190 V'ir
3306 1147 3523 1191 sanctus
3551 1154 3758 1192 memo-

490 1249 660 1293 ratum
690 1239 945 1308 psalmum
975 1235 1277 1289 edisseruit.
1312 1234 1643 1303 Propositum
1681 1234 1778 1287 sibi
1806 1250 1834 1286 a
1865 1234 1979 1287 viro
2011 1232 2240 1303 quodam
2283 1226 2486 1303 magum
2529 1233 2891 1299 auctoritatis,
2919 1248 3074 1302 quem
3112 1249 3264 1287 suum
3303 1248 3512 1303 quoque
3551 1244 3754 1303 patrem

477 1333 688 1384 'vocitat
708 1372 720 1390 ,
759 1322 1019 1398 psalmum
1056 1323 1434 1394 octogesimum
1457 1334 1662 1380 sextum
1691 1326 1922 1379 excussit
1946 1340 2011 1379 ex
2052 1335 2305 1393 tempore.
2342 1325 2477 1392 Quin
2508 1325 2665 1380 etiam
2689 1325 2898 1380 videtur
2930 1327 2981 1378 in
3010 1327 3498 1395 quinquagesimum
3529 1327 3756 1396 primum

483 1423 648 1476 verba
683 1421 897 1478 fecisse.
928 1435 1031 1473 non
1061 1428 1184 1472 ante
1225 1417 1502 1470 meditatus
1531 1433 1648 1486 qua:
1675 1418 1876 1471 diceret
1901 1435 1913 1470 :
1941 1432 2060 1470 cum
2090 1415 2160 1470 ibi
2190 1417 2361 1471 vereri
2406 1432 2464 1471 se
2501 1425 2741 1482 testetur,
2775 1426 2831 1471 ut
2869 1417 2920 1470 id
2964 1426 3107 1471 tanta
3135 1418 3472 1473 accuratione
3503 1429 3719 1487 praestet
3739 1461 3754 1482 ,

493 1525 741 1584 quautam
769 1512 927 1581 exigit
949 1513 1116 1567 oratio
1138 1553 1152 1576 ,
1187 1526 1289 1564 non
1313 1518 1511 1564 attente
1537 1511 1707 1564 solum
1739 1510 2038 1564 auditorum
2068 1510 2286 1565 auribus
2309 1551 2323 1573 ,
2352 1509 2446 1565 sed
2473 1509 2785 1579 scriptorum
2811 1526 3022 1580 quoque
3060 1511 3294 1577 calamo,
3324 1520 3380 1565 ut
3407 1512 3596 1580 publici
3619 1512 3755 1582 juris

487 1609 574 1660 ﬁat
593 1649 606 1672 ,
633 1605 957 1676 excipienda.
987 1603 1438 1673 Quandoquidem,
1473 1603 1676 1673 inquit,
1708 1603 1895 1674 placuit
1925 1603 2164 1674 fratribus
2182 1645 2196 1664 ,
2230 1621 2329 1657 non
2352 1613 2543 1656 tantum
2573 1621 2694 1656 aure
2713 1615 2755 1656 et
2782 1605 2930 1658 corde
2949 1645 2964 1669 ,
2993 1605 3080 1658 sed
3108 1615 3151 1658 et
3174 1606 3303 1676 stylo
3331 1606 3624 1676 excipienda
3643 1623 3756 1677 qua:

475 1701 730 1760 dicimus,
762 1708 812 1750 ut
839 1714 937 1750 non
962 1696 1242 1749 auditorem
1281 1705 1471 1747 tentant
1494 1737 1509 1760 ,
1538 1695 1627 1748 sed
1662 1704 1708 1748 et
1735 1695 1970 1748 lectorem
2000 1696 2146 1749 etiam
2173 1697 2392 1765 coyitare
2416 1696 2678 1749 debeamus
2707 1693 2756 1766 (1
2764 1713 2795 1747 n
2837 1694 2979 1749 Psal.
3005 1712 3087 1758 1.1,
3121 1714 3173 1748 u.
3210 1696 3285 1766 l).
3335 1697 3544 1751 Psalmo
3572 1709 3755 1752 cente-

495 1797 631 1846 simo
657 1791 927 1862 trigesimo
955 1798 1141 1845 octavo
1166 1787 1382 1843 alterius
1407 1787 1669 1864 brevioris
1686 1789 1804 1842 vice
1823 1829 1838 1853 ,
1870 1803 2026 1856 quem
2052 1787 2376 1857 Augustinus
2399 1797 2702 1856 paraverat,
2731 1803 2794 1842 ac
2821 1788 2888 1843 de
2915 1806 3061 1843 more
3087 1800 3208 1844 ante
3233 1790 3614 1869 expositionem
3645 1793 3747 1862 legi

491 1885 748 1954 jusserat,
780 1881 1034 1944 recitato;
1060 1895 1240 1934 casum
1273 1879 1413 1933 hunc
1439 1879 1526 1934 ille
1553 1879 1605 1933 in
1631 1888 1998 1948 argumentum
2033 1879 2230 1934 divina:
2255 1879 2541 1935 voluntatis
2567 1881 2759 1947 traxit,
2790 1891 2944 1952 atque
2964 1898 3028 1936 ex
3058 1890 3295 1952 tempore
3329 1883 3572 1939 eumdem
3603 1885 3753 1941 illum

492 1976 752 2044 psalmum
781 1973 1100 2053 explanavit.
1127 1967 1323 2053 Diebus
1352 1971 1631 2026 dominica:
1664 1971 1902 2026 Passioui
1929 1971 2094 2026 sacris
2117 1971 2306 2042 psalmi
2330 1973 2571 2042 vigesimi
2603 1974 2786 2043 primi,
2817 1975 2956 2044 quod
2986 1976 3030 2029 is
3067 1976 3238 2030 eidem
3268 1979 3522 2048 mysterio
3547 1996 3754 2034 conve-

485 2069 625 2122 niret
647 2110 660 2134 ,
689 2066 1044 2137 pronuntiavit
1069 2040 1322 2120 iusiorem
1348 2064 1812 2134 explanationem;
1849 2063 1988 2119 sicut
2010 2073 2062 2118 et
2087 2063 2275 2133 psalmi
2302 2065 2579 2120 centesimi
2611 2063 2758 2121 festis
2790 2067 3126 2122 Paschalibus
3146 2109 3160 2134 ,
3188 2070 3336 2138 queis
3361 2070 3430 2126 ob
3454 2071 3755 2141 inscriptio-

482 2175 607 2215 nem
640 2159 858 2213 Alleluia
886 2158 1145 2228 congruit.
1168 2146 1370 2226 'Opera:
1404 2171 1508 2210 non
1534 2165 1645 2221 εει,
1675 2155 1808 2210 alios
1832 2155 2095 2225 psalmos,
2119 2172 2251 2225 quos
2282 2165 2403 2210 nata
2427 2159 2707 2212 occasione
2750 2167 2827 2213 tot
2867 2160 3022 2214 variis
3047 2161 3468 2218 solemnitatibus
3496 2179 3558 2218 ac
3584 2165 3752 2232 locis,

486 2249 935 2320 Hippone-regio,
959 2247 1276 2317 Carthagine
1297 2288 1311 2313 ,
1345 2246 1510 2302 Utica:
1552 2255 1711 2316 atque
1748 2247 1875 2301 alibi
1901 2246 1999 2301 fuit
2037 2247 2440 2314 interpretatus,
2475 2247 2559 2304 hic
2586 2258 2842 2305 annotare
2867 2268 2879 2304 :
2906 2253 3034 2306 satis
3072 2254 3211 2306 enim
3257 2264 3368 2320 est,
3398 2256 3534 2324 quod
3565 2273 3626 2313 ea
3655 2275 3753 2315 suo

483 2356 701 2411 quaeque
729 2341 847 2396 loco
869 2339 918 2393 in
950 2337 1128 2392 limine
1151 2337 1455 2392 earumdem
1479 2338 1871 2392 enarrationum
1901 2338 2210 2414 indicamus.
2247 2339 2501 2416 Addimus
2528 2341 2630 2396 hoc
2659 2358 2848 2407 unum,
2881 2345 3184 2399 corouidem
3212 2347 3360 2416 operi
3392 2364 3487 2403 suo
3511 2361 3752 2407 sanctum

482 2410 785 2487 Antistitem
807 2433 1046 2510 posuisse
1071 2429 1310 2499 exposito
1337 2429 1627 2485 centesimo
1655 2429 1861 2486 decimo
1881 2410 2068 2487 octavo
2111 2410 2520 2504 psalmo,’prout
2545 2435 2597 2488 iu
2629 2435 2866 2506 ejusdem
2899 2437 3111 2508 prologo
3137 2410 3397 2510 signiﬁcat
3415 2484 3429 2511 ,
3453 2460 3609 2515 quem
3636 2451 3754 2516 qui-

483 2526 605 2582 dem
632 2524 827 2595 placuit
851 2523 952 2578 hoc
973 2522 1074 2576 loci
1103 2522 1364 2592 integrum
1388 2531 1789 2590 reprzesentare.

558 2618 790 2674 Psalmos
817 2633 986 2670 omnes
1013 2602 1216 2670 cteteros
1238 2655 1251 2679 ,
1279 2615 1352 2668 ait
1375 2655 1392 2680 ,
1422 2631 1546 2683 quos
1573 2614 1795 2668 codicem
1827 2613 2147 2668 Psalmorum
2180 2616 2408 2670 nouimus
2436 2619 2687 2672 continere
2705 2661 2720 2687 ,
2749 2621 2880 2690 quod
2907 2621 3148 2677 Ecclesia:
3169 2627 3528 2682 consuetudine
3552 2628 3755 2684 Psalte-

483 2711 616 2764 rium
657 2696 1015 2781 nuncupatur,
1047 2705 1241 2776 partim~
1275 2705 1653 2758 sermocinando
1695 2705 1748 2758 in
1788 2705 1990 2775 populis
2014 2746 2028 2767 ,
2072 2707 2255 2774 partim
2301 2706 2537 2760 dictando
2565 2709 2772 2777 exposui
2798 2751 2812 2774 ,
2852 2711 3068 2765 donante
3105 2713 3325 2768 Domino
3349 2758 3364 2782 ,
3395 2719 3518 2771 sicut
3565 2722 3705 2789 potui
3731 2738 3752 2776 :

485 2799 730 2870 psalmum
749 2814 864 2852 vero
890 2795 1209 2850 centesimum
1235 2805 1465 2848 octavum
1485 2795 1735 2847 decimum
1754 2836 1766 2855 ,
1799 2806 2016 2848 nontam
2043 2806 2246 2866 propter
2267 2799 2378 2865 ejus
2404 2799 2713 2852 notissimam
2739 2799 3101 2872 longitudinem
3123 2845 3137 2868 ,
3169 2821 3318 2874 quam
3348 2819 3553 2878 prapter
3576 2812 3751 2864 anim-

485 2895 654 2946 dinem
681 2891 852 2960 paucis
871 2889 1254 2968 cognoscibilem
1279 2885 1590 2953 differebam.
1616 2886 1682 2939 Et
1703 2904 1816 2939 cunt
1839 2889 2181 2941 molestissime
2205 2889 2389 2958 ferrent
2419 2892 2601 2960 fratres
2631 2886 2727 2944 mei
2746 2933 2760 2955 ,
2785 2894 2892 2962 ejus
2912 2895 3068 2948 solius
3092 2898 3483 2965 expositionem,
3511 2914 3752 2970 quantum

485 2986 552 3039 ad
578 2985 799 3057 ejusdem
819 2981 1042 3052 corporis
1073 2978 1301 3034 Psalmos
1322 2981 1552 3051 pertinet,
1581 2979 1752 3033 deesse
1770 2983 2025 3050 apusculis
2050 2984 2234 3038 nostris
2255 3025 2270 3048 ,
2297 3000 2470 3054 meque
2496 2985 2564 3036 ad
2592 2985 2685 3039 Itoc
2703 2987 2994 3042 solvendum
3021 2989 3237 3044 debitum
3265 2995 3573 3050 uehementer
3599 2977 3750 3069 urge?

483 3087 590 3131 rent
611 3094 629 3140 ;
653 3076 739 3128 diu
773 3071 1047 3145 petentibus
1055 3069 1447 3142 jubentﬂtusque
1467 3087 1566 3122 non
1587 3071 1710 3123 cessi
1734 3085 1751 3123 :
1775 3071 1892 3138 quia
1919 3076 2321 3143 quotiescumque
2357 3073 2476 3126 inde
2502 3075 2725 3144 cogitare
2758 3081 2941 3131 tentari
2960 3120 2974 3142 ,
3002 3096 3196 3150 semper
3225 3083 3350 3137 vires
3380 3096 3564 3141 nostra:
3591 3089 3752 3142 inten-

484 3171 632 3225 tionis
657 3167 885 3223 excessit.
913 3165 1110 3232 Quanto
1139 3164 1269 3217 enim
1295 3163 1488 3216 videtur
1523 3164 1778 3231 apertior,
1803 3173 1941 3216 tanto
1969 3164 2093 3217 mihi
2113 3164 2410 3232 profundior
2439 3165 2595 3218 videri
2612 3169 2769 3232 solet;
2795 3170 2865 3221 ita
2890 3180 2946 3222 ut
2973 3173 3123 3224 etiam
3147 3191 3299 3241 quam
3327 3177 3389 3228 sit
3419 3181 3703 3249 profundus
3729 3224 3746 3248 ,

484 3263 824 3314 demonstrare
849 3274 948 3312 non
991 3255 1195 3326 possim.
1221 3254 1450 3307 Aliorum
1477 3255 1679 3323 quippe,
1709 3253 1793 3324 qui
1823 3254 2020 3325 difficile
2045 3257 2414 3328 intelliguntur,
2444 3259 2639 3312 etiamsi
2663 3260 2714 3313 in
2742 3263 3040 3317 obscuritate
3063 3281 3236 3320 sensus
3263 3266 3381 3321 latet
3403 3311 3418 3336 ,
3439 3271 3550 3340 ipsa
3587 3283 3750 3328 tamen

483 3363 692 3424 apparet
717 3353 1036 3416 obscuritas;
1067 3351 1218 3420 hujus
1246 3358 1409 3401 autem
1439 3365 1529 3402 nec
1554 3349 1665 3418 ipsa
1686 3364 1704 3401 :
1725 3351 1962 3421 quoniam
1983 3352 2135 3404 talem
2167 3353 2350 3421 pra'bet
2372 3353 2685 3422 superﬁciem
2708 3395 2722 3418 ,
2751 3364 2806 3408 ut
2845 3356 3078 3411 lectorem
3115 3367 3262 3430 atque
3298 3363 3577 3418 auditorem
3601 3409 3616 3431 ,
3649 3384 3750 3423 non

484 3447 814 3518 expositorem
856 3445 1188 3498 necessarium
1233 3443 1411 3497 habere
1449 3442 1700 3496 credatur.
1729 3443 1794 3496 Et
1833 3460 1966 3498 nunc
2008 3447 2144 3512 quod
2169 3445 2370 3501 tandem
2419 3448 2487 3500 ad
2522 3452 2956 3518 pertractationem
2995 3455 3106 3522 eius
3145 3457 3326 3510 accedo
3349 3499 3364 3523 ,
3417 3461 3539 3529 quid
3587 3463 3641 3515 in
3692 3482 3751 3518 eo

485 3539 671 3610 possim
695 3580 709 3603 ,
743 3553 946 3608 prorsus
973 3537 1148 3604 ignoro
1176 3549 1195 3587 :
1223 3549 1367 3604 spero
1393 3543 1554 3587 tamen
1575 3543 1626 3586 ut
1654 3534 1847 3604 aliquid
1865 3536 2083 3604 possim,
2111 3537 2389 3603 allaturum
2409 3547 2556 3608 atque
2575 3539 2871 3608 adjuturum
2897 3541 3076 3597 Deum.
3105 3544 3193 3599 Sic
3221 3549 3350 3600 enim
3379 3550 3473 3617 feci
3494 3551 3555 3605 de
3578 3555 3748 3606 omni-

483 3634 612 3693 bus.
644 3646 966 3701 quazcumque
1005 3628 1334 3698 sufficienter,
1365 3643 1475 3680 cum
1515 3627 1655 3697 prius
1706 3627 1827 3680 mihi
1875 3630 1942 3680 ad
1967 3630 2345 3703 intelligendum
2386 3631 2463 3685 uel
2500 3633 2850 3702 explicandum
2892 3637 3112 3708 difficilia
3153 3657 3212 3692 ac
3255 3657 3378 3711 pene
3423 3643 3749 3712 impossibilia

399 3757 407 3790 κ
484 3730 769 3782 viderentur
789 3765 803 3791 ,
836 3723 1062 3795 exposui.
1088 3721 1260 3776 Statui
1293 3730 1459 3774 autem
1485 3737 1572 3791 per
1596 3735 1848 3775 sermones
1877 3722 1931 3774 id
1951 3739 2099 3793 agere
2121 3765 2134 3789 ,
2167 3725 2254 3795 qui
2279 3723 2599 3793 proferantur
2640 3727 2692 3778 in
2721 3729 2922 3798 populis
2943 3769 2958 3794 ,
2989 3746 3112 3800 quos
3143 3730 3304 3786 (ἔπεσί
3331 3739 3518 3801 ὁμιλίας
3545 3750 3745 3795 uocant.

489 3821 601 3876 Hoc
648 3823 780 3878 enim
807 3819 996 3892 justius
1025 3834 1131 3873 esse
1153 3816 1398 3880 arbitror,
1429 3826 1482 3869 ut
1508 3826 1778 3870 conventus
1803 3817 2121 3873 ecclesiastici
2146 3835 2246 3872 non
2275 3821 2572 3888 fraudentur
2599 3819 2747 3872 etiam
2777 3820 2957 3890 psalmi
2985 3821 3137 3892 hujus
3164 3823 3523 3896 intelligentia,
3567 3832 3710 3901 cujus
3730 3872 3746 3898 ,

485 3923 543 3966 ut
570 3914 785 3967 aliorum
805 3953 819 3976 ,
842 3911 1080 3967 delectari
1097 3909 1313 3965 assolent
1329 3906 1599 3961 cantilena.

556 4005 725 4061 Fuere
775 4004 934 4074 igitur
978 4003 1035 4057 hi
1079 4015 1352 4058 sermones
1386 3987 1594 4070 triginta
1638 3999 1742 4054 duo
1771 4000 1821 4054 in
1873 4001 2131 4070 psalmum
2168 4002 2511 4058 centesimum
2541 4001 2801 4057 decimum
2831 4012 3074 4058 octavum
3124 4007 3304 4077 populi
3346 4010 3558 4078 quidem
3589 4028 3746 4070 causa

486 4095 746 4154 lucubrati
771 4134 784 4156 ,
817 4093 910 4149 sed
943 4109 1270 4163 nequaquam
1314 4093 1382 4147 ab
1407 4092 1698 4160 Augustino
1725 4093 2064 4160 pronuntiati.
2098 4093 2163 4148 Et
2189 4094 2290 4148 hoc
2315 4093 2488 4164 ipsum
2518 4091 2654 4149 forte
2693 4095 3041 4163 signiﬁcatum
3089 4099 3250 4152 voluit
3281 4099 3583 4170 Possidius,
3625 4120 3744 4160 cum

485 4201 606 4263 post
623 4195 958 4245 cnmncratas
984 4185 1362 4254 expositiones,
1395 4200 1524 4254 quas
1552 4183 1888 4240 solummodo
1919 4187 2007 4239 Vir
2037 4198 2250 4242 sanctus
2271 4189 2507 4251 dictavit,
2536 4197 2607 4243 1t°
2629 4190 2803 4244 subdit
2836 4209 2848 4243 :
2878 4191 3079 4264 Reliqui
3099 4210 3266 4248 onines
3285 4192 3484 4249 Psalttti
3499 4238 3513 4263 ,
3536 4204 3742 4268 excepto

482 4285 750 4340 centesimo
779 4280 966 4335 decimo
985 4286 1159 4332 octavo
1179 4319 1192 4341 ,
1222 4278 1273 4330 in
1303 4277 1490 4348 papula
1519 4276 1763 4346 dispalati
1778 4286 1893 4330 sunt
1913 4275 2139 4350 (Possid.
2163 4280 2213 4334 in
2237 4281 2391 4334 indic.
2420 4297 2535 4349 cap.
2562 4280 2643 4350 (ο).
3761 4352 3768 4358 1

554 4376 885 4433 Psalmorum
937 4378 1114 4424 autem
1157 4384 1188 4424 e
1213 4383 1366 4424 sacro
1395 4378 1638 4439 suggestu
1677 4367 1974 4423 habitorum
2007 4386 2256 4426 numerus
2285 4372 2419 4427 alios
2458 4373 2612 4443 longe
2639 4385 2874 4445 superat.
2921 4376 3048 4443 Qua:
3078 4394 3164 4432 res
3195 4378 3343 4434 facile
3373 4379 3538 4436 videri
3567 4395 3746 4452 posset

485 4471 608 4528 inde
647 4467 932 4538 contigisse
954 4507 968 4530 ,
1002 4462 1140 4534 quod
1168 4477 1388 4532 magnus
1409 4463 1609 4517 Prmsul
1652 4472 1727 4518 tot
1751 4478 1815 4517 ac
1852 4471 1959 4518 tam
1989 4466 2144 4522 variis
2178 4467 2432 4524 Ecclesia:
2457 4470 2597 4524 curis
2616 4470 2886 4527 districtus
2905 4515 2918 4539 ,
2951 4475 3032 4527 vix
3062 4475 3205 4529 aliud
3234 4485 3441 4548 tempus
3472 4481 3743 4536 nancisce-

485 4575 628 4619 retur
649 4603 662 4626 ,
693 4559 832 4633 quod
858 4558 942 4615 isti
971 4555 1136 4610 labori
1165 4553 1494 4621 impenderet
1520 4572 1533 4606 :
1564 4555 1654 4612 sed
1685 4571 1750 4609 ex
1782 4555 1844 4609 iis
1864 4572 1982 4626 qua:
2009 4572 2165 4629 supra
2197 4559 2470 4617 retulimus
2501 4577 2567 4617 ex
2587 4563 2775 4634 psalmi
2803 4567 3077 4621 centesimi
3111 4567 3299 4623 decimi
3322 4572 3493 4626 octavi
3523 4588 3742 4626 enarra-

485 4653 627 4710 tione
655 4652 988 4707 mauil‘estum
1017 4655 1130 4711 est,
1173 4645 1370 4699 hancce
1408 4644 1712 4699 methodum
1749 4648 2073 4718 explicandae
2101 4651 2386 4721 Scriptura:
2415 4653 2582 4723 magis
2611 4655 2682 4708 illi
2716 4656 2984 4725 probatam
3018 4657 3180 4715 fuisse
3211 4676 3426 4732 prop1er
3453 4664 3697 4735 populum
3724 4706 3740 4729 ,

485 4747 572 4817 qui
603 4745 711 4800 sola
744 4744 844 4799 hac
870 4743 952 4799 via
982 4742 1276 4796 divinarum
1308 4737 1625 4793 Litterarum
1666 4752 1880 4795 sensum
1925 4742 1975 4796 in
2006 4744 2348 4800 conciouihus
2373 4746 2744 4804 ecclesiasticis
2779 4751 2955 4806 doceri
3003 4762 3225 4821 poterat.
3260 4756 3315 4810 ln
3353 4758 3455 4811 illis
3492 4773 3647 4826 porro
3675 4748 3778 4813 ad“

485 4841 692 4910 plebem
718 4838 1072 4916 Tractatibus,
1103 4833 1501 4890 observationes
1527 4832 1766 4902 quaedam
1795 4834 2117 4903 inseruntur,
2149 4853 2211 4893 ac
2237 4847 2396 4894 certa:
2427 4840 2756 4896 Psalmorum
2785 4845 3063 4898 sententias
3090 4847 3140 4900 in
3173 4848 3452 4904 schismata
3476 4890 3492 4914 ,
3521 4850 3574 4903 in
3597 4866 3746 4904 erm-

485 4950 570 4990 res
599 4948 660 4986 ac
690 4932 741 4985 in
772 4929 894 4984 vitia
926 4936 1223 4998 temporum
1257 4926 1475 4981 istorum
1516 4934 1860 4993 torquentur,
1892 4928 2082 4997 quibus
2109 4944 2291 4984 eorum
2321 4932 2473 4986 lectio
2500 4934 2667 4987 multo
2703 4933 2988 5003 jucundior
3017 4940 3212 4994 evadit.
3251 4940 3358 4994 lllic
3398 4942 3554 4995 etiam
3599 4944 3744 4998 locos

426 5057 448 5070 .
483 5044 548 5083 οι
599 5023 886 5093 Evangelio
907 5062 923 5086 ,
967 5021 1184 5075 Actibus
1214 5031 1371 5092 atque
1411 5019 1659 5089 Epistolis
1703 5020 2078 5088 Apostolorum
2108 5023 2336 5077 maxime
2369 5023 2600 5094 insignes
2629 5028 2882 5096 reperias,
2917 5045 3050 5098 quos
3080 5031 3274 5088 idcirco
3301 5043 3516 5087 sanctus
3554 5035 3746 5090 Doctor

483 5134 586 5173 una
617 5132 736 5170 cum
781 5113 990 5168 Psalmo
1017 5112 1311 5166 enucleavit
1333 5153 1347 5176 ,
1375 5113 1496 5181 quia
1525 5111 1712 5168 eodem
1742 5111 1827 5166 die
1851 5113 2051 5166 recitati
2079 5109 2287 5168 fuerant
2311 5115 2364 5168 in
2393 5117 2638 5170 ecclesia.
2666 5117 2900 5187 Denique
2925 5132 3210 5176 occurrunt
3233 5121 3631 5180 adhortationes
3655 5143 3745 5182 ve-

486 5214 778 5272 hementes,
803 5223 921 5276 qua:
949 5204 1300 5275 persuadeant
1325 5222 1338 5270 ;
1365 5206 1692 5260 elocutiones
1713 5203 2048 5259 inﬂammata:
2069 5246 2084 5264 .
2110 5219 2229 5274 qua:
2250 5208 2543 5277 abripiant;
2577 5209 2754 5279 ﬁgurae
2785 5221 2858 5263 tot
2885 5211 3112 5269 llammis
3138 5224 3295 5284 atque
3321 5215 3529 5285 ignibus
3547 5260 3563 5285 ,
3594 5220 3639 5274 si
3667 5219 3746 5276 fas

487 5310 556 5361 ita
589 5303 763 5369 loqui,
797 5299 1025 5371 gravidae
1049 5339 1064 5364 ,
1090 5305 1145 5350 ut
1173 5295 1224 5350 in
1255 5312 1347 5351 eas
1375 5297 1557 5352 oculos
1577 5298 1841 5367 conjicere
1871 5298 1952 5352 vix
1982 5298 2256 5368 quisquam
2287 5300 2484 5368 possit,
2529 5302 2652 5370 quin
2685 5301 2994 5358 incendatur
3021 5307 3206 5361 eodem
3232 5306 3426 5363 ardore
3452 5326 3608 5380 quem
3647 5328 3744 5367 ex-

488 5404 644 5476 periri
671 5417 728 5456 se
758 5398 1084 5479 testabantur
1113 5395 1146 5449 ii
1178 5395 1267 5464 qui
1297 5393 1540 5447 dicebant
1565 5411 1577 5447 :
1602 5393 1788 5448 Nonne
1823 5410 1906 5446 cor
1932 5408 2155 5448 nostrum
2178 5393 2358 5446 ardens
2383 5404 2488 5448 erat
2515 5396 2566 5448 in
2589 5396 2756 5459 nobis,
2777 5398 2894 5451 dum
2929 5400 3210 5470 loqueretur
3232 5401 3285 5454 in
3309 5402 3390 5455 via
3409 5445 3423 5467 ,
3456 5413 3503 5457 et
3527 5406 3742 5477 aperiret

485 5499 626 5551 nobis
655 5495 948 5561 Scripturas
969 5488 1116 5560 (Luc.
1141 5494 1288 5548 xxiv,
1311 5485 1447 5554 5‘2)?
3085 5549 3094 5564 ν

559 5587 612 5644 Id
637 5595 884 5656 expertus
910 5593 986 5637 est
1019 5581 1203 5634 beatus
1223 5579 1530 5649 Fulgentius
1555 5619 1570 5642 ,
1596 5593 1715 5633 cum
1746 5577 2046 5633 Tractatum
2075 5581 2126 5634 in
2168 5581 2422 5651 psalmum
2453 5582 2775 5650 trigesimum
2807 5595 3011 5640 sextum
3038 5587 3270 5657 legeret,
3301 5592 3452 5659 cujus
3474 5591 3742 5645 exordium

489 5699 521 5738 e
563 5677 982 5737 consideratione
1021 5674 1121 5728 dici
1169 5672 1391 5727 extremi
1425 5669 1611 5740 judicii
1655 5669 1773 5724 ideo
1803 5671 2060 5737 sumitur,
2095 5672 2234 5743 quod
2279 5689 2343 5728 eo
2371 5672 2454 5727 die
2498 5683 2656 5743 caput
2702 5691 2821 5730 xxiv
2868 5678 3094 5733 Matthxi
3128 5678 3298 5735 fuerat
3327 5682 3618 5737 recitatum.
3654 5681 3745 5735 llic

489 5773 770 5844 siquidem,
804 5781 861 5827 ut
885 5773 936 5827 in
967 5769 1081 5841 ejus
1108 5768 1228 5824 Vita
1254 5766 1552 5821 Ferraudus
1590 5773 1775 5820 auctor
1799 5772 1915 5831 est,
1947 5778 2065 5820 cum
2111 5765 2245 5837 apud
2294 5766 2525 5820 animum
2571 5782 2720 5821 suum
2759 5771 2864 5838 jam
2905 5772 3231 5830 decrevisset
3271 5775 3468 5830 mundo
3513 5773 3744 5830 nuntium

3551 5971 3670 6000 qn

3591 6003 3624 6038 ,δ
