4046 6200
310 424 380 477 is
1732 414 2109 470 PREFATIO.
3480 421 3549 478 Μ,

302 534 610 597 remittere,
636 532 763 585 beati
787 533 1047 605 Augustini
1073 534 1361 603 exponentis
1396 532 1700 603 trigesimum
1726 540 1918 585 sextum
1954 531 2201 599 psalmum
2230 528 2568 599 disputatione
2598 532 2923 586 commonitus
2943 575 2956 599 ,
2987 532 3239 602 publicare
3275 551 3419 589 suum
3443 550 3549 592 sta-

303 627 392 678 tuit
415 636 602 687 votum,
626 638 819 679 mutare
838 628 1043 696 gestiens
1063 627 1283 679 habitum
1302 625 1449 695 (Cap.
1479 626 1552 686 5).

370 713 520 778 Quod
547 716 674 769 ver'o
705 714 769 767 ad
812 716 1015 783 plebem
1036 756 1052 781 ,
1082 715 1231 783 cujus
1257 730 1410 769 aures
1450 714 1736 784 implebant
1763 730 2036 769 sermones
2066 714 2136 768 illi
2166 714 2397 767 Pastoris
2432 715 2510 767 sui
2553 716 2755 770 fervore
2793 717 2990 771 incitati
3018 727 3072 772 et
3098 720 3245 788 quasi
3285 719 3526 787 animati,

304 805 439 859 haud
465 821 604 874 aegre
628 806 939 860 adducimur
965 817 1019 860 ut
1043 807 1318 861 credamus
1348 822 1464 861 eam
1492 806 1792 876 frequenter
1816 806 1919 862 illis
1946 805 2170 871 motibus
2196 812 2398 873 raptam
2430 802 2590 858 fuisse
2609 852 2621 870 ,
2650 822 2781 875 quos
2818 822 3188 877 nonnunquam
3215 810 3324 863 suis
3352 810 3540 879 plausi-

304 897 396 949 bus
422 896 683 964 significat
714 915 725 950 :
755 898 901 964 cujus
926 897 1137 966 quidem
1168 897 1332 966 plebis
1373 896 1607 950 aviditati
1636 895 1927 952 referenda:
1956 906 2077 950 sunt
2105 906 2335 963 acceptce
2364 904 2437 949 tot
2481 897 2701 962 egregize
2747 899 2808 949 ari
2853 913 3027 953 mores
3071 899 3429 953 informandus
3457 900 3541 953 di-

296 989 597 1057 gressiones
618 1029 631 1050 ,
660 987 711 1040 in
742 1002 871 1056 quas
899 998 1110 1042 sanctus
1138 988 1332 1041 Praesul
1360 988 1800 1057 opportunitatem
1827 998 2010 1042 nactus
2038 987 2317 1040 divertitur
2340 1027 2353 1051 ,
2381 985 2819 1055 quemadmodum
2862 1004 2910 1039 ιιι
2941 1002 3037 1040 suo
3068 989 3281 1057 prologo
3303 988 3366 1042 ad
3398 989 3540 1043 Psal-

298 1094 410 1133 mos
434 1087 579 1131 notat
602 1078 948 1135 Cassiodorus
980 1096 992 1131 τ
1024 1079 1147 1131 Cum
1184 1080 1330 1132 nimis
1351 1080 1521 1133 avidos
1546 1078 1758 1149 populos
1778 1121 1795 1145 ,
1825 1079 2028 1150 inquit,
2054 1078 2394 1131 ecclesiasticis
2417 1076 2629 1146 dapibus
2648 1076 2848 1144 explere
2879 1079 3037 1148 cupit,
3062 1080 3336 1133 necessario
3354 1082 3544 1149 ﬂuenta

299 1184 399 1221 tam
424 1184 623 1238 magna:
653 1169 1022 1236 pra'dicationis
1054 1170 1315 1222 emanavit.

370 1262 510 1315 Idem
537 1269 723 1313 auctor
748 1260 934 1315 eodem
985 1262 1099 1316 loco
1128 1270 1290 1314 totum
1321 1261 1419 1314 hoc
1444 1260 1718 1330 Augustini
1763 1260 2195 1314 commentarium
2224 1260 2275 1312 in
2322 1257 2546 1313 decadas
2590 1256 2751 1313 fuisse
2794 1256 3125 1313 distributum
3175 1259 3343 1313 innuit
3393 1260 3537 1314 hisce

294 1354 467 1407 verbis
502 1370 514 1406 :
547 1352 672 1417 Qua:
700 1351 785 1404 ille
806 1394 820 1417 ,
849 1352 1036 1421 inquit,
1060 1353 1113 1404 in
1146 1350 1357 1404 decedas
1390 1351 1667 1418 quindecim
1685 1350 1974 1404 mirabiliter
1995 1352 2274 1419 explicavit.
2299 1349 2457 1418 Cujus
2489 1350 2780 1418 partitionis
2810 1352 3085 1420 vestigium
3111 1352 3310 1405 nullum
3343 1352 3391 1403 in
3425 1366 3538 1402 ma-

298 1443 579 1511 nuscriptis
609 1444 902 1511 reperimus
925 1484 939 1507 ,
970 1443 1202 1511 exceptis
1233 1443 1428 1507 tribus,
1470 1458 1575 1496 uno
1600 1442 1824 1514 Jolyano
1861 1443 2107 1497 Ecclesia:
2136 1443 2447 1496 Parisiensis
2467 1484 2480 1507 ,
2513 1444 2599 1511 qui
2643 1442 2891 1497 infronte
2924 1441 3155 1511 prr'cfert,
3185 1440 3372 1510 Incipit
3413 1442 3538 1495 liber

296 1536 483 1589 decada
526 1536 715 1588 domini
744 1535 1011 1604 Augustini
1036 1552 1066 1587 a
1115 1534 1321 1588 Psalmo
1347 1550 1395 1599 ι,
1428 1533 1614 1589 Beatus
1640 1536 1714 1587 vir
1733 1578 1746 1599 ,
1778 1552 1933 1603 usque
1962 1552 2008 1589 LI
2028 1576 2041 1601 ,
2070 1544 2123 1589 et
2167 1534 2372 1589 duobus
2400 1534 2714 1589 Colbertiuis
2734 1578 2749 1597 ,
2780 1550 3006 1604 quorum
3048 1534 3183 1587 alter
3206 1534 3531 1589 enarrationi

292 1626 481 1696 psalmi
509 1625 891 1694 quadragesimi
937 1625 1049 1679 11ωο
1088 1624 1299 1691 subdit,
1343 1625 1471 1678 beati
1495 1624 1686 1678 Aurelii
1711 1626 1973 1695 Augustini
2000 1626 2217 1695 episcopi
2245 1626 2355 1694 ﬁnit
2382 1624 2570 1678 decada
2599 1626 2659 1680 de
2689 1627 2811 1679 libro
2842 1627 3022 1696 primo.
3052 1626 3199 1679 Alter
3227 1640 3355 1679 vero
3384 1641 3534 1679 com-

294 1718 541 1788 pendium
587 1717 744 1769 totius
773 1717 947 1784 operis
971 1715 1325 1784 complectens
1349 1757 1363 1780 ,
1393 1730 1574 1769 versus
1601 1715 1852 1785 quosdam
1886 1717 1935 1768 in
1979 1716 2150 1784 capite
2176 1717 2456 1770 voluminis
2481 1711 2694 1770 exhibet
2718 1758 2733 1778 ,
2764 1716 2849 1785 qui
2884 1731 3008 1770 cum
3050 1718 3445 1786 praefationibus,
3476 1733 3540 1772 ac

294 1812 483 1881 elogiis
507 1814 641 1868 infra
673 1814 891 1869 edendis
920 1814 1091 1867 locum
1124 1813 1382 1878 habeant,
1412 1829 1515 1867 non
1542 1813 1806 1881 indignos.
1842 1812 1896 1867 In
1920 1812 2001 1867 his
2028 1822 2204 1867 autem
2226 1813 2397 1867 isthuc
2425 1814 2652 1883 pertinet
2674 1813 2718 1867 is
2747 1828 2933 1868 versus
2960 1831 2974 1869 :
3070 1826 3071 1831 ‘

1026 1930 1119 1972 Ter
1140 1923 1301 1987 quinis
1320 1923 1513 1974 decadis
1534 1924 1716 1987 grande
1738 1926 1935 1988 peregit
1954 1938 2093 1988 opus.
2824 1992 2831 1999 Ι

295 2026 664 2083 Verumtamen
685 2044 800 2083 cum
824 2028 1092 2083 Possidius
1113 2027 1496 2082 distributionis
1533 2029 1789 2095 ejusmodi
1833 2044 1937 2082 non
1981 2029 2311 2091 meminerit,
2340 2044 2457 2083 eam
2486 2028 2758 2097 Augustini
2799 2036 3035 2098 tempore
3059 2028 3140 2081 vel
3162 2028 3312 2096 jussu
3342 2026 3534 2082 factam

291 2119 544 2173 credibile
564 2134 669 2172 non
690 2127 789 2174 est.
815 2121 984 2188 Atque
1015 2118 1152 2171 idem
1178 2118 1310 2172 forte
1340 2118 1422 2172 hic
1450 2119 1729 2182 acciderit,
1751 2118 1890 2188 quod
1912 2118 1974 2172 T.
2014 2119 2142 2172 Livii
2174 2119 2325 2181 libro,
2352 2134 2514 2187 quem,
2542 2128 2598 2172 ut
2626 2119 2908 2174 Petrarcha
2934 2119 3153 2189 epistola
3183 2118 3246 2172 ad
3273 2117 3534 2174 Joannem

293 2208 599 2263 Boccacium
621 2210 894 2274 observat,
922 2211 973 2263 in
1012 2223 1177 2277 partes
1205 2225 1328 2276 quas
1352 2209 1561 2264 decades
1585 2219 1758 2265 vocant
1776 2251 1790 2275 ,
1821 2227 1919 2263 non
1951 2210 2057 2279 ipse
2080 2211 2165 2280 qui
2192 2210 2388 2279 scripsit
2412 2250 2426 2274 ,
2456 2209 2543 2263 sed
2577 2210 2841 2273 fastidiosa
2864 2211 3137 2282 legentium
3158 2210 3304 2264 scidit
3332 2210 3534 2281 ignavia

291 2299 481 2367 (Epist.
515 2302 701 2354 variat.
729 2300 799 2354 22
826 2301 901 2354 vel
936 2301 1046 2371 24).

364 2390 646 2445 Veniamus
666 2392 774 2461 jam
800 2392 863 2445 ad
893 2393 1209 2461 przecipuum
1237 2400 1421 2461 caput,
1450 2392 1657 2463 regulas
1677 2392 1921 2447 videlicet
1939 2409 2068 2463 quas
2099 2394 2148 2447 in
2182 2392 2578 2462 interpretando
2604 2394 2835 2449 servavit
2863 2394 3205 2464 Augustinus.
3237 2393 3395 2448 Multa
3427 2393 3515 2449 hic

292 2492 470 2535 essent
496 2482 774 2537 observato
798 2485 1123 2557 necessaria.
1157 2484 1255 2538 nisi
1298 2484 1397 2539 hoc
1435 2495 1799 2555 argumentum
1847 2486 2069 2555 ipsemet
2094 2486 2290 2541 beatus
2329 2489 2523 2542 Doctor
2562 2489 2613 2541 in
2657 2488 2805 2543 libris
2839 2489 2906 2544 de
2948 2490 3191 2544 Doctrina
3222 2489 3529 2543 Christiana

290 2583 683 2641 pertractasset.
726 2575 902 2630 Primo
922 2575 1179 2645 siquidem
1203 2576 1342 2645 quod
1368 2577 1435 2631 ad
1458 2577 1687 2632 litteram
1717 2586 1951 2647 spectat,
1982 2570 2037 2632 ut
2067 2593 2183 2633 eam
2207 2579 2462 2648 integram
2487 2590 2649 2649 atque
2688 2580 2939 2634 illibatam
2969 2580 3161 2635 habeat
3180 2621 3195 2645 ,
3240 2596 3358 2649 qure
3381 2595 3521 2649 pra:-

291 2676 444 2733 cepta
474 2668 579 2721 illic
605 2667 789 2731 tradit,
822 2682 884 2723 ea
916 2684 1009 2738 pro
1035 2684 1127 2722 sua
1153 2670 1291 2723 virili
1320 2670 1422 2725 hoc
1446 2671 1500 2723 in
1526 2671 1906 2725 commentario
1934 2671 2189 2741 sequitur.
2221 2670 2432 2725 Latinas
2458 2670 2717 2725 editiones
2740 2673 2877 2726 inter
2915 2686 2972 2725 se
3008 2672 3310 2739 componit,
3341 2687 3525 2726 exem-

293 2759 456 2827 plaria
482 2776 654 2831 grteca
678 2762 945 2827 consulit,
984 2762 1182 2833 colligit
1228 2763 1399 2816 varias
1448 2763 1739 2827 lectiones;
1785 2763 2049 2829 undenam
2091 2764 2360 2831 irrepserit
2386 2763 2687 2827 diversitas,
2733 2779 2799 2817 ex
2828 2765 3172 2833 interpretum
3197 2763 3359 2825 vitio,
3384 2779 3449 2817 an
3497 2780 3529 2819 e

292 2860 464 2906 textus
491 2854 650 2923 graeci
675 2854 1014 2924 ambiguitate
1043 2856 1322 2924 investigat
1353 2873 1365 2909 :
1394 2855 1508 2924 ejus
1533 2855 1759 2923 denique
1781 2855 1870 2910 illa
1896 2856 2165 2919 sedulitas,
2194 2870 2296 2925 qua
2327 2864 2401 2908 tot
2429 2856 2589 2919 locos
2610 2864 2716 2910 tam
2753 2858 2907 2911 anxie
2952 2858 3235 2923 discussit,
3265 2856 3369 2912 huc
3400 2874 3522 2912 eum

290 2944 533 3014 impulit,
562 2956 617 2999 ut
645 2947 953 3001 Psalterium
978 2948 1246 3003 multotics
1272 2947 1336 3001 ad
1368 2948 1557 3001 idioma
1592 2948 1912 3002 hellenicum
1939 2957 2243 3005 recenseret
2267 2951 2672 3021 castigaretque.
2707 2954 2815 3007 lloc
2844 2953 3106 3022 intelligas
3133 2954 3256 3007 licet
3282 2969 3347 3007 ex
3375 2954 3521 3022 ejus-

289 3038 410 3093 dem
437 3038 503 3092 ad
530 3039 794 3094 Audacem
837 3041 1055 3110 epistola
1077 3082 1091 3105 ,
1120 3040 1209 3095 ubi
1238 3056 1356 3095 cum
1397 3040 1616 3095 dixisset
1654 3040 1967 3095 Psalterium
1998 3057 2026 3094 a
2058 3041 2211 3096 beato
2240 3042 2560 3111 Hieronymo
2603 3060 2667 3099 ex
2697 3046 2909 3099 hebrazo
2934 3059 3177 3100 sermone
3199 3060 3516 3099 conversum

293 3146 395 3183 non
428 3131 622 3186 habere
650 3146 730 3196 se,
763 3134 1095 3202 prosequitur
1123 3132 1174 3187 in
1206 3132 1348 3187 hunc
1377 3132 1592 3186 modum
1618 3149 1631 3184 :
1667 3132 1778 3186 Nos
1798 3142 1962 3186 autem
1987 3150 2088 3203 non
2115 3134 2426 3205 interpretati
2445 3152 2616 3190 sumus
2635 3177 2648 3199 ,
2676 3136 2764 3190 sed
2805 3136 3032 3190 codicum
3064 3137 3359 3190 Latinorum
3386 3155 3521 3191 non-

290 3223 456 3277 nullas
480 3225 828 3279 mendositates
856 3242 918 3278 ea:
935 3227 1108 3295 grtecis
1134 3225 1498 3295 exemplaribus
1518 3224 1915 3280 emendavimus.
1951 3224 2097 3281 Unde
2119 3227 2348 3295 fortassis
2377 3227 2639 3295 fecerimus
2668 3228 2862 3298 aliquid
2882 3229 3192 3282 commodius
3213 3245 3363 3297 quam
3390 3238 3518 3293 erat,

292 3333 392 3369 non
415 3326 578 3370 tamen
606 3318 704 3370 tale
726 3317 871 3384 quale
893 3333 998 3371 esse
1017 3316 1236 3370 debebat.
1268 3316 1403 3369 Nam
1430 3317 1579 3370 etiam
1607 3333 1758 3382 nunc,
1782 3332 1895 3383 qua:
1922 3321 2050 3387 forte
2078 3332 2167 3369 nos
2197 3328 2313 3370 tunc
2340 3319 2714 3386 printer-ierunt,
2754 3320 2798 3373 si
2826 3319 3041 3389 legentes
3060 3321 3330 3386 moverint,
3364 3320 3522 3373 colla-

293 3410 360 3462 tis
385 3408 636 3462 codicibus
659 3410 977 3464 emendamus
1008 3408 1196 3481 (Epist.
1223 3410 1346 3475 261,
1379 3426 1432 3462 n.
1460 3410 1535 3479 Ei).

358 3501 564 3555 Primus
589 3502 773 3555 littera:
793 3517 981 3556 sensus
1008 3501 1269 3556 interdum
1304 3501 1437 3554 nihil
1463 3502 1731 3563 continet,
1764 3500 1863 3553 nisi
1897 3500 2150 3568 simplicis
2192 3514 2254 3554 ac
2278 3501 2561 3567 spiritualis
2590 3518 2603 3555 τ
2636 3511 2690 3555 at
2738 3501 2875 3557 idem
2932 3503 3125 3571 saepius
3151 3502 3349 3557 relatus
3378 3511 3433 3555 et
3458 3502 3523 3555 fi-

283 3602 503 3663 guratus
529 3601 629 3648 est.
657 3594 913 3663 Tuncque
936 3609 1060 3649 vere
1091 3592 1355 3647 afﬁrmare
1393 3608 1707 3663 possumus,
1763 3591 1904 3661 quod
1936 3601 2018 3647 est
2044 3592 2208 3646 dictio
2236 3592 2603 3662 significationi
2634 3608 2745 3647 suae
2783 3603 3084 3662 comparata
3114 3635 3127 3659 ,
3160 3593 3211 3646 id
3242 3604 3352 3658 est.
3381 3592 3525 3646 litte-

287 3684 455 3737 ralem
486 3698 699 3738 sensum
725 3698 843 3739 esse
864 3699 986 3739 cum
1013 3683 1271 3753 spirituali
1290 3698 1649 3753 comparatum
1675 3699 1689 3735 :
1714 3690 1771 3738 et
1790 3683 2238 3753 quemadmodum
2265 3682 2378 3737 fieri
2404 3682 2507 3738 non
2540 3695 2711 3754 potest
2742 3696 2798 3740 ut
2817 3686 2883 3740 ad
2921 3702 3135 3741 sensum
3165 3686 3308 3739 illum
3355 3685 3518 3753 Spiri-

288 3774 483 3828 tualem
516 3776 915 3843 perveniamus,
950 3775 1052 3829 nisi
1079 3775 1224 3845 prius
1251 3774 1530 3830 litteralem
1552 3774 1717 3844 probe
1740 3783 2071 3844 perspectum
2118 3775 2492 3842 habuerimus;
2524 3778 2593 3831 ita
2642 3778 2883 3833 litterulis
2932 3793 3378 3848 supervacaneam
3407 3777 3519 3832 fore

284 3865 636 3934 cognitionem
661 3907 676 3931 ,
708 3864 753 3919 si
779 3866 1106 3934 spiritualem
1134 3866 1349 3936 assequi
1368 3866 1710 3936 negligemus.
1741 3866 1852 3920 Hoc
1880 3866 1974 3920 fuit
2011 3867 2062 3919 in
2092 3881 2250 3921 causa
2278 3882 2374 3921 cur
2403 3878 2618 3923 sanctus
2646 3869 2844 3924 Przesul
2869 3910 2883 3933 ,
2913 3884 3073 3925 sensu
3102 3870 3352 3934 litteraIi,‘
3381 3885 3517 3937 quo.

287 3958 389 4011 ties
411 3972 533 4011 eum
560 3958 690 4012 satis
720 3973 813 4026 per
837 3972 894 4013 se
912 3967 1150 4028 apertum
1173 3957 1546 4028 cognitumque
1569 3958 1913 4021 existimavit.
1944 3959 2177 4021 omisso,
2222 3968 2362 4013 recta
2390 3959 2442 4013 in
2472 3960 2799 4029 spiritualem
2827 3961 3086 4016 tenderet.
3116 3962 3266 4028 Quod
3303 3962 3514 4031 quidem

286 4052 334 4105 ei
362 4067 462 4105 non
484 4053 654 4106 solum
680 4067 783 4107 usu
809 4053 951 4108 venit
979 4054 1030 4107 in
1050 4052 1391 4109 sermonibus
1429 4051 1496 4105 ad
1533 4051 1783 4120 populum
1812 4050 2038 4117 habitis,
2069 4051 2121 4104 in
2150 4050 2339 4120 quibus
2376 4051 2490 4120 ejus
2528 4053 2853 4121 potissimum
2884 4053 3141 4123 profectui
3193 4056 3393 4109 servire
3428 4070 3519 4109 Co-

283 4144 537 4214 gebatur;
568 4161 751 4199 verum
779 4145 936 4199 etiam
963 4146 1015 4199 in
1039 4144 1455 4214 expositionibus
1476 4183 1491 4209 ,
1522 4157 1651 4213 quas
1676 4142 1728 4195 in
1757 4141 2011 4211 quosdam
2036 4143 2361 4197 Psalmorum
2391 4143 2640 4213 dictavit,
2666 4145 2755 4200 ubi
2782 4161 2847 4201 ex
2884 4148 3041 4201 animi
3081 4148 3351 4203 voluntate
3379 4150 3519 4219 ston

284 4235 560 4306 indulgere
594 4236 693 4306 ipsi
714 4234 794 4291 fas
822 4246 954 4291 erat.

352 4326 491 4380 Cum
505 4341 627 4381 vero
642 4328 694 4382 in
715 4334 908 4382 sancta:
924 4326 1212 4397 Scriptura:
1225 4327 1441 4381 vocibus
1458 4326 1756 4396 spirituales
1776 4339 1965 4381 sensus
1990 4326 2185 4382 lateant
2206 4327 2435 4397 plurimi.
2455 4329 2544 4398 qui
2559 4344 2742 4385 omnes
2763 4347 3006 4402 peraeque
3034 4334 3126 4402 pii,
3145 4349 3388 4403 peraeque
3407 4334 3515 4387 veri

278 4418 455 4474 videri
482 4420 712 4488 possint,
744 4418 881 4473 haud
907 4434 1116 4488 semper
1143 4428 1422 4473 contentus
1451 4418 1549 4473 fuit
1575 4418 1789 4473 unicum
1820 4432 2148 4487 expromere.
2175 4418 2253 4473 Ad
2283 4420 2493 4473 tertium
2519 4437 2684 4490 usque
2703 4423 2890 4477 eruite
2913 4425 3113 4493 psalmo
3136 4426 3292 4478 tertio
3312 4468 3328 4490 ,
3355 4441 3511 4494 quem

279 4512 459 4581 primo
482 4512 689 4581 quidem
731 4512 941 4567 Christo
972 4513 1190 4565 Domino
1212 4512 1262 4565 in
1294 4512 1501 4581 propria
1530 4527 1625 4567 sua
1670 4526 1897 4583 persona
1938 4511 2272 4567 considerato
2293 4554 2307 4577 ,
2340 4529 2460 4567 mox
2507 4515 2676 4570 eidem
2698 4509 2826 4571 cum'
2850 4518 3084 4573 Ecclesia
3106 4561 3119 4582 ,
3152 4535 3374 4588 quacum
3423 4520 3514 4573 ille

278 4620 446 4659 unum
474 4606 620 4675 quasi
642 4619 839 4675 corpus
862 4604 1053 4673 efficit,
1083 4605 1393 4673 conjuncto;
1424 4604 1650 4674 denique
1686 4603 1918 4658 ﬁdelium
1946 4604 2165 4673 singulis
2201 4606 2584 4661 accommodat.
2617 4607 2669 4661 lu
2714 4611 2923 4663 tertium
2950 4626 3082 4665 vero
3119 4612 3288 4680 quarti
3320 4610 3509 4667 decimi

279 4697 472 4767 psalmi
497 4713 740 4764 versum,
769 4698 1006 4767 exposito
1054 4697 1222 4766 primo
1248 4710 1409 4751 sensu
1452 4695 1669 4764 pulchre
1703 4697 1938 4765 sciteque
1979 4695 2160 4749 subdit
2190 4711 2204 4748 :
2239 4695 2339 4750 Istc
2363 4699 2578 4767 simplex
2606 4699 2885 4754 intellectus
2914 4702 2996 4753 cui
3022 4700 3197 4769 sufficit
3218 4742 3232 4764 ,
3259 4702 3471 4770 sufﬁciat
3498 4718 3515 4764 ;

276 4791 373 4842 sed
402 4789 646 4844 nonnulla
672 4791 816 4844 verba
842 4790 1218 4860 Scripturarum
1242 4789 1535 4842 obscuritate
1552 4804 1642 4841 sua
1667 4788 1760 4841 hoc
1782 4788 2075 4857 profuerunt
2092 4830 2106 4852 ,
2129 4789 2262 4857 quod
2284 4793 2468 4845 multas
2494 4792 2846 4862 intelligendas
2868 4805 3181 4864 pepererunt.
3210 4794 3393 4865 Itaque
3419 4796 3512 4848 hoc

280 4884 327 4935 si
372 4882 577 4950 planum
603 4891 729 4936 esset
746 4923 761 4947 ,
791 4899 945 4935 unum
967 4880 1157 4951 aliquid
1182 4881 1456 4944 audiretis;
1484 4880 1599 4949 quia
1640 4896 1754 4932 vero
1782 4878 1985 4932 obscure
2013 4880 2199 4932 dictum
2228 4891 2299 4934 est
2317 4922 2331 4944 ,
2359 4883 2515 4935 multa
2540 4883 2765 4935 audituri
2786 4886 2925 4938 estis.

352 4974 577 5044 chulas
606 4974 657 5027 in
686 4973 929 5027 habendo
953 4974 1215 5028 variorum
1262 4986 1511 5025 sensuum
1530 5011 1545 5036 ,
1573 4971 1664 5040 qui
1701 4971 1877 5025 animo
1904 4981 2219 5037 occurrunt,
2243 4974 2451 5028 delectu
2474 5017 2488 5039 ,
2512 4977 2750 5044 sequitur
2774 4977 2943 5032 errori
2986 4979 3203 5039 minime
3230 4981 3509 5035 obnoxias.

277 5068 563 5121 Enimvero
587 5075 937 5135 praeterquam
967 5066 1104 5135 quod
1135 5066 1391 5119 rationem
1416 5106 1431 5131 ,
1456 5073 1513 5117 ut
1532 5063 1837 5118 dicebamus
1857 5105 1872 5129 ,
1902 5064 2057 5134 longe
2096 5066 2378 5119 maximam
2406 5067 2564 5122 habet
2594 5069 2813 5133 litterze,
2841 5072 2924 5127 cui
2946 5073 3157 5142 quidem
3186 5084 3308 5130 ante
3333 5075 3511 5129 omnia

272 5172 468 5212 sensus
495 5156 560 5209 ad
588 5158 840 5212 amussim
867 5156 1084 5225 «juadvet
1109 5170 1328 5211 necesse
1357 5163 1473 5219 est;
1503 5169 1710 5223 semper
1742 5155 1811 5209 ob
1830 5156 2012 5208 oculos
2033 5155 2129 5208 sibi
2175 5155 2485 5210 charitatem
2525 5160 2945 5215 constituendam
2972 5165 3117 5232 ponit
3135 5169 3335 5231 .'quam
3366 5165 3509 5219 Seri-

272 5260 447 5320 pturaa
488 5248 646 5303 totius
672 5249 832 5304 linem
871 5262 988 5302 esse
1024 5248 1178 5302 docet
1218 5249 1266 5299 in
1300 5248 1556 5315 psalmum
1596 5248 1941 5300 centesimum
1977 5246 2434 5314 quadragesimum
2466 5266 2479 5302 :
2513 5249 2768 5316 Quidquid
2803 5254 3088 5321 salubriter,
3122 5256 3310 5325 inquit,
3350 5270 3516 5310 mente

268 5341 575 5407 concipitur,
602 5339 804 5409 quiquid
827 5356 911 5393 ore
936 5341 1205 5409 profertur,
1232 5341 1307 5391 vel
1332 5341 1393 5392 de
1426 5338 1638 5408 qualibet
1665 5339 1848 5407 pagina
1871 5338 2202 5403 exsculpitur,
2230 5356 2329 5391 non
2359 5339 2503 5392 habet
2539 5344 2691 5410 finem
2731 5346 2825 5399 nisi
2850 5348 3159 5402 charitatem.
3191 5350 3359 5418 Quam
3378 5350 3511 5404 doc--

268 5433 469 5484 trinam
505 5439 806 5499 sumpserat
850 5445 967 5484 cum
999 5445 1063 5483 ex
1102 5429 1384 5499 Evangelio
1408 5471 1422 5494 ,
1452 5429 1539 5482 ubi
1584 5430 1896 5498 generaliter
1938 5445 1968 5482 a
2009 5428 2217 5485 Christo
2255 5435 2622 5500 pronuntiatur
2661 5436 2787 5491 illud
2820 5439 3070 5505 effatum,
3111 5441 3175 5495 In
3212 5445 3287 5498 his
3312 5444 3505 5497 duobus

265 5524 527 5577 mandatis
547 5525 770 5577 universa
785 5523 893 5576 Lex-
913 5523 1091 5591 pendet
1115 5531 1159 5575 et
1188 5521 1452 5591 PrOpItette
1478 5521 1684 5591 (Matth.
1709 5538 1837 5583 χχιι,
1864 5522 1951 5591 60)
1974 5539 1985 5574 :
2020 5532 2129 5577 tum
2155 5538 2221 5577 ex
2251 5522 2502 5592 Apostolo
2523 5570 2537 5592 ,
2568 5545 2672 5599 quo
2683 5531 2861 5599 judice
2890 5536 3070 5601 primm
3090 5537 3151 5590 ad
3173 5538 3507 5592 Timotheum

264 5618 446 5687 capite
468 5616 665 5684 primo,
696 5615 837 5669 Finis
857 5615 1091 5684 prteccpti
1119 5623 1189 5667 est
1212 5614 1430 5668 charitas
1456 5612 1654 5685 (lTim.
1683 5629 1719 5675 ι,
1744 5612 1821 5683 5).
1852 5613 2014 5682 Hujus
2038 5615 2230 5684 regulae
2251 5616 2510 5673 beneficio
2534 5636 2721 5675 sensus
2741 5623 3043 5680 christianis
3071 5629 3303 5681 moribus
3320 5643 3502 5695 parum

263 5723 562 5779 congruos,
588 5724 721 5778 quos
748 5708 982 5762 nonnulli
1012 5706 1336 5762 Psalmorum
1360 5706 1459 5761 loci
1480 5705 1709 5775 objicere
1727 5704 1905 5759 animo
1932 5716 2174 5775 possent,
2204 5709 2381 5776 procul
2400 5711 2671 5766 amandat:
2689 5715 2845 5770 verba
2863 5734 2979 5786 quae
3008 5720 3074 5773 ab
3096 5718 3374 5772 ulciscendi
3393 5719 3509 5772 libi-

264 5803 389 5858 dine
414 5800 676 5873 proﬁcisci
704 5811 857 5873 atque
879 5800 1134 5871 improbis
1156 5798 1368 5855 exitium
1386 5798 1665 5870 imprecari
1680 5798 1975 5867 videantur,
2001 5798 2153 5854 docet
2174 5800 2299 5855 nihil
2320 5801 2459 5857 aliud
2481 5819 2599 5859 esse
2620 5822 2775 5877 quam
2803 5811 3059 5865 malorum
3077 5812 3263 5882 quibus
3285 5809 3376 5875 illi,
3403 5812 3504 5868 uisi
