4046 6200
515 418 583 474 ιδ
1301 412 1307 419 ’
1950 414 2113 474 ΡΒᾸΕ]

2234 414 2333 471 ‘lO.
3679 425 3747 481 ω
3826 394 3832 399 ί

515 526 1159 599 ωγῆςθηιιιτ,κοιπυοηάἱ
1184 536 1340 594 sunt,
1374 528 1678 598 prophetias
1715 544 1778 585 ac
1818 530 2113 599 pnndictior

2158 545 2188 587 rs
2217 548 2231 584 :
2261 530 2474 586 Davidis
2507 541 2628 586 vota
2676 530 2929 587 adversus
2973 532 3212 591 inimicos
3253 551 3375 593 suos
3400 538 3672 594 meliorem
3701 541 3756 596 in

516 635 720 691 partem
752 621 1086 691 accipienda,
1108 622 1286 691 ibique
1321 637 1507 693 preces
1534 623 1723 692 quibus
1745 623 1845 678 viri
1874 626 2041 678 sancti
2084 634 2393 694 peccatores
2437 624 2546 679 Deo
2583 625 2995 690 commendant,
3038 626 3437 699 intelligendas:
3465 630 3760 685 locutiones

518 721 653 784 illas,
681 717 829 788 queis
852 717 1185 773 adversarios
1212 730 1337 773 suos
1356 717 1602 772 confundi
1626 760 1640 781 ,
1668 715 1861 772 cadere
1879 760 1894 784 ,
1923 718 2185 795 prosterni
2212 719 2385 788 petit,
2409 717 2632 772 obscura
2676 717 2904 788 quadam
2941 718 3147 773 ratione
3178 730 3508 789 peccatorum
3529 737 3760 776 conver-

516 815 720 867 sionem
760 827 823 865 ac
850 812 1211 881 [minitantiam
1243 811 1475 866 indicare
1502 829 1516 866 :
1541 812 1584 865 si
1624 810 1833 880 quando
1862 810 2044 866 hostes
2068 811 2283 866 vincere
2319 822 2413 866 aut
2436 810 2505 866 ab
2548 810 2749 866 eisdem
2778 811 2990 865 liberari
3014 812 3229 881 cupiat,
3285 822 3463 885 revera
3490 816 3761 870 orationes

511 920 653 967 esse,
679 912 745 958 ne
771 906 821 957 in
851 903 1227 958 teutationibus
1252 902 1600 958 succumbat:
1632 902 1861 973 denique
1889 917 1986 972 per
2025 903 2267 957 inimicos
2313 903 2552 968 Davidis,
2584 920 2687 958 non
2733 903 3001 959 dzemones
3050 914 3250 960 tantum
3292 914 3382 959 aut
3421 919 3758 977 peccatores,

511 1000 605 1053 sed
636 1009 689 1053 et
716 999 837 1052 vitia
861 1008 1016 1068 atque
1042 999 1202 1053 animi
1230 998 1469 1065 affectus,
1491 997 1683 1069 quibus
1720 998 1971 1052 continuo
2009 999 2061 1051 in
2088 998 2169 1053 via
2197 998 2380 1053 salutis
2403 999 2787 1068 impugnamur,
2816 998 3103 1068 designari.

585 1090 695 1145 llac
722 1090 906 1145 eadem
933 1090 1110 1160 regula
1137 1078 1445 1156 adducitur,
1474 1098 1532 1144 ut
1558 1089 1839 1159 petitiones
1880 1089 2365 1159 promissioncsque
2399 1089 2754 1151 Psalmorum,
2785 1106 2901 1159 qua:
2929 1089 2996 1143 ad
3036 1089 3212 1161 apices
3252 1091 3506 1160 exposita:
3551 1093 3761 1147 nonnisi

515 1182 821 1250 temporalia
848 1181 980 1236 bona
1011 1180 1330 1251 signiﬁcant.
1362 1181 1574 1236 aeternis
1614 1181 1976 1237 accommodet
2004 1199 2016 1235 :
2045 1197 2163 1252 qua:
2208 1181 2275 1237 de
2298 1182 2548 1237 exteriori
2576 1182 2827 1236 virtutum
2873 1184 3123 1237 exercitio
3152 1183 3559 1255 prmeipiuntur,
3582 1186 3645 1239 ad
3676 1188 3759 1240 in-

515 1276 763 1327 teriorem
811 1273 1054 1340 pietatem
1096 1272 1417 1327 transferat:
1458 1272 1669 1327 demum
1722 1272 2038 1341 ubicumque
2083 1272 2303 1341 templi,
2351 1272 2659 1327 elevationis
2704 1274 3020 1339 oculorum,
3066 1275 3566 1342 clamoris,canuci
3594 1280 3755 1344 novi,

518 1364 688 1418 laudis
709 1364 906 1418 mentio
935 1364 1022 1430 ﬁt,
1053 1379 1149 1418 nos
1174 1364 1293 1418 inde
1314 1363 1380 1418 ad
1408 1365 1599 1419 mentis
1622 1373 1675 1418 et
1693 1362 1867 1418 cordis
1895 1363 2199 1420 aﬁ'ectiones
2227 1379 2290 1419 ac
2316 1375 2511 1432 motus,
2534 1364 2600 1419 ad
2631 1366 2786 1420 vitam
2825 1382 3034 1434 novam,
3064 1382 3268 1423 necnon
3302 1369 3366 1423 ad
3397 1385 3615 1438 operum
3641 1388 3761 1441 quae

514 1456 654 1510 Deus
676 1456 727 1509 in
756 1471 903 1510 suam
927 1455 1146 1526 gloriam
1173 1455 1364 1511 cedere
1385 1456 1551 1524 jubet,
1580 1456 1910 1510 sanctitatem
1944 1455 2202 1512 traducat.

585 1548 654 1605 Ut
678 1549 1064 1618 expeditiorem
1108 1549 1258 1604 nobis
1285 1548 1485 1603 aditum
1534 1549 1598 1603 ad
1629 1563 1815 1603 sensus
1868 1548 1987 1603 illos
2028 1548 2355 1606 insinuanda:
2394 1549 2576 1620 pietati
2623 1550 2755 1606 adeo
2801 1550 3162 1607 conducibiles
3205 1563 3440 1623 pararet,
3481 1556 3617 1609 viam
3649 1572 3755 1611 non

513 1642 832 1713 potuitinire
858 1642 1072 1711 majoris
1114 1632 1441 1712 compendii,
1470 1657 1625 1712 quam
1663 1643 1707 1697 si
1731 1642 2029 1711 loquentem
2080 1642 2290 1697 Davidis
2323 1657 2416 1696 ore
2454 1643 2731 1696 Dominum
2774 1642 2951 1697 Jesum
3000 1644 3306 1707 induceret,
3337 1658 3489 1714 prout
3531 1648 3603 1701 illi
3634 1664 3756 1702 cum

514 1736 762 1791 Veterum
793 1749 917 1789 usus
938 1778 951 1799 ,
983 1746 1092 1789 tum
1122 1735 1203 1790 vel
1229 1736 1455 1789 maxime
1478 1733 1829 1806 quorumdam
1855 1735 2095 1789 loc'orum
2126 1751 2157 1789 e
2185 1734 2410 1791 Psalmis
2447 1735 2496 1788 in
2523 1734 2670 1789 Novo
2694 1735 3036 1790 Testamento
3065 1736 3196 1791 faeta
3232 1737 3597 1807 interpretatio
3626 1757 3760 1809 prm-

511 1827 832 1883 scribebant.
860 1828 1215 1883 Tertullianus
1254 1829 1306 1882 in
1348 1828 1484 1882 libro
1511 1827 1764 1882 adversus
1790 1828 2047 1882 Praxcam
2070 1827 2254 1883 scribit
2283 1845 2297 1880 :
2332 1827 2437 1883 Sed
2473 1839 2519 1883 et
2548 1845 2718 1882 omnes
2762 1846 2891 1899 pene
2922 1829 3116 1883 Psalnii
3138 1828 3328 1886 Christi
3352 1848 3616 1902 personam
3640 1850 3758 1887 sus-

512 1926 703 1988 tinent,
734 1920 926 1975 Filium
951 1921 1017 1974 ad
1040 1920 1269 1987 Patrem,
1298 1922 1352 1977 id
1376 1931 1450 1975 est
1478 1921 1731 1976 Christum
1754 1922 1822 1976 ad
1862 1921 2021 1976 Deum
2058 1923 2204 1977 verba
2230 1925 2491 1993 facientem
2528 1935 2882 1995 repraesentant
2911 1926 3069 1997 (Cap.
3102 1928 3159 1981 ll
3181 1927 3221 1998 ).
3252 1927 3605 2001 Hieronymus
3641 1932 3758 2001 epi-

512 2016 648 2070 stola
680 2015 747 2069 ad
785 2015 1059 2069 Paulinum
1090 2033 1105 2071 :
1134 2014 1310 2079 David,
1334 2015 1619 2070 Simonides
1644 2026 1830 2081 noster,
1868 2015 2128 2071 Pindarus
2161 2026 2210 2072 et
2242 2017 2474 2083 Alcwus,
2505 2017 2722 2072 Flaccus
2758 2035 2950 2090 quoque
2969 2060 2982 2083 ,
3026 2018 3265 2082 Catulus.
3310 2029 3456 2092 atque
3495 2023 3716 2078 Serenus
3737 2066 3756 2090 ,

512 2104 770 2161 Christum
796 2107 909 2176 lyra
952 2115 1183 2176 personat
1206 2104 1396 2177 (Epist.
1425 2105 1569 2175 103).
1597 2106 1823 2160 Hilarius
1844 2122 1969 2161 vero
2018 2107 2072 2161 in
2121 2106 2336 2177 prologo
2380 2123 2475 2161 suo
2502 2108 2565 2161 ad
2594 2108 2832 2164 Psalmos
2872 2109 2924 2163 id
2964 2110 3132 2179 ipsum
3164 2110 3343 2165 multis
3378 2115 3755 2183 prosequitur,

513 2199 691 2269 ibique
711 2198 980 2254 contendit
1006 2198 1244 2253 Psalmos
1271 2198 1551 2254 universos
1568 2198 1849 2270 allegoricis
1876 2208 1922 2253 et
1949 2199 2131 2269 tgpicis
2156 2210 2411 2254 contactos
2439 2217 2543 2254 esse
2562 2201 2822 2255 uirtutibus
2842 2244 2856 2268 ,
2884 2217 3002 2272 qua:
3023 2202 3089 2256 ad
3113 2200 3380 2259 Christum
3404 2208 3740 2276 pertineant;

510 2291 626 2358 ejus
663 2289 972 2353 adventum,
998 2289 1410 2344 incarnationem
1432 2331 1447 2353 ,
1497 2290 1793 2360 passionem
1815 2329 1833 2357 ,
1857 2292 2296 2346 resurrectionem
2345 2291 2570 2360 denique
2615 2307 2678 2345 ac
2696 2292 2953 2361 judicium
2979 2336 2994 2356 ,
3023 2295 3294 2350 materiam
3337 2313 3546 2353 omnem
3588 2302 3755 2356 sacris

515 2380 662 2437 hisce
682 2380 916 2437 Canticis
942 2380 1307 2449 suppeditare;
1337 2379 1646 2435 eorumdem
1678 2380 2047 2452 mysteriorum
2070 2380 2225 2437 ﬁdem
2252 2381 2407 2435 clavis
2428 2382 2707 2450 cujusdam
2736 2385 2896 2437 veluti
2927 2385 3043 2439 vice
3069 2386 3213 2456 fungi
3237 2428 3252 2451 ,
3286 2389 3400 2442 sine
3424 2391 3573 2459 cujus
3593 2407 3756 2462 opera

512 2490 754 2531 accessus
778 2474 845 2531 ad
872 2475 1201 2531 Psalmorum
1228 2475 1626 2544 intelligentiam
1664 2475 1734 2529 sit
1757 2475 2090 2529 interclusus.
2124 2474 2179 2529 Id
2222 2475 2466 2530 similiter
2495 2475 2816 2541 Augustinus
2857 2476 2908 2530 in
2958 2475 3060 2532 illis
3101 2478 3429 2546 explicandis
3479 2497 3749 2553 nunquam

515 2585 622 2651 non
666 2569 931 2634 inculcat,
957 2569 1195 2623 utetiam
1222 2567 1336 2636 ipse
1360 2581 1635 2623 necessum
1664 2566 1853 2621 haheat
1895 2566 2233 2636 repetitiones
2274 2580 2399 2623 suas
2440 2564 2699 2621 interdum
2744 2581 3028 2633 excusare,
3070 2568 3227 2638 hujus
3260 2571 3453 2641 regulae
3481 2574 3757 2631 utilitatem
3816 2556 3864 2622 ’.

512 2676 722 2718 necnon
767 2660 908 2716 illius
953 2660 1117 2730 probe
1158 2657 1511 2730 intelligenda:
1558 2658 1947 2719 necessitatem
1976 2656 2031 2712 in
2071 2656 2306 2712 medium
2347 2655 2641 2727 proferens.
2664 2656 2792 2725 Ejus
2817 2657 2890 2711 rei
2930 2669 3238 2726 argumenta
3265 2659 3508 2728 producit
3532 2678 3563 2717 e
3588 2664 3756 2719 sacris

511 2754 801 2810 Codicibus
827 2754 989 2825 petita
1015 2770 1030 2807 :
1059 2753 1337 2823 quale,est,
1362 2750 1509 2806 verbi
1537 2750 1725 2822 gratia,
1755 2750 1883 2805 illud
1897 2749 2092 2805 Christi
2116 2750 2507 2820 pronuntiatum
2528 2790 2544 2813 ,
2568 2746 2784 2803 Necesse
2808 2759 2881 2803 est
2903 2749 3101 2819 impleri
3119 2751 3287 2805 omnia
3304 2767 3414 2821 qua:
3431 2754 3617 2823 scripta
3640 2765 3759 2809 sunt

508 2850 563 2903 in
585 2849 690 2918 lege
712 2847 907 2917 Moysi,
934 2855 981 2901 et
1009 2845 1297 2917 Prophetis,
1320 2853 1366 2899 et
1388 2844 1607 2899 Psalmis
1637 2843 1700 2897 de
1737 2859 1817 2897 me
1848 2841 1992 2913 (Luc.
2022 2856 2146 2896 xxiv
2169 2883 2185 2907 ,
2216 2842 2334 2911 44).
2356 2840 2569 2911 Repetit
2597 2839 2924 2910 frequentius
2963 2841 3213 2898 Davidem
3255 2842 3451 2898 Christi
3498 2860 3562 2899 ex
3590 2845 3755 2914 ipsius

509 2941 714 2995 semine
742 2939 991 2994 nascituri
1018 2938 1236 3007 ﬁguram
1257 2952 1444 3008 gerere
1464 2975 1482 3003 ,
1511 2935 1676 3005 ipsius
1702 2948 1893 2988 nomen
1935 2933 2315 3004 significatione
2342 2947 2435 2987 sua
2459 2930 2727 2987 Christum
2770 2931 3064 3001 designare.
3093 2932 3193 2987 sub
3214 2948 3319 3002 quo
3346 2934 3504 2987 etiam
3534 2936 3749 2990 nomine

514 3033 653 3084 hunc
677 3045 705 3081 a
738 3029 916 3082 multis
944 3026 1332 3097 PrOphetarum
1363 3026 1728 3080 annuntiatum
1756 3033 1995 3089 constat;
2025 3040 2130 3079 non
2164 3028 2337 3094 'pauca
2368 3038 2487 3079 esse
2513 3037 2635 3093 quae
2662 3022 2843 3078 Davidi
2876 3023 3044 3092 aptari
3084 3035 3346 3094 nequeant
3374 3026 3551 3095 :quod
3576 3026 3751 3096 ipsum

510 3120 618 3192 jam
638 3127 762 3174 ante
785 3119 995 3188 plurimi
1040 3120 1329 3189 scriptores
1372 3117 1663 3172 doctissimi
1706 3116 2184 3171 animadverterunt
2203 3158 2219 3181 ,
2245 3116 2472 3171 maxime
2502 3116 2552 3170 in
2583 3115 2815 3185 psalmos
2840 3116 3280 3186 septuagesimum
3300 3126 3352 3174 et
3371 3119 3751 3188 octogesimum

511 3221 795 3275 octavum;
827 3221 985 3281 atque
1028 3210 1162 3266 adeo
1199 3210 1423 3280 ipsemet
1462 3210 1836 3279 Apostolorum
1882 3208 2135 3278 Princeps
2182 3209 2235 3262 in
2278 3208 2502 3262 Actuum
2544 3222 2593 3263 c.
2624 3209 2690 3271 Ξ,
2735 3208 2770 3277 ᾗ
2795 3248 2809 3261 .
2832 3208 2902 3264 25
2924 3250 2938 3272 ,
2970 3209 3056 3263 ubi
3105 3209 3276 3264 locum
3310 3225 3470 3264 unum
3494 3225 3526 3265 e
3550 3210 3754 3280 psalmo

512 3308 699 3372 quinto
722 3302 931 3358 decimo
957 3301 1138 3358 refert.
1166 3303 1425 3359 Observat
1453 3302 1665 3358 tandem
1686 3300 1952 3357 Christum
1980 3315 2012 3355 e
2052 3316 2212 3356 cruce
2238 3299 2557 3371 pendentem
2600 3300 2729 3371 ipsis
2771 3299 3096 3355 Psalmon
3137 3301 3357 3357 vocibus
3384 3316 3534 3357 usum
3558 3344 3572 3367 ,
3602 3303 3753 3374 quasi

512 3395 641 3449 illud
664 3409 761 3449 nos
784 3394 974 3450 docere
1002 3395 1288 3461 voluisset,
1313 3395 1530 3450 eosdem
1553 3408 1708 3449 causa
1736 3408 1829 3448 sua
1854 3392 2017 3448 fuisse
2040 3393 2285 3464 scriptos.
2320 3393 2513 3448 Verum
2537 3408 2661 3448 cum
2681 3408 2786 3448 non
2808 3406 2992 3463 pauca,
3022 3410 3139 3464 quas
3184 3395 3251 3450 ab
3276 3396 3441 3466 ipsius
3467 3399 3747 3453 sanctitate

512 3488 856 3550 abhorreant,
889 3486 959 3541 ibi
987 3486 1245 3556 legantur,
1276 3493 1454 3540 monet
1477 3485 1704 3540 subinde
1731 3484 1916 3539 beatus
1946 3483 2139 3539 Doctor
2162 3499 2228 3538 ne
2256 3482 2520 3539 Christum
2552 3491 2801 3554 tanquam
2829 3492 3132 3555 separatum
3153 3501 3183 3539 a
3206 3486 3458 3542 membris
3481 3487 3627 3557 suis,
3648 3488 3752 3544 hoc

519 3587 598 3632 est
637 3576 981 3642 Christianis,
1013 3576 1426 3639 consideremus;
1449 3576 1541 3631 sed
1571 3583 1819 3646 tanquam
1848 3574 2094 3630 universo
2116 3574 2368 3631 Ecclesia:
2396 3574 2643 3643 corpori,
2673 3574 2823 3644 cujus
2871 3585 3029 3644 caput
3068 3584 3185 3641 est,
3233 3576 3445 3633 vinculo
3486 3593 3754 3649 nunquam

516 3669 859 3726 dissolvendo
885 3669 1225 3739 conjunctnm
1255 3688 1269 3724 :
1297 3669 1439 3725 unde
1458 3667 1518 3723 ﬁt
1535 3710 1551 3736 ,
1577 3678 1635 3723 ut
1663 3668 1994 3723 inﬁrmitates
2023 3676 2254 3728 nostras.
2283 3668 2420 3723 mala
2441 3678 2598 3739 atque
2625 3678 2841 3738 peccata
2860 3669 2962 3724 sibi
2986 3670 3284 3740 adscribet;
3311 3674 3755 3744 quemadmodum

518 3765 571 3818 in
601 3764 805 3834 psalmo
833 3761 1090 3833 vigesimo
1116 3761 1282 3831 primo
1302 3802 1316 3821 ,
1347 3760 1496 3828 cujus
1525 3761 1698 3815 verbis
1720 3760 1773 3814 in
1800 3759 2045 3829 passione
2072 3773 2167 3814 sua
2196 3758 2449 3830 loquitur,
2477 3761 2820 3817 advertimus.

602 3860 726 3914 Vias
755 3846 1047 3930 Augustino
1076 3858 1210 3913 mire
1237 3858 1566 3928 ingeniosas,
1594 3857 1784 3928 quibus
1806 3857 2070 3912 Christum
2103 3855 2215 3911 sub‘
2234 3856 2395 3910 variis
2419 3856 2708 3912 rationibus
2734 3857 2789 3911 in
2814 3857 3036 3912 Psalmis
3061 3857 3426 3913 adumbratum
3455 3858 3756 3930 deprehen-

518 3950 668 4005 deret
693 3952 1086 4021 detegeretque,
1112 3950 1352 4020 ejusdem
1376 3949 1573 4005 Christi
1598 3949 1829 4005 charitas
1856 3949 2186 4021 suggerebat.
2216 3948 2329 4005 Non
2362 3961 2534 4005 tamen
2561 3949 2808 4005 iverimus
2835 3951 3056 4018 inﬁcias,
3084 3952 3209 4022 quin
3237 3952 3475 4019 Veteres,
3505 3968 3534 4007 a
3564 3952 3758 4022 quibus

518 4057 799 4097 excussura
821 4045 931 4113 jam
962 4043 1131 4099 fuerat
1156 4044 1294 4101 idem
1320 4053 1707 4116 argumentum.
1735 4042 1989 4113 plurimos
2013 4058 2076 4098 ac
2100 4043 2382 4113 praeclaros
2404 4040 2609 4107 sensus,
2636 4043 2727 4113 qui
2754 4042 2854 4098 sub
2880 4043 3160 4115 ﬁgurarum
3189 4045 3474 4103 involucris
3502 4045 3752 4109 latebant,
3798 4026 3801 4031 ’

521 4137 573 4189 in
605 4136 773 4190 lucem
804 4138 1135 4191 extulissent.
1180 4141 1249 4193 At
1284 4139 1327 4191 si
1375 4137 1532 4208 hujus
1576 4136 1891 4205 illorumque
1930 4136 2406 4191 commentationes
2448 4136 2585 4191 inter
2626 4150 2684 4191 se
2728 4137 3101 4201 conferantur,
3134 4145 3241 4191 tum
3283 4137 3604 4207 intelligetur
3632 4153 3753 4192 eum

521 4232 814 4301 smpissime
855 4232 939 4286 vel
982 4233 1234 4303 majorem
1278 4233 1450 4288 lucem
1488 4232 1675 4287 afferre
1716 4231 1899 4287 iisdem
1930 4230 2226 4301 mysteriis.
2254 4232 2334 4285 vel
2363 4230 2519 4285 etiam
2548 4247 2713 4292 nova.
2745 4247 2863 4301 qua:
2901 4232 2972 4285 illi
3003 4247 3298 4301 quanquam
3344 4246 3446 4285 non
3492 4233 3755 4289 diversam

522 4324 829 4379 methodum
861 4325 1023 4379 secuti
1056 4326 1533 4394 praetermiserunt,
1565 4324 1829 4380 evolvere.
1864 4321 2044 4392 Neque
2069 4338 2196 4378 vero
2218 4323 2594 4394 Hieronymum
2622 4324 2672 4378 in
2699 4324 2919 4394 epistola
2942 4338 3034 4379 sua
3060 4323 3130 4378 92
3151 4364 3166 4388 ,
3195 4340 3313 4394 quas
3342 4324 3480 4380 inter
3507 4326 3754 4393 Augusti-

524 4422 706 4475 nianas
730 4419 799 4473 72
833 4429 1171 4483 numeratur,
1202 4418 1344 4474 aliud
1378 4419 1476 4474 sibi
1514 4418 1743 4473 voluisse
1770 4416 2148 4472 crediderimus
2167 4458 2181 4481 ,
2213 4417 2301 4471 ubi
2343 4426 2615 4487 postquam
2656 4425 2877 4472 testatus
2913 4426 3028 4483 est,
3058 4416 3101 4472 si
3131 4417 3321 4472 dixerit
3349 4434 3455 4474 non
3485 4420 3754 4475 defuturos

466 4544 470 4558 ι
524 4514 653 4571 forte
682 4516 769 4585 qui
813 4514 960 4571 libris
1002 4512 1118 4579 ejus
1160 4521 1337 4567 notam
1383 4512 1585 4566 illinant
1630 4511 1958 4569 censoriam.
2001 4525 2120 4564 cum
2165 4509 2333 4578 ipsum
2381 4524 2590 4580 quoque
2638 4510 2974 4580 Evangelium
3021 4510 3180 4579 impio
3222 4512 3546 4580 perditorum
3597 4511 3755 4565 dente

528 4609 843 4671 mordeatur,
876 4606 1001 4663 illud
1027 4622 1125 4660 non
1152 4620 1216 4661 eo
1240 4620 1298 4660 se
1318 4604 1532 4669 dixisse,
1559 4604 1694 4675 quod
1718 4606 1771 4659 in
1790 4602 2019 4676 θρα-ἔθυε
2042 4603 2158 4666 tuis,
2185 4602 2372 4672 inquit,
2399 4603 2628 4673 quadam
2650 4603 3055 4672 reprehendenda
3070 4606 3183 4675 jam
3207 4621 3433 4661 censeam
3454 4621 3473 4659 :
3492 4604 3755 4672 subjungit

524 4699 587 4752 .le
609 4700 1002 4755 commentariis
1025 4697 1138 4769 ejus
1166 4698 1217 4752 in
1244 4696 1482 4752 Psalmos
1500 4738 1515 4763 ,
1542 4712 1662 4753 esse
1689 4695 1969 4751 nonnullos
2008 4694 2145 4765 apud
2174 4710 2231 4749 se
2261 4694 2447 4766 (erant
2475 4694 2509 4749 ii
2538 4693 2757 4750 forsitan
2788 4695 3055 4752 breviores
3082 4697 3357 4752 Tractatus
3385 4713 3540 4767 super
3571 4696 3755 4764 primis

525 4790 732 4859 triginta
763 4790 967 4845 duobus
997 4789 1211 4860 psalmis
1249 4789 1336 4844 diu
1377 4797 1497 4842 ante
1533 4804 1727 4841 annmn
1757 4789 1892 4852 ιη,
1921 4788 1993 4841 uti
2020 4788 2129 4856 jam
2157 4786 2492 4841 observatum
2524 4787 2675 4843 nobis
2703 4798 2785 4843 est
2805 4830 2818 4851 ,
2851 4791 3164 4856 compositi,
3198 4790 3306 4845 imo
3329 4792 3484 4845 etiam
3514 4788 3758 4843 fortassis
3798 4856 3805 4865 .

525 4892 645 4938 ante
670 4883 806 4946 404,
836 4899 941 4953 quo
968 4885 1176 4939 circiter
1201 4900 1339 4938 anno
1372 4883 1564 4951 scripta
1596 4880 1690 4935 fuit
1717 4879 1901 4935 eadem
1943 4879 2031 4934 illa
2065 4878 2354 4949 epistola),
2393 4895 2550 4951 quos,
2582 4882 2753 4950 pergit
2781 4881 3135 4952 Hieronymus
3155 4925 3169 4946 ,
3200 4883 3244 4936 si
3281 4882 3451 4936 vellem
3489 4879 3757 4947 discutere,

526 4993 623 5030 non
648 4977 831 5044 dicam,
862 4994 895 5030 a
918 4995 1016 5044 me,
1149 4980 1275 5034 nihil
1296 4995 1425 5039 sum,
1454 4977 1541 5031 sed
1563 4992 1595 5029 a
1619 4984 1831 5028 veterum
1859 4972 2145 5052 ercorum
2171 4972 2655 5041 interpretationibus
2676 4974 2901 5028 docerem
2925 4975 3224 5046 discrepare.
3249 4973 3470 5042 Quidam
3492 4973 3758 5028 recentior

525 5070 715 5125 asserit
753 5069 856 5124 hoc
899 5069 1015 5123 loco
1051 5067 1427 5141 Hieronymum
1467 5068 1761 5138 improbare
1789 5081 1905 5121 eam
1933 5066 2221 5131 rationem,
2252 5079 2353 5134 qua
2381 5065 2735 5135 Augustinus,
2768 5065 2949 5120 relicta
2986 5066 3206 5121 aliorum
3244 5066 3453 5119 Patrum
3483 5065 3755 5126 methodo,

527 5164 763 5218 Psalmos
799 5172 880 5219 est
922 5164 1308 5232 interpretatus.
1357 5165 1417 5217 At
1445 5163 1796 5234 Hieronymus
1816 5201 1829 5223 ,
1860 5158 2077 5229 epistola
2109 5173 2201 5212 sua
2229 5158 2298 5212 75
2326 5158 2463 5212 inter
2488 5157 2923 5229 Augustinianas,
2956 5172 3059 5211 non
3090 5159 3256 5212 multo
3282 5166 3405 5227 post
3428 5156 3758 5227 superiorem

524 5255 664 5321 data,
696 5270 755 5310 se
779 5255 891 5325 ipse
915 5252 1244 5309 commodius
1272 5240 1495 5322 explicat
1524 5272 1536 5307 :
1566 5254 1692 5308 satis
1719 5252 1912 5322 quippe
1941 5250 2108 5303 innuit
2135 5263 2239 5303 non
2268 5248 2371 5302 alio
2396 5256 2663 5317 spectasse
2700 5257 2989 5302 memorata
3018 5248 3174 5304 verba
3196 5291 3210 5312 ,
3242 5263 3398 5319 quam
3429 5258 3485 5302 ut
3514 5247 3760 5318 Augusti-

527 5350 738 5400 nianmn
764 5355 1148 5416 argumentum,
1177 5360 1280 5415 quo
1304 5355 1419 5414 past
1443 5345 1780 5419 Septuaginta
1807 5345 2148 5413 interpretum
2171 5342 2498 5403 Versionem,
2526 5358 2585 5395 ea
2609 5357 2764 5411 quam
2792 5341 3028 5397 ediderat
3054 5344 3249 5398 inutilis
3276 5357 3395 5398 esse
3422 5341 3762 5413 arguebatur,

524 5442 767 5495 dilueret.
797 5440 955 5510 igitur
978 5439 1298 5509 propositum
1325 5437 1570 5492 dilemma
1600 5447 1868 5508 retorquet
1906 5436 1955 5489 in
1987 5436 2126 5490 hunc
2153 5434 2363 5488 modum
2392 5452 2404 5486 :
2437 5433 2754 5502 Respondeat
2781 5434 2905 5487 mihi
2933 5435 3198 5505 prudentia
3236 5444 3351 5496 tua,
3383 5449 3533 5505 quare
3570 5443 3624 5485 tu
3652 5439 3763 5502 post

527 5545 689 5590 tantos
713 5545 762 5590 et
788 5535 907 5588 tales
928 5535 1218 5604 interpretes
1243 5533 1295 5586 in
1319 5532 1668 5603 explanatione
1696 5530 2013 5584 Psalmorum
2042 5530 2234 5583 diversa
2256 5529 2511 5582 senseris?
2540 5528 2599 5601 Si
2624 5528 2754 5581 enim
2783 5528 2980 5583 obscuri
3007 5539 3125 5584 sunt
3157 5528 3346 5583 Psalmi
3366 5569 3380 5594 ,
3414 5537 3461 5581 te
3494 5542 3684 5595 quoque
3707 5525 3760 5577 in

529 5630 599 5682 eis
624 5628 734 5699 falli
762 5626 978 5699 potuisse
1006 5625 1304 5680 credendum
1332 5633 1403 5680 est
1429 5641 1447 5678 :
1473 5625 1516 5678 si
1539 5623 1819 5693 manifesti,
1860 5622 1976 5675 illos
2007 5623 2060 5673 in
2093 5622 2161 5676 eis
2200 5620 2311 5690 falli
2350 5622 2567 5691 potuisse
2608 5637 2706 5674 non
2746 5621 2964 5675 creditur
2986 5638 3006 5677 :
3031 5639 3090 5675 ac
3121 5639 3208 5690 per
3246 5623 3339 5675 hoc
3375 5631 3580 5691 utroque
3611 5620 3760 5671 modo

529 5724 788 5793 superﬂua
810 5722 901 5777 erit
921 5721 1256 5793 interpretatio
1282 5729 1365 5774 tua
1387 5737 1405 5774 :
1428 5729 1473 5773 et
1499 5720 1592 5772 hac
1620 5717 1725 5789 lege
1750 5725 1858 5787 post
1887 5716 2073 5787 priores
2097 5731 2240 5769 nemo
2263 5715 2396 5783 loqui
2423 5714 2657 5781 audebit;
2684 5725 2730 5769 et
2755 5719 3096 5786 quodcumque
3119 5715 3251 5768 alius
3276 5715 3605 5785 occupaverit.
3629 5711 3759 5766 alin:

452 5868 459 5874 .
533 5822 597 5871 de
619 5834 678 5872 eo
703 5816 946 5873 scribendi
974 5834 1071 5872 non
1101 5815 1292 5871 habebit
1317 5815 1583 5869 licentiam.
1617 5812 1683 5868 Et
1710 5819 1851 5867 certe
1880 5810 1930 5865 in
1960 5819 2142 5864 neutra
2171 5808 2507 5879 epistolarum
2546 5809 2615 5864 'dc
2650 5819 2901 5865 consueta
2941 5810 3144 5864 ratione
3173 5811 3469 5879 exponendi
3499 5809 3755 5868 Psaimos.
