4046 6200
266 351 340 406 l7
1715 344 1864 402 ΡΙῖᾸΞ

1966 346 2091 400 ΤΙΟ.
3463 357 3526 413 18
3563 373 3564 376 ‘

265 481 342 520 ne
371 464 591 520 verbum
620 463 857 534 quidem.
903 463 1049 532 Quod
1090 465 1134 518 si
1177 463 1408 518 laborem
1455 463 1726 532 Augustini
1772 463 1838 516 ad
1867 478 2088 518 examen
2120 477 2368 518 revocare
2409 463 2727 536 Hieronymo
2766 468 3038 535 libuisset,
3080 470 3202 527 huic
3228 473 3345 528 sine
3369 473 3529 530 duhtu

265 558 638 612 occurrissent
664 557 698 610 ii
724 571 914 611 sensus
932 598 946 621 ,
977 573 1106 624 quos
1129 557 1264 625 apud
1293 557 1619 624 antiquiores
1647 573 1749 608 non
1781 557 2064 624 reperisset
2092 574 2105 609 :
2134 571 2464 626 nequaquam
2496 573 2620 612 vero
2648 561 2748 614 alia
2777 562 3088 629 methodus;
3120 567 3331 634 quando
3358 567 3530 622 eidem

261 650 499 704 adhaesit
524 659 740 704 sanctus
763 649 1010 714 Antistes,
1039 664 1194 717 quam
1219 645 1465 712 Hilarius,
1494 647 1803 701 Ambrosius
1826 657 1880 702 et
1903 648 2080 702 exteri
2106 665 2238 717 quos
2263 648 2442 702 laudat
2461 649 2832 720 Hieronymus,
2858 665 3006 707 erant
3030 657 3214 710 secuti.
3243 658 3334 712 Sin
3362 658 3533 727 agitur

263 746 334 798 de
369 744 527 798 modo
570 745 837 800 sermonis
879 744 1038 798 divini
1069 745 1345 814 allegorice
1374 761 1436 799 ac
1473 746 1744 799 moraliter
1783 745 2143 809 edisserendi,
2185 746 2302 815 quis
2339 754 2510 814 potest
2550 762 2668 799 eum
2717 748 2998 802 universim
3046 751 3375 820 vituperare;
3407 768 3529 807 cum

263 837 459 890 eodem
490 844 543 890 et
567 837 746 890 cateri
775 837 956 891 Patres
983 853 1104 892 cum
1137 839 1445 908 Augustino,
1477 848 1532 894 et
1558 840 1782 909 ipsemet
1810 839 2156 908 Hieronymus
2189 855 2291 891 non
2321 854 2442 891 raro
2469 854 2592 894 usus
2626 839 2803 900 fuerit.
2838 843 3122 896 secundum
3151 846 3523 913 Apostolorum

261 931 571 999 exemplum
599 941 756 999 atque
787 931 1119 985 doctrinam?
1148 933 1318 986 Testis
1347 942 1430 988 est
1456 933 1636 988 beatus
1666 933 1858 986 Paulus
1877 973 1890 996 ,
1935 947 2276 1001 qnzecumque
2319 933 2368 984 in
2401 932 2572 986 Veteri
2599 932 2937 987 Testamento
2965 946 3112 1004 gesta
3143 949 3524 1002 memorantur,

262 1040 329 1078 ea
370 1024 562 1093 ﬁguras
589 1039 740 1086 esse,
773 1023 1038 1093 fuisseque
1070 1026 1135 1080 ad
1167 1036 1399 1081 nostram
1431 1026 1810 1082 institutionem
1840 1025 2034 1094 scripta
2061 1025 2112 1094 (l
2140 1025 2253 1078 Cor.
2285 1043 2315 1078 x
2338 1067 2353 1091 ,
2384 1027 2470 1096 ll)
2501 1043 2513 1076 :
2543 1027 2686 1095 atqui
2717 1027 2849 1080 faeta
2890 1027 2978 1082 illa
3019 1029 3267 1098 pleraque
3303 1032 3526 1087 Psalmis

262 1118 546 1170 materiam
571 1117 928 1185 suppeditant,
961 1118 1163 1188 ipsique
1187 1119 1320 1173 adeo
1347 1120 1536 1174 Psalttti
1567 1119 2016 1187 metaphoramm,
2043 1118 2402 1187 aenigmatum,
2437 1133 2636 1172 necnon
2669 1119 3092 1188 propheticarum
3117 1121 3528 1192 descriptionum

268 1208 418 1277 pleni
449 1218 572 1262 sunt
603 1227 616 1262 :
643 1223 706 1262 ac
742 1209 962 1277 proinde
990 1211 1077 1278 qui
1109 1227 1204 1264 nos
1234 1213 1366 1265 intra
1392 1213 1643 1280 simplicis
1673 1213 1862 1264 litterae
1887 1211 2153 1280 angustias
2181 1226 2427 1265 coercere
2457 1211 2648 1277 vellet,
2681 1212 2724 1265 is
2755 1212 2962 1280 quidem
2996 1228 3092 1267 nos
3119 1215 3437 1284 deprimeret
3464 1218 3526 1272 ad

265 1301 630 1356 conditionem
657 1300 956 1356 Judaiorum
977 1342 991 1367 ,
1021 1317 1152 1372 quos
1177 1318 1285 1357 sua:
1310 1304 1540 1372 ipsorum
1566 1304 1784 1358 caecitati
1817 1304 1950 1357 Deus
1981 1301 2241 1372 permisit,
2261 1311 2326 1354 .ut
2351 1302 2568 1355 videntes
2595 1319 2694 1356 non
2721 1303 2918 1356 rideant
2949 1303 3095 1372 (Luc.
3127 1321 3212 1358 vin
3235 1347 3247 1366 ,
3280 1306 3388 1373 10).

341 1395 514 1463 Atque
541 1393 656 1448 hzec
683 1410 710 1446 a
741 1394 893 1449 nobis
918 1393 1056 1448 dicta
1079 1395 1203 1460 sint,
1234 1405 1289 1450 ut
1311 1396 1600 1466 generatim
1624 1395 1899 1465 Augustini
1925 1393 2233 1448 methodum
2259 1392 2603 1448 defendamus
2627 1411 2641 1447 :
2666 1395 2872 1448 tametsi
2904 1395 3065 1448 nostri
3094 1396 3298 1448 consilii
3333 1413 3433 1448 non
3460 1397 3530 1449 sit

267 1499 594 1558 extorquere
621 1487 689 1540 ab
715 1487 982 1553 erunibus,
1015 1497 1071 1542 ut
1095 1489 1177 1542 vel
1205 1489 1502 1543 levissimas
1532 1487 1766 1558 ejusdem
1793 1487 2078 1541 allusiones
2101 1486 2308 1550 eadem,
2337 1501 2437 1556 qua
2465 1501 2561 1539 nos
2590 1486 2710 1556 ipsi,
2744 1487 3080 1542 veneratione
3110 1497 3525 1556 prosequantur:

269 1580 405 1633 satis
433 1579 566 1643 erit,
599 1579 641 1631 si
673 1593 775 1632 non
817 1579 1056 1649 indignas
1092 1580 1307 1634 materia
1348 1596 1464 1650 quae
1503 1588 1788 1645 tractatur,
1824 1579 1962 1648 aequi
2001 1594 2176 1632 rerum
2222 1579 2572 1633 aestimatores
2609 1578 2864 1648 judicent.
2908 1580 3016 1634 lmo
3047 1597 3170 1635 vero
3207 1582 3248 1634 si
3281 1583 3530 1650 temporis

266 1670 483 1740 ingenio
505 1671 706 1723 servire
728 1685 791 1723 ac
810 1684 927 1723 sese
949 1669 1119 1739 plebis
1140 1673 1313 1740 captni
1335 1671 1735 1725 accommodare
1764 1685 1867 1724 non
1891 1671 2121 1725 novisset
2147 1670 2331 1724 beatus
2350 1670 2572 1735 Prazsul,
2599 1672 2666 1725 ab
2686 1687 2744 1723 ea
2767 1672 2970 1726 ratione
2993 1674 3177 1742 agendi
3201 1674 3526 1738 descivisset,

266 1781 427 1833 quam
461 1765 685 1831 ipsemet
708 1765 842 1817 Deus
861 1764 1075 1818 adhibet
1095 1765 1148 1818 in
1171 1765 1336 1820 sacris
1356 1765 1598 1828 Litteris;
1621 1765 1711 1818 ubi
1733 1764 1958 1834 Spiritus
1978 1772 2190 1819 sanctus
2212 1763 2424 1817 humani
2445 1763 2704 1818 sermonis
2727 1781 2927 1819 morem
2953 1777 3184 1834 usurpat,
3211 1767 3532 1822 humillimas

265 1871 508 1926 quasque
536 1856 742 1910 dicendi
769 1855 965 1909 formas
991 1873 1092 1909 non
1123 1857 1436 1927 repudians;
1467 1858 1552 1912 ubi
1580 1859 1736 1912 etiam
1757 1899 1770 1922 ,
1803 1872 1908 1927 quo
1934 1858 2184 1911 veritates
2216 1856 2283 1910 ad-
2325 1858 2544 1912 salutem
2587 1859 2913 1912 necessarias
2952 1859 3252 1914 hominibus
3289 1861 3523 1927 instillet,

267 1948 592 2014 historicam
621 1949 929 2002 varietatem
969 1963 1030 2002 ac
1068 1950 1324 2019 poeticam
1359 1950 1717 2005 atnmnitatem
1759 1965 1878 2003 cum
1929 1950 2396 2004 instrumentorum
2439 1951 2756 2004 musicorum
2803 1953 3058 2006 suavitate
3097 1953 3530 2025 Psalmorumque

264 2053 425 2096 cantu
454 2043 746 2112 c0njungit.
783 2042 1048 2096 Patiamur
1076 2043 1250 2112 itaque
1280 2043 1625 2112 Augustinum
1654 2043 1921 2112 alleget-iis
1958 2051 2116 2110 atque
2152 2042 2271 2098 aliis
2299 2043 2752 2097 observationibus
2779 2044 2850 2098 uti
2869 2085 2884 2110 ,
2924 2045 3112 2114 quibus
3142 2061 3243 2098 non
3273 2045 3527 2114 imparem

266 2135 555 2189 arbitratur
583 2134 835 2203 pnpulmn
864 2149 1053 2198 suum;
1085 2144 1138 2189 et
1167 2135 1278 2188 haec
1309 2145 1484 2188 nostra
1513 2151 1636 2189 cura
1663 2136 1762 2198 sit,
1794 2135 2186 2188 admirabilibus
2225 2137 2533 2204 praeceptis,
2567 2153 2684 2207 qua:
2712 2137 2833 2192 inde
2860 2146 3011 2207 capta
3051 2141 3328 2193 occasione
3357 2140 3527 2194 eidem

268 2229 457 2295 tradit,
484 2229 849 2306 adhzerescere
879 2250 890 2283 :
925 2231 1066 2301 quod
1095 2233 1265 2300 ipsum
1297 2233 1538 2286 similiter
1566 2232 1848 2286 observare
1889 2246 1986 2285 nos
2011 2231 2324 2297 conveniet,
2357 2232 2399 2284 si
2431 2231 2641 2300 quando
2668 2232 2907 2286 nonnihil
2937 2249 2968 2288 a
2996 2249 3117 2289 vera
3147 2234 3530 2306 significatione

266 2319 634 2375 deﬂectentem
655 2363 670 2386 ,
698 2303 892 2390 optima
921 2331 1094 2376 tamen
1122 2323 1410 2392 prmcipere
1436 2329 1595 2392 atque
1623 2322 1687 2375 ad
1715 2323 1962 2391 pietatem
1991 2322 2218 2376 maxime
2243 2322 2581 2376 accommoda
2611 2324 2954 2392 reperiemus.

344 2414 608 2468 Cmterum
652 2415 719 2468 de
757 2415 1257 2469 commentariorum
1299 2415 1550 2469 horumce
1589 2415 1780 2468 merito
1819 2427 1924 2467 non
1967 2421 2049 2467 est
2092 2414 2532 2483 pronuntiandum
2574 2423 2876 2483 comparate
2918 2415 2986 2470 adv
3025 2416 3289 2471 hebrmum
3332 2426 3528 2473 textum

268 2491 611 2572 hodiernum,
636 2523 805 2576 neque
827 2508 983 2563 etiam
1005 2507 1070 2560 ad
1093 2507 1556 2576 Ilieronymianum
1579 2522 1592 2568 ;
1620 2505 1831 2576 "quando
1848 2507 2169 2575 Augustinus
2185 2504 2326 2560 LXX
2350 2507 2692 2576 lnterpretes,
2713 2508 2798 2576 qui
2823 2508 2954 2562 forte
2975 2507 3240 2563 hebrteum
3261 2510 3532 2579 exemplar

267 2613 419 2668 a-que
449 2599 527 2652 vel
558 2600 714 2652 etiam
745 2599 910 2669 magis
936 2598 1270 2654 emendatum
1302 2599 1554 2664 habuere,
1587 2597 1886 2668 sequendos
1915 2598 2013 2652 sibi
2042 2595 2332 2668 proposuit.
2363 2597 2584 2652 Nescius
2609 2609 2688 2652 est
2716 2614 2874 2653 nemo
2914 2608 3164 2668 quantum
3204 2601 3531 2654 auctoritatis

267 2707 451 2744 eorum
500 2691 812 2744 traductioni
854 2692 964 2760 jam
1005 2691 1180 2746 inde’a
1213 2692 1396 2761 primis
1433 2691 1758 2760 temporibus
1788 2692 1926 2746 Deus
1952 2691 2175 2744 voluerit
2211 2704 2329 2744 esse
2358 2690 2410 2743 in
2442 2689 2711 2752 Ecclesia;
2743 2699 2998 2760 quantum
3035 2692 3440 2746 existimationis
3479 2693 3529 2745 ci

267 2783 571 2851 pepererint
603 2783 876 2850 Apostoli,
909 2784 1050 2836 illam
1089 2784 1139 2836 in
1168 2782 1299 2836 Novi
1330 2782 1651 2836 Testamenti
1696 2783 1900 2850 paginis
1936 2782 2342 2851 consignantes;
2391 2789 2645 2850 quantum
2693 2781 2922 2854 denique
2971 2783 3390 2837 testimoniorum
3431 2784 3529 2853 ipsi

269 2873 587 2940 protulerint
629 2873 828 2926 eisdem
870 2873 1080 2939 verbis,
1127 2873 1316 2942 quibus
1361 2875 1411 2926 in
1453 2873 1762 2928 eorumdem
1801 2873 2150 2942 lnterpretum
2194 2872 2440 2942 leguntur
2475 2871 2731 2927 Psalterio
2763 2891 2775 2926 :
2805 2888 2873 2927 ex
2901 2888 3005 2943 quo
3032 2874 3244 2944 quidem
3276 2874 3530 2930 Psalterio

267 2965 560 3020 Yersiones
589 2981 776 3021 omnes
803 2982 918 3035 qua:
950 2967 1203 3021 hactenus
1235 2968 1284 3021 in
1314 2966 1549 3021 Ecclesia
1579 2967 1817 3032 valuere,
1845 2967 2096 3022 traducta:
2123 2975 2265 3021 sunt.

339 3057 446 3112 Sed
478 3058 688 3127 quando
718 3074 816 3112 nos
840 3057 942 3113 huc
967 3058 1184 3113 adduxit
1206 3058 1396 3123 oratio,
1427 3069 1573 3113 extra
1603 3059 1930 3130 propositum
1962 3075 2064 3114 non
2093 3059 2253 3114 fuerit
2278 3059 2346 3114 de
2371 3058 2530 3114 variis
2557 3059 2659 3114 illis
2685 3058 3028 3116 Versionibus
3055 3076 3217 3130 pauca
3246 3062 3528 3133 subjicere.

269 3153 624 3224 Hieronymus
653 3155 707 3208 in
734 3154 957 3224 epistola
988 3155 1089 3209 155
1108 3196 1122 3218 ,
1155 3155 1218 3207 ad
1247 3154 1502 3209 Sunniam
1532 3164 1585 3208 et
1613 3154 1905 3221 Fretelam,
1933 3154 2209 3210 occasione
2239 3146 2586 3223 quorumdam
2617 3155 2851 3207 locorum
2885 3153 3152 3220 Psalterii,
3181 3154 3248 3209 de
3275 3170 3380 3225 quo
3409 3172 3530 3210 eum

267 3247 650 3312 consulebant,
682 3263 906 3316 grzecam
932 3246 1073 3301 LXX
1103 3247 1452 3316 lnterpretum
1491 3247 1798 3301 Versionem
1831 3256 2011 3302 monet
2040 3247 2091 3300 in
2123 3245 2328 3300 duabus
2355 3244 2681 3300 circumferri
2716 3245 3066 3310 editionibus;
3097 3261 3317 3316 quarmn
3344 3247 3528 3311 altera,

266 3347 323 3393 et
352 3354 415 3392 ea
443 3338 654 3408 quidem
696 3339 861 3408 ipsius
890 3339 1089 3406 judicio
1133 3338 1306 3391 minus
1334 3340 1585 3408 castigata
1607 3380 1621 3404 ,
1651 3338 1924 3394 dicebatur
1949 3337 2286 3406 Communis,
2313 3336 2532 3408 Vulgata
2554 3379 2568 3401 ,
2597 3348 2651 3390 et
2678 3336 2895 3392 Luciani
2926 3338 3090 3393 editio
3121 3356 3134 3390 :
3166 3339 3328 3392 altera
3356 3348 3528 3393 autem

265 3440 412 3494 erat,
441 3447 562 3500 qum
581 3473 595 3496 ,
625 3439 682 3483 ut
707 3431 822 3500 ejus
848 3430 1007 3483 verba
1035 3445 1370 3498 usurpemus,
1401 3429 1606 3483 habetur
1633 3430 1686 3482 in
1722 3429 1987 3498 Hexaph's,
2017 3439 2071 3483 et
2095 3445 2209 3499 qua:
2235 3435 2287 3482 in
2313 3429 2621 3498 eruditorum
2649 3428 2786 3482 libris
2810 3429 3103 3500 incorrupta
3129 3439 3173 3482 et
3206 3430 3533 3484 immaculata

265 3531 570 3574 reservatur.
607 3522 678 3576 De
703 3536 804 3590 qua
831 3523 987 3574 etiam
1016 3521 1171 3590 paulo
1195 3528 1316 3573 ante.
1341 3519 1546 3573 dixerat
1566 3560 1593 3584 ,,
1616 3519 1682 3572 Et
1711 3536 1741 3572 a
1767 3520 1907 3574 nobis
1934 3520 1986 3573 in
2017 3519 2230 3572 latinum
2258 3535 2534 3572 sermonem
2564 3518 2775 3587 fideliter
2798 3535 2940 3573 versa
2967 3529 3036 3574 cst
3055 3562 3069 3582 ,
3099 3529 3144 3572 et
3173 3519 3533 3590 Hierosolyma:

265 3622 417 3680 atque
443 3613 495 3665 in
528 3613 743 3667 Orientis
775 3613 1009 3667 Ecclesiis
1043 3614 1352 3667 demittatur.
1394 3613 1540 3668 llanc
1572 3622 1893 3683 postremam
1934 3614 2190 3668 orationis
2226 3624 2428 3683 partem
2465 3613 2672 3668 videtur
2699 3615 3049 3680 l-liucmarus,
3078 3617 3297 3685 epistola
3332 3631 3426 3669 sua
3465 3616 3529 3670 ad

266 3703 590 3760 Ludovicum
616 3706 913 3761 Germanizc
935 3723 1132 3776 regem,
1156 3706 1478 3761 intellexisse
1502 3707 1570 3761 de
1589 3707 1700 3776 ipsa
1722 3706 2026 3776 Hieronymi
2057 3707 2404 3768 traductione.
2438 3723 2558 3762 cum
2586 3709 2782 3761 rectius
2815 3706 2880 3761 de
2908 3724 3076 3778 graeca
3105 3707 3336 3762 editione
3363 3707 3534 3761 Hexa-

264 3800 476 3869 plorum
511 3801 850 3871 intelligatur.
880 3801 1018 3854 Petri
1046 3800 1235 3854 Pithmi
1265 3815 1389 3855 vero
1419 3799 1516 3854 fuit
1544 3800 1740 3869 opinio,
1772 3799 2012 3854 eamdem
2045 3815 2163 3854 esse
2190 3801 2487 3854 versionem
2520 3800 2660 3852 illam
2683 3800 3011 3870 Hieronymi,
3039 3809 3194 3867 atque
3217 3797 3528 3852 Psalterium

263 3891 408 3960 quod
449 3891 747 3946 llomanum
790 3902 1014 3956 vocant;
1049 3887 1323 3962 Vulgatam
1375 3907 1533 3960 porro
1579 3900 1814 3945 nostram
1870 3907 1968 3948 non
2012 3893 2168 3945 aliam
2217 3892 2544 3953 habendam,
2579 3908 2734 3961 quam
2766 3901 2997 3946 veterem
3033 3889 3344 3944 Versionem
3375 3906 3438 3944 ex
3469 3903 3535 3944 ea

263 3982 500 4036 editione
525 3999 645 4052 qua:
674 3982 888 4036 Luciani
923 3982 1197 4038 dicebatur
1237 3981 1336 4052 (De
1360 3982 1530 4035 Latin.
1558 3981 1769 4036 Biblior.
1798 3981 2176 4048 interpretibus.
2210 3998 2327 4050 pag.
2356 3980 2432 4052 6).
2475 3981 2668 4035 Verum
2700 3997 2802 4034 non
2836 3983 2891 4035 lit
2919 3980 3204 4036 admodum
3243 3981 3531 4036 verisimile

235 4086 374 4162 ’ωσι
402 4077 501 4131 levi
533 4077 746 4145 negotio
773 4076 1086 4130 Psalterium
1127 4091 1281 4129 suum
1321 4085 1553 4131 mutasse
1584 4075 1874 4130 Ecclesiam
1903 4075 2196 4130 Romanam
2228 4094 2240 4128 :
2273 4086 2464 4144 praeter
2487 4092 2643 4146 quam
2679 4077 2816 4146 quod
2857 4078 2907 4132 in
2945 4079 3130 4133 eodem
3162 4060 3250 4133 illo
3276 4079 3532 4133 Psalterin

264 4171 521 4223 lectiones
547 4167 788 4238 quaedam
819 4168 1188 4223 desiderantur
1215 4167 1461 4222 meliores
1494 4181 1556 4220 ac
1589 4166 2008 4232 cmendatiores,
2041 4182 2173 4236 quas
2215 4167 2268 4221 in
2305 4182 2480 4237 graeco
2518 4167 2870 4236 Hexaplorum
2913 4187 2970 4224 se
3009 4171 3269 4238 reperisse
3313 4180 3535 4226 testatur

262 4262 641 4330 Hieronymus.
669 4260 748 4314 Ad
775 4259 1046 4331 Vulgatam
1071 4259 1356 4314 editionem
1385 4258 1522 4327 quod
1550 4259 1758 4320 attinet,
1787 4257 1920 4310 bona
1945 4259 2046 4312 fide
2071 4269 2278 4313 nostras
2303 4259 2369 4312 de
2397 4259 2482 4312 illa
2506 4259 2838 4328 conjecturas
2860 4260 2948 4314 hic
2977 4277 3348 4329 proponemus.
3389 4259 3531 4315 Idem

262 4355 384 4422 ipse
414 4353 764 4423 Hieronymus
802 4353 1020 4422 epistola
1061 4366 1154 4406 sua
1198 4352 1262 4404 ad
1309 4351 1521 4404 Paulam
1561 4359 1614 4404 et
1653 4350 1996 4405 Eustochium
2047 4350 2308 4419 signiﬁcat
2351 4365 2408 4404 se
2452 4343 2613 4404 semel
2657 4362 2816 4421 atque
2858 4353 3046 4407 iterum
3087 4353 3341 4406 Psalterio
3372 4353 3534 4407 latino

260 4446 331 4499 ad
360 4443 501 4498 LXX
535 4443 880 4513 lnterpretum
919 4443 1209 4498 editionem
1249 4443 1556 4511 castigando
1593 4457 1808 4510 operam
1839 4457 2095 4508 navasse;
2128 4443 2298 4510 primo
2324 4443 2508 4494 cursim
2535 4453 2580 4495 et
2609 4459 2790 4512 magna
2819 4461 2880 4497 ea:
2908 4453 3078 4514 parte,
3109 4460 3227 4496 cum
3267 4443 3440 4497 adhuc
3481 4445 3532 4496 in

261 4537 398 4591 urbe
434 4545 774 4590 versaretur:
807 4537 1042 4590 secundo
1079 4535 1370 4605 diligenter,
1409 4534 1624 4603 jamque
1661 4534 1713 4586 in
1743 4548 1957 4588 secessu
1997 4533 2204 4586 abditus
2239 4533 2694 4589 Bethlehemitico.
2741 4535 2947 4592 Ultimm
2992 4535 3150 4604 hujus
3191 4537 3534 4591 correctionis

262 4629 588 4699 exemplaria
610 4637 758 4698 optat
779 4637 834 4681 ut
858 4642 976 4681 cum
998 4641 1124 4681 cura
1149 4636 1202 4680 et
1222 4626 1486 4694 diligentia
1511 4624 1962 4689 transcribantur;
1991 4639 2196 4677 necnon
2223 4623 2392 4678 eidem
2414 4624 2605 4678 addita:
2630 4626 2725 4680 abs
2747 4641 2806 4680 se
2832 4636 2968 4679 noue
2994 4625 3361 4694 appingantur,
3392 4628 3530 4681 obeli

263 4720 550 4783 videlicet,
577 4735 606 4773 a
635 4719 824 4788 quibus
863 4734 1030 4787 usque
1068 4717 1132 4771 ad
1174 4716 1446 4786 sequentia
1477 4715 1581 4769 duo
1611 4724 1836 4786 puncta,
1881 4730 1998 4784 qua:
2037 4714 2346 4784 legebantur
2384 4715 2521 4784 apud
2567 4715 2707 4769 LXX
2750 4717 2967 4796 culmini
3014 4716 3226 4771 ltcbt'mo
3264 4717 3531 4783 deessent,

264 4810 708 4873 includebantur;
735 4819 787 4865 et
811 4809 1048 4864 asterisci
1069 4850 1084 4875 ,
1113 4808 1303 4878 quibus
1328 4807 1569 4862 similiter
1595 4823 1713 4877 quae
1739 4805 1806 4860 ad
1837 4806 2072 4876 proxima
2104 4806 2210 4861 duo
2232 4817 2420 4878 puncta
2448 4808 2806 4876 sequebantur
2825 4849 2839 4872 ,
2865 4824 2928 4861 ex
2958 4807 3168 4862 hebrteo
3184 4808 3332 4877 juxta
3353 4809 3536 4865 Theo-

262 4904 496 4958 dotionis
531 4902 818 4958 editionem
853 4901 993 4957 LXX
1027 4899 1402 4969 lnterpretibus
1431 4900 1721 4954 accessisse
1751 4908 1930 4952 notum
1960 4898 2131 4952 ﬁeret.
2169 4899 2327 4968 Atqui
2361 4900 2658 4967 hujusmodi
2691 4901 2835 4966 signa
2867 4902 3155 4976 etiamntun
3185 4905 3234 4956 in
3265 4905 3532 4959 veteribus

261 4997 581 5067 quibusdam
612 4994 1273 5074 Vulgatmlmamtscriptis,
1317 5008 1418 5045 non
1453 5000 1628 5047 autem
1660 4993 1711 5046 in
1748 4993 1854 5046 alio
1892 4991 2002 5044 ullo
2038 4991 2416 5046 Psalteriorum
2451 4993 2735 5047 latinorum
2774 4994 3009 5050 invenire
3043 5006 3144 5051 est.
3189 4998 3312 5052 llaec
3341 5001 3450 5068 ipsa
3483 5002 3533 5054 in

263 5089 629 5160 compluribus
665 5088 935 5142 codicibus
969 5088 1064 5142 sibi
1102 5087 1378 5140 observata
1405 5084 1630 5138 Jacobus
1656 5083 1828 5138 Faber
1853 5083 2182 5152 Stapulensis
2208 5083 2436 5136 afﬁrmat
2475 5082 2706 5152 (Prolog.
2739 5085 2792 5136 in
2825 5083 3136 5139 Psalterium
3164 5090 3486 5160 quincnplex)
3521 5110 3530 5143 :

265 5183 472 5252 ipsique
500 5182 756 5236 habemus
782 5195 892 5250 pra:
920 5179 1161 5232 manibus
1193 5179 1614 5246 antiquissimum
1655 5176 1970 5244 tripartitum
1999 5175 2312 5229 Psalterium
2342 5175 2566 5228 abbatire
2594 5176 2771 5230 Sancti
2805 5177 2943 5231 Petri
2974 5179 3318 5235 Carnutensis
3339 5226 3352 5245 ,
3390 5186 3534 5252 quod

266 5276 321 5328 in
347 5275 517 5344 prima
543 5274 788 5328 columna
815 5271 1126 5326 Psalterium
1157 5270 1463 5339 Hieronymi
1489 5286 1551 5324 ex
1583 5269 1794 5322 ltebrmo
1816 5268 2070 5328 continet,
2100 5268 2150 5319 in
2179 5267 2331 5320 tertia
2359 5276 2511 5322 vetus
2537 5267 2850 5336 Psalterium
2879 5286 2907 5322 a
2938 5272 3175 5326 [lutitano
3198 5283 3358 5343 atque
3383 5275 3536 5328 abeo

264 5382 374 5434 quo
394 5381 525 5420 usus
545 5374 626 5420 est
646 5365 990 5435 Augustinus,
1021 5379 1202 5432 parum
1224 5363 1563 5431 discrepans;
1593 5362 1642 5414 in
1664 5360 1893 5415 secunda
1914 5373 2042 5412 vero
2063 5357 2348 5413 editionem
2370 5358 2644 5428 Vulgatam
2665 5361 2879 5416 exhibet
2902 5377 3020 5417 cum
3044 5379 3199 5435 supra
3225 5369 3535 5421 memoratis

266 5459 581 5527 Hieronymi
613 5457 782 5512 obelis
809 5466 862 5510 et
885 5451 1170 5509 asteris'cis.
1203 5455 1333 5509 Hinc
1361 5453 1512 5510 facile
1533 5452 1910 5523 persuademnr
1937 5449 2215 5519 Vulgatam
2240 5466 2358 5504 esse
2391 5451 2558 5520 ipsam
2598 5453 2740 5506 illam
2772 5454 3082 5511 Versionem
3112 5458 3178 5512 ab
3205 5458 3531 5529 Hieronymo

263 5551 520 5607 secundis
544 5551 685 5605 curis
715 5549 1052 5605 emendatam
1081 5565 1094 5601 :
1122 5564 1238 5618 qua:
1264 5559 1441 5602 nostra
1468 5546 1728 5601 sententia
1757 5546 1972 5611 insuper
1998 5544 2309 5598 auctoritate
2337 5545 2677 5614 manuscripti
2706 5545 3041 5603 bibliotheca:
3063 5548 3379 5604 Colbertinm
3401 5559 3524 5603 ante

265 5647 638 5715 septingentos
659 5661 829 5698 annos
853 5644 1054 5698 exarati
1078 5642 1438 5708 confirmatur,
1470 5643 1556 5710 qni
1581 5640 1854 5708 Vulgatam
1879 5652 1998 5689 cum
2027 5637 2210 5692 iisdem
2238 5636 2662 5708 llicronymianis
2685 5639 2846 5704 notis,
2876 5649 2929 5693 et
2952 5640 3050 5694 sub
3077 5643 3173 5695 hac
3197 5640 3536 5709 inscriptione

263 5737 694 5809 corltpreltcndit,
725 5737 870 5791 Liber
895 5735 1217 5790 Paulinorum
1242 5735 1302 5789 de
1327 5735 1651 5788 translatione
1673 5733 2003 5804 Septuaginta
2023 5732 2371 5802 interpretum,
2400 5730 2718 5785 emendatum
2741 5749 2772 5786 a
2800 5742 2971 5787 sancto
2995 5732 3304 5802 Hieronymo
3330 5734 3381 5787 iu
3403 5751 3528 5788 nouo
