  <div class='ocr_page' id='page_1' title='image "/cluster/home/n/w/nwhite01/storage/ocr_20150623/36/hvd.32044096580584/017.png"; bbox 0 0 4046 6200; ppageno 0'>
   <div class='ocr_carea' id='block_1_1' title="bbox 442 236 3688 331">
    <p class='ocr_par' dir='ltr' id='par_1_1' title="bbox 442 236 3688 331">
     <span class='ocr_line' id='line_1_1' title="bbox 442 236 3688 331; baseline -0.004 -5"><span class='ocrx_word' id='word_1_1' title='bbox 442 268 520 326; x_wconf 76' lang='lat' dir='ltr'><strong>ss</strong></span> <span class='ocrx_word' id='word_1_2' title='bbox 1890 260 2269 331; x_wconf 62' lang='lat' dir='ltr'><strong>PREFATIO.</strong></span> <span class='ocrx_word' id='word_1_3' title='bbox 2360 282 2371 297; x_wconf 87' lang='lat'><strong><em>-</em></strong></span> <span class='ocrx_word' id='word_1_4' title='bbox 2803 270 2811 278; x_wconf 58' lang='grc' dir='ltr'><em>ν</em></span> <span class='ocrx_word' id='word_1_5' title='bbox 3619 236 3688 313; x_wconf 68' lang='lat' dir='ltr'><strong>si)</strong></span> 
     </span>
    </p>
   </div>
   <div class='ocr_carea' id='block_1_2' title="bbox 447 360 3690 452">
    <p class='ocr_par' dir='ltr' id='par_1_2' title="bbox 447 360 3690 452">
     <span class='ocr_line' id='line_1_2' title="bbox 447 360 3690 452; baseline -0.004 -16"><span class='ocrx_word' id='word_1_6' title='bbox 447 382 628 448; x_wconf 77' lang='lat' dir='ltr'><strong>(forte,</strong></span> <span class='ocrx_word' id='word_1_7' title='bbox 653 382 716 438; x_wconf 83' lang='lat' dir='ltr'><strong>de</strong></span> <span class='ocrx_word' id='word_1_8' title='bbox 738 382 905 452; x_wconf 79' lang='lat' dir='ltr'><strong>novo).</strong></span> <span class='ocrx_word' id='word_1_9' title='bbox 932 377 1318 450; x_wconf 84' lang='lat' dir='ltr'><strong>Comprobatur</strong></span> <span class='ocrx_word' id='word_1_10' title='bbox 1338 377 1564 451; x_wconf 87' lang='lat' dir='ltr'><strong>denique</strong></span> <span class='ocrx_word' id='word_1_11' title='bbox 1585 377 1887 434; x_wconf 85' lang='lat' dir='ltr'><strong>testimonio</strong></span> <span class='ocrx_word' id='word_1_12' title='bbox 1906 376 2160 432; x_wconf 79' lang='lat' dir='ltr'><strong>Valafridi</strong></span> <span class='ocrx_word' id='word_1_13' title='bbox 2177 375 2472 443; x_wconf 89' lang='lat' dir='ltr'><strong>Strabonis,</strong></span> <span class='ocrx_word' id='word_1_14' title='bbox 2498 373 2649 443; x_wconf 88' lang='lat' dir='ltr'><strong>cujus</strong></span> <span class='ocrx_word' id='word_1_15' title='bbox 2669 388 2767 429; x_wconf 91' lang='lat' dir='ltr'><strong>nos</strong></span> <span class='ocrx_word' id='word_1_16' title='bbox 2789 371 2921 428; x_wconf 88' lang='lat' dir='ltr'><strong>infra</strong></span> <span class='ocrx_word' id='word_1_17' title='bbox 2960 372 3129 427; x_wconf 89' lang='lat' dir='ltr'><strong>locum</strong></span> <span class='ocrx_word' id='word_1_18' title='bbox 3168 360 3368 429; x_wconf 60' lang='lat' dir='ltr'><strong>sumus</strong></span> <span class='ocrx_word' id='word_1_19' title='bbox 3384 370 3690 429; x_wconf 83' lang='lat' dir='ltr'><strong>exhibituri.</strong></span> 
     </span>
    </p>
   </div>
   <div class='ocr_carea' id='block_1_3' title="bbox 521 464 3688 541">
    <p class='ocr_par' dir='ltr' id='par_1_3' title="bbox 521 464 3688 541">
     <span class='ocr_line' id='line_1_3' title="bbox 521 464 3688 541; baseline -0.004 -13"><span class='ocrx_word' id='word_1_20' title='bbox 521 471 719 529; x_wconf 80' lang='lat' dir='ltr'><strong>Verum</strong></span> <span class='ocrx_word' id='word_1_21' title='bbox 739 472 865 530; x_wconf 89' lang='lat' dir='ltr'><strong>illud</strong></span> <span class='ocrx_word' id='word_1_22' title='bbox 893 471 1071 527; x_wconf 71' lang='lat' dir='ltr'><strong>forsan</strong></span> <span class='ocrx_word' id='word_1_23' title='bbox 1096 470 1269 527; x_wconf 88' lang='lat' dir='ltr'><strong>minus</strong></span> <span class='ocrx_word' id='word_1_24' title='bbox 1287 469 1618 541; x_wconf 89' lang='lat' dir='ltr'><strong>exploratum</strong></span> <span class='ocrx_word' id='word_1_25' title='bbox 1644 479 1747 538; x_wconf 89' lang='lat' dir='ltr'><strong>est,</strong></span> <span class='ocrx_word' id='word_1_26' title='bbox 1778 469 1872 526; x_wconf 87' lang='lat' dir='ltr'><strong>sed</strong></span> <span class='ocrx_word' id='word_1_27' title='bbox 1900 476 2084 525; x_wconf 91' lang='lat' dir='ltr'><strong>nostro</strong></span> <span class='ocrx_word' id='word_1_28' title='bbox 2099 464 2300 538; x_wconf 87' lang='lat' dir='ltr'><strong>judicio</strong></span> <span class='ocrx_word' id='word_1_29' title='bbox 2318 482 2411 523; x_wconf 89' lang='lat' dir='ltr'><strong>sua</strong></span> <span class='ocrx_word' id='word_1_30' title='bbox 2442 480 2546 521; x_wconf 93' lang='lat' dir='ltr'><strong>non</strong></span> <span class='ocrx_word' id='word_1_31' title='bbox 2572 474 2717 521; x_wconf 89' lang='lat' dir='ltr'><strong>caret</strong></span> <span class='ocrx_word' id='word_1_32' title='bbox 2739 464 3220 532; x_wconf 89' lang='lat' dir='ltr'><strong>verisimilitudine,</strong></span> <span class='ocrx_word' id='word_1_33' title='bbox 3253 466 3497 520; x_wconf 86' lang='lat' dir='ltr'><strong>nimirum</strong></span> <span class='ocrx_word' id='word_1_34' title='bbox 3541 479 3688 517; x_wconf 81' lang='lat' dir='ltr'><strong>eam—</strong></span> 
     </span>
    </p>
   </div>
   <div class='ocr_carea' id='block_1_4' title="bbox 451 557 3691 636">
    <p class='ocr_par' dir='ltr' id='par_1_4' title="bbox 451 557 3691 636">
     <span class='ocr_line' id='line_1_4' title="bbox 451 557 3691 636; baseline -0.003 -17"><span class='ocrx_word' id='word_1_35' title='bbox 451 565 572 621; x_wconf 82' lang='lat' dir='ltr'><strong>dem</strong></span> <span class='ocrx_word' id='word_1_36' title='bbox 598 567 734 621; x_wconf 92' lang='lat' dir='ltr'><strong>hanc</strong></span> <span class='ocrx_word' id='word_1_37' title='bbox 759 576 993 621; x_wconf 90' lang='lat' dir='ltr'><strong>nostram</strong></span> <span class='ocrx_word' id='word_1_38' title='bbox 1024 563 1302 636; x_wconf 78' lang='lat' dir='ltr'><strong>Vulgatam</strong></span> <span class='ocrx_word' id='word_1_39' title='bbox 1326 565 1565 634; x_wconf 89' lang='lat' dir='ltr'><strong>potuisse</strong></span> <span class='ocrx_word' id='word_1_40' title='bbox 1588 564 1656 619; x_wconf 93' lang='lat' dir='ltr'><strong>ab</strong></span> <span class='ocrx_word' id='word_1_41' title='bbox 1681 564 2005 635; x_wconf 79' lang='lat' dir='ltr'><strong>Hieronymo</strong></span> <span class='ocrx_word' id='word_1_42' title='bbox 2024 562 2245 631; x_wconf 87' lang='lat' dir='ltr'><strong>epistola</strong></span> <span class='ocrx_word' id='word_1_43' title='bbox 2268 559 2369 617; x_wconf 75' lang='lat' dir='ltr'><strong>I35</strong></span> <span class='ocrx_word' id='word_1_44' title='bbox 2397 559 2502 615; x_wconf 89' lang='lat' dir='ltr'><strong>dici</strong></span> <span class='ocrx_word' id='word_1_45' title='bbox 2527 557 2939 615; x_wconf 83' lang='lat' dir='ltr'><strong>Traductionem</strong></span> <span class='ocrx_word' id='word_1_46' title='bbox 2964 573 3031 613; x_wconf 86' lang='lat' dir='ltr'><strong>ex</strong></span> <span class='ocrx_word' id='word_1_47' title='bbox 3054 557 3304 627; x_wconf 87' lang='lat' dir='ltr'><strong>Hexaplis</strong></span> <span class='ocrx_word' id='word_1_48' title='bbox 3330 573 3358 611; x_wconf 91' lang='lat' dir='ltr'><strong>a</strong></span> <span class='ocrx_word' id='word_1_49' title='bbox 3385 573 3443 613; x_wconf 85' lang='lat' dir='ltr'><strong>se</strong></span> <span class='ocrx_word' id='word_1_50' title='bbox 3469 557 3691 623; x_wconf 79' lang='lat' dir='ltr'><strong>editam,</strong></span> 
     </span>
    </p>
   </div>
   <div class='ocr_carea' id='block_1_5' title="bbox 452 644 3691 727">
    <p class='ocr_par' dir='ltr' id='par_1_5' title="bbox 452 644 3691 727">
     <span class='ocr_line' id='line_1_5' title="bbox 452 644 3691 727; baseline -0.004 -17"><span class='ocrx_word' id='word_1_51' title='bbox 452 655 596 725; x_wconf 83' lang='lat' dir='ltr'><strong>quod</strong></span> <span class='ocrx_word' id='word_1_52' title='bbox 624 656 764 709; x_wconf 86' lang='lat' dir='ltr'><strong>illam</strong></span> <span class='ocrx_word' id='word_1_53' title='bbox 794 654 995 711; x_wconf 84' lang='lat' dir='ltr'><strong>eisdem</strong></span> <span class='ocrx_word' id='word_1_54' title='bbox 1023 655 1414 725; x_wconf 85' lang='lat' dir='ltr'><strong>exemplaribus</strong></span> <span class='ocrx_word' id='word_1_55' title='bbox 1438 655 1859 710; x_wconf 76' lang='lat' dir='ltr'><strong>consentientem</strong></span> <span class='ocrx_word' id='word_1_56' title='bbox 1900 653 2192 715; x_wconf 77' lang='lat' dir='ltr'><strong>effecisset;</strong></span> <span class='ocrx_word' id='word_1_57' title='bbox 2232 651 2455 721; x_wconf 90' lang='lat' dir='ltr'><strong>epistola</strong></span> <span class='ocrx_word' id='word_1_58' title='bbox 2483 664 2609 705; x_wconf 75' lang='lat' dir='ltr'><strong>vero</strong></span> <span class='ocrx_word' id='word_1_59' title='bbox 2636 648 2815 704; x_wconf 60' lang='lat' dir='ltr'><strong>Paule</strong></span> <span class='ocrx_word' id='word_1_60' title='bbox 2839 658 2893 704; x_wconf 92' lang='lat' dir='ltr'><strong>et</strong></span> <span class='ocrx_word' id='word_1_61' title='bbox 2931 647 3222 704; x_wconf 81' lang='lat' dir='ltr'><strong>Eustochio</strong></span> <span class='ocrx_word' id='word_1_62' title='bbox 3244 648 3439 727; x_wconf 83' lang='lat' dir='ltr'><strong>scripta</strong></span> <span class='ocrx_word' id='word_1_63' title='bbox 3472 644 3691 701; x_wconf 82' lang='lat' dir='ltr'><strong>Versio-</strong></span> 
     </span>
    </p>
   </div>
   <div class='ocr_carea' id='block_1_6' title="bbox 454 732 3692 818">
    <p class='ocr_par' dir='ltr' id='par_1_6' title="bbox 454 732 3692 818">
     <span class='ocr_line' id='line_1_6' title="bbox 454 732 3692 818; baseline -0.004 -14"><span class='ocrx_word' id='word_1_64' title='bbox 454 764 576 805; x_wconf 86' lang='lat' dir='ltr'><strong>nem</strong></span> <span class='ocrx_word' id='word_1_65' title='bbox 607 747 970 803; x_wconf 88' lang='lat' dir='ltr'><strong>tantummodo</strong></span> <span class='ocrx_word' id='word_1_66' title='bbox 1007 732 1318 813; x_wconf 85' lang='lat' dir='ltr'><strong>correctam,</strong></span> <span class='ocrx_word' id='word_1_67' title='bbox 1345 746 1486 818; x_wconf 92' lang='lat' dir='ltr'><strong>quod</strong></span> <span class='ocrx_word' id='word_1_68' title='bbox 1518 747 1747 816; x_wconf 65' lang='lat' dir='ltr'><strong>antiqua</strong></span> <span class='ocrx_word' id='word_1_69' title='bbox 1771 746 1951 809; x_wconf 89' lang='lat' dir='ltr'><strong>verba,</strong></span> <span class='ocrx_word' id='word_1_70' title='bbox 1992 754 2248 815; x_wconf 89' lang='lat' dir='ltr'><strong>quantum</strong></span> <span class='ocrx_word' id='word_1_71' title='bbox 2289 744 2357 797; x_wconf 28' lang='lat' dir='ltr'><strong>in.</strong></span> <span class='ocrx_word' id='word_1_72' title='bbox 2383 743 2501 813; x_wconf 90' lang='lat' dir='ltr'><strong>ipso</strong></span> <span class='ocrx_word' id='word_1_73' title='bbox 2532 741 2723 805; x_wconf 88' lang='lat' dir='ltr'><strong>fuerat,</strong></span> <span class='ocrx_word' id='word_1_74' title='bbox 2752 741 3079 797; x_wconf 84' lang='lat' dir='ltr'><strong>retinuisset.</strong></span> <span class='ocrx_word' id='word_1_75' title='bbox 3108 740 3252 795; x_wconf 92' lang='lat' dir='ltr'><strong>Inter</strong></span> <span class='ocrx_word' id='word_1_76' title='bbox 3276 739 3692 803; x_wconf 23' lang='lat' dir='ltr'><strong>altasrratiOnes,</strong></span> 
     </span>
    </p>
   </div>
   <div class='ocr_carea' id='block_1_7' title="bbox 455 831 3700 913">
    <p class='ocr_par' dir='ltr' id='par_1_7' title="bbox 455 831 3700 913">
     <span class='ocr_line' id='line_1_7' title="bbox 455 831 3700 913; baseline -0.002 -20"><span class='ocrx_word' id='word_1_77' title='bbox 455 853 576 908; x_wconf 66' lang='lat' dir='ltr'><strong>qua:</strong></span> <span class='ocrx_word' id='word_1_78' title='bbox 611 852 709 892; x_wconf 90' lang='lat' dir='ltr'><strong>nos</strong></span> <span class='ocrx_word' id='word_1_79' title='bbox 753 853 818 894; x_wconf 93' lang='lat' dir='ltr'><strong>eo</strong></span> <span class='ocrx_word' id='word_1_80' title='bbox 844 838 1142 908; x_wconf 88' lang='lat' dir='ltr'><strong>impellunt,</strong></span> <span class='ocrx_word' id='word_1_81' title='bbox 1175 838 1291 894; x_wconf 65' lang='lat' dir='ltr'><strong>haec</strong></span> <span class='ocrx_word' id='word_1_82' title='bbox 1319 847 1426 905; x_wconf 87' lang='lat' dir='ltr'><strong>est,</strong></span> <span class='ocrx_word' id='word_1_83' title='bbox 1456 837 1600 913; x_wconf 90' lang='lat' dir='ltr'><strong>quod</strong></span> <span class='ocrx_word' id='word_1_84' title='bbox 1628 837 1878 893; x_wconf 83' lang='lat' dir='ltr'><strong>videlicet</strong></span> <span class='ocrx_word' id='word_1_85' title='bbox 1915 837 1949 891; x_wconf 92' lang='lat' dir='ltr'><strong>ii</strong></span> <span class='ocrx_word' id='word_1_86' title='bbox 1992 836 2113 903; x_wconf 91' lang='lat' dir='ltr'><strong>loci,</strong></span> <span class='ocrx_word' id='word_1_87' title='bbox 2140 850 2273 905; x_wconf 88' lang='lat' dir='ltr'><strong>quos</strong></span> <span class='ocrx_word' id='word_1_88' title='bbox 2309 834 2664 906; x_wconf 82' lang='lat' dir='ltr'><strong>Hieronymus</strong></span> <span class='ocrx_word' id='word_1_89' title='bbox 2691 843 2812 903; x_wconf 91' lang='lat' dir='ltr'><strong>post</strong></span> <span class='ocrx_word' id='word_1_90' title='bbox 2852 832 3043 904; x_wconf 88' lang='lat' dir='ltr'><strong>factam</strong></span> <span class='ocrx_word' id='word_1_91' title='bbox 3087 832 3409 887; x_wconf 86' lang='lat' dir='ltr'><strong>mentionem</strong></span> <span class='ocrx_word' id='word_1_92' title='bbox 3439 831 3700 886; x_wconf 86' lang='lat' dir='ltr'><strong>versionis</strong></span> 
     </span>
    </p>
   </div>
   <div class='ocr_carea' id='block_1_8' title="bbox 449 925 3698 1002">
    <p class='ocr_par' dir='ltr' id='par_1_8' title="bbox 449 925 3698 1002">
     <span class='ocr_line' id='line_1_8' title="bbox 449 925 3698 1002; baseline -0.002 -17"><span class='ocrx_word' id='word_1_93' title='bbox 449 944 568 985; x_wconf 66' lang='lat' dir='ltr'><strong>sua:</strong></span> <span class='ocrx_word' id='word_1_94' title='bbox 592 944 658 984; x_wconf 90' lang='lat' dir='ltr'><strong>ex</strong></span> <span class='ocrx_word' id='word_1_95' title='bbox 691 929 939 1000; x_wconf 87' lang='lat' dir='ltr'><strong>Hexaplis</strong></span> <span class='ocrx_word' id='word_1_96' title='bbox 961 929 1246 986; x_wconf 82' lang='lat' dir='ltr'><strong>defendere</strong></span> <span class='ocrx_word' id='word_1_97' title='bbox 1271 931 1593 1002; x_wconf 76' lang='lat' dir='ltr'><strong>aggreditur,</strong></span> <span class='ocrx_word' id='word_1_98' title='bbox 1617 930 1671 985; x_wconf 92' lang='lat' dir='ltr'><strong>in</strong></span> <span class='ocrx_word' id='word_1_99' title='bbox 1696 930 2071 1000; x_wconf 87' lang='lat' dir='ltr'><strong>manuscriptis</strong></span> <span class='ocrx_word' id='word_1_100' title='bbox 2093 929 2333 999; x_wconf 70' lang='lat' dir='ltr'><strong>Vulgata:</strong></span> <span class='ocrx_word' id='word_1_101' title='bbox 2361 928 2632 985; x_wconf 73' lang='lat' dir='ltr'><strong>codicibus</strong></span> <span class='ocrx_word' id='word_1_102' title='bbox 2657 928 3012 998; x_wconf 88' lang='lat' dir='ltr'><strong>reperiuntur.</strong></span> <span class='ocrx_word' id='word_1_103' title='bbox 3048 927 3179 982; x_wconf 85' lang='lat' dir='ltr'><strong>Nam</strong></span> <span class='ocrx_word' id='word_1_104' title='bbox 3206 928 3307 983; x_wconf 89' lang='lat' dir='ltr'><strong>etsi</strong></span> <span class='ocrx_word' id='word_1_105' title='bbox 3342 926 3526 982; x_wconf 89' lang='lat' dir='ltr'><strong>eadem</strong></span> <span class='ocrx_word' id='word_1_106' title='bbox 3564 925 3698 980; x_wconf 84' lang='lat' dir='ltr'><strong>Vul-</strong></span> 
     </span>
    </p>
   </div>
   <div class='ocr_carea' id='block_1_9' title="bbox 452 1018 3706 1093">
    <p class='ocr_par' dir='ltr' id='par_1_9' title="bbox 452 1018 3706 1093">
     <span class='ocr_line' id='line_1_9' title="bbox 452 1018 3706 1093; baseline -0 -20"><span class='ocrx_word' id='word_1_107' title='bbox 452 1028 581 1091; x_wconf 83' lang='lat' dir='ltr'><strong>gata</strong></span> <span class='ocrx_word' id='word_1_108' title='bbox 605 1020 657 1074; x_wconf 93' lang='lat' dir='ltr'><strong>in</strong></span> <span class='ocrx_word' id='word_1_109' title='bbox 689 1020 869 1075; x_wconf 86' lang='lat' dir='ltr'><strong>Bibliis</strong></span> <span class='ocrx_word' id='word_1_110' title='bbox 893 1018 1102 1077; x_wconf 80' lang='lat' dir='ltr'><strong>excusis</strong></span> <span class='ocrx_word' id='word_1_111' title='bbox 1127 1021 1340 1088; x_wconf 76' lang='lat' dir='ltr'><strong>habeat,</strong></span> <span class='ocrx_word' id='word_1_112' title='bbox 1371 1021 1517 1077; x_wconf 85' lang='lat' dir='ltr'><strong>verbi</strong></span> <span class='ocrx_word' id='word_1_113' title='bbox 1552 1023 1742 1093; x_wconf 79' lang='lat' dir='ltr'><strong>gratia,</strong></span> <span class='ocrx_word' id='word_1_114' title='bbox 1772 1021 1908 1078; x_wconf 91' lang='lat' dir='ltr'><strong>hanc</strong></span> <span class='ocrx_word' id='word_1_115' title='bbox 1949 1023 2000 1076; x_wconf 93' lang='lat' dir='ltr'><strong>in</strong></span> <span class='ocrx_word' id='word_1_116' title='bbox 2035 1023 2238 1092; x_wconf 83' lang='lat' dir='ltr'><strong>psalmo</strong></span> <span class='ocrx_word' id='word_1_117' title='bbox 2264 1022 2468 1091; x_wconf 89' lang='lat' dir='ltr'><strong>quinto,</strong></span> <span class='ocrx_word' id='word_1_118' title='bbox 2511 1021 2547 1092; x_wconf 54' lang='grc' dir='ltr'><em>ᾗ</em></span> <span class='ocrx_word' id='word_1_119' title='bbox 2575 1059 2590 1074; x_wconf 93' lang='grc'><strong>.</strong></span> <span class='ocrx_word' id='word_1_120' title='bbox 2618 1020 2672 1081; x_wconf 91' lang='lat'><strong>9.</strong></span> <span class='ocrx_word' id='word_1_121' title='bbox 2700 1021 3003 1087; x_wconf 88' lang='lat' dir='ltr'><strong>lectionem,</strong></span> <span class='ocrx_word' id='word_1_122' title='bbox 3033 1019 3211 1089; x_wconf 82' lang='lat' dir='ltr'><strong>Dirige</strong></span> <span class='ocrx_word' id='word_1_123' title='bbox 3250 1021 3304 1073; x_wconf 89' lang='lat' dir='ltr'><strong>in</strong></span> <span class='ocrx_word' id='word_1_124' title='bbox 3327 1029 3591 1089; x_wconf 82' lang='lat' dir='ltr'><strong>conspectu</strong></span> <span class='ocrx_word' id='word_1_125' title='bbox 3616 1028 3706 1072; x_wconf 91' lang='lat' dir='ltr'><strong>tuo</strong></span> 
     </span>
    </p>
   </div>
   <div class='ocr_carea' id='block_1_10' title="bbox 470 1111 3694 1186">
    <p class='ocr_par' dir='ltr' id='par_1_10' title="bbox 470 1111 3694 1186">
     <span class='ocr_line' id='line_1_10' title="bbox 470 1111 3694 1186; baseline 0 -21"><span class='ocrx_word' id='word_1_126' title='bbox 470 1113 605 1166; x_wconf 88' lang='lat' dir='ltr'><strong>viam</strong></span> <span class='ocrx_word' id='word_1_127' title='bbox 652 1129 835 1176; x_wconf 86' lang='lat' dir='ltr'><strong>meam,</strong></span> <span class='ocrx_word' id='word_1_128' title='bbox 861 1129 979 1182; x_wconf 58' lang='lat' dir='ltr'><strong>quae</strong></span> <span class='ocrx_word' id='word_1_129' title='bbox 1005 1113 1326 1186; x_wconf 78' lang='lat' dir='ltr'><strong>Hieronymo</strong></span> <span class='ocrx_word' id='word_1_130' title='bbox 1355 1130 1461 1170; x_wconf 89' lang='lat' dir='ltr'><strong>non</strong></span> <span class='ocrx_word' id='word_1_131' title='bbox 1484 1114 1771 1184; x_wconf 83' lang='lat' dir='ltr'><strong>probatur:</strong></span> <span class='ocrx_word' id='word_1_132' title='bbox 1800 1123 2033 1169; x_wconf 84' lang='lat' dir='ltr'><strong>attamen</strong></span> <span class='ocrx_word' id='word_1_133' title='bbox 2059 1113 2112 1168; x_wconf 93' lang='lat' dir='ltr'><strong>in</strong></span> <span class='ocrx_word' id='word_1_134' title='bbox 2141 1111 2284 1168; x_wconf 78' lang='lat' dir='ltr'><strong>MSS.</strong></span> <span class='ocrx_word' id='word_1_135' title='bbox 2312 1113 2459 1167; x_wconf 88' lang='lat' dir='ltr'><strong>illam</strong></span> <span class='ocrx_word' id='word_1_136' title='bbox 2492 1112 2744 1177; x_wconf 83' lang='lat' dir='ltr'><strong>ostendit,</strong></span> <span class='ocrx_word' id='word_1_137' title='bbox 2771 1128 2926 1183; x_wconf 89' lang='lat' dir='ltr'><strong>quam</strong></span> <span class='ocrx_word' id='word_1_138' title='bbox 2953 1112 3241 1168; x_wconf 91' lang='lat' dir='ltr'><strong>secundum</strong></span> <span class='ocrx_word' id='word_1_139' title='bbox 3262 1111 3405 1167; x_wconf 81' lang='lat' dir='ltr'><strong>LXX</strong></span> <span class='ocrx_word' id='word_1_140' title='bbox 3431 1111 3694 1181; x_wconf 88' lang='lat' dir='ltr'><strong>Interpre-</strong></span> 
     </span>
    </p>
   </div>
   <div class='ocr_carea' id='block_1_11' title="bbox 469 1203 3706 1279">
    <p class='ocr_par' dir='ltr' id='par_1_11' title="bbox 469 1203 3706 1279">
     <span class='ocr_line' id='line_1_11' title="bbox 469 1203 3706 1279; baseline 0 -20"><span class='ocrx_word' id='word_1_141' title='bbox 469 1216 552 1262; x_wconf 87' lang='lat' dir='ltr'><strong>tes</strong></span> <span class='ocrx_word' id='word_1_142' title='bbox 582 1206 1074 1277; x_wconf 80' lang='lat' dir='ltr'><strong>legendam‘astruit</strong></span> <span class='ocrx_word' id='word_1_143' title='bbox 1100 1208 1236 1263; x_wconf 93' lang='lat' dir='ltr'><strong>idem</strong></span> <span class='ocrx_word' id='word_1_144' title='bbox 1265 1209 1481 1275; x_wconf 91' lang='lat' dir='ltr'><strong>Doctor,</strong></span> <span class='ocrx_word' id='word_1_145' title='bbox 1518 1223 1730 1279; x_wconf 87' lang='lat' dir='ltr'><strong>nempe,</strong></span> <span class='ocrx_word' id='word_1_146' title='bbox 1770 1207 1943 1278; x_wconf 87' lang='lat' dir='ltr'><strong>Dirige</strong></span> <span class='ocrx_word' id='word_1_147' title='bbox 1958 1208 2017 1261; x_wconf 85' lang='lat' dir='ltr'><strong>in</strong></span> <span class='ocrx_word' id='word_1_148' title='bbox 2041 1216 2308 1277; x_wconf 86' lang='lat' dir='ltr'><strong>conspectu</strong></span> <span class='ocrx_word' id='word_1_149' title='bbox 2344 1222 2452 1261; x_wconf 88' lang='lat' dir='ltr'><strong>meo</strong></span> <span class='ocrx_word' id='word_1_150' title='bbox 2488 1207 2620 1260; x_wconf 82' lang='lat' dir='ltr'><strong>viam</strong></span> <span class='ocrx_word' id='word_1_151' title='bbox 2644 1215 2803 1260; x_wconf 89' lang='lat' dir='ltr'><strong>tuam.</strong></span> <span class='ocrx_word' id='word_1_152' title='bbox 2831 1206 2980 1261; x_wconf 84' lang='lat' dir='ltr'><strong>Haud</strong></span> <span class='ocrx_word' id='word_1_153' title='bbox 3024 1220 3177 1261; x_wconf 90' lang='lat' dir='ltr'><strong>secus</strong></span> <span class='ocrx_word' id='word_1_154' title='bbox 3204 1206 3443 1261; x_wconf 83' lang='lat' dir='ltr'><strong>existima</strong></span> <span class='ocrx_word' id='word_1_155' title='bbox 3473 1203 3539 1258; x_wconf 90' lang='lat' dir='ltr'><strong>de</strong></span> <span class='ocrx_word' id='word_1_156' title='bbox 3572 1219 3706 1259; x_wconf 90' lang='lat' dir='ltr'><strong>voce</strong></span> 
     </span>
    </p>
   </div>
   <div class='ocr_carea' id='block_1_12' title="bbox 459 1298 3709 1375">
    <p class='ocr_par' dir='ltr' id='par_1_12' title="bbox 459 1298 3709 1375">
     <span class='ocr_line' id='line_1_12' title="bbox 459 1298 3709 1375; baseline 0.001 -23"><span class='ocrx_word' id='word_1_157' title='bbox 459 1309 623 1365; x_wconf 73' lang='lat' dir='ltr'><strong>terra,</strong></span> <span class='ocrx_word' id='word_1_158' title='bbox 653 1315 811 1370; x_wconf 90' lang='lat' dir='ltr'><strong>quam</strong></span> <span class='ocrx_word' id='word_1_159' title='bbox 837 1300 1034 1356; x_wconf 90' lang='lat' dir='ltr'><strong>idcirco</strong></span> <span class='ocrx_word' id='word_1_160' title='bbox 1059 1302 1141 1371; x_wconf 58' lang='lat' dir='ltr'><strong>ei</strong></span> <span class='ocrx_word' id='word_1_161' title='bbox 1167 1341 1179 1355; x_wconf 94' lang='lat'><strong>.</strong></span> <span class='ocrx_word' id='word_1_162' title='bbox 1209 1302 1242 1357; x_wconf 84' lang='lat'><strong>5</strong></span> <span class='ocrx_word' id='word_1_163' title='bbox 1271 1302 1456 1375; x_wconf 79' lang='lat' dir='ltr'><strong>psalmi</strong></span> <span class='ocrx_word' id='word_1_164' title='bbox 1482 1316 1621 1357; x_wconf 78' lang='lat' dir='ltr'><strong>vau</strong></span> <span class='ocrx_word' id='word_1_165' title='bbox 1648 1311 1704 1357; x_wconf 92' lang='lat' dir='ltr'><strong>et</strong></span> <span class='ocrx_word' id='word_1_166' title='bbox 1727 1316 1759 1356; x_wconf 91' lang='lat' dir='ltr'><strong>e</strong></span> <span class='ocrx_word' id='word_1_167' title='bbox 1797 1302 1833 1370; x_wconf 60' lang='grc' dir='ltr'><em>ᾗ</em></span> <span class='ocrx_word' id='word_1_168' title='bbox 1856 1340 1870 1353; x_wconf 94' lang='grc'><strong>.</strong></span> <span class='ocrx_word' id='word_1_169' title='bbox 1897 1317 1932 1355; x_wconf 87' lang='lat' dir='ltr'><strong>n</strong></span> <span class='ocrx_word' id='word_1_170' title='bbox 1961 1299 2096 1369; x_wconf 88' lang='lat' dir='ltr'><strong>psal.</strong></span> <span class='ocrx_word' id='word_1_171' title='bbox 2130 1314 2259 1355; x_wconf 73' lang='lat' dir='ltr'><strong>sxxt</strong></span> <span class='ocrx_word' id='word_1_172' title='bbox 2287 1299 2384 1354; x_wconf 89' lang='lat' dir='ltr'><strong>abs</strong></span> <span class='ocrx_word' id='word_1_173' title='bbox 2406 1313 2468 1355; x_wconf 88' lang='lat' dir='ltr'><strong>se</strong></span> <span class='ocrx_word' id='word_1_174' title='bbox 2484 1298 2712 1355; x_wconf 86' lang='lat' dir='ltr'><strong>deletam</strong></span> <span class='ocrx_word' id='word_1_175' title='bbox 2734 1299 2937 1364; x_wconf 88' lang='lat' dir='ltr'><strong>scribit,</strong></span> <span class='ocrx_word' id='word_1_176' title='bbox 2960 1300 3080 1370; x_wconf 89' lang='lat' dir='ltr'><strong>quia</strong></span> <span class='ocrx_word' id='word_1_177' title='bbox 3111 1314 3283 1370; x_wconf 88' lang='lat' dir='ltr'><strong>neque</strong></span> <span class='ocrx_word' id='word_1_178' title='bbox 3311 1299 3362 1353; x_wconf 92' lang='lat' dir='ltr'><strong>in</strong></span> <span class='ocrx_word' id='word_1_179' title='bbox 3390 1298 3602 1354; x_wconf 76' lang='lat' dir='ltr'><strong>hebran</strong></span> <span class='ocrx_word' id='word_1_180' title='bbox 3630 1300 3709 1355; x_wconf 88' lang='lat' dir='ltr'><strong>le-</strong></span> 
     </span>
    </p>
   </div>
   <div class='ocr_carea' id='block_1_13' title="bbox 457 1388 3701 1463">
    <p class='ocr_par' dir='ltr' id='par_1_13' title="bbox 457 1388 3701 1463">
     <span class='ocr_line' id='line_1_13' title="bbox 457 1388 3701 1463; baseline -0 -19"><span class='ocrx_word' id='word_1_181' title='bbox 457 1392 598 1459; x_wconf 74' lang='lat' dir='ltr'><strong>gitur</strong></span> <span class='ocrx_word' id='word_1_182' title='bbox 620 1406 790 1461; x_wconf 90' lang='lat' dir='ltr'><strong>neque</strong></span> <span class='ocrx_word' id='word_1_183' title='bbox 825 1392 876 1447; x_wconf 92' lang='lat' dir='ltr'><strong>in</strong></span> <span class='ocrx_word' id='word_1_184' title='bbox 907 1391 1071 1455; x_wconf 80' lang='lat' dir='ltr'><strong>LXX,</strong></span> <span class='ocrx_word' id='word_1_185' title='bbox 1101 1408 1219 1462; x_wconf 72' lang='lat' dir='ltr'><strong>qua:</strong></span> <span class='ocrx_word' id='word_1_186' title='bbox 1245 1408 1346 1447; x_wconf 83' lang='lat' dir='ltr'><strong>vox</strong></span> <span class='ocrx_word' id='word_1_187' title='bbox 1374 1392 1572 1463; x_wconf 84' lang='lat' dir='ltr'><strong>pariter</strong></span> <span class='ocrx_word' id='word_1_188' title='bbox 1599 1391 1653 1446; x_wconf 91' lang='lat' dir='ltr'><strong>in</strong></span> <span class='ocrx_word' id='word_1_189' title='bbox 1691 1392 1926 1462; x_wconf 73' lang='lat' dir='ltr'><strong>Vulgata:</strong></span> <span class='ocrx_word' id='word_1_190' title='bbox 1952 1406 2111 1447; x_wconf 89' lang='lat' dir='ltr'><strong>mauu</strong></span> <span class='ocrx_word' id='word_1_191' title='bbox 2139 1390 2369 1448; x_wconf 87' lang='lat' dir='ltr'><strong>exaratis</strong></span> <span class='ocrx_word' id='word_1_192' title='bbox 2392 1389 2662 1445; x_wconf 85' lang='lat' dir='ltr'><strong>codicibus</strong></span> <span class='ocrx_word' id='word_1_193' title='bbox 2689 1404 2795 1444; x_wconf 90' lang='lat' dir='ltr'><strong>non</strong></span> <span class='ocrx_word' id='word_1_194' title='bbox 2825 1389 3104 1459; x_wconf 89' lang='lat' dir='ltr'><strong>reperitur.</strong></span> <span class='ocrx_word' id='word_1_195' title='bbox 3149 1388 3216 1443; x_wconf 88' lang='lat' dir='ltr'><strong>Et</strong></span> <span class='ocrx_word' id='word_1_196' title='bbox 3236 1395 3421 1443; x_wconf 87' lang='lat' dir='ltr'><strong>contra</strong></span> <span class='ocrx_word' id='word_1_197' title='bbox 3447 1397 3621 1443; x_wconf 81' lang='lat' dir='ltr'><strong>exstat</strong></span> <span class='ocrx_word' id='word_1_198' title='bbox 3648 1389 3701 1443; x_wconf 91' lang='lat' dir='ltr'><strong>in</strong></span> 
     </span>
    </p>
   </div>
   <div class='ocr_carea' id='block_1_14' title="bbox 457 1479 3708 1554">
    <p class='ocr_par' dir='ltr' id='par_1_14' title="bbox 457 1479 3708 1554">
     <span class='ocr_line' id='line_1_14' title="bbox 457 1479 3708 1554; baseline 0 -20"><span class='ocrx_word' id='word_1_199' title='bbox 457 1479 525 1534; x_wconf 85' lang='lat' dir='ltr'><strong>iis</strong></span> <span class='ocrx_word' id='word_1_200' title='bbox 544 1496 642 1536; x_wconf 81' lang='lat' dir='ltr'><strong>vox</strong></span> <span class='ocrx_word' id='word_1_201' title='bbox 671 1498 836 1547; x_wconf 86' lang='lat' dir='ltr'><strong>suam,</strong></span> <span class='ocrx_word' id='word_1_202' title='bbox 857 1497 1016 1553; x_wconf 88' lang='lat' dir='ltr'><strong>quam</strong></span> <span class='ocrx_word' id='word_1_203' title='bbox 1046 1482 1100 1536; x_wconf 90' lang='lat' dir='ltr'><strong>in</strong></span> <span class='ocrx_word' id='word_1_204' title='bbox 1126 1482 1372 1553; x_wconf 88' lang='lat' dir='ltr'><strong>llexaplis</strong></span> <span class='ocrx_word' id='word_1_205' title='bbox 1393 1482 1492 1538; x_wconf 89' lang='lat' dir='ltr'><strong>sub</strong></span> <span class='ocrx_word' id='word_1_206' title='bbox 1508 1497 1637 1538; x_wconf 91' lang='lat' dir='ltr'><strong>veru</strong></span> <span class='ocrx_word' id='word_1_207' title='bbox 1665 1481 1896 1537; x_wconf 88' lang='lat' dir='ltr'><strong>additam</strong></span> <span class='ocrx_word' id='word_1_208' title='bbox 1947 1496 2069 1537; x_wconf 92' lang='lat' dir='ltr'><strong>cum</strong></span> <span class='ocrx_word' id='word_1_209' title='bbox 2101 1482 2456 1554; x_wconf 83' lang='lat' dir='ltr'><strong>Hieronymus</strong></span> <span class='ocrx_word' id='word_1_210' title='bbox 2479 1482 2765 1552; x_wconf 89' lang='lat' dir='ltr'><strong>reperisset</strong></span> <span class='ocrx_word' id='word_1_211' title='bbox 2784 1480 2835 1536; x_wconf 93' lang='lat' dir='ltr'><strong>in</strong></span> <span class='ocrx_word' id='word_1_212' title='bbox 2855 1482 2889 1551; x_wconf 59' lang='grc' dir='ltr'><em>ᾗ</em></span> <span class='ocrx_word' id='word_1_213' title='bbox 2914 1519 2928 1534; x_wconf 94' lang='grc'><strong>.</strong></span> <span class='ocrx_word' id='word_1_214' title='bbox 2957 1480 2990 1535; x_wconf 88' lang='grc'>6</span> <span class='ocrx_word' id='word_1_215' title='bbox 3012 1479 3202 1551; x_wconf 89' lang='lat' dir='ltr'><strong>psalmi</strong></span> <span class='ocrx_word' id='word_1_216' title='bbox 3220 1495 3368 1546; x_wconf 79' lang='lat' dir='ltr'><strong>xvtu,</strong></span> <span class='ocrx_word' id='word_1_217' title='bbox 3397 1479 3708 1534; x_wconf 85' lang='lat' dir='ltr'><strong>servandam</strong></span> 
     </span>
    </p>
   </div>
   <div class='ocr_carea' id='block_1_15' title="bbox 458 1571 1905 1643">
    <p class='ocr_par' dir='ltr' id='par_1_15' title="bbox 458 1571 1905 1643">
     <span class='ocr_line' id='line_1_15' title="bbox 458 1571 1905 1643; baseline 0.003 -19"><span class='ocrx_word' id='word_1_218' title='bbox 458 1571 799 1626; x_wconf 81' lang='lat' dir='ltr'><strong>existimavit.</strong></span> <span class='ocrx_word' id='word_1_219' title='bbox 1094 1638 1101 1643; x_wconf 90' lang='lat'>_</span> <span class='ocrx_word' id='word_1_220' title='bbox 1898 1621 1905 1628; x_wconf 95' lang='lat'><strong>.</strong></span> 
     </span>
    </p>
   </div>
   <div class='ocr_carea' id='block_1_16' title="bbox 531 1661 3711 1735">
    <p class='ocr_par' dir='ltr' id='par_1_16' title="bbox 531 1661 3711 1735">
     <span class='ocr_line' id='line_1_16' title="bbox 531 1661 3711 1735; baseline -0 -17"><span class='ocrx_word' id='word_1_221' title='bbox 531 1663 692 1719; x_wconf 88' lang='lat' dir='ltr'><strong>Forte</strong></span> <span class='ocrx_word' id='word_1_222' title='bbox 718 1664 876 1720; x_wconf 87' lang='lat' dir='ltr'><strong>etiam</strong></span> <span class='ocrx_word' id='word_1_223' title='bbox 901 1664 1183 1735; x_wconf 77' lang='lat' dir='ltr'><strong>contigerit</strong></span> <span class='ocrx_word' id='word_1_224' title='bbox 1207 1672 1265 1720; x_wconf 93' lang='lat' dir='ltr'><strong>ut</strong></span> <span class='ocrx_word' id='word_1_225' title='bbox 1292 1679 1354 1720; x_wconf 90' lang='lat' dir='ltr'><strong>ea</strong></span> <span class='ocrx_word' id='word_1_226' title='bbox 1386 1663 1594 1731; x_wconf 80' lang='lat' dir='ltr'><strong>Versio,</strong></span> <span class='ocrx_word' id='word_1_227' title='bbox 1630 1664 1782 1735; x_wconf 84' lang='lat' dir='ltr'><strong>cujus</strong></span> <span class='ocrx_word' id='word_1_228' title='bbox 1805 1666 1938 1721; x_wconf 89' lang='lat' dir='ltr'><strong>certi</strong></span> <span class='ocrx_word' id='word_1_229' title='bbox 1959 1666 2066 1722; x_wconf 89' lang='lat' dir='ltr'><strong>loci</strong></span> <span class='ocrx_word' id='word_1_230' title='bbox 2104 1665 2327 1723; x_wconf 75' lang='lat' dir='ltr'><strong>Sunniae</strong></span> <span class='ocrx_word' id='word_1_231' title='bbox 2362 1673 2418 1720; x_wconf 91' lang='lat' dir='ltr'><strong>et</strong></span> <span class='ocrx_word' id='word_1_232' title='bbox 2444 1662 2691 1731; x_wconf 75' lang='lat' dir='ltr'><strong>Fretelze,</strong></span> <span class='ocrx_word' id='word_1_233' title='bbox 2720 1664 2812 1735; x_wconf 85' lang='lat' dir='ltr'><strong>qui</strong></span> <span class='ocrx_word' id='word_1_234' title='bbox 2838 1661 3100 1735; x_wconf 74' lang='lat' dir='ltr'><strong>degebant</strong></span> <span class='ocrx_word' id='word_1_235' title='bbox 3137 1662 3190 1717; x_wconf 89' lang='lat' dir='ltr'><strong>in</strong></span> <span class='ocrx_word' id='word_1_236' title='bbox 3217 1661 3521 1728; x_wconf 85' lang='lat' dir='ltr'><strong>Germania,</strong></span> <span class='ocrx_word' id='word_1_237' title='bbox 3552 1678 3711 1733; x_wconf 79' lang='lat' dir='ltr'><strong>nego-</strong></span> 
     </span>
    </p>
   </div>
   <div class='ocr_carea' id='block_1_17' title="bbox 462 1753 3712 1829">
    <p class='ocr_par' dir='ltr' id='par_1_17' title="bbox 462 1753 3712 1829">
     <span class='ocr_line' id='line_1_17' title="bbox 462 1753 3712 1829; baseline -0.001 -18"><span class='ocrx_word' id='word_1_238' title='bbox 462 1758 592 1811; x_wconf 89' lang='lat' dir='ltr'><strong>tium</strong></span> <span class='ocrx_word' id='word_1_239' title='bbox 624 1754 974 1821; x_wconf 85' lang='lat' dir='ltr'><strong>facessebant,</strong></span> <span class='ocrx_word' id='word_1_240' title='bbox 992 1756 1103 1828; x_wconf 88' lang='lat' dir='ltr'><strong>jam</strong></span> <span class='ocrx_word' id='word_1_241' title='bbox 1132 1757 1255 1813; x_wconf 91' lang='lat' dir='ltr'><strong>inde</strong></span> <span class='ocrx_word' id='word_1_242' title='bbox 1278 1758 1346 1813; x_wconf 88' lang='lat' dir='ltr'><strong>ab</strong></span> <span class='ocrx_word' id='word_1_243' title='bbox 1363 1756 1448 1813; x_wconf 88' lang='lat' dir='ltr'><strong>his</strong></span> <span class='ocrx_word' id='word_1_244' title='bbox 1467 1757 1795 1829; x_wconf 85' lang='lat' dir='ltr'><strong>temporibus</strong></span> <span class='ocrx_word' id='word_1_245' title='bbox 1822 1758 1881 1814; x_wconf 93' lang='lat' dir='ltr'><strong>in</strong></span> <span class='ocrx_word' id='word_1_246' title='bbox 1904 1757 2106 1815; x_wconf 84' lang='lat' dir='ltr'><strong>Gallias</strong></span> <span class='ocrx_word' id='word_1_247' title='bbox 2128 1757 2430 1829; x_wconf 86' lang='lat' dir='ltr'><strong>pervenerit</strong></span> <span class='ocrx_word' id='word_1_248' title='bbox 2454 1774 2470 1811; x_wconf 87' lang='lat'><strong>:</strong></span> <span class='ocrx_word' id='word_1_249' title='bbox 2499 1755 2757 1827; x_wconf 85' lang='lat' dir='ltr'><strong>quamvis,</strong></span> <span class='ocrx_word' id='word_1_250' title='bbox 2780 1755 2825 1811; x_wconf 92' lang='lat' dir='ltr'><strong>si</strong></span> <span class='ocrx_word' id='word_1_251' title='bbox 2845 1753 3159 1827; x_wconf 88' lang='lat' dir='ltr'><strong>quibusdam</strong></span> <span class='ocrx_word' id='word_1_252' title='bbox 3186 1753 3443 1809; x_wconf 84' lang='lat' dir='ltr'><strong>habeatur</strong></span> <span class='ocrx_word' id='word_1_253' title='bbox 3470 1754 3623 1820; x_wconf 86' lang='lat' dir='ltr'><strong>fides,</strong></span> <span class='ocrx_word' id='word_1_254' title='bbox 3644 1771 3712 1809; x_wconf 90' lang='lat' dir='ltr'><strong>eo</strong></span> 
     </span>
    </p>
   </div>
   <div class='ocr_carea' id='block_1_18' title="bbox 401 1832 3710 1919">
    <p class='ocr_par' dir='ltr' id='par_1_18' title="bbox 401 1832 3710 1919">
     <span class='ocr_line' id='line_1_18' title="bbox 401 1832 3710 1919; baseline 0 -19"><span class='ocrx_word' id='word_1_255' title='bbox 401 1832 411 1839; x_wconf 72' lang='grc'><em>’</em></span> <span class='ocrx_word' id='word_1_256' title='bbox 463 1862 572 1901; x_wconf 86' lang='lat' dir='ltr'><strong>non</strong></span> <span class='ocrx_word' id='word_1_257' title='bbox 599 1846 699 1902; x_wconf 88' lang='lat' dir='ltr'><strong>nisi</strong></span> <span class='ocrx_word' id='word_1_258' title='bbox 736 1855 857 1916; x_wconf 91' lang='lat' dir='ltr'><strong>post</strong></span> <span class='ocrx_word' id='word_1_259' title='bbox 878 1863 1046 1904; x_wconf 86' lang='lat' dir='ltr'><strong>annos</strong></span> <span class='ocrx_word' id='word_1_260' title='bbox 1070 1848 1302 1919; x_wconf 89' lang='lat' dir='ltr'><strong>amplius</strong></span> <span class='ocrx_word' id='word_1_261' title='bbox 1327 1849 1430 1906; x_wconf 70' lang='lat'><strong>150</strong></span> <span class='ocrx_word' id='word_1_262' title='bbox 1464 1864 1531 1905; x_wconf 90' lang='lat' dir='ltr'><strong>ex</strong></span> <span class='ocrx_word' id='word_1_263' title='bbox 1563 1848 1703 1906; x_wconf 86' lang='lat' dir='ltr'><strong>Urbe</strong></span> <span class='ocrx_word' id='word_1_264' title='bbox 1734 1851 1934 1918; x_wconf 88' lang='lat' dir='ltr'><strong>perlata</strong></span> <span class='ocrx_word' id='word_1_265' title='bbox 1963 1851 2050 1907; x_wconf 91' lang='lat' dir='ltr'><strong>sit.</strong></span> <span class='ocrx_word' id='word_1_266' title='bbox 2093 1850 2226 1904; x_wconf 89' lang='lat' dir='ltr'><strong>Illud</strong></span> <span class='ocrx_word' id='word_1_267' title='bbox 2253 1857 2479 1904; x_wconf 87' lang='lat' dir='ltr'><strong>testatur</strong></span> <span class='ocrx_word' id='word_1_268' title='bbox 2502 1847 2801 1904; x_wconf 78' lang='lat' dir='ltr'><strong>Valal’ridus</strong></span> <span class='ocrx_word' id='word_1_269' title='bbox 2833 1847 3021 1903; x_wconf 87' lang='lat' dir='ltr'><strong>Strabo</strong></span> <span class='ocrx_word' id='word_1_270' title='bbox 3043 1845 3109 1901; x_wconf 91' lang='lat' dir='ltr'><strong>de</strong></span> <span class='ocrx_word' id='word_1_271' title='bbox 3138 1844 3298 1901; x_wconf 88' lang='lat' dir='ltr'><strong>rebus</strong></span> <span class='ocrx_word' id='word_1_272' title='bbox 3323 1845 3710 1909; x_wconf 81' lang='lat' dir='ltr'><strong>Ecclesiastieis</strong></span> 
     </span>
    </p>
   </div>
   <div class='ocr_carea' id='block_1_19' title="bbox 462 1936 3717 2012">
    <p class='ocr_par' dir='ltr' id='par_1_19' title="bbox 462 1936 3717 2012">
     <span class='ocr_line' id='line_1_19' title="bbox 462 1936 3717 2012; baseline -0.001 -18"><span class='ocrx_word' id='word_1_273' title='bbox 462 1955 581 2009; x_wconf 89' lang='lat' dir='ltr'><strong>cap.</strong></span> <span class='ocrx_word' id='word_1_274' title='bbox 607 1940 677 1995; x_wconf 76' lang='lat'><strong>25</strong></span> <span class='ocrx_word' id='word_1_275' title='bbox 698 1941 749 1995; x_wconf 86' lang='lat' dir='ltr'><strong>in</strong></span> <span class='ocrx_word' id='word_1_276' title='bbox 771 1940 885 1997; x_wconf 74' lang='lat' dir='ltr'><strong>btec</strong></span> <span class='ocrx_word' id='word_1_277' title='bbox 904 1942 1062 1996; x_wconf 87' lang='lat' dir='ltr'><strong>verba</strong></span> <span class='ocrx_word' id='word_1_278' title='bbox 1088 1938 1356 1996; x_wconf 86' lang='lat' dir='ltr'><strong>:Psalmos</strong></span> <span class='ocrx_word' id='word_1_279' title='bbox 1380 1951 1547 1996; x_wconf 91' lang='lat' dir='ltr'><strong>autem</strong></span> <span class='ocrx_word' id='word_1_280' title='bbox 1578 1958 1694 1995; x_wconf 87' lang='lat' dir='ltr'><strong>cum</strong></span> <span class='ocrx_word' id='word_1_281' title='bbox 1718 1942 1991 1995; x_wconf 86' lang='lat' dir='ltr'><strong>secundum</strong></span> <span class='ocrx_word' id='word_1_282' title='bbox 2012 1941 2162 1997; x_wconf 81' lang='lat' dir='ltr'><strong>LXX</strong></span> <span class='ocrx_word' id='word_1_283' title='bbox 2172 1941 2494 2012; x_wconf 79' lang='lat' dir='ltr'><strong>~lnterpretes</strong></span> <span class='ocrx_word' id='word_1_284' title='bbox 2515 1940 2734 1995; x_wconf 86' lang='lat' dir='ltr'><strong>Romani</strong></span> <span class='ocrx_word' id='word_1_285' title='bbox 2757 1939 2922 1994; x_wconf 89' lang='lat' dir='ltr'><strong>adhuc</strong></span> <span class='ocrx_word' id='word_1_286' title='bbox 2942 1938 3175 2001; x_wconf 80' lang='lat' dir='ltr'><strong>habeant,</strong></span> <span class='ocrx_word' id='word_1_287' title='bbox 3203 1936 3338 1991; x_wconf 79' lang='lat' dir='ltr'><strong>Galli</strong></span> <span class='ocrx_word' id='word_1_288' title='bbox 3363 1947 3410 1991; x_wconf 87' lang='lat' dir='ltr'><strong>et</strong></span> <span class='ocrx_word' id='word_1_289' title='bbox 3435 1936 3717 1992; x_wconf 78' lang='lat' dir='ltr'><strong>Genauno-</strong></span> 
     </span>
    </p>
   </div>
   <div class='ocr_carea' id='block_1_20' title="bbox 462 2034 3718 2109">
    <p class='ocr_par' dir='ltr' id='par_1_20' title="bbox 462 2034 3718 2109">
     <span class='ocr_line' id='line_1_20' title="bbox 462 2034 3718 2109; baseline 0.001 -23"><span class='ocrx_word' id='word_1_290' title='bbox 462 2050 578 2087; x_wconf 87' lang='lat' dir='ltr'><strong>rum</strong></span> <span class='ocrx_word' id='word_1_291' title='bbox 611 2034 766 2105; x_wconf 80' lang='lat' dir='ltr'><strong>aliqui</strong></span> <span class='ocrx_word' id='word_1_292' title='bbox 791 2034 1065 2090; x_wconf 85' lang='lat' dir='ltr'><strong>secundum</strong></span> <span class='ocrx_word' id='word_1_293' title='bbox 1090 2035 1504 2099; x_wconf 85' lang='lat' dir='ltr'><strong>emendationem,</strong></span> <span class='ocrx_word' id='word_1_294' title='bbox 1540 2052 1691 2108; x_wconf 91' lang='lat' dir='ltr'><strong>quam</strong></span> <span class='ocrx_word' id='word_1_295' title='bbox 1721 2034 2060 2107; x_wconf 77' lang='lat' dir='ltr'><strong>Hieronymus</strong></span> <span class='ocrx_word' id='word_1_296' title='bbox 2088 2048 2229 2107; x_wconf 86' lang='lat' dir='ltr'><strong>pater</strong></span> <span class='ocrx_word' id='word_1_297' title='bbox 2265 2037 2328 2092; x_wconf 92' lang='lat' dir='ltr'><strong>de</strong></span> <span class='ocrx_word' id='word_1_298' title='bbox 2353 2035 2502 2091; x_wconf 76' lang='lat' dir='ltr'><strong><em>LXX</em></strong></span> <span class='ocrx_word' id='word_1_299' title='bbox 2533 2038 2749 2091; x_wconf 79' lang='lat' dir='ltr'><strong>editione</strong></span> <span class='ocrx_word' id='word_1_300' title='bbox 2779 2038 3080 2109; x_wconf 78' lang='lat' dir='ltr'><strong>composuit,</strong></span> <span class='ocrx_word' id='word_1_301' title='bbox 3130 2035 3433 2090; x_wconf 90' lang='lat' dir='ltr'><strong>Psalterium</strong></span> <span class='ocrx_word' id='word_1_302' title='bbox 3471 2044 3718 2089; x_wconf 88' lang='lat' dir='ltr'><strong>cantant:</strong></span> 
     </span>
    </p>
   </div>
   <div class='ocr_carea' id='block_1_21' title="bbox 463 2125 3716 2199">
    <p class='ocr_par' dir='ltr' id='par_1_21' title="bbox 463 2125 3716 2199">
     <span class='ocr_line' id='line_1_21' title="bbox 463 2125 3716 2199; baseline 0 -20"><span class='ocrx_word' id='word_1_303' title='bbox 463 2143 619 2193; x_wconf 89' lang='lat' dir='ltr'><strong>quam</strong></span> <span class='ocrx_word' id='word_1_304' title='bbox 639 2125 913 2199; x_wconf 78' lang='lat' dir='ltr'><strong>Gregorius</strong></span> <span class='ocrx_word' id='word_1_305' title='bbox 944 2127 1250 2183; x_wconf 76' lang='lat' dir='ltr'><strong>Turonensis</strong></span> <span class='ocrx_word' id='word_1_306' title='bbox 1285 2129 1549 2199; x_wconf 87' lang='lat' dir='ltr'><strong>episcopus</strong></span> <span class='ocrx_word' id='word_1_307' title='bbox 1579 2145 1611 2181; x_wconf 91' lang='lat' dir='ltr'><strong>a</strong></span> <span class='ocrx_word' id='word_1_308' title='bbox 1636 2129 1861 2198; x_wconf 86' lang='lat' dir='ltr'><strong>partibus</strong></span> <span class='ocrx_word' id='word_1_309' title='bbox 1888 2127 2136 2183; x_wconf 80' lang='lat' dir='ltr'><strong>Romanis</strong></span> <span class='ocrx_word' id='word_1_310' title='bbox 2164 2138 2466 2195; x_wconf 81' lang='lat' dir='ltr'><strong>mutuatum,</strong></span> <span class='ocrx_word' id='word_1_311' title='bbox 2503 2130 2557 2183; x_wconf 90' lang='lat' dir='ltr'><strong>in</strong></span> <span class='ocrx_word' id='word_1_312' title='bbox 2588 2127 2872 2183; x_wconf 85' lang='lat' dir='ltr'><strong>Galliarum</strong></span> <span class='ocrx_word' id='word_1_313' title='bbox 2896 2129 3083 2183; x_wconf 87' lang='lat' dir='ltr'><strong>dicitur</strong></span> <span class='ocrx_word' id='word_1_314' title='bbox 3107 2127 3359 2183; x_wconf 83' lang='lat' dir='ltr'><strong>Ecclesias</strong></span> <span class='ocrx_word' id='word_1_315' title='bbox 3389 2127 3716 2181; x_wconf 79' lang='lat' dir='ltr'><strong>transtulisse.</strong></span> 
     </span>
    </p>
   </div>
   <div class='ocr_carea' id='block_1_22' title="bbox 466 2218 3711 2291">
    <p class='ocr_par' dir='ltr' id='par_1_22' title="bbox 466 2218 3711 2291">
     <span class='ocr_line' id='line_1_22' title="bbox 466 2218 3711 2291; baseline 0 -17"><span class='ocrx_word' id='word_1_316' title='bbox 466 2219 643 2274; x_wconf 87' lang='lat' dir='ltr'><strong>Ilocce</strong></span> <span class='ocrx_word' id='word_1_317' title='bbox 677 2218 1010 2282; x_wconf 86' lang='lat' dir='ltr'><strong>Psalterium,</strong></span> <span class='ocrx_word' id='word_1_318' title='bbox 1037 2219 1200 2290; x_wconf 87' lang='lat' dir='ltr'><strong>quod,</strong></span> <span class='ocrx_word' id='word_1_319' title='bbox 1228 2220 1350 2291; x_wconf 89' lang='lat' dir='ltr'><strong>quia</strong></span> <span class='ocrx_word' id='word_1_320' title='bbox 1389 2220 1481 2274; x_wconf 89' lang='lat' dir='ltr'><strong>illo</strong></span> <span class='ocrx_word' id='word_1_321' title='bbox 1504 2218 1661 2289; x_wconf 90' lang='lat' dir='ltr'><strong>primi</strong></span> <span class='ocrx_word' id='word_1_322' title='bbox 1684 2218 1918 2273; x_wconf 89' lang='lat' dir='ltr'><strong>omnium</strong></span> <span class='ocrx_word' id='word_1_323' title='bbox 1946 2218 2082 2275; x_wconf 85' lang='lat' dir='ltr'><strong>Galli</strong></span> <span class='ocrx_word' id='word_1_324' title='bbox 2112 2220 2190 2273; x_wconf 89' lang='lat' dir='ltr'><strong>usi</strong></span> <span class='ocrx_word' id='word_1_325' title='bbox 2224 2229 2368 2285; x_wconf 89' lang='lat' dir='ltr'><strong>sunt,</strong></span> <span class='ocrx_word' id='word_1_326' title='bbox 2399 2218 2739 2274; x_wconf 86' lang='lat' dir='ltr'><strong>Gallicanum</strong></span> <span class='ocrx_word' id='word_1_327' title='bbox 2767 2230 3007 2286; x_wconf 87' lang='lat' dir='ltr'><strong>vocatur,</strong></span> <span class='ocrx_word' id='word_1_328' title='bbox 3047 2221 3244 2274; x_wconf 90' lang='lat' dir='ltr'><strong>sensim</strong></span> <span class='ocrx_word' id='word_1_329' title='bbox 3275 2220 3324 2273; x_wconf 90' lang='lat' dir='ltr'><strong>in</strong></span> <span class='ocrx_word' id='word_1_330' title='bbox 3355 2232 3542 2273; x_wconf 88' lang='lat' dir='ltr'><strong>omnes</strong></span> <span class='ocrx_word' id='word_1_331' title='bbox 3568 2218 3711 2275; x_wconf 80' lang='lat' dir='ltr'><strong>occl-</strong></span> 
     </span>
    </p>
   </div>
   <div class='ocr_carea' id='block_1_23' title="bbox 464 2302 3720 2383">
    <p class='ocr_par' dir='ltr' id='par_1_23' title="bbox 464 2302 3720 2383">
     <span class='ocr_line' id='line_1_23' title="bbox 464 2302 3720 2383; baseline 0 -21"><span class='ocrx_word' id='word_1_332' title='bbox 464 2308 707 2365; x_wconf 82' lang='lat' dir='ltr'><strong>dentalcs</strong></span> <span class='ocrx_word' id='word_1_333' title='bbox 733 2308 1000 2364; x_wconf 89' lang='lat' dir='ltr'><strong>Ecclesias</strong></span> <span class='ocrx_word' id='word_1_334' title='bbox 1019 2308 1120 2363; x_wconf 90' lang='lat' dir='ltr'><strong>fuit</strong></span> <span class='ocrx_word' id='word_1_335' title='bbox 1139 2302 1440 2379; x_wconf 82' lang='lat' dir='ltr'><strong>receptum.</strong></span> <span class='ocrx_word' id='word_1_336' title='bbox 1464 2308 1560 2363; x_wconf 84' lang='lat' dir='ltr'><strong>Vir</strong></span> <span class='ocrx_word' id='word_1_337' title='bbox 1588 2309 1798 2364; x_wconf 73' lang='lat' dir='ltr'><strong>eximia:</strong></span> <span class='ocrx_word' id='word_1_338' title='bbox 1825 2308 2146 2365; x_wconf 84' lang='lat' dir='ltr'><strong>eruditionis</strong></span> <span class='ocrx_word' id='word_1_339' title='bbox 2172 2324 2233 2364; x_wconf 91' lang='lat' dir='ltr'><strong>ac</strong></span> <span class='ocrx_word' id='word_1_340' title='bbox 2255 2310 2353 2379; x_wconf 84' lang='lat' dir='ltr'><strong>piae</strong></span> <span class='ocrx_word' id='word_1_341' title='bbox 2377 2308 2666 2375; x_wconf 79' lang='lat' dir='ltr'><strong>memoriae,</strong></span> <span class='ocrx_word' id='word_1_342' title='bbox 2698 2308 2993 2364; x_wconf 86' lang='lat' dir='ltr'><strong>Cardinalis</strong></span> <span class='ocrx_word' id='word_1_343' title='bbox 3020 2308 3185 2372; x_wconf 87' lang='lat' dir='ltr'><strong>Bona,</strong></span> <span class='ocrx_word' id='word_1_344' title='bbox 3215 2308 3283 2363; x_wconf 86' lang='lat' dir='ltr'><strong>de</strong></span> <span class='ocrx_word' id='word_1_345' title='bbox 3311 2309 3467 2363; x_wconf 91' lang='lat' dir='ltr'><strong>rebus</strong></span> <span class='ocrx_word' id='word_1_346' title='bbox 3487 2308 3720 2383; x_wconf 78' lang='lat' dir='ltr'><strong>Liturgi-</strong></span> 
     </span>
    </p>
   </div>
   <div class='ocr_carea' id='block_1_24' title="bbox 464 2396 3714 2475">
    <p class='ocr_par' dir='ltr' id='par_1_24' title="bbox 464 2396 3714 2475">
     <span class='ocr_line' id='line_1_24' title="bbox 464 2396 3714 2475; baseline -0.002 -18"><span class='ocrx_word' id='word_1_347' title='bbox 464 2402 546 2457; x_wconf 91' lang='lat' dir='ltr'><strong>cis</strong></span> <span class='ocrx_word' id='word_1_348' title='bbox 560 2402 653 2457; x_wconf 90' lang='lat' dir='ltr'><strong>lib.</strong></span> <span class='ocrx_word' id='word_1_349' title='bbox 680 2397 737 2467; x_wconf 51' lang='grc' dir='ltr'><strong>εδ</strong></span> <span class='ocrx_word' id='word_1_350' title='bbox 759 2415 877 2469; x_wconf 89' lang='lat' dir='ltr'><strong>cap.</strong></span> <span class='ocrx_word' id='word_1_351' title='bbox 901 2400 956 2466; x_wconf 79' lang='lat'><strong>3,</strong></span> <span class='ocrx_word' id='word_1_352' title='bbox 981 2410 1164 2455; x_wconf 90' lang='lat' dir='ltr'><strong>censet</strong></span> <span class='ocrx_word' id='word_1_353' title='bbox 1183 2398 1299 2470; x_wconf 84' lang='lat' dir='ltr'><strong>ejus</strong></span> <span class='ocrx_word' id='word_1_354' title='bbox 1323 2416 1474 2455; x_wconf 92' lang='lat' dir='ltr'><strong>usum</strong></span> <span class='ocrx_word' id='word_1_355' title='bbox 1497 2409 1622 2455; x_wconf 84' lang='lat' dir='ltr'><strong>ante</strong></span> <span class='ocrx_word' id='word_1_356' title='bbox 1648 2415 1818 2455; x_wconf 88' lang='lat' dir='ltr'><strong>annos</strong></span> <span class='ocrx_word' id='word_1_357' title='bbox 1847 2399 2043 2455; x_wconf 87' lang='lat' dir='ltr'><strong>abhinc</strong></span> <span class='ocrx_word' id='word_1_358' title='bbox 2062 2409 2345 2456; x_wconf 88' lang='lat' dir='ltr'><strong>sexcentos</strong></span> <span class='ocrx_word' id='word_1_359' title='bbox 2369 2400 2656 2455; x_wconf 89' lang='lat' dir='ltr'><strong>admissum</strong></span> <span class='ocrx_word' id='word_1_360' title='bbox 2682 2400 2733 2453; x_wconf 91' lang='lat' dir='ltr'><strong>in</strong></span> <span class='ocrx_word' id='word_1_361' title='bbox 2755 2396 2900 2454; x_wconf 86' lang='lat' dir='ltr'><strong>Italia</strong></span> <span class='ocrx_word' id='word_1_362' title='bbox 2925 2398 3106 2467; x_wconf 86' lang='lat' dir='ltr'><strong>fuisse,</strong></span> <span class='ocrx_word' id='word_1_363' title='bbox 3139 2409 3490 2469; x_wconf 84' lang='lat' dir='ltr'><strong>praeterquam</strong></span> <span class='ocrx_word' id='word_1_364' title='bbox 3529 2399 3579 2475; x_wconf 87' lang='lat' dir='ltr'><strong>in</strong></span> <span class='ocrx_word' id='word_1_365' title='bbox 3607 2400 3714 2452; x_wconf 73' lang='lat' dir='ltr'><strong>Me-</strong></span> 
     </span>
    </p>
   </div>
   <div class='ocr_carea' id='block_1_25' title="bbox 465 2490 3713 2562">
    <p class='ocr_par' dir='ltr' id='par_1_25' title="bbox 465 2490 3713 2562">
     <span class='ocr_line' id='line_1_25' title="bbox 465 2490 3713 2562; baseline -0.002 -13"><span class='ocrx_word' id='word_1_366' title='bbox 465 2493 764 2551; x_wconf 72' lang='lat' dir='ltr'><strong>lliolanensi</strong></span> <span class='ocrx_word' id='word_1_367' title='bbox 794 2490 1055 2559; x_wconf 87' lang='lat' dir='ltr'><strong>Ecclesia,</strong></span> <span class='ocrx_word' id='word_1_368' title='bbox 1085 2507 1203 2560; x_wconf 74' lang='lat' dir='ltr'><strong>quae</strong></span> <span class='ocrx_word' id='word_1_369' title='bbox 1231 2491 1506 2562; x_wconf 87' lang='lat' dir='ltr'><strong>antiquum</strong></span> <span class='ocrx_word' id='word_1_370' title='bbox 1545 2506 1698 2547; x_wconf 89' lang='lat' dir='ltr'><strong>suum</strong></span> <span class='ocrx_word' id='word_1_371' title='bbox 1724 2492 2037 2548; x_wconf 79' lang='lat' dir='ltr'><strong>Psalterium</strong></span> <span class='ocrx_word' id='word_1_372' title='bbox 2076 2492 2340 2562; x_wconf 89' lang='lat' dir='ltr'><strong>hodieque</strong></span> <span class='ocrx_word' id='word_1_373' title='bbox 2374 2492 2603 2559; x_wconf 86' lang='lat' dir='ltr'><strong>retinet;</strong></span> <span class='ocrx_word' id='word_1_374' title='bbox 2634 2500 2981 2561; x_wconf 66' lang='lat' dir='ltr'><strong>praeterquam</strong></span> <span class='ocrx_word' id='word_1_375' title='bbox 3010 2491 3168 2545; x_wconf 89' lang='lat' dir='ltr'><strong>etiam</strong></span> <span class='ocrx_word' id='word_1_376' title='bbox 3193 2492 3245 2545; x_wconf 92' lang='lat' dir='ltr'><strong>in</strong></span> <span class='ocrx_word' id='word_1_377' title='bbox 3274 2490 3433 2546; x_wconf 87' lang='lat' dir='ltr'><strong>Urbis</strong></span> <span class='ocrx_word' id='word_1_378' title='bbox 3459 2490 3713 2545; x_wconf 87' lang='lat' dir='ltr'><strong>Ecclesiis</strong></span> 
     </span>
    </p>
   </div>
   <div class='ocr_carea' id='block_1_26' title="bbox 471 2582 3719 2658">
    <p class='ocr_par' dir='ltr' id='par_1_26' title="bbox 471 2582 3719 2658">
     <span class='ocr_line' id='line_1_26' title="bbox 471 2582 3719 2658; baseline -0.002 -15"><span class='ocrx_word' id='word_1_379' title='bbox 471 2589 526 2643; x_wconf 88' lang='lat' dir='ltr'><strong>in</strong></span> <span class='ocrx_word' id='word_1_380' title='bbox 557 2586 746 2658; x_wconf 89' lang='lat' dir='ltr'><strong>quibus</strong></span> <span class='ocrx_word' id='word_1_381' title='bbox 772 2583 1040 2653; x_wconf 90' lang='lat' dir='ltr'><strong>proprium</strong></span> <span class='ocrx_word' id='word_1_382' title='bbox 1067 2599 1220 2638; x_wconf 91' lang='lat' dir='ltr'><strong>suum</strong></span> <span class='ocrx_word' id='word_1_383' title='bbox 1244 2584 1479 2640; x_wconf 88' lang='lat' dir='ltr'><strong>obtinuit</strong></span> <span class='ocrx_word' id='word_1_384' title='bbox 1507 2584 1574 2639; x_wconf 90' lang='lat' dir='ltr'><strong>ad</strong></span> <span class='ocrx_word' id='word_1_385' title='bbox 1594 2593 1806 2641; x_wconf 70' lang='lat' dir='ltr'><strong>mtatem</strong></span> <span class='ocrx_word' id='word_1_386' title='bbox 1833 2601 1997 2655; x_wconf 88' lang='lat' dir='ltr'><strong>usque</strong></span> <span class='ocrx_word' id='word_1_387' title='bbox 2020 2586 2095 2640; x_wconf 88' lang='lat' dir='ltr'><strong>Pii</strong></span> <span class='ocrx_word' id='word_1_388' title='bbox 2120 2585 2184 2652; x_wconf 84' lang='lat' dir='ltr'><strong>V,</strong></span> <span class='ocrx_word' id='word_1_389' title='bbox 2215 2586 2365 2656; x_wconf 90' lang='lat' dir='ltr'><strong>cujus</strong></span> <span class='ocrx_word' id='word_1_390' title='bbox 2385 2584 2536 2655; x_wconf 86' lang='lat' dir='ltr'><strong>jussu</strong></span> <span class='ocrx_word' id='word_1_391' title='bbox 2560 2583 2666 2638; x_wconf 70' lang='lat' dir='ltr'><strong>illa:</strong></span> <span class='ocrx_word' id='word_1_392' title='bbox 2695 2584 2967 2655; x_wconf 80' lang='lat' dir='ltr'><strong>Vulgatam</strong></span> <span class='ocrx_word' id='word_1_393' title='bbox 2993 2582 3279 2638; x_wconf 87' lang='lat' dir='ltr'><strong>editionem</strong></span> <span class='ocrx_word' id='word_1_394' title='bbox 3294 2583 3551 2652; x_wconf 65' lang='lat' dir='ltr'><strong>amplexa:</strong></span> <span class='ocrx_word' id='word_1_395' title='bbox 3572 2592 3719 2649; x_wconf 85' lang='lat' dir='ltr'><strong>sunt,</strong></span> 
     </span>
    </p>
   </div>
   <div class='ocr_carea' id='block_1_27' title="bbox 478 2673 2499 2747">
    <p class='ocr_par' dir='ltr' id='par_1_27' title="bbox 478 2673 2499 2747">
     <span class='ocr_line' id='line_1_27' title="bbox 478 2673 2499 2747; baseline -0.003 -14"><span class='ocrx_word' id='word_1_396' title='bbox 478 2685 701 2747; x_wconf 88' lang='lat' dir='ltr'><strong>excepta</strong></span> <span class='ocrx_word' id='word_1_397' title='bbox 723 2690 826 2731; x_wconf 88' lang='lat' dir='ltr'><strong>una</strong></span> <span class='ocrx_word' id='word_1_398' title='bbox 853 2673 1121 2738; x_wconf 80' lang='lat' dir='ltr'><strong>Vaticana,</strong></span> <span class='ocrx_word' id='word_1_399' title='bbox 1145 2675 1233 2729; x_wconf 85' lang='lat' dir='ltr'><strong>ubi</strong></span> <span class='ocrx_word' id='word_1_400' title='bbox 1253 2675 1415 2730; x_wconf 87' lang='lat' dir='ltr'><strong>etiam</strong></span> <span class='ocrx_word' id='word_1_401' title='bbox 1439 2690 1583 2731; x_wconf 90' lang='lat' dir='ltr'><strong>nunc</strong></span> <span class='ocrx_word' id='word_1_402' title='bbox 1602 2674 1901 2731; x_wconf 82' lang='lat' dir='ltr'><strong>Romanum</strong></span> <span class='ocrx_word' id='word_1_403' title='bbox 1930 2677 2138 2731; x_wconf 90' lang='lat' dir='ltr'><strong>canitur</strong></span> <span class='ocrx_word' id='word_1_404' title='bbox 2163 2676 2499 2731; x_wconf 81' lang='lat' dir='ltr'><strong>Psalterium.</strong></span> 
     </span>
    </p>
   </div>
   <div class='ocr_carea' id='block_1_28' title="bbox 545 2764 3712 2839">
    <p class='ocr_par' dir='ltr' id='par_1_28' title="bbox 545 2764 3712 2839">
     <span class='ocr_line' id='line_1_28' title="bbox 545 2764 3712 2839; baseline -0.002 -14"><span class='ocrx_word' id='word_1_405' title='bbox 545 2769 640 2825; x_wconf 88' lang='lat' dir='ltr'><strong>His</strong></span> <span class='ocrx_word' id='word_1_406' title='bbox 667 2767 733 2823; x_wconf 88' lang='lat' dir='ltr'><strong>ad</strong></span> <span class='ocrx_word' id='word_1_407' title='bbox 757 2781 877 2823; x_wconf 91' lang='lat' dir='ltr'><strong>eum</strong></span> <span class='ocrx_word' id='word_1_408' title='bbox 907 2766 1122 2822; x_wconf 91' lang='lat' dir='ltr'><strong>modum</strong></span> <span class='ocrx_word' id='word_1_409' title='bbox 1149 2767 1406 2837; x_wconf 83' lang='lat' dir='ltr'><strong>expositis</strong></span> <span class='ocrx_word' id='word_1_410' title='bbox 1433 2767 1536 2823; x_wconf 90' lang='lat' dir='ltr'><strong>erit</strong></span> <span class='ocrx_word' id='word_1_411' title='bbox 1556 2764 1777 2826; x_wconf 81' lang='lat' dir='ltr'><strong>forsitan</strong></span> <span class='ocrx_word' id='word_1_412' title='bbox 1802 2767 1891 2839; x_wconf 91' lang='lat' dir='ltr'><strong>qui</strong></span> <span class='ocrx_word' id='word_1_413' title='bbox 1923 2782 2080 2823; x_wconf 89' lang='lat' dir='ltr'><strong>nosse</strong></span> <span class='ocrx_word' id='word_1_414' title='bbox 2104 2768 2285 2838; x_wconf 88' lang='lat' dir='ltr'><strong>cupiat</strong></span> <span class='ocrx_word' id='word_1_415' title='bbox 2302 2782 2461 2838; x_wconf 85' lang='lat' dir='ltr'><strong>quem</strong></span> <span class='ocrx_word' id='word_1_416' title='bbox 2488 2768 2664 2822; x_wconf 92' lang='lat' dir='ltr'><strong>locum</strong></span> <span class='ocrx_word' id='word_1_417' title='bbox 2688 2767 2824 2821; x_wconf 90' lang='lat' dir='ltr'><strong>inter</strong></span> <span class='ocrx_word' id='word_1_418' title='bbox 2850 2766 2951 2821; x_wconf 89' lang='lat' dir='ltr'><strong>alia</strong></span> <span class='ocrx_word' id='word_1_419' title='bbox 2981 2766 3233 2821; x_wconf 85' lang='lat' dir='ltr'><strong>Psalteria</strong></span> <span class='ocrx_word' id='word_1_420' title='bbox 3271 2764 3712 2835; x_wconf 80' lang='lat' dir='ltr'><strong>Augustinianum</strong></span> 
     </span>
    </p>
   </div>
   <div class='ocr_carea' id='block_1_29' title="bbox 469 2857 3721 2932">
    <p class='ocr_par' dir='ltr' id='par_1_29' title="bbox 469 2857 3721 2932">
     <span class='ocr_line' id='line_1_29' title="bbox 469 2857 3721 2932; baseline -0.003 -13"><span class='ocrx_word' id='word_1_421' title='bbox 469 2864 573 2920; x_wconf 82' lang='lat' dir='ltr'><strong>sibi</strong></span> <span class='ocrx_word' id='word_1_422' title='bbox 594 2862 867 2926; x_wconf 87' lang='lat' dir='ltr'><strong>vindicet;</strong></span> <span class='ocrx_word' id='word_1_423' title='bbox 894 2876 960 2915; x_wconf 93' lang='lat' dir='ltr'><strong>an</strong></span> <span class='ocrx_word' id='word_1_424' title='bbox 990 2859 1151 2914; x_wconf 70' lang='lat' dir='ltr'><strong>varia:</strong></span> <span class='ocrx_word' id='word_1_425' title='bbox 1180 2859 1283 2914; x_wconf 80' lang='lat' dir='ltr'><strong>illae</strong></span> <span class='ocrx_word' id='word_1_426' title='bbox 1305 2859 1584 2927; x_wconf 87' lang='lat' dir='ltr'><strong>lectiones,</strong></span> <span class='ocrx_word' id='word_1_427' title='bbox 1608 2863 1661 2916; x_wconf 91' lang='lat' dir='ltr'><strong>in</strong></span> <span class='ocrx_word' id='word_1_428' title='bbox 1682 2860 1881 2932; x_wconf 81' lang='lat' dir='ltr'><strong>quibus</strong></span> <span class='ocrx_word' id='word_1_429' title='bbox 1907 2876 1936 2915; x_wconf 89' lang='lat' dir='ltr'><strong>a</strong></span> <span class='ocrx_word' id='word_1_430' title='bbox 1961 2860 2179 2931; x_wconf 81' lang='lat' dir='ltr'><strong>Vulgata</strong></span> <span class='ocrx_word' id='word_1_431' title='bbox 2201 2869 2383 2916; x_wconf 90' lang='lat' dir='ltr'><strong>nostra</strong></span> <span class='ocrx_word' id='word_1_432' title='bbox 2402 2859 2638 2925; x_wconf 90' lang='lat' dir='ltr'><strong>dissidet,</strong></span> <span class='ocrx_word' id='word_1_433' title='bbox 2663 2859 2884 2914; x_wconf 87' lang='lat' dir='ltr'><strong>aliorum</strong></span> <span class='ocrx_word' id='word_1_434' title='bbox 2911 2857 3162 2929; x_wconf 78' lang='lat' dir='ltr'><strong>sun‘ragio</strong></span> <span class='ocrx_word' id='word_1_435' title='bbox 3190 2858 3509 2921; x_wconf 87' lang='lat' dir='ltr'><strong>innitantur;</strong></span> <span class='ocrx_word' id='word_1_436' title='bbox 3540 2867 3721 2911; x_wconf 86' lang='lat' dir='ltr'><strong>utrum</strong></span> 
     </span>
    </p>
   </div>
   <div class='ocr_carea' id='block_1_30' title="bbox 469 2950 3724 3032">
    <p class='ocr_par' dir='ltr' id='par_1_30' title="bbox 469 2950 3724 3032">
     <span class='ocr_line' id='line_1_30' title="bbox 469 2950 3724 3032; baseline -0.001 -22"><span class='ocrx_word' id='word_1_437' title='bbox 469 2957 682 3013; x_wconf 89' lang='lat' dir='ltr'><strong>tandem</strong></span> <span class='ocrx_word' id='word_1_438' title='bbox 709 2972 830 3012; x_wconf 91' lang='lat' dir='ltr'><strong>cum</strong></span> <span class='ocrx_word' id='word_1_439' title='bbox 868 2952 1212 3026; x_wconf 67' lang='lat' dir='ltr'><strong>graecoLXX</strong></span> <span class='ocrx_word' id='word_1_440' title='bbox 1252 2950 1626 3023; x_wconf 87' lang='lat' dir='ltr'><strong>Interpretum,</strong></span> <span class='ocrx_word' id='word_1_441' title='bbox 1652 2953 1793 3024; x_wconf 87' lang='lat' dir='ltr'><strong>quod</strong></span> <span class='ocrx_word' id='word_1_442' title='bbox 1836 2965 2017 3009; x_wconf 86' lang='lat' dir='ltr'><strong>nostra</strong></span> <span class='ocrx_word' id='word_1_443' title='bbox 2059 2954 2158 3009; x_wconf 90' lang='lat' dir='ltr'><strong>hac</strong></span> <span class='ocrx_word' id='word_1_444' title='bbox 2200 2955 2454 3011; x_wconf 89' lang='lat' dir='ltr'><strong>memoria</strong></span> <span class='ocrx_word' id='word_1_445' title='bbox 2491 2964 2693 3032; x_wconf 80' lang='lat' dir='ltr'><strong>exstat,</strong></span> <span class='ocrx_word' id='word_1_446' title='bbox 2714 2954 2831 3024; x_wconf 90' lang='lat' dir='ltr'><strong>plus</strong></span> <span class='ocrx_word' id='word_1_447' title='bbox 2859 2957 3097 3009; x_wconf 86' lang='lat' dir='ltr'><strong>minusve</strong></span> <span class='ocrx_word' id='word_1_448' title='bbox 3135 2954 3449 3010; x_wconf 84' lang='lat' dir='ltr'><strong>censentiat.</strong></span> <span class='ocrx_word' id='word_1_449' title='bbox 3490 2954 3570 3007; x_wconf 87' lang='lat' dir='ltr'><strong>Ea</strong></span> <span class='ocrx_word' id='word_1_450' title='bbox 3602 2963 3724 3007; x_wconf 78' lang='lat' dir='ltr'><strong>Sunt</strong></span> 
     </span>
    </p>
   </div>
   <div class='ocr_carea' id='block_1_31' title="bbox 469 3043 3722 3120">
    <p class='ocr_par' dir='ltr' id='par_1_31' title="bbox 469 3043 3722 3120">
     <span class='ocr_line' id='line_1_31' title="bbox 469 3043 3722 3120; baseline -0.001 -18"><span class='ocrx_word' id='word_1_451' title='bbox 469 3063 591 3120; x_wconf 66' lang='lat' dir='ltr'><strong>quae</strong></span> <span class='ocrx_word' id='word_1_452' title='bbox 621 3047 775 3104; x_wconf 88' lang='lat' dir='ltr'><strong>nobis</strong></span> <span class='ocrx_word' id='word_1_453' title='bbox 800 3047 1061 3102; x_wconf 77' lang='lat' dir='ltr'><strong>induxere</strong></span> <span class='ocrx_word' id='word_1_454' title='bbox 1089 3045 1139 3100; x_wconf 90' lang='lat' dir='ltr'><strong>in</strong></span> <span class='ocrx_word' id='word_1_455' title='bbox 1171 3044 1426 3113; x_wconf 91' lang='lat' dir='ltr'><strong>animum,</strong></span> <span class='ocrx_word' id='word_1_456' title='bbox 1456 3053 1514 3098; x_wconf 91' lang='lat' dir='ltr'><strong>ut</strong></span> <span class='ocrx_word' id='word_1_457' title='bbox 1538 3043 1858 3114; x_wconf 81' lang='lat' dir='ltr'><strong>exemplaria</strong></span> <span class='ocrx_word' id='word_1_458' title='bbox 1882 3044 2114 3112; x_wconf 89' lang='lat' dir='ltr'><strong>diversa,</strong></span> <span class='ocrx_word' id='word_1_459' title='bbox 2141 3053 2250 3099; x_wconf 90' lang='lat' dir='ltr'><strong>tum</strong></span> <span class='ocrx_word' id='word_1_460' title='bbox 2274 3045 2440 3115; x_wconf 91' lang='lat' dir='ltr'><strong>prelo,</strong></span> <span class='ocrx_word' id='word_1_461' title='bbox 2463 3054 2574 3101; x_wconf 89' lang='lat' dir='ltr'><strong>tum</strong></span> <span class='ocrx_word' id='word_1_462' title='bbox 2601 3045 2804 3101; x_wconf 89' lang='lat' dir='ltr'><strong>calamo</strong></span> <span class='ocrx_word' id='word_1_463' title='bbox 2831 3046 2968 3100; x_wconf 86' lang='lat' dir='ltr'><strong>edita</strong></span> <span class='ocrx_word' id='word_1_464' title='bbox 2989 3046 3369 3112; x_wconf 85' lang='lat' dir='ltr'><strong>conferremus,</strong></span> <span class='ocrx_word' id='word_1_465' title='bbox 3401 3061 3464 3101; x_wconf 91' lang='lat' dir='ltr'><strong>ac</strong></span> <span class='ocrx_word' id='word_1_466' title='bbox 3488 3044 3722 3099; x_wconf 86' lang='lat' dir='ltr'><strong>varieta-</strong></span> 
     </span>
    </p>
   </div>
   <div class='ocr_carea' id='block_1_32' title="bbox 471 3122 3722 3208">
    <p class='ocr_par' dir='ltr' id='par_1_32' title="bbox 471 3122 3722 3208">
     <span class='ocr_line' id='line_1_32' title="bbox 471 3122 3722 3208; baseline -0.001 -17"><span class='ocrx_word' id='word_1_467' title='bbox 471 3147 552 3192; x_wconf 88' lang='lat' dir='ltr'><strong>tes</strong></span> <span class='ocrx_word' id='word_1_468' title='bbox 582 3136 815 3192; x_wconf 77' lang='lat' dir='ltr'><strong>maxime</strong></span> <span class='ocrx_word' id='word_1_469' title='bbox 838 3136 1086 3207; x_wconf 84' lang='lat' dir='ltr'><strong>insignes,</strong></span> <span class='ocrx_word' id='word_1_470' title='bbox 1115 3150 1248 3206; x_wconf 89' lang='lat' dir='ltr'><strong>quas</strong></span> <span class='ocrx_word' id='word_1_471' title='bbox 1281 3134 1748 3204; x_wconf 86' lang='lat' dir='ltr'><strong>deprehendimus,</strong></span> <span class='ocrx_word' id='word_1_472' title='bbox 1778 3136 1959 3193; x_wconf 89' lang='lat' dir='ltr'><strong>lectori</strong></span> <span class='ocrx_word' id='word_1_473' title='bbox 1990 3122 2424 3208; x_wconf 80' lang='lat' dir='ltr'><strong>proponeremus.</strong></span> <span class='ocrx_word' id='word_1_474' title='bbox 2456 3138 2559 3193; x_wconf 88' lang='lat' dir='ltr'><strong>Eas</strong></span> <span class='ocrx_word' id='word_1_475' title='bbox 2587 3138 2744 3208; x_wconf 83' lang='lat' dir='ltr'><strong>igitur</strong></span> <span class='ocrx_word' id='word_1_476' title='bbox 2768 3137 2900 3192; x_wconf 85' lang='lat' dir='ltr'><strong>infra</strong></span> <span class='ocrx_word' id='word_1_477' title='bbox 2942 3135 3169 3192; x_wconf 88' lang='lat' dir='ltr'><strong>habituri</strong></span> <span class='ocrx_word' id='word_1_478' title='bbox 3206 3138 3353 3204; x_wconf 74' lang='lat' dir='ltr'><strong>esus,</strong></span> <span class='ocrx_word' id='word_1_479' title='bbox 3385 3152 3504 3192; x_wconf 89' lang='lat' dir='ltr'><strong>cum</strong></span> <span class='ocrx_word' id='word_1_480' title='bbox 3544 3138 3722 3192; x_wconf 86' lang='lat' dir='ltr'><strong>locum</strong></span> 
     </span>
    </p>
   </div>
   <div class='ocr_carea' id='block_1_33' title="bbox 473 3220 3722 3300">
    <p class='ocr_par' dir='ltr' id='par_1_33' title="bbox 473 3220 3722 3300">
     <span class='ocr_line' id='line_1_33' title="bbox 473 3220 3722 3300; baseline -0 -17"><span class='ocrx_word' id='word_1_481' title='bbox 473 3243 636 3284; x_wconf 90' lang='lat' dir='ltr'><strong>unum</strong></span> <span class='ocrx_word' id='word_1_482' title='bbox 667 3220 1077 3300; x_wconf 74' lang='lat' dir='ltr'><strong>priemiserimus</strong></span> <span class='ocrx_word' id='word_1_483' title='bbox 1115 3242 1147 3283; x_wconf 91' lang='lat' dir='ltr'><strong>e</strong></span> <span class='ocrx_word' id='word_1_484' title='bbox 1173 3226 1306 3282; x_wconf 90' lang='lat' dir='ltr'><strong>libro</strong></span> <span class='ocrx_word' id='word_1_485' title='bbox 1333 3226 1399 3280; x_wconf 84' lang='grc'>17</span> <span class='ocrx_word' id='word_1_486' title='bbox 1436 3226 1505 3282; x_wconf 90' lang='lat' dir='ltr'><strong>de</strong></span> <span class='ocrx_word' id='word_1_487' title='bbox 1532 3220 1755 3283; x_wconf 89' lang='lat' dir='ltr'><strong>Civitate</strong></span> <span class='ocrx_word' id='word_1_488' title='bbox 1788 3228 1903 3295; x_wconf 87' lang='lat' dir='ltr'><strong>Dei,</strong></span> <span class='ocrx_word' id='word_1_489' title='bbox 1930 3229 2017 3283; x_wconf 81' lang='lat' dir='ltr'><strong>ubi</strong></span> <span class='ocrx_word' id='word_1_490' title='bbox 2046 3229 2391 3300; x_wconf 68' lang='lat' dir='ltr'><strong>Augustinus,</strong></span> <span class='ocrx_word' id='word_1_491' title='bbox 2421 3243 2540 3298; x_wconf 70' lang='lat' dir='ltr'><strong>quae</strong></span> <span class='ocrx_word' id='word_1_492' title='bbox 2568 3244 2663 3283; x_wconf 89' lang='lat' dir='ltr'><strong>sua</strong></span> <span class='ocrx_word' id='word_1_493' title='bbox 2692 3228 2759 3282; x_wconf 85' lang='lat' dir='ltr'><strong>sit</strong></span> <span class='ocrx_word' id='word_1_494' title='bbox 2782 3228 2849 3284; x_wconf 92' lang='lat' dir='ltr'><strong>de</strong></span> <span class='ocrx_word' id='word_1_495' title='bbox 2874 3228 3130 3284; x_wconf 86' lang='lat' dir='ltr'><strong>Psalterio</strong></span> <span class='ocrx_word' id='word_1_496' title='bbox 3160 3228 3409 3285; x_wconf 87' lang='lat' dir='ltr'><strong>Davidieo</strong></span> <span class='ocrx_word' id='word_1_497' title='bbox 3435 3228 3722 3295; x_wconf 83' lang='lat' dir='ltr'><strong>sententia,</strong></span> 
     </span>
    </p>
   </div>
   <div class='ocr_carea' id='block_1_34' title="bbox 472 3322 761 3395">
    <p class='ocr_par' dir='ltr' id='par_1_34' title="bbox 472 3322 761 3395">
     <span class='ocr_line' id='line_1_34' title="bbox 472 3322 761 3395; baseline 0 -17"><span class='ocrx_word' id='word_1_498' title='bbox 472 3322 761 3395; x_wconf 91' lang='lat' dir='ltr'><strong>expromit.</strong></span> 
     </span>
    </p>
   </div>
   <div class='ocr_carea' id='block_1_35' title="bbox 1537 3458 2672 3539">
    <p class='ocr_par' dir='ltr' id='par_1_35' title="bbox 1537 3458 2672 3539">
     <span class='ocr_line' id='line_1_35' title="bbox 1537 3458 2672 3536; baseline -0.005 -9"><span class='ocrx_word' id='word_1_499' title='bbox 1537 3458 2672 3536; x_wconf 47' lang='grc' dir='ltr'><strong>-κκοοσ-ιψῶξαφξανυυν-</strong></span> 
     </span>
     <span class='ocr_line' id='line_1_36' title="bbox 1781 3508 1797 3519; baseline 0 0"><span class='ocrx_word' id='word_1_500' title='bbox 1781 3508 1797 3519; x_wconf 72' lang='grc' dir='ltr'><strong><em>ο</em></strong></span> 
     </span>
     <span class='ocr_line' id='line_1_37' title="bbox 1840 3532 1851 3539; baseline 0 0"><span class='ocrx_word' id='word_1_501' title='bbox 1840 3532 1851 3539; x_wconf 80' lang='lat'><em>.</em></span> 
     </span>
    </p>
   </div>
   <div class='ocr_carea' id='block_1_36' title="bbox 1146 3644 3013 3741">
    <p class='ocr_par' dir='ltr' id='par_1_36' title="bbox 1146 3644 3013 3741">
     <span class='ocr_line' id='line_1_38' title="bbox 1146 3644 3013 3741; baseline 0.003 -16"><span class='ocrx_word' id='word_1_502' title='bbox 1146 3644 1155 3650; x_wconf 27' lang='lat' dir='ltr'><strong>I</strong></span> <span class='ocrx_word' id='word_1_503' title='bbox 1240 3662 1355 3725; x_wconf 82' lang='lat' dir='ltr'><strong>EX</strong></span> <span class='ocrx_word' id='word_1_504' title='bbox 1402 3664 1639 3725; x_wconf 72' lang='grc' dir='ltr'><strong>ιωκο</strong></span> <span class='ocrx_word' id='word_1_505' title='bbox 1676 3665 1853 3726; x_wconf 82' lang='lat' dir='ltr'><strong>XVII</strong></span> <span class='ocrx_word' id='word_1_506' title='bbox 1886 3666 1991 3726; x_wconf 91' lang='lat' dir='ltr'><strong>DE</strong></span> <span class='ocrx_word' id='word_1_507' title='bbox 2019 3666 2394 3728; x_wconf 82' lang='lat' dir='ltr'><strong>CIVITATE</strong></span> <span class='ocrx_word' id='word_1_508' title='bbox 2423 3667 2582 3737; x_wconf 78' lang='lat' dir='ltr'><strong>DEI,</strong></span> <span class='ocrx_word' id='word_1_509' title='bbox 2615 3667 2786 3729; x_wconf 82' lang='lat' dir='ltr'><strong>CAP.</strong></span> <span class='ocrx_word' id='word_1_510' title='bbox 2827 3668 2973 3730; x_wconf 84' lang='lat' dir='ltr'><strong>XIV</strong></span> <span class='ocrx_word' id='word_1_511' title='bbox 2998 3713 3013 3741; x_wconf 88' lang='lat'><strong>,</strong></span> 
     </span>
    </p>
   </div>
   <div class='ocr_carea' id='block_1_37' title="bbox 1688 3869 2540 3917">
    <p class='ocr_par' dir='ltr' id='par_1_37' title="bbox 1688 3869 2540 3917">
     <span class='ocr_line' id='line_1_39' title="bbox 1688 3869 2540 3917; baseline -0.004 -3"><span class='ocrx_word' id='word_1_512' title='bbox 1688 3872 1770 3914; x_wconf 80' lang='lat' dir='ltr'><strong>DE</strong></span> <span class='ocrx_word' id='word_1_513' title='bbox 1805 3871 2180 3917; x_wconf 72' lang='lat' dir='ltr'><strong>PSALMORUM</strong></span> <span class='ocrx_word' id='word_1_514' title='bbox 2229 3869 2540 3913; x_wconf 72' lang='grc' dir='ltr'><strong>Αυοτοιικ.</strong></span> 
     </span>
    </p>
   </div>
   <div class='ocr_carea' id='block_1_38' title="bbox 542 3990 3793 4114">
    <p class='ocr_par' dir='ltr' id='par_1_38' title="bbox 542 3990 3793 4114">
     <span class='ocr_line' id='line_1_40' title="bbox 542 3990 3793 4114; baseline 0.001 -17"><span class='ocrx_word' id='word_1_515' title='bbox 542 4042 671 4097; x_wconf 87' lang='lat' dir='ltr'><strong>Erat</strong></span> <span class='ocrx_word' id='word_1_516' title='bbox 698 4041 863 4097; x_wconf 87' lang='lat' dir='ltr'><strong>David</strong></span> <span class='ocrx_word' id='word_1_517' title='bbox 888 4044 965 4098; x_wconf 91' lang='lat' dir='ltr'><strong>vir</strong></span> <span class='ocrx_word' id='word_1_518' title='bbox 985 4043 1039 4098; x_wconf 89' lang='lat' dir='ltr'><strong>in</strong></span> <span class='ocrx_word' id='word_1_519' title='bbox 1065 4045 1272 4099; x_wconf 88' lang='lat' dir='ltr'><strong>canticis</strong></span> <span class='ocrx_word' id='word_1_520' title='bbox 1299 4045 1544 4110; x_wconf 87' lang='lat' dir='ltr'><strong>eruditus,</strong></span> <span class='ocrx_word' id='word_1_521' title='bbox 1568 4046 1653 4114; x_wconf 86' lang='lat' dir='ltr'><strong>qui</strong></span> <span class='ocrx_word' id='word_1_522' title='bbox 1672 4046 1982 4099; x_wconf 76' lang='lat' dir='ltr'><strong>harmoniam</strong></span> <span class='ocrx_word' id='word_1_523' title='bbox 2004 4044 2245 4098; x_wconf 84' lang='lat' dir='ltr'><strong>musicam</strong></span> <span class='ocrx_word' id='word_1_524' title='bbox 2274 4060 2375 4098; x_wconf 88' lang='lat' dir='ltr'><strong>non</strong></span> <span class='ocrx_word' id='word_1_525' title='bbox 2397 4044 2593 4113; x_wconf 82' lang='lat' dir='ltr'><strong>vulgari</strong></span> <span class='ocrx_word' id='word_1_526' title='bbox 2612 4043 2883 4112; x_wconf 87' lang='lat' dir='ltr'><strong>voluptate,</strong></span> <span class='ocrx_word' id='word_1_527' title='bbox 2906 4044 2994 4098; x_wconf 88' lang='lat' dir='ltr'><strong>sed</strong></span> <span class='ocrx_word' id='word_1_528' title='bbox 3022 4044 3160 4113; x_wconf 78' lang='lat' dir='ltr'><strong>ﬁdeli</strong></span> <span class='ocrx_word' id='word_1_529' title='bbox 3186 4046 3440 4099; x_wconf 83' lang='lat' dir='ltr'><strong>voluntate</strong></span> <span class='ocrx_word' id='word_1_530' title='bbox 3462 4046 3733 4112; x_wconf 65' lang='lat' dir='ltr'><strong>dilexerit;</strong></span> <span class='ocrx_word' id='word_1_531' title='bbox 3756 3990 3793 4037; x_wconf 65' lang='lat'><strong><em>.</em></strong></span> 
     </span>
    </p>
   </div>
   <div class='ocr_carea' id='block_1_39' title="bbox 474 4133 3771 4207">
    <p class='ocr_par' dir='ltr' id='par_1_39' title="bbox 474 4133 3771 4207">
     <span class='ocr_line' id='line_1_41' title="bbox 474 4133 3771 4207; baseline 0.002 -19"><span class='ocrx_word' id='word_1_532' title='bbox 474 4150 628 4207; x_wconf 87' lang='lat' dir='ltr'><strong>eaque</strong></span> <span class='ocrx_word' id='word_1_533' title='bbox 650 4133 760 4190; x_wconf 90' lang='lat' dir='ltr'><strong>Deo</strong></span> <span class='ocrx_word' id='word_1_534' title='bbox 783 4151 895 4202; x_wconf 89' lang='lat' dir='ltr'><strong>suo,</strong></span> <span class='ocrx_word' id='word_1_535' title='bbox 920 4135 1004 4205; x_wconf 85' lang='lat' dir='ltr'><strong>qui</strong></span> <span class='ocrx_word' id='word_1_536' title='bbox 1027 4150 1171 4189; x_wconf 87' lang='lat' dir='ltr'><strong>verus</strong></span> <span class='ocrx_word' id='word_1_537' title='bbox 1191 4144 1266 4190; x_wconf 84' lang='lat' dir='ltr'><strong>est</strong></span> <span class='ocrx_word' id='word_1_538' title='bbox 1290 4134 1449 4199; x_wconf 86' lang='lat' dir='ltr'><strong>Deus,</strong></span> <span class='ocrx_word' id='word_1_539' title='bbox 1479 4136 1688 4207; x_wconf 85' lang='lat' dir='ltr'><strong>mystica</strong></span> <span class='ocrx_word' id='word_1_540' title='bbox 1712 4136 1785 4188; x_wconf 88' lang='lat' dir='ltr'><strong>rei</strong></span> <span class='ocrx_word' id='word_1_541' title='bbox 1807 4150 2001 4204; x_wconf 80' lang='lat' dir='ltr'><strong>magna:</strong></span> <span class='ocrx_word' id='word_1_542' title='bbox 2022 4135 2331 4205; x_wconf 78' lang='lat' dir='ltr'><strong>ﬁguratione</strong></span> <span class='ocrx_word' id='word_1_543' title='bbox 2356 4134 2599 4189; x_wconf 88' lang='lat' dir='ltr'><strong>servierit.</strong></span> <span class='ocrx_word' id='word_1_544' title='bbox 2636 4133 2960 4190; x_wconf 86' lang='lat' dir='ltr'><strong>Diversarum</strong></span> <span class='ocrx_word' id='word_1_545' title='bbox 2986 4136 3116 4189; x_wconf 86' lang='lat' dir='ltr'><strong>enim</strong></span> <span class='ocrx_word' id='word_1_546' title='bbox 3147 4152 3383 4190; x_wconf 89' lang='lat' dir='ltr'><strong>sonorum</strong></span> <span class='ocrx_word' id='word_1_547' title='bbox 3411 4138 3727 4194; x_wconf 83' lang='lat' dir='ltr'><strong>rationabilis</strong></span> <span class='ocrx_word' id='word_1_548' title='bbox 3765 4174 3771 4179; x_wconf 89' lang='lat'><strong><em>-</em></strong></span> 
     </span>
    </p>
   </div>
   <div class='ocr_carea' id='block_1_40' title="bbox 474 4226 3726 4300">
    <p class='ocr_par' dir='ltr' id='par_1_40' title="bbox 474 4226 3726 4300">
     <span class='ocr_line' id='line_1_42' title="bbox 474 4226 3726 4300; baseline 0.002 -18"><span class='ocrx_word' id='word_1_549' title='bbox 474 4227 859 4298; x_wconf 88' lang='lat' dir='ltr'><strong>moderatusque</strong></span> <span class='ocrx_word' id='word_1_550' title='bbox 892 4238 1180 4299; x_wconf 80' lang='lat' dir='ltr'><strong>concentus,</strong></span> <span class='ocrx_word' id='word_1_551' title='bbox 1212 4227 1448 4282; x_wconf 83' lang='lat' dir='ltr'><strong>concordi</strong></span> <span class='ocrx_word' id='word_1_552' title='bbox 1482 4230 1715 4283; x_wconf 89' lang='lat' dir='ltr'><strong>varietate</strong></span> <span class='ocrx_word' id='word_1_553' title='bbox 1749 4236 2059 4299; x_wconf 88' lang='lat' dir='ltr'><strong>compactam</strong></span> <span class='ocrx_word' id='word_1_554' title='bbox 2082 4226 2204 4281; x_wconf 83' lang='lat' dir='ltr'><strong>bene</strong></span> <span class='ocrx_word' id='word_1_555' title='bbox 2237 4227 2485 4281; x_wconf 72' lang='lat' dir='ltr'><strong>crdinutaz</strong></span> <span class='ocrx_word' id='word_1_556' title='bbox 2511 4228 2724 4281; x_wconf 89' lang='lat' dir='ltr'><strong>civitatis</strong></span> <span class='ocrx_word' id='word_1_557' title='bbox 2763 4229 2986 4284; x_wconf 87' lang='lat' dir='ltr'><strong>insinuat</strong></span> <span class='ocrx_word' id='word_1_558' title='bbox 3020 4230 3276 4282; x_wconf 88' lang='lat' dir='ltr'><strong>unitatem.</strong></span> <span class='ocrx_word' id='word_1_559' title='bbox 3309 4228 3537 4300; x_wconf 85' lang='lat' dir='ltr'><strong>Denique</strong></span> <span class='ocrx_word' id='word_1_560' title='bbox 3562 4235 3726 4287; x_wconf 86' lang='lat' dir='ltr'><strong>omnis</strong></span> 
     </span>
    </p>
   </div>
   <div class='ocr_carea' id='block_1_41' title="bbox 477 4320 3730 4397">
    <p class='ocr_par' dir='ltr' id='par_1_41' title="bbox 477 4320 3730 4397">
     <span class='ocr_line' id='line_1_43' title="bbox 477 4320 3730 4397; baseline 0.001 -21"><span class='ocrx_word' id='word_1_561' title='bbox 477 4325 585 4393; x_wconf 76' lang='lat' dir='ltr'><strong>fere</strong></span> <span class='ocrx_word' id='word_1_562' title='bbox 610 4322 871 4394; x_wconf 79' lang='lat' dir='ltr'><strong>prophetia</strong></span> <span class='ocrx_word' id='word_1_563' title='bbox 896 4323 1009 4395; x_wconf 87' lang='lat' dir='ltr'><strong>ejus</strong></span> <span class='ocrx_word' id='word_1_564' title='bbox 1031 4322 1085 4376; x_wconf 91' lang='lat' dir='ltr'><strong>in</strong></span> <span class='ocrx_word' id='word_1_565' title='bbox 1105 4320 1328 4375; x_wconf 83' lang='lat' dir='ltr'><strong>Psalmis</strong></span> <span class='ocrx_word' id='word_1_566' title='bbox 1346 4329 1420 4374; x_wconf 90' lang='lat' dir='ltr'><strong>est</strong></span> <span class='ocrx_word' id='word_1_567' title='bbox 1445 4336 1463 4375; x_wconf 90' lang='lat'><strong><em>:</em></strong></span> <span class='ocrx_word' id='word_1_568' title='bbox 1490 4337 1615 4392; x_wconf 89' lang='lat' dir='ltr'><strong>quos</strong></span> <span class='ocrx_word' id='word_1_569' title='bbox 1643 4331 1837 4376; x_wconf 86' lang='lat' dir='ltr'><strong>centum</strong></span> <span class='ocrx_word' id='word_1_570' title='bbox 1862 4320 2227 4392; x_wconf 83' lang='lat' dir='ltr'><strong>quinquaginta</strong></span> <span class='ocrx_word' id='word_1_571' title='bbox 2256 4320 2378 4374; x_wconf 89' lang='lat' dir='ltr'><strong>liber</strong></span> <span class='ocrx_word' id='word_1_572' title='bbox 2406 4322 2642 4388; x_wconf 72' lang='lat' dir='ltr'><strong>continet,</strong></span> <span class='ocrx_word' id='word_1_573' title='bbox 2667 4338 2813 4393; x_wconf 87' lang='lat' dir='ltr'><strong>quem</strong></span> <span class='ocrx_word' id='word_1_574' title='bbox 2835 4321 3156 4377; x_wconf 86' lang='lat' dir='ltr'><strong>Psalmorum</strong></span> <span class='ocrx_word' id='word_1_575' title='bbox 3179 4339 3411 4377; x_wconf 87' lang='lat' dir='ltr'><strong>vocamus</strong></span> <span class='ocrx_word' id='word_1_576' title='bbox 3426 4339 3455 4397; x_wconf 13' lang='lat'><strong>7:</strong></span> <span class='ocrx_word' id='word_1_577' title='bbox 3477 4325 3530 4379; x_wconf 89' lang='lat' dir='ltr'><strong>in</strong></span> <span class='ocrx_word' id='word_1_578' title='bbox 3554 4327 3730 4397; x_wconf 87' lang='lat' dir='ltr'><strong>quibus</strong></span> 
     </span>
    </p>
   </div>
   <div class='ocr_carea' id='block_1_42' title="bbox 472 4396 3728 4491">
    <p class='ocr_par' dir='ltr' id='par_1_42' title="bbox 472 4396 3728 4491">
     <span class='ocr_line' id='line_1_44' title="bbox 472 4396 3728 4491; baseline 0.001 -19"><span class='ocrx_word' id='word_1_579' title='bbox 472 4416 709 4473; x_wconf 85' lang='lat' dir='ltr'><strong>nonnulli</strong></span> <span class='ocrx_word' id='word_1_580' title='bbox 736 4417 930 4484; x_wconf 87' lang='lat' dir='ltr'><strong>volunt,</strong></span> <span class='ocrx_word' id='word_1_581' title='bbox 959 4432 1041 4471; x_wconf 89' lang='lat' dir='ltr'><strong>eos</strong></span> <span class='ocrx_word' id='word_1_582' title='bbox 1064 4416 1196 4470; x_wconf 88' lang='lat' dir='ltr'><strong>solos</strong></span> <span class='ocrx_word' id='word_1_583' title='bbox 1224 4418 1386 4486; x_wconf 79' lang='lat' dir='ltr'><strong>factos</strong></span> <span class='ocrx_word' id='word_1_584' title='bbox 1411 4431 1515 4469; x_wconf 85' lang='lat' dir='ltr'><strong>esse</strong></span> <span class='ocrx_word' id='word_1_585' title='bbox 1537 4431 1569 4468; x_wconf 89' lang='lat' dir='ltr'><strong>a</strong></span> <span class='ocrx_word' id='word_1_586' title='bbox 1598 4415 1782 4477; x_wconf 86' lang='lat' dir='ltr'><strong>David,</strong></span> <span class='ocrx_word' id='word_1_587' title='bbox 1808 4416 1894 4487; x_wconf 88' lang='lat' dir='ltr'><strong>qui</strong></span> <span class='ocrx_word' id='word_1_588' title='bbox 1919 4415 2029 4487; x_wconf 88' lang='lat' dir='ltr'><strong>ejus</strong></span> <span class='ocrx_word' id='word_1_589' title='bbox 2059 4414 2259 4468; x_wconf 87' lang='lat' dir='ltr'><strong>nomine</strong></span> <span class='ocrx_word' id='word_1_590' title='bbox 2284 4413 2513 4485; x_wconf 85' lang='lat' dir='ltr'><strong>inscripti</strong></span> <span class='ocrx_word' id='word_1_591' title='bbox 2536 4426 2651 4470; x_wconf 85' lang='lat' dir='ltr'><strong>sunt</strong></span> <span class='ocrx_word' id='word_1_592' title='bbox 2672 4431 2692 4470; x_wconf 92' lang='lat'><strong><em>:</em></strong></span> <span class='ocrx_word' id='word_1_593' title='bbox 2717 4426 2833 4471; x_wconf 88' lang='lat' dir='ltr'><strong>sunt</strong></span> <span class='ocrx_word' id='word_1_594' title='bbox 2856 4419 3005 4471; x_wconf 88' lang='lat' dir='ltr'><strong>etiam</strong></span> <span class='ocrx_word' id='word_1_595' title='bbox 3036 4418 3120 4489; x_wconf 91' lang='lat' dir='ltr'><strong>qui</strong></span> <span class='ocrx_word' id='word_1_596' title='bbox 3146 4428 3323 4488; x_wconf 87' lang='lat' dir='ltr'><strong>putant</strong></span> <span class='ocrx_word' id='word_1_597' title='bbox 3353 4396 3453 4473; x_wconf 78' lang='lat' dir='ltr'><strong>non</strong></span> <span class='ocrx_word' id='word_1_598' title='bbox 3472 4419 3534 4473; x_wconf 89' lang='lat' dir='ltr'><strong>ab</strong></span> <span class='ocrx_word' id='word_1_599' title='bbox 3561 4396 3618 4474; x_wconf 88' lang='lat' dir='ltr'><strong>eo</strong></span> <span class='ocrx_word' id='word_1_600' title='bbox 3643 4426 3728 4491; x_wconf 76' lang='lat' dir='ltr'><strong>{a-</strong></span> 
     </span>
    </p>
   </div>
   <div class='ocr_carea' id='block_1_43' title="bbox 475 4504 3725 4582">
    <p class='ocr_par' dir='ltr' id='par_1_43' title="bbox 475 4504 3725 4582">
     <span class='ocr_line' id='line_1_45' title="bbox 475 4504 3725 4582; baseline 0 -18"><span class='ocrx_word' id='word_1_601' title='bbox 475 4521 602 4574; x_wconf 88' lang='lat' dir='ltr'><strong>c:os,</strong></span> <span class='ocrx_word' id='word_1_602' title='bbox 642 4511 743 4565; x_wconf 85' lang='lat' dir='ltr'><strong>nisi</strong></span> <span class='ocrx_word' id='word_1_603' title='bbox 777 4511 863 4582; x_wconf 90' lang='lat' dir='ltr'><strong>qui</strong></span> <span class='ocrx_word' id='word_1_604' title='bbox 889 4516 1250 4582; x_wconf 77' lang='lat' dir='ltr'><strong>prtenotantur,</strong></span> <span class='ocrx_word' id='word_1_605' title='bbox 1281 4506 1451 4577; x_wconf 86' lang='lat' dir='ltr'><strong>Ipsius</strong></span> <span class='ocrx_word' id='word_1_606' title='bbox 1488 4507 1680 4572; x_wconf 88' lang='lat' dir='ltr'><strong>David;</strong></span> <span class='ocrx_word' id='word_1_607' title='bbox 1711 4508 1795 4579; x_wconf 89' lang='lat' dir='ltr'><strong>qui</strong></span> <span class='ocrx_word' id='word_1_608' title='bbox 1832 4523 1946 4561; x_wconf 88' lang='lat' dir='ltr'><strong>vero</strong></span> <span class='ocrx_word' id='word_1_609' title='bbox 1988 4504 2170 4560; x_wconf 78' lang='lat' dir='ltr'><strong>habent</strong></span> <span class='ocrx_word' id='word_1_610' title='bbox 2193 4505 2248 4559; x_wconf 88' lang='lat' dir='ltr'><strong>in</strong></span> <span class='ocrx_word' id='word_1_611' title='bbox 2283 4505 2461 4572; x_wconf 86' lang='lat' dir='ltr'><strong>titulis,</strong></span> <span class='ocrx_word' id='word_1_612' title='bbox 2505 4505 2606 4575; x_wconf 89' lang='lat' dir='ltr'><strong>Ipsi</strong></span> <span class='ocrx_word' id='word_1_613' title='bbox 2634 4508 2819 4571; x_wconf 90' lang='lat' dir='ltr'><strong>David,</strong></span> <span class='ocrx_word' id='word_1_614' title='bbox 2848 4508 2910 4561; x_wconf 90' lang='lat' dir='ltr'><strong>ab</strong></span> <span class='ocrx_word' id='word_1_615' title='bbox 2950 4510 3063 4562; x_wconf 86' lang='lat' dir='ltr'><strong>aliis</strong></span> <span class='ocrx_word' id='word_1_616' title='bbox 3092 4513 3274 4579; x_wconf 76' lang='lat' dir='ltr'><strong>factos,</strong></span> <span class='ocrx_word' id='word_1_617' title='bbox 3309 4526 3534 4577; x_wconf 82' lang='lat' dir='ltr'><strong>persome</strong></span> <span class='ocrx_word' id='word_1_618' title='bbox 3561 4511 3725 4581; x_wconf 81' lang='lat' dir='ltr'><strong>ipsius</strong></span> 
     </span>
    </p>
   </div>
   <div class='ocr_carea' id='block_1_44' title="bbox 478 4585 3727 4674">
    <p class='ocr_par' dir='ltr' id='par_1_44' title="bbox 478 4585 3727 4674">
     <span class='ocr_line' id='line_1_46' title="bbox 478 4585 3727 4674; baseline 0 -21"><span class='ocrx_word' id='word_1_619' title='bbox 478 4604 635 4674; x_wconf 72' lang='lat' dir='ltr'><strong>fuisse</strong></span> <span class='ocrx_word' id='word_1_620' title='bbox 657 4612 935 4673; x_wconf 78' lang='lat' dir='ltr'><strong>cooptatos.</strong></span> <span class='ocrx_word' id='word_1_621' title='bbox 965 4601 1092 4669; x_wconf 83' lang='lat' dir='ltr'><strong>Qua:</strong></span> <span class='ocrx_word' id='word_1_622' title='bbox 1117 4601 1286 4671; x_wconf 89' lang='lat' dir='ltr'><strong>opinio</strong></span> <span class='ocrx_word' id='word_1_623' title='bbox 1316 4616 1431 4654; x_wconf 90' lang='lat' dir='ltr'><strong>voce</strong></span> <span class='ocrx_word' id='word_1_624' title='bbox 1458 4599 1744 4670; x_wconf 86' lang='lat' dir='ltr'><strong>evangelica</strong></span> <span class='ocrx_word' id='word_1_625' title='bbox 1769 4598 2053 4655; x_wconf 77' lang='lat' dir='ltr'><strong>Saluatoris</strong></span> <span class='ocrx_word' id='word_1_626' title='bbox 2078 4598 2235 4669; x_wconf 84' lang='lat' dir='ltr'><strong>ipsius</strong></span> <span class='ocrx_word' id='word_1_627' title='bbox 2262 4598 2534 4668; x_wconf 79' lang='lat' dir='ltr'><strong>refutatur,</strong></span> <span class='ocrx_word' id='word_1_628' title='bbox 2564 4597 2653 4653; x_wconf 89' lang='lat' dir='ltr'><strong>ubi</strong></span> <span class='ocrx_word' id='word_1_629' title='bbox 2676 4600 2770 4665; x_wconf 90' lang='lat' dir='ltr'><strong>ait,</strong></span> <span class='ocrx_word' id='word_1_630' title='bbox 2795 4597 2930 4670; x_wconf 86' lang='lat' dir='ltr'><strong>quod</strong></span> <span class='ocrx_word' id='word_1_631' title='bbox 2946 4599 3053 4670; x_wconf 84' lang='lat' dir='ltr'><strong>ipse</strong></span> <span class='ocrx_word' id='word_1_632' title='bbox 3079 4598 3243 4653; x_wconf 83' lang='lat' dir='ltr'><strong>David</strong></span> <span class='ocrx_word' id='word_1_633' title='bbox 3268 4600 3324 4653; x_wconf 87' lang='lat' dir='ltr'><strong>in</strong></span> <span class='ocrx_word' id='word_1_634' title='bbox 3349 4600 3545 4669; x_wconf 83' lang='lat' dir='ltr'><strong>Spiritu</strong></span> <span class='ocrx_word' id='word_1_635' title='bbox 3573 4585 3727 4654; x_wconf 86' lang='lat' dir='ltr'><strong>Chri-</strong></span> 
     </span>
    </p>
   </div>
   <div class='ocr_carea' id='block_1_45' title="bbox 475 4670 3730 4765">
    <p class='ocr_par' dir='ltr' id='par_1_45' title="bbox 475 4670 3730 4765">
     <span class='ocr_line' id='line_1_47' title="bbox 475 4670 3730 4765; baseline 0.001 -18"><span class='ocrx_word' id='word_1_636' title='bbox 475 4670 607 4748; x_wconf 71' lang='lat' dir='ltr'><strong>stum</strong></span> <span class='ocrx_word' id='word_1_637' title='bbox 634 4670 813 4749; x_wconf 78' lang='lat' dir='ltr'><strong>dixerit</strong></span> <span class='ocrx_word' id='word_1_638' title='bbox 834 4712 939 4749; x_wconf 88' lang='lat' dir='ltr'><strong>esse</strong></span> <span class='ocrx_word' id='word_1_639' title='bbox 964 4711 1111 4750; x_wconf 88' lang='lat' dir='ltr'><strong>suum</strong></span> <span class='ocrx_word' id='word_1_640' title='bbox 1135 4670 1405 4748; x_wconf 88' lang='lat' dir='ltr'><strong>Dominum</strong></span> <span class='ocrx_word' id='word_1_641' title='bbox 1440 4689 1650 4765; x_wconf 72' lang='lat' dir='ltr'><strong>(Matth.</strong></span> <span class='ocrx_word' id='word_1_642' title='bbox 1681 4707 1813 4757; x_wconf 87' lang='lat' dir='ltr'><strong>xxu,</strong></span> <span class='ocrx_word' id='word_1_643' title='bbox 1837 4690 1929 4765; x_wconf 74' lang='grc'><strong>45)</strong></span> <span class='ocrx_word' id='word_1_644' title='bbox 1963 4708 1977 4745; x_wconf 94' lang='lat'><strong>:</strong></span> <span class='ocrx_word' id='word_1_645' title='bbox 2003 4692 2241 4763; x_wconf 90' lang='lat' dir='ltr'><strong>quoniam</strong></span> <span class='ocrx_word' id='word_1_646' title='bbox 2265 4689 2490 4763; x_wconf 87' lang='lat' dir='ltr'><strong>psalmus</strong></span> <span class='ocrx_word' id='word_1_647' title='bbox 2513 4691 2810 4747; x_wconf 86' lang='lat' dir='ltr'><strong>centesimus</strong></span> <span class='ocrx_word' id='word_1_648' title='bbox 2835 4708 2999 4746; x_wconf 88' lang='lat' dir='ltr'><strong>nonus</strong></span> <span class='ocrx_word' id='word_1_649' title='bbox 3022 4693 3095 4747; x_wconf 88' lang='lat' dir='ltr'><strong>sic</strong></span> <span class='ocrx_word' id='word_1_650' title='bbox 3122 4693 3299 4763; x_wconf 90' lang='lat' dir='ltr'><strong>incipit</strong></span> <span class='ocrx_word' id='word_1_651' title='bbox 3322 4708 3342 4749; x_wconf 90' lang='lat'><strong><em>:</em></strong></span> <span class='ocrx_word' id='word_1_652' title='bbox 3369 4692 3509 4748; x_wconf 91' lang='lat' dir='ltr'><strong>Dixit</strong></span> <span class='ocrx_word' id='word_1_653' title='bbox 3545 4694 3730 4749; x_wconf 87' lang='lat' dir='ltr'><strong>Domi-</strong></span> 
     </span>
    </p>
   </div>
   <div class='ocr_carea' id='block_1_46' title="bbox 479 4781 3727 4853">
    <p class='ocr_par' dir='ltr' id='par_1_46' title="bbox 479 4781 3727 4853">
     <span class='ocr_line' id='line_1_48' title="bbox 479 4781 3727 4853; baseline 0 -13"><span class='ocrx_word' id='word_1_654' title='bbox 479 4801 583 4840; x_wconf 88' lang='lat' dir='ltr'><strong>nus</strong></span> <span class='ocrx_word' id='word_1_655' title='bbox 604 4784 1001 4851; x_wconf 67' lang='lat' dir='ltr'><strong>Domino’meo,</strong></span> <span class='ocrx_word' id='word_1_656' title='bbox 1029 4784 1167 4842; x_wconf 89' lang='lat' dir='ltr'><strong>Sede</strong></span> <span class='ocrx_word' id='word_1_657' title='bbox 1195 4801 1223 4839; x_wconf 88' lang='lat' dir='ltr'><strong>a</strong></span> <span class='ocrx_word' id='word_1_658' title='bbox 1265 4783 1467 4839; x_wconf 89' lang='lat' dir='ltr'><strong>dextris</strong></span> <span class='ocrx_word' id='word_1_659' title='bbox 1494 4783 1649 4848; x_wconf 90' lang='lat' dir='ltr'><strong>meis,</strong></span> <span class='ocrx_word' id='word_1_660' title='bbox 1682 4781 1854 4837; x_wconf 88' lang='lat' dir='ltr'><strong>donec</strong></span> <span class='ocrx_word' id='word_1_661' title='bbox 1894 4798 2083 4851; x_wconf 92' lang='lat' dir='ltr'><strong>ponam</strong></span> <span class='ocrx_word' id='word_1_662' title='bbox 2120 4784 2364 4840; x_wconf 90' lang='lat' dir='ltr'><strong>inimicos</strong></span> <span class='ocrx_word' id='word_1_663' title='bbox 2394 4791 2512 4839; x_wconf 89' lang='lat' dir='ltr'><strong>tuos</strong></span> <span class='ocrx_word' id='word_1_664' title='bbox 2548 4783 2832 4838; x_wconf 88' lang='lat' dir='ltr'><strong>scabellum</strong></span> <span class='ocrx_word' id='word_1_665' title='bbox 2862 4784 3051 4853; x_wconf 91' lang='lat' dir='ltr'><strong>pedum</strong></span> <span class='ocrx_word' id='word_1_666' title='bbox 3086 4793 3316 4841; x_wconf 87' lang='lat' dir='ltr'><strong>tuorum.</strong></span> <span class='ocrx_word' id='word_1_667' title='bbox 3347 4784 3414 4840; x_wconf 84' lang='lat' dir='ltr'><strong>Et</strong></span> <span class='ocrx_word' id='word_1_668' title='bbox 3438 4798 3566 4840; x_wconf 87' lang='lat' dir='ltr'><strong>certe</strong></span> <span class='ocrx_word' id='word_1_669' title='bbox 3582 4786 3727 4843; x_wconf 76' lang='lat' dir='ltr'><strong>idem</strong></span> 
     </span>
    </p>
   </div>
   <div class='ocr_carea' id='block_1_47' title="bbox 479 4873 3724 4947">
    <p class='ocr_par' dir='ltr' id='par_1_47' title="bbox 479 4873 3724 4947">
     <span class='ocr_line' id='line_1_49' title="bbox 479 4873 3724 4947; baseline 0.001 -18"><span class='ocrx_word' id='word_1_670' title='bbox 479 4876 708 4945; x_wconf 87' lang='lat' dir='ltr'><strong>psalmus</strong></span> <span class='ocrx_word' id='word_1_671' title='bbox 733 4892 832 4930; x_wconf 88' lang='lat' dir='ltr'><strong>non</strong></span> <span class='ocrx_word' id='word_1_672' title='bbox 869 4874 1016 4930; x_wconf 84' lang='lat' dir='ltr'><strong>habet</strong></span> <span class='ocrx_word' id='word_1_673' title='bbox 1044 4877 1097 4930; x_wconf 90' lang='lat' dir='ltr'><strong>in</strong></span> <span class='ocrx_word' id='word_1_674' title='bbox 1124 4874 1291 4942; x_wconf 85' lang='lat' dir='ltr'><strong>titulo,</strong></span> <span class='ocrx_word' id='word_1_675' title='bbox 1323 4875 1490 4947; x_wconf 86' lang='lat' dir='ltr'><strong>Ipsius</strong></span> <span class='ocrx_word' id='word_1_676' title='bbox 1528 4873 1723 4939; x_wconf 83' lang='lat' dir='ltr'><strong>David;</strong></span> <span class='ocrx_word' id='word_1_677' title='bbox 1745 4873 1834 4928; x_wconf 88' lang='lat' dir='ltr'><strong>sed</strong></span> <span class='ocrx_word' id='word_1_678' title='bbox 1866 4874 1965 4943; x_wconf 86' lang='lat' dir='ltr'><strong>Ipsi</strong></span> <span class='ocrx_word' id='word_1_679' title='bbox 1994 4873 2176 4938; x_wconf 85' lang='lat' dir='ltr'><strong>David,</strong></span> <span class='ocrx_word' id='word_1_680' title='bbox 2207 4875 2336 4929; x_wconf 86' lang='lat' dir='ltr'><strong>sicut</strong></span> <span class='ocrx_word' id='word_1_681' title='bbox 2366 4874 2589 4944; x_wconf 89' lang='lat' dir='ltr'><strong>plurimi.</strong></span> <span class='ocrx_word' id='word_1_682' title='bbox 2622 4874 2751 4935; x_wconf 80' lang='lat' dir='ltr'><strong>Mihi</strong></span> <span class='ocrx_word' id='word_1_683' title='bbox 2776 4884 2942 4929; x_wconf 88' lang='lat' dir='ltr'><strong>autem</strong></span> <span class='ocrx_word' id='word_1_684' title='bbox 2971 4876 3260 4931; x_wconf 79' lang='lat' dir='ltr'><strong>credibilius</strong></span> <span class='ocrx_word' id='word_1_685' title='bbox 3288 4877 3514 4931; x_wconf 86' lang='lat' dir='ltr'><strong>videntur</strong></span> <span class='ocrx_word' id='word_1_686' title='bbox 3547 4878 3724 4932; x_wconf 71' lang='lat' dir='ltr'><strong>existi-</strong></span> 
     </span>
    </p>
   </div>
   <div class='ocr_carea' id='block_1_48' title="bbox 479 4964 3732 5041">
    <p class='ocr_par' dir='ltr' id='par_1_48' title="bbox 479 4964 3732 5041">
     <span class='ocr_line' id='line_1_50' title="bbox 479 4964 3732 5041; baseline 0.001 -20"><span class='ocrx_word' id='word_1_687' title='bbox 479 4984 640 5034; x_wconf 83' lang='lat' dir='ltr'><strong>mare,</strong></span> <span class='ocrx_word' id='word_1_688' title='bbox 671 4968 755 5036; x_wconf 88' lang='lat' dir='ltr'><strong>qui</strong></span> <span class='ocrx_word' id='word_1_689' title='bbox 780 4983 950 5022; x_wconf 87' lang='lat' dir='ltr'><strong>omnes</strong></span> <span class='ocrx_word' id='word_1_690' title='bbox 975 4968 1089 5022; x_wconf 87' lang='lat' dir='ltr'><strong>illos</strong></span> <span class='ocrx_word' id='word_1_691' title='bbox 1108 4977 1306 5022; x_wconf 88' lang='lat' dir='ltr'><strong>centum</strong></span> <span class='ocrx_word' id='word_1_692' title='bbox 1331 4967 1695 5041; x_wconf 87' lang='lat' dir='ltr'><strong>quinquaginta</strong></span> <span class='ocrx_word' id='word_1_693' title='bbox 1716 4964 1952 5021; x_wconf 88' lang='lat' dir='ltr'><strong>Psalmos</strong></span> <span class='ocrx_word' id='word_1_694' title='bbox 1979 4967 2088 5037; x_wconf 82' lang='lat' dir='ltr'><strong>ejus</strong></span> <span class='ocrx_word' id='word_1_695' title='bbox 2110 4967 2251 5035; x_wconf 88' lang='lat' dir='ltr'><strong>operi</strong></span> <span class='ocrx_word' id='word_1_696' title='bbox 2278 4966 2523 5032; x_wconf 83' lang='lat' dir='ltr'><strong>tribuunt,</strong></span> <span class='ocrx_word' id='word_1_697' title='bbox 2551 4981 2760 5037; x_wconf 88' lang='lat' dir='ltr'><strong>eumque</strong></span> <span class='ocrx_word' id='word_1_698' title='bbox 2784 4967 2978 5036; x_wconf 87' lang='lat' dir='ltr'><strong>aliquos</strong></span> <span class='ocrx_word' id='word_1_699' title='bbox 3004 4978 3307 5037; x_wconf 66' lang='lat' dir='ltr'><strong>pramotasse</strong></span> <span class='ocrx_word' id='word_1_700' title='bbox 3329 4970 3481 5023; x_wconf 89' lang='lat' dir='ltr'><strong>etiam</strong></span> <span class='ocrx_word' id='word_1_701' title='bbox 3515 4971 3732 5024; x_wconf 85' lang='lat' dir='ltr'><strong>nomini-</strong></span> 
     </span>
    </p>
   </div>
   <div class='ocr_carea' id='block_1_49' title="bbox 480 5056 3737 5130">
    <p class='ocr_par' dir='ltr' id='par_1_49' title="bbox 480 5056 3737 5130">
     <span class='ocr_line' id='line_1_51' title="bbox 480 5056 3737 5130; baseline 0.001 -18"><span class='ocrx_word' id='word_1_702' title='bbox 480 5060 572 5114; x_wconf 90' lang='lat' dir='ltr'><strong>bus</strong></span> <span class='ocrx_word' id='word_1_703' title='bbox 595 5059 832 5122; x_wconf 87' lang='lat' dir='ltr'><strong>aliorum,</strong></span> <span class='ocrx_word' id='word_1_704' title='bbox 857 5057 1050 5129; x_wconf 86' lang='lat' dir='ltr'><strong>aliquid</strong></span> <span class='ocrx_word' id='word_1_705' title='bbox 1073 5059 1206 5128; x_wconf 87' lang='lat' dir='ltr'><strong>quod</strong></span> <span class='ocrx_word' id='word_1_706' title='bbox 1237 5059 1304 5112; x_wconf 88' lang='lat' dir='ltr'><strong>ad</strong></span> <span class='ocrx_word' id='word_1_707' title='bbox 1338 5076 1443 5113; x_wconf 88' lang='lat' dir='ltr'><strong>rem</strong></span> <span class='ocrx_word' id='word_1_708' title='bbox 1477 5060 1717 5128; x_wconf 85' lang='lat' dir='ltr'><strong>pertineat</strong></span> <span class='ocrx_word' id='word_1_709' title='bbox 1741 5057 2073 5130; x_wconf 78' lang='lat' dir='ltr'><strong>ﬁgurantibus</strong></span> <span class='ocrx_word' id='word_1_710' title='bbox 2093 5071 2113 5111; x_wconf 89' lang='lat'><strong><em>:</em></strong></span> <span class='ocrx_word' id='word_1_711' title='bbox 2137 5065 2341 5110; x_wconf 80' lang='lat' dir='ltr'><strong>ctetems</strong></span> <span class='ocrx_word' id='word_1_712' title='bbox 2382 5066 2551 5113; x_wconf 89' lang='lat' dir='ltr'><strong>autem</strong></span> <span class='ocrx_word' id='word_1_713' title='bbox 2578 5056 2774 5112; x_wconf 88' lang='lat' dir='ltr'><strong>nullius</strong></span> <span class='ocrx_word' id='word_1_714' title='bbox 2801 5057 3017 5112; x_wconf 86' lang='lat' dir='ltr'><strong>hominis</strong></span> <span class='ocrx_word' id='word_1_715' title='bbox 3056 5076 3237 5114; x_wconf 86' lang='lat' dir='ltr'><strong>nomen</strong></span> <span class='ocrx_word' id='word_1_716' title='bbox 3270 5061 3324 5114; x_wconf 90' lang='lat' dir='ltr'><strong>in</strong></span> <span class='ocrx_word' id='word_1_717' title='bbox 3359 5060 3516 5115; x_wconf 83' lang='lat' dir='ltr'><strong>titulis</strong></span> <span class='ocrx_word' id='word_1_718' title='bbox 3552 5060 3737 5115; x_wconf 77' lang='lat' dir='ltr'><strong>habere</strong></span> 
     </span>
    </p>
   </div>
   <div class='ocr_carea' id='block_1_50' title="bbox 481 5147 3735 5223">
    <p class='ocr_par' dir='ltr' id='par_1_50' title="bbox 481 5147 3735 5223">
     <span class='ocr_line' id='line_1_52' title="bbox 481 5147 3735 5223; baseline 0.001 -19"><span class='ocrx_word' id='word_1_719' title='bbox 481 5150 739 5215; x_wconf 85' lang='lat' dir='ltr'><strong>voluisse;</strong></span> <span class='ocrx_word' id='word_1_720' title='bbox 762 5150 891 5204; x_wconf 90' lang='lat' dir='ltr'><strong>sicut</strong></span> <span class='ocrx_word' id='word_1_721' title='bbox 916 5150 961 5203; x_wconf 90' lang='lat' dir='ltr'><strong>ei</strong></span> <span class='ocrx_word' id='word_1_722' title='bbox 996 5148 1249 5203; x_wconf 82' lang='lat' dir='ltr'><strong>varietatis</strong></span> <span class='ocrx_word' id='word_1_723' title='bbox 1275 5148 1425 5219; x_wconf 85' lang='lat' dir='ltr'><strong>hujus</strong></span> <span class='ocrx_word' id='word_1_724' title='bbox 1454 5150 1850 5222; x_wconf 86' lang='lat' dir='ltr'><strong>dispositionem,</strong></span> <span class='ocrx_word' id='word_1_725' title='bbox 1872 5148 2096 5219; x_wconf 86' lang='lat' dir='ltr'><strong>quamvis</strong></span> <span class='ocrx_word' id='word_1_726' title='bbox 2117 5147 2435 5213; x_wconf 81' lang='lat' dir='ltr'><strong>latebrosum,</strong></span> <span class='ocrx_word' id='word_1_727' title='bbox 2468 5165 2569 5203; x_wconf 88' lang='lat' dir='ltr'><strong>non</strong></span> <span class='ocrx_word' id='word_1_728' title='bbox 2598 5158 2761 5204; x_wconf 87' lang='lat' dir='ltr'><strong>tamen</strong></span> <span class='ocrx_word' id='word_1_729' title='bbox 2788 5150 3008 5215; x_wconf 81' lang='lat' dir='ltr'><strong>inanem,</strong></span> <span class='ocrx_word' id='word_1_730' title='bbox 3042 5151 3286 5207; x_wconf 87' lang='lat' dir='ltr'><strong>Dominus</strong></span> <span class='ocrx_word' id='word_1_731' title='bbox 3304 5148 3586 5223; x_wconf 77' lang='lat' dir='ltr'><strong>inspiravit.</strong></span> <span class='ocrx_word' id='word_1_732' title='bbox 3620 5152 3675 5207; x_wconf 84' lang='grc' dir='ltr'><strong><em>Ν</em></strong></span> <span class='ocrx_word' id='word_1_733' title='bbox 3678 5171 3735 5208; x_wconf 89' lang='lat' dir='ltr'><strong>ec</strong></span> 
     </span>
    </p>
   </div>
   <div class='ocr_carea' id='block_1_51' title="bbox 483 5239 3731 5318">
    <p class='ocr_par' dir='ltr' id='par_1_51' title="bbox 483 5239 3731 5318">
     <span class='ocr_line' id='line_1_53' title="bbox 483 5239 3731 5318; baseline 0.001 -20"><span class='ocrx_word' id='word_1_734' title='bbox 483 5260 678 5298; x_wconf 72' lang='lat' dir='ltr'><strong>nnavere</strong></span> <span class='ocrx_word' id='word_1_735' title='bbox 697 5244 838 5298; x_wconf 85' lang='lat' dir='ltr'><strong>debet</strong></span> <span class='ocrx_word' id='word_1_736' title='bbox 865 5242 933 5296; x_wconf 89' lang='lat' dir='ltr'><strong>ad</strong></span> <span class='ocrx_word' id='word_1_737' title='bbox 952 5242 1047 5296; x_wconf 85' lang='lat' dir='ltr'><strong>hoc</strong></span> <span class='ocrx_word' id='word_1_738' title='bbox 1070 5257 1170 5295; x_wconf 88' lang='lat' dir='ltr'><strong>non</strong></span> <span class='ocrx_word' id='word_1_739' title='bbox 1196 5240 1520 5308; x_wconf 86' lang='lat' dir='ltr'><strong>credendum,</strong></span> <span class='ocrx_word' id='word_1_740' title='bbox 1545 5241 1679 5312; x_wconf 88' lang='lat' dir='ltr'><strong>quod</strong></span> <span class='ocrx_word' id='word_1_741' title='bbox 1707 5242 2063 5296; x_wconf 87' lang='lat' dir='ltr'><strong>nonnullorum</strong></span> <span class='ocrx_word' id='word_1_742' title='bbox 2090 5241 2296 5295; x_wconf 87' lang='lat' dir='ltr'><strong>nomina</strong></span> <span class='ocrx_word' id='word_1_743' title='bbox 2323 5239 2712 5310; x_wconf 83' lang='lat' dir='ltr'><strong>Prophetarum,</strong></span> <span class='ocrx_word' id='word_1_744' title='bbox 2737 5242 2824 5312; x_wconf 89' lang='lat' dir='ltr'><strong>qui</strong></span> <span class='ocrx_word' id='word_1_745' title='bbox 2844 5240 2991 5315; x_wconf 84' lang='lat' dir='ltr'><strong>longe</strong></span> <span class='ocrx_word' id='word_1_746' title='bbox 3017 5254 3129 5313; x_wconf 92' lang='lat' dir='ltr'><strong>post</strong></span> <span class='ocrx_word' id='word_1_747' title='bbox 3152 5244 3319 5299; x_wconf 87' lang='lat' dir='ltr'><strong>David</strong></span> <span class='ocrx_word' id='word_1_748' title='bbox 3339 5246 3470 5318; x_wconf 84' lang='lat' dir='ltr'><strong>regis</strong></span> <span class='ocrx_word' id='word_1_749' title='bbox 3497 5255 3731 5316; x_wconf 85' lang='lat' dir='ltr'><strong>tempora</strong></span> 
     </span>
    </p>
   </div>
   <div class='ocr_carea' id='block_1_52' title="bbox 487 5332 3736 5409">
    <p class='ocr_par' dir='ltr' id='par_1_52' title="bbox 487 5332 3736 5409">
     <span class='ocr_line' id='line_1_54' title="bbox 487 5332 3736 5409; baseline 0.001 -18"><span class='ocrx_word' id='word_1_750' title='bbox 487 5338 705 5409; x_wconf 71' lang='lat' dir='ltr'><strong>filerunt,</strong></span> <span class='ocrx_word' id='word_1_751' title='bbox 735 5336 1032 5404; x_wconf 87' lang='lat' dir='ltr'><strong>quibusdam</strong></span> <span class='ocrx_word' id='word_1_752' title='bbox 1060 5334 1267 5405; x_wconf 86' lang='lat' dir='ltr'><strong>psalmis</strong></span> <span class='ocrx_word' id='word_1_753' title='bbox 1290 5332 1344 5387; x_wconf 88' lang='lat' dir='ltr'><strong>in</strong></span> <span class='ocrx_word' id='word_1_754' title='bbox 1381 5348 1442 5386; x_wconf 88' lang='lat' dir='ltr'><strong>eo</strong></span> <span class='ocrx_word' id='word_1_755' title='bbox 1474 5332 1601 5403; x_wconf 80' lang='lat' dir='ltr'><strong>libro</strong></span> <span class='ocrx_word' id='word_1_756' title='bbox 1620 5334 1855 5402; x_wconf 86' lang='lat' dir='ltr'><strong>leguntur</strong></span> <span class='ocrx_word' id='word_1_757' title='bbox 1881 5333 2143 5404; x_wconf 88' lang='lat' dir='ltr'><strong>inscripta,</strong></span> <span class='ocrx_word' id='word_1_758' title='bbox 2186 5340 2234 5386; x_wconf 87' lang='lat' dir='ltr'><strong>et</strong></span> <span class='ocrx_word' id='word_1_759' title='bbox 2255 5348 2366 5403; x_wconf 73' lang='lat' dir='ltr'><strong>quae</strong></span> <span class='ocrx_word' id='word_1_760' title='bbox 2389 5333 2458 5387; x_wconf 89' lang='lat' dir='ltr'><strong>ibi</strong></span> <span class='ocrx_word' id='word_1_761' title='bbox 2487 5333 2741 5397; x_wconf 89' lang='lat' dir='ltr'><strong>dicuntur,</strong></span> <span class='ocrx_word' id='word_1_762' title='bbox 2768 5334 2901 5389; x_wconf 86' lang='lat' dir='ltr'><strong>velut</strong></span> <span class='ocrx_word' id='word_1_763' title='bbox 2935 5334 2997 5388; x_wconf 80' lang='lat' dir='ltr'><strong>ab</strong></span> <span class='ocrx_word' id='word_1_764' title='bbox 3037 5336 3110 5389; x_wconf 90' lang='lat' dir='ltr'><strong>eis</strong></span> <span class='ocrx_word' id='word_1_765' title='bbox 3142 5336 3242 5390; x_wconf 88' lang='lat' dir='ltr'><strong>dici</strong></span> <span class='ocrx_word' id='word_1_766' title='bbox 3265 5337 3513 5393; x_wconf 88' lang='lat' dir='ltr'><strong>videntur.</strong></span> <span class='ocrx_word' id='word_1_767' title='bbox 3554 5335 3736 5407; x_wconf 80' lang='lat' dir='ltr'><strong>Neque</strong></span> 
     </span>
    </p>
   </div>
   <div class='ocr_carea' id='block_1_53' title="bbox 485 5423 3733 5500">
    <p class='ocr_par' dir='ltr' id='par_1_53' title="bbox 485 5423 3733 5500">
     <span class='ocr_line' id='line_1_55' title="bbox 485 5423 3733 5500; baseline 0 -16"><span class='ocrx_word' id='word_1_768' title='bbox 485 5432 617 5484; x_wconf 88' lang='lat' dir='ltr'><strong>enim</strong></span> <span class='ocrx_word' id='word_1_769' title='bbox 637 5445 734 5482; x_wconf 90' lang='lat' dir='ltr'><strong>non</strong></span> <span class='ocrx_word' id='word_1_770' title='bbox 760 5429 923 5499; x_wconf 84' lang='lat' dir='ltr'><strong>potuit</strong></span> <span class='ocrx_word' id='word_1_771' title='bbox 944 5426 1261 5498; x_wconf 87' lang='lat' dir='ltr'><strong>propheticus</strong></span> <span class='ocrx_word' id='word_1_772' title='bbox 1286 5425 1509 5494; x_wconf 87' lang='lat' dir='ltr'><strong>Spiritus</strong></span> <span class='ocrx_word' id='word_1_773' title='bbox 1530 5426 1847 5495; x_wconf 88' lang='lat' dir='ltr'><strong>prophetanti</strong></span> <span class='ocrx_word' id='word_1_774' title='bbox 1871 5425 1976 5495; x_wconf 90' lang='lat' dir='ltr'><strong>regi</strong></span> <span class='ocrx_word' id='word_1_775' title='bbox 1998 5423 2161 5479; x_wconf 86' lang='lat' dir='ltr'><strong>David</strong></span> <span class='ocrx_word' id='word_1_776' title='bbox 2180 5426 2286 5480; x_wconf 73' lang='lat' dir='ltr'><strong>hwc</strong></span> <span class='ocrx_word' id='word_1_777' title='bbox 2305 5426 2455 5480; x_wconf 87' lang='lat' dir='ltr'><strong>etiam</strong></span> <span class='ocrx_word' id='word_1_778' title='bbox 2475 5430 2763 5498; x_wconf 78' lang='lat' dir='ltr'><strong>futurorum</strong></span> <span class='ocrx_word' id='word_1_779' title='bbox 2785 5425 3159 5500; x_wconf 85' lang='lat' dir='ltr'><strong>Prophetarum</strong></span> <span class='ocrx_word' id='word_1_780' title='bbox 3181 5431 3389 5483; x_wconf 86' lang='lat' dir='ltr'><strong>nomina</strong></span> <span class='ocrx_word' id='word_1_781' title='bbox 3414 5431 3650 5499; x_wconf 80' lang='lat' dir='ltr'><strong>revelare,</strong></span> <span class='ocrx_word' id='word_1_782' title='bbox 3678 5446 3733 5485; x_wconf 86' lang='lat' dir='ltr'><strong>ut</strong></span> 
     </span>
    </p>
   </div>
   <div class='ocr_carea' id='block_1_54' title="bbox 484 5515 3733 5593">
    <p class='ocr_par' dir='ltr' id='par_1_54' title="bbox 484 5515 3733 5593">
     <span class='ocr_line' id='line_1_56' title="bbox 484 5515 3733 5593; baseline 0 -15"><span class='ocrx_word' id='word_1_783' title='bbox 484 5524 677 5587; x_wconf 82' lang='lat' dir='ltr'><strong>aliquid</strong></span> <span class='ocrx_word' id='word_1_784' title='bbox 702 5523 832 5593; x_wconf 84' lang='lat' dir='ltr'><strong>quod</strong></span> <span class='ocrx_word' id='word_1_785' title='bbox 852 5538 1025 5576; x_wconf 88' lang='lat' dir='ltr'><strong>eorum</strong></span> <span class='ocrx_word' id='word_1_786' title='bbox 1054 5535 1279 5590; x_wconf 73' lang='lat' dir='ltr'><strong>persona:</strong></span> <span class='ocrx_word' id='word_1_787' title='bbox 1306 5519 1606 5584; x_wconf 87' lang='lat' dir='ltr'><strong>conveniret,</strong></span> <span class='ocrx_word' id='word_1_788' title='bbox 1631 5515 1916 5587; x_wconf 77' lang='lat' dir='ltr'><strong>prophetiae</strong></span> <span class='ocrx_word' id='word_1_789' title='bbox 1939 5527 2224 5574; x_wconf 76' lang='lat' dir='ltr'><strong>conteretur</strong></span> <span class='ocrx_word' id='word_1_790' title='bbox 2251 5534 2270 5573; x_wconf 91' lang='lat'><strong><em>:</em></strong></span> <span class='ocrx_word' id='word_1_791' title='bbox 2289 5517 2416 5573; x_wconf 89' lang='lat' dir='ltr'><strong>sicut</strong></span> <span class='ocrx_word' id='word_1_792' title='bbox 2440 5536 2532 5574; x_wconf 71' lang='lat' dir='ltr'><strong>res;</strong></span> <span class='ocrx_word' id='word_1_793' title='bbox 2556 5519 2726 5574; x_wconf 78' lang='lat' dir='ltr'><strong>losias</strong></span> <span class='ocrx_word' id='word_1_794' title='bbox 2753 5531 3017 5576; x_wconf 66' lang='lat' dir='ltr'><strong>exorturus</strong></span> <span class='ocrx_word' id='word_1_795' title='bbox 3043 5531 3092 5576; x_wconf 90' lang='lat' dir='ltr'><strong>et</strong></span> <span class='ocrx_word' id='word_1_796' title='bbox 3110 5532 3407 5592; x_wconf 87' lang='lat' dir='ltr'><strong>regnaturus</strong></span> <span class='ocrx_word' id='word_1_797' title='bbox 3439 5534 3549 5593; x_wconf 85' lang='lat' dir='ltr'><strong>post</strong></span> <span class='ocrx_word' id='word_1_798' title='bbox 3571 5540 3733 5579; x_wconf 87' lang='lat' dir='ltr'><strong>annos</strong></span> 
     </span>
    </p>
   </div>
   <div class='ocr_carea' id='block_1_55' title="bbox 487 5600 3601 5694">
    <p class='ocr_par' dir='ltr' id='par_1_55' title="bbox 487 5600 3601 5694">
     <span class='ocr_line' id='line_1_57' title="bbox 487 5600 3601 5694; baseline 0 -23"><span class='ocrx_word' id='word_1_799' title='bbox 487 5619 707 5691; x_wconf 81' lang='lat' dir='ltr'><strong>amplius</strong></span> <span class='ocrx_word' id='word_1_800' title='bbox 728 5633 878 5690; x_wconf 88' lang='lat' dir='ltr'><strong>quam</strong></span> <span class='ocrx_word' id='word_1_801' title='bbox 902 5624 1163 5683; x_wconf 80' lang='lat' dir='ltr'><strong>trecentos,</strong></span> <span class='ocrx_word' id='word_1_802' title='bbox 1188 5613 1386 5667; x_wconf 88' lang='lat' dir='ltr'><strong>cuidam</strong></span> <span class='ocrx_word' id='word_1_803' title='bbox 1411 5605 1688 5694; x_wconf 66' lang='lat' dir='ltr'><strong>prophetae,</strong></span> <span class='ocrx_word' id='word_1_804' title='bbox 1716 5608 1803 5680; x_wconf 90' lang='lat' dir='ltr'><strong>qui</strong></span> <span class='ocrx_word' id='word_1_805' title='bbox 1824 5600 1973 5692; x_wconf 85' lang='lat' dir='ltr'><strong>etiam</strong></span> <span class='ocrx_word' id='word_1_806' title='bbox 1990 5610 2126 5682; x_wconf 77' lang='lat' dir='ltr'><strong>facta</strong></span> <span class='ocrx_word' id='word_1_807' title='bbox 2147 5612 2257 5685; x_wconf 82' lang='lat' dir='ltr'><strong>ejus</strong></span> <span class='ocrx_word' id='word_1_808' title='bbox 2280 5613 2453 5685; x_wconf 74' lang='lat' dir='ltr'><strong>futura</strong></span> <span class='ocrx_word' id='word_1_809' title='bbox 2473 5612 2728 5685; x_wconf 75' lang='lat' dir='ltr'><strong>prtedixit,</strong></span> <span class='ocrx_word' id='word_1_810' title='bbox 2755 5631 2870 5671; x_wconf 78' lang='lat' dir='ltr'><strong>cum</strong></span> <span class='ocrx_word' id='word_1_811' title='bbox 2895 5633 2987 5673; x_wconf 89' lang='lat' dir='ltr'><strong>suo</strong></span> <span class='ocrx_word' id='word_1_812' title='bbox 3013 5616 3210 5672; x_wconf 87' lang='lat' dir='ltr'><strong>nomine</strong></span> <span class='ocrx_word' id='word_1_813' title='bbox 3233 5617 3481 5673; x_wconf 83' lang='lat' dir='ltr'><strong>revelatus</strong></span> <span class='ocrx_word' id='word_1_814' title='bbox 3508 5631 3601 5674; x_wconf 79' lang='lat' dir='ltr'><strong>est.</strong></span> 
     </span>
    </p>
   </div>
   <div class='ocr_carea' id='block_1_56' title="bbox 3398 5766 3437 5807">
    <p class='ocr_par' dir='ltr' id='par_1_56' title="bbox 3398 5766 3437 5807">
     <span class='ocr_line' id='line_1_58' title="bbox 3398 5766 3437 5807; baseline 0 -12"><span class='ocrx_word' id='word_1_815' title='bbox 3398 5766 3437 5807; x_wconf 59' lang='grc' dir='ltr'>φ</span> 
     </span>
    </p>
   </div>
  </div>
