4046 6200
361 339 434 395 25
1514 339 1876 394 VARIANTIA
1917 339 1980 394 IN
2021 338 2428 398 PSALTERIIS.
3513 351 3586 405 26
3618 289 3638 310 χ

430 453 528 507 rati
548 463 662 508 sunt
687 455 912 524 porcina.
939 454 1002 508 G.
1026 454 1252 508 Satnroti
1269 463 1383 507 sunt
1402 452 1572 506 suilla.
1593 452 1641 506 Μ
1686 453 1912 524 Saturati

333 555 338 560 -
429 534 542 576 sunt
563 524 657 591 ﬁlii
680 520 868 577 eorum.
897 525 1160 578 Diversam
1184 524 1662 592 interpretationem
1685 539 1746 576 ex
1771 520 1918 576 Grie-

429 607 494 647 co
535 595 775 648 evenisse
821 604 964 647 notat
1002 594 1374 661 Augustinus,_
1397 607 1514 646 cum
1547 595 1596 645 in
1627 593 1742 644 aliis
1771 593 1916 646 libris

431 673 570 732 esset
597 667 706 716 υἱῶν
735 663 854 732 ﬁliis
880 679 898 717 :
929 664 976 716 in
1004 655 1118 716 alii's
1150 668 1278 716 ὒείων
1307 655 1543 731 ρόιτὶηα,
1576 665 1648 716 uti
1678 663 1832 716 hodie
1860 663 1915 716 in

430 731 521 788 Gr.
550 731 757 802 legitur.
793 734 946 787 Hebr.
976 732 1150 793 habet,
1184 734 1320 799 ﬁliis.

376 803 410 872 7
433 841 446 854 .
463 803 554 873 15.
584 800 636 855 in
656 805 854 873 justitia
878 802 1124 871 apparebo
1148 802 1428 870 conspectui
1453 810 1555 853 tuo.
1580 802 1641 855 R.
1672 800 1822 856 Rom.
1840 801 1912 858 Μ.

429 872 494 928 (ἶ.
520 873 583 944 G.
613 872 726 944 cum
744 874 939 940 justitia
964 873 1212 944 apparebo
1239 875 1292 944 in
1318 881 1576 944 conspectu
1601 883 1702 944 tuo.

359 942 489 998 Item
534 943 568 1011 7
593 981 605 994 .
631 943 715 996 15.
755 959 867 995 cum
905 940 1211 1012 apparuerit.
1241 943 1302 994 Α.
1334 941 1394 993 R.
1434 940 1582 994 Rom.
1612 940 1672 994 G.
1705 942 1766 996 C.
1794 941 1912 994 dum

430 1012 842 1081 ntanifestabitur.
873 1012 940 1065 Μ.
975 1013 1091 1064 dum
1117 1012 1508 1080 manifestabitur
1527 1012 1666 1064 mihi.

925 1098 996 1136 EX
1021 1097 1218 1135 PSALIIO
1243 1097 1364 1134 Χγιι.

377 1152 409 1218 7
433 1191 446 1204 .
483 1152 528 1205 I.
555 1152 640 1216 qui
679 1152 873 1205 loculus
901 1163 990 1204 est.
1027 1156 1088 1204 A.
1132 1152 1282 1203 Rom.
1323 1151 1386 1203 G.
1418 1149 1476 1203 C.
1506 1149 1655 1218 juxta
1683 1149 1774 1206 Gr.
1803 1167 1914 1218 qua:

431 1212 618 1273 locutus
637 1229 726 1273 est.
761 1223 825 1274 Et
853 1237 929 1275 διο
958 1222 1160 1289 vulgata
1185 1221 1235 1273 in
1259 1221 1381 1273 Car.
1413 1212 1535 1274 Ger.

379 1291 408 1359 7
433 1329 447 1342 .
479 1292 529 1344 5.
559 1302 603 1343 et
629 1301 881 1358 susceptor
904 1288 1062 1343 meus.
1082 1291 1142 1342 R.
1179 1291 1326 1343 Rom.
1347 1291 1409 1343 G.
1435 1290 1493 1344 C.
1516 1288 1719 1356 adjutor
1743 1306 1912 1343 meus:

430 1362 623 1413 omisso
651 1371 716 1414 et.
749 1364 808 1412 Α.
832 1370 877 1413 et
907 1363 1184 1424 redemptor
1209 1377 1362 1411 meus.

376 1431 446 1499 7.
493 1433 545 1485 5.
597 1430 792 1484 dolores
837 1432 1026 1483 mortis.
1069 1430 1134 1482 R.
1186 1431 1334 1482 Rom.
1385 1429 1453 1482 Μ.
1496 1428 1560 1484 G.
1605 1429 1664 1482 (ὲ.
1704 1429 1912 1498 gemitus

430 1501 617 1553 mortis.

375 1570 409 1639 7
433 1609 444 1620 .
477 1572 528 1624 6.
551 1578 1010 1638 praeoccupaverunt
1031 1585 1124 1621 me.
1155 1570 1218 1622 A.
1248 1567 1310 1620 R.
1332 1568 1482 1622 Rom.
1507 1567 1575 1621 Μ.
1599 1569 1664 1622 G.
1694 1567 1753 1620 C.
1781 1583 1911 1639 pra:-

429 1649 655 1692 venerunt
681 1656 776 1692 me.
807 1639 897 1694 Gr.
932 1645 1214 1710 προέφθασάν
1241 1661 1318 1707 με,
1345 1647 1398 1692 ut
1435 1652 1616 1692 rursus
1645 1647 1821 1708 postea
1853 1638 1907 1692 in

373 1781 408 1848 7
433 1711 762 1834 ,ἐπὶν-δίε.
791 1780 854 1832 Α.
881 1778 946 1832 R.
977 1778 1133 1832 Rom.
1161 1777 1229 1831 Μ.
1258 1775 1322 1832 G.
1353 1777 1643 1831 exardescit.
1671 1777 1732 1831 C.
1765 1793 1909 1830 exar-

426 1852 602 1901 descet.

372 1920 406 1989 7
431 1958 445 1972 .
477 1920 555 1973 I5.
575 1920 639 1978 .in
662 1926 922 1987 conspectu
952 1919 1058 1988 ejus
1093 1916 1242 1970 nubes
1267 1919 1584 1971 transierunt.
1614 1917 1678 1969 A.
1708 1917 1760 1969 in
1785 1933 1906 1970 con-

425 1999 593 2055 spectu
620 1991 726 2059 ejus
753 1989 902 2040 nubes
926 1989 1081 2059 ipsius
1103 1990 1418 2059 transierunt.

366 2060 404 2129 7
430 2099 444 2110 .
474 2061 558 2113 14.
586 2055 777 2128 grando
801 2067 846 2110 et
864 2058 1106 2129 carbones
1135 2058 1280 2129 ignis.
1323 2059 1507 2111 Isthmo
1535 2056 1694 2129 verba
1720 2055 1911 2110 absunt

427 2129 526 2182 hoc
546 2125 660 2182 loco
683 2129 748 2180 ab
778 2129 840 2180 A.
863 2127 926 2180 R.
954 2128 1109 2181 Rom.
1139 2127 1204 2179 M.
1239 2128 1300 2181 G.
1326 2129 1386 2180 (Σ.
1411 2137 1462 2180 et
1491 2144 1516 2178 a
1547 2125 1637 2181 Gr.

369 2200 402 2269 7
428 2237 442 2251 .
471 2199 556 2252 18.
584 2197 847 2269 confortati
864 2208 997 2251 sunt.
1027 2198 1092 2252 G.
1124 2199 1402 2265 conﬁrmati
1425 2206 1553 2250 sunt.
1581 2196 1672 2250 Gr.
1698 2201 1913 2268 ἐστερεώ-

424 2278 584 2329 θησαν.

369 2339 403 2406 7
430 2377 442 2390 .
475 2339 559 2394 19.
588 2347 831 2408 protector
858 2354 1013 2390 meus.
1039 2338 1100 2390 A.
1135 2336 1500 2405 ﬁrmamentum
1524 2351 1704 2389 meum.
1740 2337 1801 2390 Et
1825 2336 1903 2390 sic

428 2407 594 2462 Hebr.
611 2407 703 2462 Gr.
728 2411 1066 2477 ἀντιστήριγμά
1089 2431 1197 2477 μῶυ.

368 2481 404 2548 7
428 2519 441 2532 .
483 2480 572 2532 20.
603 2477 793 2531 salvum
820 2494 895 2530 me
923 2476 1058 2546 fecit.
1087 2476 1150 2530 G.
1177 2477 1239 2530 C.
1278 2476 1469 2529 salvum
1511 2493 1589 2530 me
1625 2477 1791 2547 faciet.
1811 2477 1904 2531 (Ir.

428 2559 609 2610 essent
634 2571 709 2610 με.

356 2603 482 2672 Ιιιέιιι
526 2619 556 2686 7
580 2657 594 2668 .
615 2603 703 2672 ΞΟ.
730 2625 846 2686 post
869 2617 1101 2684 quoniam
1127 2615 1276 2686 voluit
1297 2631 1392 2686 me,
1424 2615 1632 2670 additur
1651 2617 1702 2669 in
1723 2615 1905 2670 codice

423 2685 632 2758 quidem
671 2685 746 2758 G.
767 2686 1010 2758 Liberavit
1045 2701 1122 2737 me
1155 2685 1215 2737 de
1240 2685 1453 2758 inimicis
1478 2689 1600 2758 meis
1626 2687 1907 2753 potentissi-

426 2754 520 2826 mis
554 2769 598 2809 et
631 2758 692 2809 ab
729 2757 805 2809 liis
839 2757 924 2826 qui
947 2766 1154 2807 onerant
1177 2771 1254 2807 me
1277 2754 1536 2826 gratis.lu
1562 2755 1702 2808 libro
1727 2765 1902 2826 autem

425 2825 485 2882 C.
519 2827 582 2880 Et
611 2828 787 2894 eripuit
807 2824 884 2878 me
903 2826 961 2877 de
981 2827 1190 2877 inimicis
1217 2825 1334 2877 meis
1356 2825 1651 2891 fortissimis,
1684 2834 1726 2876 et
1752 2824 1906 2876 abhis

423 2899 507 2965 qui
532 2897 736 2949 oderunt
759 2913 848 2948 me.
881 2895 1059 2965 Simile
1086 2894 1494 2965 additamentum
1515 2894 1764 2965 IIRINIISSC
1791 2908 1908 2947 cre-

424 2963 518 3022 das
547 2968 850 3020 Psalterium
875 2969 936 3018 Α.
969 2964 1095 3019 Vide
1123 2964 1274 3022 infra.
1304 2965 1406 3018 col.
1435 2964 1556 3026 150,
1580 2981 1632 3016 n.
1653 2963 1742 3018 ‘20.

370 3038 441 3110 7.
468 3038 554 3092 25.
592 3039 643 3089 in
686 3045 944 3104 conspectu
985 3050 1110 3088 meo.
1149 3034 1212 3088 R.
1244 3033 1399 3087 Rom.
1439 3034 1505 3087 M.
1556 3035 1606 3087 in
1644 3041 1907 3103 conspectu

427 3125 535 3162 meo
560 3117 674 3160 sunt
699 3121 907 3174 semper.

353 3179 482 3235 Item
521 3178 589 3246 7.
615 3176 703 3231 ‘25.
737 3172 1019 3246 etjustitias
1056 3174 1296 3246 ejusnon
1336 3174 1498 3242 repuli
1531 3189 1562 3225 a
1598 3189 1694 3225 me.
1727 3172 1820 3227 Gr.
1858 3181 1906 3226 et

416 3194 482 3234 :m
521 3193 551 3246 γ
577 3215 589 3228 .
615 3193 703 3231 ΖΟ.
737 3193 780 3230 ει
831 3193 1019 3227 ιιδιιιιαε
1056 3193 1162 3244 qus
1199 3193 1296 3226 non
1336 3193 1496 3242 reputt
1531 3193 1562 3225 a
1598 3193 1694 3225 τηε.
1727 3193 1820 3227 ω’.

416 3248 625 3319 justitia:
651 3248 757 3315 ejus
782 3193 885 3319 (ob:
910 3244 1196 3310 ἀπέστησαν)
1224 3259 1321 3294 non
1349 3252 1651 3319 recesserunt
1677 3259 1708 3295 a
1735 3259 1828 3319 me.

370 3310 441 3388 γ’.
472 3319 558 3370 ‘27.
591 3310 893 3388 perveneris.
925 3319 988 3368 A.
1020 3328 1275 3384 perversus
1303 3313 1418 3366 eris.
1459 3313 1522 3366 R.
1553 3311 1708 3367 Rom.
1741 3312 1807 3367 Μ.
1832 3310 1900 3368 G.

423 3387 731 3442 subveneris.

372 3460 403 3527 7
428 3498 442 3510 .
468 3458 556 3510 29.
586 3468 636 3527 tu
660 3455 931 3527 illuminas.
957 3455 1028 3527 Α.
1050 3452 1447 3527 tu__illun_iinabis.

356 3521 481 3582 Item
522 3529 555 3597 7
579 3564 590 3576 .
617 3526 706 3581 ‘29.
735 3525 981 3578 illumina.
1005 3525 1070 3576 A.
1093 3523 1412 3578 illuminabis.
1445 3521 1533 3578 Gr.
1566 3522 1664 3578 boc
1692 3530 1745 3578 ct
1765 3537 1901 3592 pra:-

425 3599 628 3652 cedenti
659 3599 793 3658 1000,
825 3610 1022 3666 furuis.

371 3669 403 3732 7
429 3707 442 3720 .
478 3669 564 3721 50.
597 3663 841 3732 Quoniam
860 3668 910 3717 in
939 3677 983 3716 te
1009 3664 1211 3732 eripior.
1247 3665 1307 3714 A.
1337 3663 1580 3728 Quoniam
1603 3679 1632 3713 a
1662 3672 1708 3715 te
1731 3679 1898 3716 eruar.

373 3729 403 3808 7
428 3779 440 3789 .
475 3739 558 3792 51.
585 3729 815 3805 tauquam
845 3729 1114 3808 cervorum.
1134 3737 1196 3786 Α.
1228 3732 1291 3785 R.
1319 3733 1470 3786 Rom.
1494 3733 1560 3786 Μ.
1580 3733 1641 3787 G.
1675 3734 1732 3786 Ο.
1755 3733 1900 3801 juxta

427 3808 520 3862 Gr.
548 3819 777 3867 tanquam
799 3805 944 3856 cervi.

356 3879 505 3932 Item.
548 3877 578 3946 7
607 3916 619 3927 .
647 3877 732 3929 5-1.
758 3876 927 3926 statuit
954 3889 1046 3946 me.
1159 3880 1345 3946 statuet
1363 3889 1456 3946 me.

369 3949 404 4019 7
429 3987 442 3999 .
471 3940 560 4000 56:
593 3946 937 4019 protectionem
963 3944 1136 3996 salutis
1174 3953 1290 3995 tuae.
1324 3945 1387 3994 Α.
1421 3942 1574 4010 juxta
1601 3940 1691 3996 Gr.
1733 3951 1898 4008 prote-

423 4019 634 4070 ctionem
657 4015 827 4066 salutis
851 4029 988 4065 mete.

352 4088 482 4142 Item
527 4088 597 4155 7.
637 4086 724 4138 56.
764 4083 830 4135 Et
857 4083 1127 4155 disciplina
1171 4080 1693 4155 t_na_correxitﬁme_in

428 4148 538 4211 Ista,
561 4171 677 4224 pars
707 4156 740 4223 7
765 4193 776 4204 .
803 4154 869 4206 56
893 4148 1147 4206 omittitur
1177 4153 1225 4203 in
1248 4151 1310 4204 R.
1332 4148 1566 4224 Rom.G_.
1593 4149 1652 4224 CA.
1678 4152 1744 4201 At
1765 4149 1899 4224 apud

427 4230 491 4281 Α.
523 4219 726 4295 legitur,
751 4223 812 4275 Et
838 4224 1101 4295 disciplina
1122 4233 1208 4273 tua
1229 4238 1304 4273 me
1329 4221 1510 4274 direxit
1535 4220 1585 4271 in
1608 4221 1774 4285 ﬁnem.
1803 4219 1894 4273 Gr.

430 4302 656 4390 dwaemt
674 4318 751 4362 με.
785 4295 848 4346 Μ.
872 4294 1101 4345 stabilivit
1127 4308 1219 4364 me.

478 4367 544 4390 ἰι
590 4365 908 4390 n---r...'-........
938 4363 1048 4390 HL...
1088 4362 1123 4390 D
1173 4361 1210 4390 II

371 4368 409 4438 7
434 4405 448 4418 .
477 4360 564 4420 59.
589 4360 910 4438 Confringttm
938 4362 1148 4438 illosLR.
1173 4361 1326 4438 Rom.
1353 4360 1485 4438 eLC.
1503 4361 1710 4438 antiqua
1739 4373 1898 4413 manu

430 4429 716 4490 correctum
737 4476 752 4498 ,
781 4429 1005 4503 Aﬁligam
1030 4433 1160 4503 illos:
1183 4434 1247 4488 G.
1265 4429 1559 4503 Con/ligant.
1582 4429 1670 4484 Gr.
1689 4435 1879 4503 {uolatu

369 4508 404 4576 7
435 4546 447 4558 .
477 4507 564 4560 40.
595 4515 638 4558 et
662 4500 1009 4572 supplantasti.
1125 4501 1470 4576 -Rom._M.AG.
1495 4501 1638 4566 juxta
1667 4502 1759 4553 Gr.
1779 4517 1899 4576 sup-

428 4577 662 4647 plantasti
708 4570 884 4647 omnes
906 4587 922 4623 :
947 4573 1140 4647 iniussa
1187 4571 1432 4647 particula
1478 4580 1546 4633 et,
1597 4586 1712 4638 qua:
1752 4570 1900 4624 abest

426 4639 638 4719 ἰιιψειιις
658 4647 724 4719 ab
846 4641 909 4696 G.
937 4642 1054 4694 Car.
1083 4639 1204 4719 Ger.
1218 4650 1289 4719 “et
1318 4640 1472 4719 Hebr.
1505 4707 1540 4719 Η

365 4719 402 4786 7
428 4707 457 4769 .’
475 4707 564 4769 41Ῑ
600 4715 662 4767 Et
694 4713 916 4766 inimicos
942 4728 1089 4764 meos.
1120 4709 1184 4764 R.
1215 4710 1367 4763 ROm.
1400 4709 1462 4762 G.
1493 4707 1560 4760 Et
1587 4709 1900 4762 inimicorum

365 4859 403 4913 ἦ
425 4802 709 4908 Tangat:
733 4852 907 4922 facient
944 4851 1090 4904 venti.
1129 4848 1194 4901 A.
1217 4847 1369 4917 juxta
1407 4848 1582 4916 faciem
1616 4847 1763 4900 venti.
1803 4846 1896 4903 Gr.

363 4997 403 5067 7
597 4993 686 5067 qui
709 4991 799 5067 das
826 4990 1062 5067 vindictas
1087 4988 1240 5067 milii,
1258 4995 1304 5041 et
1337 4986 1615 5067 subldiszR.
1649 4986 1802 5067 Rom.
1831 4986 1894 5040 Μ.

429 5067 494 5118 G.
523 5066 583 5119 (Σ.
604 5056 686 5134 aui
716 5062 806 5113 das
830 5061 1092 5112 vindictam
1121 5057 1258 5121 milii,
1283 5067 1326 5108 et
1354 5057 1632 5109 subdidisti.
1661 5056 1753 5110 Gr.
1787 5063 1891 5109 ὑπο·

449 5159 480 5186 α
512 5175 524 5186 ο
987 5173 997 5184 ι

349 5147 505 5260 ἷῧξῐης
530 5205 562 5273 7
588 5243 600 5255 .
626 5203 714 5256 48.
745 5200 1130 5273 liberatormeus
1152 5197 1212 5249 de
1239 5196 1449 5273 inimicis
1475 5196 1592 5273 meis
1620 5196 1894 5273 iracundis.

428 5275 494 5328 R.
532 5264 690 5326 'Rom.
735 5271 798 5325 G.
843 5268 898 5321 Ο.
945 5269 1168 5320 liberator
1193 5283 1329 5318 meus
1362 5264 1603 5317 Dominus
1645 5267 1706 5318 de
1742 5268 1898 5334 genti-

430 5348 520 5396 bus
557 5341 827 5395 iracundis.
876 5339 963 5392 Sic
1001 5339 1152 5390 etiam
1190 5336 1260 5390 Μ.
1300 5335 1494 5390 omisso
1541 5343 1740 5389 tantum
1790 5335 1896 5388 Do-

371 5484 409 5553 7
428 5430 1151 5558 :ngI’f‘llagniﬁcans'salutes.
1279 5473 1793 5558 Rom.‘lllaqiiiﬁi:iiiis
1818 5491 1893 5528 sa—

425 5554 609 5606 lutare.
635 5545 1010 5606 Gfsalut’are'm.
1035 5545 1099 5598 Μ.
1133 5549 1390 5596 salutaria.
1422 5547 1476 5597 (ὲ.
1504 5546 1729 5598 salutem:

1728 4080 1896 4146 finem.

901 5632 967 5670 EX
993 5630 1185 5668 PSALMO
1215 5629 1362 5666 XVIII.

377 5694 412 5762 γ
437 5730 450 5744 .
479 5691 532 5744 6.
555 5691 620 5742 ad
648 5687 954 5762 currendum
967 5685 1115 5762 viam.
1148 5683 1355 5762 Vulgata
1375 5681 1574 5762 inpar.
1601 5683 1747 5739 Cnlb.
1770 5682 1891 5738 Ger.

432 5762 578 5816 addit
599 5777 756 5814 suam.
787 5759 911 5812 Vide
940 5755 1152 5808 Ilieron.
1185 5753 1334 5821 epist.
1372 5755 1488 5808 155.

2039 453 2072 522 7
2098 492 2128 522 ,ί
2145 453 2196 507 8.
2222 452 2326 507 Lex
2349 455 2549 508 Domini
2573 457 2905 514 immaculata.
2929 459 2994 514 R.
3026 461 3178 515 Rom.
3203 461 3270 517 Μ.
3301 460 3364 518 G.
3389 462 3448 517 C.
3479 462 3580 517 Lex

2099 521 2301 594 Domini
2335 526 2795 594 irrepreliensibilis.

2037 592 2071 660 7
2095 630 2108 642 .
2134 593 2216 646 13.
2253 592 2421 646 Timor
2437 592 2648 649 Domini
2671 609 2887 652 sanctus.
2907 600 2970 652 Α.
2999 600 3146 653 timor
3165 601 3364 656 Domini
3393 611 3579 658 castus.

2093 661 2184 715 Gr.
2215 667 2366 728 ἁγνὸς.
2392 664 2549 718 Ilehr.
2579 668 2808 720 mundus.

2022 730 2148 809 Item
2407 751 2715 809 permanens.
2749 737 2812 790 R.
2844 737 2996 793 Rom.
3033 740 3100 792 Μ.
3126 750 3396 809 permanet.

2022 799 2149 888 Item
2296 802 2377 856 10.
2408 799 2460 856 in
2500 807 2777 874 semetipsa.
2824 813 2887 860 Α.
2925 809 2978 860 in
3020 799 3254 879 idipsitni.
3287 809 3378 864 Gr.
3409 816 3488 866 ἰπὶ
3521 819 3572 866 τὸ

2088 894 2222 924 αυτο.

2037 940 2222 1015 7.M.
2255 941 2434 1015 Simei
2460 960 2558 996 non
2599 945 2785 1015 fuerint
2827 947 3086 1000 dominati.
3126 948 3190 1002 A.
3242 948 3302 1003 Si
3344 951 3439 1002 mei
3473 967 3571 1004 non

2089 1014 2273 1079 fuerint
2294 1013 2566 1065 dominata.

2592 1101 2656 1138 EX
2685 1100 2880 1138 PSALMO
2909 1101 3015 1139 XII.

2032 1148 2068 1219 7
2089 1185 2104 1200 .
2135 1149 2186 1203 5.
2217 1159 2413 1224 tueatur
2450 1162 2512 1224 te.
2555 1125 2621 1206 AI:
2655 1154 2716 1208 C.
2744 1125 3098 1224 ’sustiipia‘l.te.
3144 1125 3234 1210 Gl'.
3276 1159 3568 1212 ἀντιλάϐοιτό

2088 1243 2187 1271 σου.
2221 1221 2376 1273 llebr.
2405 1222 2596 1276 roboret
2627 1233 2690 1276 te.

2030 1287 2066 1357 7
2089 1326 2104 1340 .
2214 1288 2419 1343 Tribuat
2447 1293 2552 1344 tibi.
2584 1296 2648 1346 Λ.
2674 1292 2739 1347 R.
2771 1293 2924 1348 Rom.
2959 1294 3026 1349 M.
3055 1294 3118 1349 G.
3150 1295 3331 1348 tribuat
3357 1296 3442 1349 tibi
3463 1297 3568 1351 Do-

2089 1375 2269 1411 minus.

2017 1425 2144 1479 Item
2202 1429 2272 1496 7.
2321 1430 2373 1482 5.
2421 1432 2679 1502 consilium
2725 1443 2862 1486 tuum
2903 1435 3177 1502 conﬁrmet.
3209 1437 3271 1488 A.
3307 1436 3570 1490 consiliunt

2086 1508 2222 1575 tuum
2267 1500 2528 1575 compleat.
2571 1501 2661 1556 Gr.
2699 1512 2966 1572 πληρώσαι,
2999 1500 3064 1558 ἰιι
3105 1512 3282 1574 postea
3317 1505 3369 1559 in
3413 1506 3485 1575 7.
3511 1506 3566 1560 7.

2088 1565 2245 1620 IIebr.
2276 1565 2576 1623 voluntatem
2603 1581 2737 1624 luant
2767 1565 2986 1638 impleat.

2029 1635 2064 1705 7
2088 1674 2101 1688 .
2138 1638 2188 1689 6.
2218 1648 2262 1690 et
2288 1640 2337 1690 in
2367 1642 2561 1693 nomine
2588 1641 2683 1694 Dei
2708 1635 2879 1696 nostri.
2911 1646 2974 1697 A.
3003 1643 3067 1697 R.
3097 1654 3141 1696 et
3168 1644 3218 1697 in
3247 1643 3445 1697 nomine
3464 1645 3569 1698 Do.

2084 1707 2203 1759 mins
2227 1706 2324 1759 Dei
2357 1712 2529 1764 nostri.
2773 1725 2776 1728 ‘

2029 1774 2064 1844 7
2089 1777 2403 1855 ._7.Asalvum
2439 1782 2572 1855 fecit.
2609 1780 2870 1855 R.__Rom.
2900 1782 2963 1838 G.
2995 1782 3054 1837 C.
3083 1782 3272 1836 salvum
3302 1783 3468 1855 faciet.
3502 1785 3570 1840 Et

2083 1847 2160 1897 sie
2185 1847 2248 1899 Α.
2280 1849 2328 1899 in
2357 1847 2657 1904 melioribus
2685 1851 2825 1905 MSS.

2028 1914 2061 1984 7
2086 1952 2100 1966 .
2132 1915 2184 1968 8.
2212 1914 2310 1968 Dei
2335 1921 2486 1970 nostri
2513 1919 2863 1974 invocabimus.
2892 1921 2954 1976 A.
2989 1920 3083 1974 Dei
3107 1923 3263 1975 nostri
3297 1923 3567 1976 exsultabi-

2083 2000 2212 2038 mus.
2243 1985 2308 2038 R.
2339 1986 2494 2039 Rom.
2523 1987 2584 2042 G.
2609 1989 2669 2042 Ο.
2702 1991 3149 2061 magniﬁcabimur,
3177 1992 3326 2061 juxta
3356 1994 3448 2048 Gr.
3474 2018 3559 2061 μι-

2081 2063 2468 2129 νοξλρνθῃσομ-εθα,
2495 2067 2550 2109 III.
2573 2074 2725 2129 supra
2750 2059 2800 2112 Ill
2846 2061 2880 2129 ᾖ
2904 2098 2915 2111 .
2943 2061 2993 2113 6.

2027 2122 2062 2192 7
2087 2161 2100 2174 .
2129 2125 2209 2178 IO.
2243 2125 2293 2177 in
2322 2127 2402 2178 die
2427 2144 2542 2196 qua.
2571 2122 2649 2180 Μ(
2667 2127 2731 2183 G.
2759 2131 2809 2182 in
2837 2122 3143 2200 quacumque
3165 2129 3264 2184 die.

2584 2213 2655 2250 EX
2683 2214 2880 2252 PSALMO
2907 2215 2990 2252 XX.

2026 2261 2062 2331 7
2085 2299 2098 2312 .
2116 2263 2174 2342 .5.
2204 2261 2520 2342 Desiderium
2558 2268 2722 2320 cordis
2755 2271 2882 2337 ejus.
2913 2271 2976 2322 A.
3003 2269 3070 2322 R.
3099 2269 3252 2322 Rom.
3276 2269 3333 2324 C.
3362 2269 3567 2326 Deside-

2081 2336 2210 2404 rium
2235 2336 2415 2404 anima:
2440 2337 2560 2404 ejus.

2011 2400 2137 2455 Item
2175 2403 2209 2472 7
2234 2441 2246 2454 .
2271 2403 2400 2480 5._et
2425 2400 2691 2460 voluntate.
2720 2405 2811 2462 Gr.
2843 2412 3015 2474 δέησιν,
3047 2409 3314 2476 petitione;
3357 2427 3452 2480 pro
3487 2423 3566 2466 0t-

2083 2480 2228 2534 λησιν,
2262 2473 2529 2527 voluntate.

2012 2539 2158 2617 ΙμξιηΔ
2181 2543 2248 2617 7_.
2279 2544 2329 2596 5.
2356 2561 2456 2617 non
2483 2547 2730 2614 fraudastl
2757 2563 2888 2600 eum.
2918 2549 2980 2600 A.
3006 2565 3105 2602 non
3135 2549 3340 2617 privasti
3364 2567 3493 2603 eum.

2027 2611 2059 2678 7
2085 2650 2098 2662 .
2128 2611 2179 2664 6.
2211 2612 2259 2663 in
2287 2611 2496 2666 salutari
2527 2624 2628 2667 tuo.
2660 2618 2722 2668 A.
2747 2617 2810 2669 G.
2843 2619 2901 2668 (3.
2932 2618 2983 2669 in
3007 2611 3170 2671 salute
3194 2629 3299 2670 tua.

2024 2681 2060 2750 7
2211 2680 2505 2758 Dabis-eum
2533 2686 2583 2738 in
2611 2685 3013 2740 benedictionem.
3040 2691 3103 2741 A.
3129 2688 3274 2758 juxta
3303 2688 3395 2742 Gr.
3423 2689 3564 2743 dabis

2081 2752 2125 2802 ei
2148 2752 2550 2804 benedictionem.
3131 2752 3146 2758 ⁷
3591 2761 3604 2772 ’

2009 2818 2216 2941 Itcinl7
2241 2823 2343 2938 ,τῇ
2365 2823 2416 2874 in
2454 2822 2635 2891 gaudio
2663 2839 2775 2876 cum
2813 2825 2951 2878 vultu
2995 2836 3100 2879 tuo.
3137 2825 3200 2881 G.
3232 2843 3344 2880 cum
3381 2829 3564 2899 gaudio

2081 2901 2244 2941 vutus
2293 2906 2361 2941 ui.

2081 2901 2244 2941 vultus
2272 2901 2361 2944 (Ili.

2023 2959 2059 3028 7
2083 2998 2096 3011 .
2128 2955 2211 3036 IO‘.
2256 2958 2324 3012 In
2367 2971 2583 3036 tempore
2623 2962 2784 3016 vultus
2821 2964 2912 3016 tui.
2949 2964 3014 3018 G.
3045 2964 3107 3018 In
3147 2976 3365 3036 tempore
3402 2970 3564 3024 vultus

2078 3029 2151 3081 tui
2177 3033 2538 3083 consummabis
2557 3037 2657 3084 eos.

2023 3098 2058 3169 7
2085 3138 2099 3154 .
2128 3099 2216 3154 15.
2246 3101 2569 3170 prwparabis.
2600 3100 2664 3154 R.
2699 3119 3002 3169 prazparare.

2584 3186 2651 3224 ει
2679 3187 2875 3228 ΡεΔιΙο
2899 3189 3004 3227 XXI.
3375 3232 3377 3234 .

2021 3238 2057 3308 7
2082 3239 2176 3292 ,1.
2225 3239 2368 3292 verba
2413 3239 2704 3294 delictorum
2743 3259 2980 3295 meorum.
3027 3243 3089 3300 G.
3137 3245 3279 3300 verba
3320 3247 3562 3304 labiorum

2079 3325 2313 3382 meorum.
2340 3309 2501 3364 Hebr.
2534 3311 2679 3363 verba
2706 3313 2898 3382 rugitus
2923 3317 3035 3367 mei.
3151 3323 3158 3326 ’

2019 3377 2054 3446 7
2081 3416 2094 3430 .
2143 3382 2227 3452 II.
2260 3378 2324 3432 In
2350 3389 2394 3432 te
2419 3382 2667 3452 projectus
2695 3377 2822 3434 sum.
2855 3387 2919 3436 A.
2961 3385 3129 3451 primo
3171 3385 3363 3449 habet,
3410 3388 3473 3441 In
3517 3399 3562 3443 te

2075 3450 2396 3516 conﬁrmatus
2424 3450 2532 3504 sum
2553 3469 2572 3504 :
2598 3459 2651 3504 et
2677 3460 2792 3520 post
2815 3468 2932 3505 cum
2963 3450 3036 3507 R.
3067 3455 3222 3509 Rom.
3249 3456 3312 3511 (Ξ.
3337 3459 3561 3528 jactatus

2075 3534 2202 3571 sum.

2021 3590 2054 3658 7
2079 3628 2092 3642 .
2127 3590 2210 3644 15.
2236 3589 2378 3644 Sicut
2401 3607 2528 3658 aqua
2556 3590 2742 3657 effusus
2769 3608 2896 3645 sum.
2924 3592 2989 3646 R.
3031 3593 3182 3647 Rom.
3213 3594 3280 3648 Μ.
3307 3597 3442 3650 Amb
3490 3597 3556 3652 G.

2077 3661 2219 3712 Sicut
2241 3678 2369 3725 aqiia
2397 3661 2554 3725 e/I'usa
2578 3673 2709 3714 sunt.
3387 3663 3396 3668 ’

2019 3730 2054 3798 7
2080 3769 2092 3782 .
2123 3732 2206 3784 I6.
2236 3741 2281 3785 et
2309 3732 2357 3788 in
2389 3733 2653 3800 pulverem.
2682 3731 2739 3785 C.
2763 3741 2808 3784 et
2833 3733 2883 3784 in
2916 3733 3105 3785 limum.
3529 3767 3541 3777 -

2007 3800 2134 3853 Item
2187 3802 2220 3868 7
2245 3840 2256 3852 .
2293 3801 2375 3855 16.
2415 3802 2661 3854 deduxisti
2704 3819 2798 3853 me.
2840 3801 2995 3854 Rom.
3037 3805 3100 3856 G.
3144 3802 3201 3855 C.
3251 3803 3535 3858 deduxerun

2077 3887 2170 3921 me.

2019 3939 2054 4006 7
2080 3977 2090 3988 .
2115 3940 2202 3991 ‘20.
2227 3939 2467 3991 auxilium
2488 3949 2622 4012 tuum
2644 3957 2674 3990 a
2696 3955 2790 4012 uie.
2815 3938 2872 3992 C.
2897 3939 3042 4012 Coll).
3063 3941 3188 3994 Ger.
3218 3957 3322 3994 non
3341 3943 3554 4012 habent,

2074 4025 2105 4058 α
2134 4025 2210 4060 me
2233 4024 2374 4081 :_pro
2403 4025 2506 4076 quo
2530 4009 2740 4081 Ilierou.
2766 4010 2814 4061 in
2836 4009 2988 4076 epist.
3014 4011 3134 4077 155,
3167 4012 3266 4081 legi
3293 4015 3421 4079 vult,
3451 4009 3556 4070 me;

2074 4095 2204 4130 cum.
2236 4077 2328 4130 Gr.
2361 4080 2537 4133 habet.
2565 4079 2806 4130 auxilium
2836 4097 3014 4132 meum.
3221 4077 3243 4081 ⁷
3409 4077 3442 4122 ⁷-

2020 4148 2053 4216 7
2079 4186 2090 4198 .
2120 4149 2205 4200 2|.
2237 4145 2372 4199 Erue
2396 4165 2426 4198 a
2452 4147 2640 4215 framea
2665 4146 2820 4200 Deus.
2845 4149 2952 4202 Vox
2983 4149 3114 4202 Deus
3141 4151 3289 4204 abest
3309 4153 3374 4207 ab
3398 4156 3462 4207 A.
3489 4155 3553 4208 R.

2078 4219 2226 4270 Rom.
2259 4217 2325 4270 Μ.
2357 4217 2420 4272 G.
2452 4218 2510 4270 (Σ.
2541 4219 2657 4270 Car.
2685 4217 2829 4271 Colb.
2855 4219 2974 4273 Ger.
3003 4220 3122 4274 Gal.
3154 4229 3208 4276 et
3235 4237 3263 4274 a
3289 4223 3381 4276 Gr.

2018 4286 2090 4356 7.
2237 4287 2384 4360 Apud
2424 4298 2470 4340 te
2508 4287 2617 4360 laus
2658 4303 2781 4340 mea.
2814 4289 2878 4342 R.
2899 4289 3052 4343 Rom.
3082 4290 3148 4342 M.
3180 4291 3331 4360 Apud
3365 4302 3413 4346 te
3446 4295 3554 4350 laus

2074 4358 2216 4411 mihi.
2249 4355 2454 4428 Amb.a
2483 4367 2546 4428 te.
2572 4355 2664 4428 Gr.
2694 4366 2819 4428 παρὰ
2846 4372 2945 4413 σοῦ.
3228 4355 3237 4360 ⁷
3613 4375 3618 4380 ·

2003 4426 2131 4498 Item
2177 4427 2210 4496 7
2235 4467 2247 4479 .
2275 4427 2362 4480 26.
2396 4427 2445 4478 in
2472 4426 2696 4486 Ecclesia
2724 4426 2922 4498 magna,
2943 4441 3070 4491 vota,
3098 4441 3200 4482 etc.
3224 4432 3287 4484 A.
3315 4433 3470 4487 Amb.
3501 4436 3551 4488 in

2074 4497 2294 4550 Ecclesia
2322 4513 2497 4564 magna
2526 4498 2791 4561 conﬁtebar
2810 4497 2914 4561 tibi,
2942 4510 3071 4561 vota,
3100 4510 3201 4551 etc.

2017 4566 2051 4635 7
2077 4567 2202 4636 .28.
2233 4569 2471 4619 universa:
2508 4566 2714 4634 familia:
2753 4572 2988 4636 gentium.
3018 4573 3080 4621 A.
3111 4568 3174 4622 Π.
3203 4569 3357 4623 Rom.
3390 4570 3460 4626 Μ.
3484 4571 3546 4627 G.

2071 4635 2129 4690 C.
2157 4653 2324 4689 omnes
2346 4636 2535 4702 patria:_
2545 4635 2778 4704 gentium.

2017 4706 2087 4774 7.
2115 4709 2185 4778 '50
2217 4708 2420 4776 pingues
2444 4715 2604 4758 teme.
2646 4711 2708 4758 Α.
2751 4707 2815 4760 R.
2860 4706 3014 4759 Rom.
3051 4706 3119 4760 M.
3161 4707 3224 4764 G.
3274 4709 3334 4764 C.
3377 4712 3545 4767 divites

2070 4784 2232 4830 teme.

2002 4843 2130 4918 Item
2163 4846 2200 4918 7
2221 4883 2237 4898 .
2275 4844 2362 4900 50.
2397 4845 2591 4918 cadent.
2627 4843 2688 4897 Α.
2728 4843 2970 4918 R‘._R_om.
2994 4845 3242 4918 Μ.
3272 4851 3547 4918 procidcnt.

2017 4915 2051 4983 7
2076 4955 2088 4968 .
2122 4913 2209 4970 52.
2235 4925 2283 4969 et
2308 4915 2664 4968 annuntiabunt
2692 4913 2819 4965 coeli.
2856 4913 2959 4966 Vox
2998 4916 3108 4968 caeli
3135 4913 3282 4971 abest
3307 4934 3336 4972 a
3365 4920 3458 4974 Gr.
3479 4921 3544 4975 G.
3613 4953 3618 4958 -

2071 4985 2343 5057 Car._Ger.
2372 4984 2487 5037 Gal.
2521 4999 2721 5036 necnon
2747 4984 2814 5036 ab
2842 4984 2995 5037 Amb.
3022 4985 3073 5038 in
3102 5001 3204 5054 quo
3227 4987 3431 5057 legitur,
3455 5007 3545 5044 an-

1989 5063 1996 5068 '
2073 5055 2334 5107 nuntiabit.

2552 5137 2617 5174 EX
2645 5136 2838 5175 PSALIO
2867 5138 2994 5180 XXII.

2018 5194 2051 5263 7
2076 5232 2109 5266 ._
2124 5197 2168 5246 1-
2191 5192 2434 5246 Dominus
2459 5191 2693 5266 regitme.
2720 5196 2790 5266 AA.
2814 5191 3056 5266 Dominus
3075 5195 3228 5262 pascit
3252 5211 3330 5249 me
3359 5211 3376 5248 :
3393 5195 3540 5266 juxta

2018 5259 2029 5327 ξ
2072 5261 2164 5316 Gr.
2188 5273 2420 5329 ποιμαίνει
2445 5259 2525 5329 με.
2551 5259 2636 5314 Sic
2663 5263 2817 5314 etiam
2844 5262 3000 5315 llebr.

2021 5331 2089 5399 ᾗ.
2118 5334 2170 5387 5.
2205 5349 2356 5402 super
2373 5332 2591 5384 semitas.
2623 5335 2686 5384 A.
2718 5332 2768 5402 in
2790 5332 3006 5402 semitis.
3027 5332 3182 5402 llebr.
3211 5349 3297 5397 per
3321 5336 3538 5389 semitas.

2016 5403 2050 5472 7
2074 5440 2088 5455 .
2119 5403 2170 5458 5.
2207 5411 2254 5455 et
2279 5402 2409 5472 calix
2440 5403 2686 5472 nieus._A.
2716 5401 2783 5472 R.
2811 5401 2962 5454 Rom.
2992 5401 3057 5454 Μ.
3092 5403 3154 5456 G.
3186 5402 3245 5455 C.
3270 5405 3418 5470 juxta
3448 5405 3538 5457 Gr.

2068 5482 2114 5524 et
2153 5471 2380 5541 poculum
2407 5481 2568 5541 tuum.
2606 5470 2754 5541 I-Ianci
2775 5471 3046 5524 lectionem
3075 5472 3362 5541 improbat,
3397 5483 3542 5541 etes

2070 5540 2345 5597 Communi
2373 5556 2466 5595 seu
2494 5540 2708 5594 Luciani
2728 5540 2907 5595 Graeca
2927 5540 3156 5596 editione
3179 5557 3418 5596 inanasse
3442 5540 3538 5594 do-

2069 5621 2154 5666 cet
2179 5611 2391 5665 Ilieron.
2419 5611 2468 5664 in
2498 5613 2650 5679 epist.
2682 5611 2798 5664 155.

2015 5682 2048 5744 7
2073 5718 2087 5730 .
2125 5681 2178 5733 6.
2217 5677 2547 5748 subsequetuf
2563 5696 2656 5734 me.
2696 5679 2760 5734 R.
2800 5679 2865 5737 Μ.
2905 5679 3226 5747 subsequatur
3253 5693 3347 5733 me.
3381 5677 3531 5735 Rom.

2069 5749 2372 5820 subsequitur
2399 5765 2491 5802 me.
