4046 6200
307 360 381 416 .55
1475 359 1838 416 romana
1877 360 1942 418 IN
1981 357 2396 417 PSALTERIIS.
2657 383 2663 390 -
3497 367 3567 433 ω

389 475 452 529 R.
479 474 631 530 Rom.
664 475 766 528 nisi
792 477 928 544 aliud
948 475 1266 542 praemittunt
1287 475 1590 544 particulam
1619 486 1688 528 ut.
1714 475 1878 529 Hebr.

385 545 510 599 Noli
536 547 589 599 in
619 558 858 599 teternum
883 545 1049 610 irasci,
1076 555 1179 598 etc.
1300 548 1314 569 ’-

210 643 215 651 ·
319 615 357 686 γ
387 618 478 670 .7.
512 616 645 669 Deus
672 626 723 669 tu
753 631 1040 686 conversus.
1060 617 1126 686 Α.
1174 615 1235 668 R.
1271 615 1424 668 Rom.
1463 615 1528 670 M.
1559 614 1621 670 G.
1650 614 1708 669 C.
1749 614 1881 670 Deus

385 697 438 740 tu
459 698 765 740 convertens.
798 685 957 739 Hebr.
989 681 1170 738 anne
1191 695 1243 738 tu
1265 695 1527 738 revertens.

317 756 362 827 Ῡ
389 798 405 812 .
432 755 487 812 9.
517 758 601 820 qui
624 766 976 810 convertuntur
1016 755 1082 808 ad
1109 773 1211 809 cor.
1243 761 1305 808 Α.
1351 755 1498 878 joy
1527 752 1620 811 Gr.
1644 756 1725 818 qui
1757 771 1881 809 con-

383 839 579 878 uertunt
607 843 693 878 cor
707 827 774 878 ad
798 832 981 878 insunt.
1014 824 1080 878 R.
1118 827 1202 878 aui
1235 836 1430 878 convert
1497 836 1578 878 tur
1603 827 1669 878 ad
1696 827 1880 878 ipsum.

383 839 579 881 vertunt
607 843 693 881 cor
707 827 774 878 ad
798 832 981 894 ipsum.
1014 824 1080 880 R.
1118 827 1202 894 qui
1235 824 1512 880 convertant

385 898 520 952 Rom
573 898 656 968 qui
687 905 1040 968 convertuntur
1076 897 1147 968 ad
1170 896 1351 968 ipsum.
1373 895 1459 949 Sic
1483 896 1640 968 etiam
1669 895 1757 959 G.;
1786 896 1877 949 sed

384 968 528 1021 addit
553 961 595 1033 ,’
622 983 683 1022 ea:
727 966 875 1019 corde
924 983 1035 1020 suo.
1074 966 1144 1020 Μ.
1185 961 1275 1036 qui
1317 961 1670 1020 convertuntur
1714 981 1885 1019 coram

386 1054 517 1090 1080.

318 1109 359 1178 φ
553 1106 793 1160 osculatte
819 1115 952 1160 sunt.
983 1106 1048 1160 R.
1098 1093 1256 1161 Rom.
1298 1105 1367 1160 Μ.
1411 1104 1476 1162 6.
1501 1105 1560 1162 C.
1608 1108 1886 1178 complexa:

386 1187 501 1233 sunt
519 1195 590 1232 se.

321 1250 362 1321 ᾖ
392 1288 406 1303 .
452 1250 539 1303 15.
569 1247 708 1300 dabit
747 1245 1121 1321 benignitatem.
1153 1246 1217 1300 A.
1265 1245 1401 1300 dabit
1430 1248 1740 1301 suavitatem.
1788 1245 1882 1301 Gr.

389 1327 713 1391 χρηστότητα.
737 1318 796 1371 C.
828 1317 1232 1396 benedictionem.
1633 1362 1636 1365 .

822 1403 890 1442 EX
935 1402 1134 1441 PSALHO
1185 1403 1376 1441 LXXXV.

393 1499 406 1511 .
436 1459 490 1514 2.
514 1467 714 1512 sanctus
743 1475 876 1510 sum.
910 1457 978 1510 Μ.
1007 1467 1206 1510 sanctus
1241 1476 1310 1510 es.

395 1569 408 1583 .
437 1531 489 1585 ὅ.
521 1529 730 1582 clamavi
756 1528 819 1583 G.
847 1527 906 1582 C.
930 1527 1022 1583 Gr.
1057 1536 1110 1582 et
1142 1527 1300 1582 Hebr.
1332 1527 1578 1581 clamabo.

395 1639 408 1654 .
440 1600 493 1654 6.
537 1598 755 1652 Auribus
782 1600 996 1667 percipe.
1029 1600 1092 1652 A.
1121 1598 1335 1669 Auribus
1357 1599 1526 1669 inﬁge.

392 1709 406 1723 .
442 1669 524 1724 10.
554 1680 605 1722 tu
626 1686 676 1722 es
702 1669 836 1722 Deus
863 1670 1012 1723 solus.
1039 1669 1102 1724 G.
1134 1679 1186 1722 et
1217 1668 1308 1722 Gr.
1337 1668 1550 1734 addunt,
1583 1685 1812 1738 magnus.

328 1738 368 1809 ᾖ
394 1780 407 1792 .
441 1741 526 1794 11.
574 1751 618 1792 et
669 1741 944 1809 ingrediar.
999 1741 1064 1793 A.
1124 1738 1187 1792 R.
1228 1738 1382 1792 Rom.
1427 1740 1485 1795 C.
1529 1750 1575 1793 et
1604 1740 1886 1793 ambulabo.

392 1811 553 1865 Hebr.
586 1821 638 1862 ut
679 1812 948 1864 ambulem.

331 1881 372 1952 ᾖ*
398 1921 410 1933 .
446 1881 529 1935 16.
559 1881 624 1932 da
653 1881 916 1952 imperium
945 1878 1216 1952 tuum._R.
1246 1879 1400 1933 Rom.
1434 1879 1502 1934 Μ.
1528 1879 1591 1952 6.
1701 1880 1767 1933 da
1801 1895 1892 1948 po-

391 1962 635 2005 testatem.
685 1947 842 2004 Solus
885 1950 1051 2003 codex
1100 1947 1159 2003 C.
1215 1966 1333 2003 cum
1377 1951 1469 2006 Gr.
1522 1950 1702 2017 addit,
1730 1947 1887 2003 tuam.

395 2021 555 2075 Hebr.
589 2020 762 2081 habet,
788 2020 854 2072 da
880 2019 1413 2091 fortitudinem‘tuam.

333 2093 374 2162 ᾖ
397 2129 412 2143 .
441 2093 526 2146 17.
555 2091 608 2144 in
641 2091 840 2145 bonum.
963 2091 1116 2143 Rom.
1227 2089 1286 2144 C.
1316 2092 1366 2143 in
1386 2091 1535 2144 bono.

321 2160 460 2218 Item
493 2163 564 2234 ᾗ.
596 2163 682 2216 17.
709 2160 991 2215 consolatus
1031 2177 1100 2213 es.
1130 2161 1190 2213 C.
1215 2162 1502 2214 exhortatus
1539 2177 1607 2216 es.

849 2247 915 2285 EX
943 2245 1142 2284 PSALMO
1168 2247 1377 2284 LXXXVI.

339 2303 374 2374 ᾗ
398 2343 415 2356 .
444 2303 499 2358 5.
529 2299 788 2374 Numquid
829 2302 974 2356 Sion.
1015 2303 1079 2353 Α.
1120 2301 1184 2354 R.
1223 2301 1379 2356 Rom.
1423 2300 1587 2374 Μέξ.
1621 2301 1682 2355 C.
1731 2299 1895 2355 Mater

397 2375 546 2430 Sion.
590 2371 688 2427 Gr.
729 2384 888 2442 μήτηρ
917 2378 1030 2425 Σιών
1059 2388 1074 2425 :
1105 2386 1200 2440 pro
1225 2387 1329 2441 quo
1373 2388 1400 2427 a
1427 2371 1568 2426 LXX
1606 2384 1724 2439 μήτι
1781 2380 1896 2424 Σιόυ

406 2446 667 2512 scriptum
710 2441 873 2498 fuisse
900 2443 1172 2496 contendit.
1210 2452 1394 2498 auctor
1435 2443 1798 2496 couuneutarii
1843 2443 1893 2512 in

410 2511 1002 2585 Psatiiiosl-lieronyiiio
1048 2512 1249 2566 tributi.
1281 2517 1350 2567 At
1379 2513 1537 2568 Hebr.
1592 2511 1771 2578 habet,
1819 2511 1896 2564 Ad

401 2585 528 2640 Sion
549 2595 714 2637 autem
729 2583 943 2637 dicetur.

329 2653 468 2711 Item
503 2655 538 2725 ᾖ
563 2695 575 2706 .
603 2655 655 2708 5.
683 2665 832 2708 natus
865 2663 954 2708 est.
1000 2655 1065 2710 A.
1113 2653 1178 2709 R.
1212 2652 1364 2708 Rom.
1411 2653 1478 2708 M.
1522 2653 1586 2709 G.
1624 2654 1686 2707 C.
1733 2657 1898 2723 factus

403 2735 499 2780 εει.

351 2797 421 2864 ᾗ.
450 2795 502 2850 6.
531 2795 771 2847 narrabit.
817 2794 881 2847 R.
914 2794 1069 2849 Rom.
1098 2795 1162 2851 G.
1209 2794 1271 2850 C.
1302 2796 1542 2847 narravit.

331 2867 488 2922 Item.
539 2865 572 2935 ᾖ
595 2905 608 2918 .
633 2870 684 2920 6,
711 2867 763 2918 in
789 2866 1070 2932 scripturis.
1095 2868 1157 2918 Α.
1176 2867 1325 2934 juxta
1355 2864 1449 2921 Gr.
1474 2867 1523 2917 in
1554 2866 1822 2934 scriptura.

344 2937 382 3006 ᾖ
406 2977 422 2992 .
448 2938 500 2990 7.
535 2938 811 3006 (celantium
837 2937 1076 2988 omnium.
1107 2936 1171 2989 R.
1218 2936 1374 2988 Rom.
1397 2935 1616 3000 addunt,
1647 2943 1894 2988 nostrum.

404 3007 478 3061 Μ.
503 3007 566 3060 6.
600 3005 827 3071 habent,
858 3006 1138 3060 lwtantibus
1163 3007 1388 3058 omnibus
1422 3006 1579 3060 nobis.

567 3109 574 3113 -
825 3092 892 3129 EX
936 3091 1133 3131 ΡεΑωιο
1171 3091 1405 3130 LXXXVII.

350 3148 382 3217 ᾖ
408 3187 422 3201 .
480 3148 531 3201 1.
559 3164 648 3215 pro
671 3144 946 3217 Maheleth.
973 3149 1038 3199 A.
1062 3163 1153 3216 pro
1183 3146 1232 3198 Μ
1242 3147 1394 3217 elerh.
1424 3145 1487 3201 G.
1518 3164 1608 3214 pro
1637 3145 1895 3217 illaleleth.

334 3214 541 3289 Itean
561 3214 580 3269 ί.
608 3220 658 3271 1.
686 3214 960 3289 Ezrahitaz.
994 3214 1236 3289 A.Rom.
1271 3216 1336 3270 6.
1364 3217 1482 3272 Gul.
1505 3221 1596 3270 Gr.
1627 3215 1894 3272 Israelitw.

403 3287 494 3342 Siti
515 3290 667 3341 etiam
690 3288 741 3340 in
768 3287 915 3340 titulo
939 3287 1178 3350 Psal.88,
1205 3304 1256 3338 η.
1288 3291 1332 3339 1.

352 3359 385 3425 ᾗ
409 3399 424 3411 .
455 3358 506 3412 6.
531 3358 772 3411 vulnerati
799 3358 1114 3410 dormientes.
1135 3357 1201 3410 R.
1233 3357 1384 3409 Rom.
1411 3357 1472 3410 G.
1505 3357 1753 3410 vulnerati
1775 3355 1901 3414 dor-

405 3429 611 3482 mientes
637 3427 864 3497 projccti.
891 3427 983 3482 Gr.
1003 3427 1248 3480 vulnerati
1273 3429 1481 3496 proiecti
1498 3429 1825 3486 dormientes.

355 3499 388 3568 ᾗ
414 3539 428 3551 .
452 3499 504 3554 8.
539 3500 719 3567 ﬂuctus
747 3507 874 3550 tuos.
906 3499 970 3568 ᾼ.
1000 3499 1347 3566 suspensioues
1377 3512 1506 3556 tuus.
1540 3502 1604 3554 R.
1630 3501 1785 3555 Rom.
1827 3499 1896 3553 Μ.

407 3570 472 3641 G.
491 3569 730 3641 elationes
760 3578 891 3621 tuas.
922 3567 1085 3641 Hujus
1117 3569 1363 3629 lectionis
1395 3574 1631 3626 meminit
1661 3575 1794 3641 Aug.
1830 3573 1899 3623 At

404 3640 785 3714 C-_fl€90150ﬂ€8
814 3649 941 3698 tuus.
977 3639 1070 3699 Gr.
1128 3650 1468 3714 μτεωριςμοὺς
1497 3667 1594 3696 σου.

351 3710 386 3780 Ῡ
410 3750 425 3764 .
459 3708 546 3768 10.
573 3710 892 3785 languerunt.
923 3714 988 3768 A.
1041 3714 1104 3767 R.
1135 3708 1292 3766 Rom.
1331 3708 1398 3766 Μ.
1430 3715 1495 3768 6.
1548 3714 1606 3767 C.
1647 3711 1895 3780 inﬁrmati

407 3795 545 3840 sunt.

351 3855 386 3927 ᾖ
413 3898 427 3910 .
459 3857 544 3911 15.
570 3855 621 3927 in
644 3864 777 3927 terra
805 3854 1082 3909 oblivionis.
1114 3855 1176 3907 A.
1204 3851 1245 3907 C
1292 3854 1346 3908 in
1387 3863 1517 3907 terra
1541 3853 1712 3906 oblita.
1746 3851 1816 3906 M.
1845 3851 1898 3904 in

409 3936 540 3979 terra
571 3925 844 3978 obliterata.

351 3997 387 4066 Ῡ
413 4036 428 4048 .
463 3998 550 4050 15.
578 3996 779 4062 repellis
819 3996 1089 4066 orationem
1110 4010 1293 4066 meam.
1325 3993 1391 4045 M.
1434 3993 1497 4048 G.
1536 3992 1761 4062 repulisti
1785 3991 1901 4045 ani-

407 4083 544 4120 mam
571 4082 750 4119 meum.
786 4066 941 4118 Hebr.
971 4065 1145 4133 ubjicis
1171 4065 1392 4115 animum
1414 4080 1594 4116 meam.

832 4153 892 4189 EX
921 4148 1120 4189 γελικο
1147 4149 1407 4187 LXXXVIII.

349 4209 385 4277 ᾗ
415 4247 428 4277 .
457 4205 512 4260 ‘2.
560 4205 930 4277 Misericordias
979 4204 1201 4277 Domini.
1235 4208 1302 4277 A_.
1329 4203 1580 4277 R.Rom.
1629 4201 1700 4257 M.
1742 4201 1808 4258 G.
1837 4200 1902 4257 C.

405 4276 556 4346 juxta
584 4275 676 4331 Gr.
709 4275 1078 4329 Misericordias
1096 4285 1222 4333 tuas,
1247 4272 1494 4346 Domine.

349 4343 427 4417 ᾗ.
459 4347 510 4400 ’5.
539 4347 590 4400 in
618 4349 705 4401 eis.
741 4349 851 4401 Iloc
878 4347 1027 4400 abest
1056 4346 1120 4398 ab
1145 4349 1207 4398 Α.
1244 4345 1302 4396 R.
1339 4345 1490 4398 Rom.
1518 4343 1585 4397 Μ.
1611 4343 1674 4399 6.
1705 4343 1766 4398 C.
1793 4352 1847 4398 et
1875 4358 1906 4398 a

409 4417 505 4471 Gr.

347 4489 384 4558 ᾗ
413 4526 428 4539 .
466 4487 549 4540 11.
584 4489 702 4540 etin
748 4486 949 4558 brachio
978 4486 1169 4539 virtutis
1205 4482 1319 4539 luai.
1356 4487 1418 4538 R.
1469 4485 1622 4540 Rom.
1652 4485 1719 4538 Μ.
1749 4485 1813 4540 6.
1841 4482 1900 4538 C.

406 4558 530 4611 etin
559 4560 738 4611 virtute
764 4557 950 4610 brachii
980 4557 1071 4609 tui.

349 4630 384 4700 ᾗ
412 4669 426 4681 .
472 4629 558 4683 18.
596 4641 640 4681 et
663 4631 713 4681 in
741 4627 1045 4700 benrplacito
1072 4639 1174 4700 tuo.
1202 4625 1268 4679 Μ.
1296 4636 1342 4700 et
1373 4627 1424 4680 in
1462 4637 1550 4700 tua
1581 4625 1902 4700 justitia._G.

405 4709 456 4751 et
482 4700 533 4751 in
565 4702 693 4752 bona
722 4699 973 4752 voluntate
997 4707 1101 4750 tua.
1132 4698 1196 4750 (.1.
1226 4706 1271 4749 et
1295 4699 1348 4751 in
1377 4698 1574 4751 nomine
1603 4706 1707 4750 tuo.
1742 4697 1902 4752 Hebr.

406 4780 455 4822 et
483 4771 535 4822 in
561 4768 899 4822 misericordia
920 4779 1024 4820 tua.

347 4842 383 4911 ᾗ
411 4878 426 4890 .
456 4839 548 4894 20.
579 4842 630 4892 in
658 4841 844 4911 visione
871 4840 1063 4911 sanctis!
1084 4839 1201 4891 luis.
1223 4840 1316 4911 AA.
1350 4839 1390 4894 R
1452 4839 1609 4894 Rom.
1643 4838 1712 4890 Μ.
1750 4837 1813 4891 6.
1841 4836 1900 4890 G.

407 4911 462 4962 in
488 4923 689 4977 aspectu
722 4910 839 4977 ﬁliis
881 4912 997 4963 tuis.
1029 4909 1187 4962 Favet
1208 4907 1300 4962 Gr.

349 4983 385 5052 ᾗ
413 5021 426 5032 .
460 4981 548 5033 2t.
582 4984 632 5032 in
662 4980 770 5033 oleo
797 4992 968 5052 sancto
996 4997 1123 5033 meo.
1153 4980 1246 5052 Gr.
1298 4989 1452 5052 sonat
1474 4981 1526 5032 in
1557 4979 1902 5032 misericordia

407 5062 602 5104 sancta.
637 5053 792 5104 Iltsic
821 5051 1032 5105 Hieron.
1073 5051 1123 5103 iu
1149 5050 1264 5103 Isai.
1299 5050 1405 5103 LV.

411 5160 427 5172 .
456 5122 544 5174 28.
583 5138 687 5190 prce
714 5121 918 5191 regibus
940 5133 1100 5173 terraz.
1124 5125 1186 5173 Α.
1218 5120 1281 5175 6.
1309 5119 1370 5174 C.
1400 5122 1539 5190 apud
1568 5137 1708 5190 reges
1733 5129 1895 5172 terrce.

408 5231 424 5243 .
460 5192 548 5246 3L
579 5189 640 5244 ab
679 5189 861 5244 cofbl.
892 5189 950 5244 C.
979 5191 1038 5242 ab
1069 5193 1154 5244 eis.

329 5259 468 5318 Item
510 5263 545 5331 Ῡ
570 5303 582 5314 .
612 5264 696 5317 51.
732 5277 886 5329 neque
928 5263 1128 5314 nocebo.
1167 5261 1234 5314 Μ.
1289 5260 1570 5323 addit,eis.
1603 5260 1664 5313 C.
1698 5259 1856 5313 habet
1885 5301 1900 5322 ,

402 5350 567 5403 neque
589 5335 854 5401 decipiam.

340 5407 376 5472 ᾗ
406 5445 420 5458 .
455 5402 544 5458 '55.
576 5421 673 5456 non
706 5404 886 5475 faciam
915 5402 1078 5475 irrita.
1112 5403 1172 5455 A.
1205 5419 1303 5475 non
1329 5402 1620 5471 reprobubo.

338 5470 376 5548 'y
403 5517 419 5528 .
458 5476 552 5531 59.
578 5486 630 5548 et
648 5470 933 5548 tlesperisti.
965 5474 1028 5526 A.
1057 5475 1198 5548 et‘ad
1232 5470 1444 5548 nihilum
1466 5472 1736 5548 deduxisti.
1762 5470 1902 5548 G.iet

399 5563 500 5617 pro
526 5547 683 5598 nihilo
707 5545 915 5607 duxisti,
939 5553 984 5596 et
1007 5543 1262 5614 neglexisti
1296 5561 1405 5597 nos.
1455 5542 1548 5598 Gr.
1593 5554 1675 5595 καὶ
1721 5547 1903 5608 ἐξουδέ-

399 5640 553 5676 mea;
561 5656 572 5668 .

331 5691 372 5760 7
401 5730 416 5740 .
452 5684 825 5760 ιὶοηεξπενιίδιὶ.
863 5685 925 5738 R.
981 5683 1135 5738 Rom.
1187 5683 1253 5739 Μ.
1294 5684 1352 5738 C.
1399 5684 1523 5739 Car.
1571 5683 1724 5738 Colb.
1781 5682 1906 5736 Gal.

393 5757 637 5811 Arertisti
647 5795 658 5806 .

316 5830 466 5888 Item
513 5827 546 5897 ᾗ
574 5867 586 5880 .
617 5827 702 5882 40.
736 5826 1071 5882 sanctuaiium
1102 5826 1226 5896 ejus.
1261 5827 1320 5880 Λ.
1353 5826 1417 5881 R.
1446 5825 1600 5883 Rom.
1643 5823 1715 5877 Μ.
1745 5826 1806 5881 6.
1841 5825 1899 5880 (λ.

326 1461 366 1531 Ῡ

327 1532 366 1600 y

326 1601 368 1670 Ῡ

327 1673 368 1740 Ῡ

1521 843 1578 879 ur
1603 827 1669 878 ad
1696 827 1880 879 insunt.
1965 861 1976 872 ς

2064 473 2210 552 jiutta
2247 470 2349 552 Gr.
2395 472 2706 552 sanctitatem
2726 455 2853 552 ejus:
2875 476 3044 552 _Hel_)r.
3070 481 3302 537 diadema
3322 485 3448 552 ejus.

2009 545 2042 615 ᾗ
2069 584 2082 598 .
2113 545 2202 615 41.
2234 544 2601 615 ﬁrmamentum
2626 544 2758 614 ejus;
2780 550 2843 602 A.
2875 548 2937 602 R.
2966 548 3120 604 Rom.
3164 553 3232 606 M.
3273 544 3429 609 G.'C.
3465 553 3560 612 Gr.

2064 614 2366 685 munitiones
2391 616 2522 685 ejus.
2548 614 2616 668 Et
2650 617 2726 670 sic
2748 617 2930 685 Hebr.

2007 685 2041 755 ᾗ
2067 723 2080 736 .
2105 685 2196 738 43.
2227 684 2612 755 deprimendum
2650 703 2780 740 eum.
2814 690 2878 742 A.
2903 690 2967 743 R.
2999 690 3154 745 Rom.
3185 692 3252 746 Ill.
3284 691 3350 749 G.
3375 693 3436 749 C.
3461 693 3554 749 Gr.

2065 755 2382 808 inimicorum
2413 753 2538 822 ejus.
2563 756 2724 811 Hebr.
2757 758 2971 812 hostium
2993 763 3119 816 eius.

2012 825 2080 895 ᾗ.
2111 826 2198 879 45.
2227 823 2533 895 Destruazisti
2563 844 2672 879 eum
2701 830 2762 881 ab
2790 822 3159 887 emundatione.
3189 833 3252 886 A.
3303 832 3368 888 R.
3400 833 3556 889 Rom.

2066 896 2132 948 Μ.
2163 895 2227 949 6.
2257 895 2316 948 C.
2338 892 2429 947 Gr.
2456 893 2737 950 Dissolviin
2762 916 2891 962 eum,
2919 908 3020 954 etc.
3051 900 3114 956 G.
3147 920 3178 955 a
3203 903 3552 959 destructione.

2008 965 2042 1044 ᾇ
2066 1005 2079 1018 .
2105 965 2300 1044 tentes
2315 965 2547 1044 temporis
2561 969 2686 1044 ejus.
2697 967 2892 1044 A.G.C.
2905 970 3058 1044 jux_ta
3075 970 3277 1044 G_r.dies
3290 975 3419 1029 sedis
3433 977 3562 1044 ejus.

2008 1035 2194 1106 7.747.
2227 1038 2424 1106 avertis.
2476 1037 2538 1090 A.
2580 1035 2648 1092 Μ.
2681 1035 2933 1094 averteris.
2984 1041 3049 1094 R.
3109 1042 3262 1096 Rom.
3313 1035 3566 1098 irascbris.

2068 1105 2132 1160 G.
2155 1110 2216 1159 (Σ.
2246 1105 2422 1159 avertis
2447 1112 2510 1156 te.

2505 1195 2570 1233 EX
2597 1193 2795 1234 PSALMO
2819 1196 3036 1234 LXXXIX.

2009 1246 2043 1315 ᾖ
2066 1246 2332 1373 ἐξ2.οἷηϐεδ
2358 1251 2512 1305 Deus.
2543 1249 2660 1304 Vox
2691 1249 2830 1324 Deus
2855 1250 3004 1305 abest
3040 1251 3107 1306 ab
3135 1252 3200 1304 Α.
3224 1252 3376 1307 Rom.
3403 1250 3471 1309 Μ.
3499 1255 3565 1312 6.

2112 1357 2123 1368 .
2287 1335 2329 1372 r.

2112 1357 2123 1368 .
2157 1327 2208 1371 Cl
2238 1327 2329 1372 ΕΓ.

2010 1387 2044 1456 ᾗ
2069 1389 2166 1461 ει.
2199 1399 2244 1441 et
2280 1393 2526 1446 custodia.
2574 1393 2637 1445 Α.
2662 1401 2706 1446 et
2735 1391 2864 1444 sicut
2891 1391 3080 1461 vigilia.
3109 1392 3175 1445 R.
3218 1392 3371 1448 Rom.
3404 1395 3472 1452 Μ.
3495 1389 3564 1452 6.

2067 1457 2126 1511 C.
2147 1470 2192 1511 et
2217 1461 2343 1513 sicut
2366 1463 2611 1516 custodia.

2010 1528 2045 1592 ἓ
2071 1566 2083 1579 .
2115 1527 2165 1582 9.
2197 1533 2582 1586 meditabantur.
2611 1533 2674 1586 A.
2704 1529 3089 1584 meditabantur.
3117 1533 3280 1588 Favet
3308 1534 3402 1590 Gr.
3457 1571 3466 1582 .

2014 1599 2200 1673 ᾖδξ.
2233 1603 2306 1654 sic
2337 1615 2505 1656 notam
2535 1607 2636 1673 fac.
2677 1603 2735 1655 Α.
2766 1610 2935 1654 notam
2964 1601 3047 1670 [ac
3080 1604 3246 1658 mihi:
3275 1607 3472 1660 omisso
3496 1607 3564 1661 sic

2069 1668 2132 1722 R.
2163 1670 2317 1744 Rom.
2335 1673 2412 1744 AG.
2438 1668 2627 1744 notam,
2643 1675 2723 1744 {ac
2749 1673 2908 1744 nobis.

1999 1738 2124 1793 Item
2172 1742 2205 1810 ἢν
2229 1782 2242 1795 .
2294 1742 2382 1797 I2.
2434 1753 2477 1796 et
2507 1738 2748 1796 eruditos.
2791 1742 3035 1796 Nonnulli
3068 1743 3274 1798 codices
3304 1754 3435 1800 teste
3459 1747 3569 1800 Αυι

2070 1812 2298 1879 gustiuo,
2317 1824 2361 1867 et
2382 1815 2724 1883 compeditos,
2770 1812 2909 1881 quod
2961 1813 3011 1865 iu
3035 1814 3126 1867 Gr.
3184 1830 3279 1883 pro
3310 1821 3564 1872 πιπαιδινιι

2066 1889 2251 1947 μένους,
2283 1884 2495 1952 quidam
2526 1885 2762 1952 legerent
2781 1887 3138 1948 πεπεδημένους.

2012 1951 2084 2023 ᾗ.
2117 1952 2199 2004 15.
2236 1971 2389 2021 usque
2407 1971 2520 2023 quo.
2558 1951 2618 2006 R.
2655 1954 2807 2007 Rom.
2842 1953 2908 2004 Μ.
2943 1954 3004 2003 6.
3034 1954 3418 2023 aliquantulum.

2016 2021 2208 2095 Ῡᾷ17ζ
2235 2033 2280 2076 et
2327 2021 2452 2095 opus
2487 2040 2722 2077 manuum
2749 2031 3040 2095 nostrarum
3081 2021 3336 2095 dirige._ld
3363 2027 3510 2080 abest
3531 2037 3559 2078 a

2069 2090 2132 2144 R.
2179 2091 2333 2146 Rom.
2361 2090 2448 2148 ’G.
2477 2096 2535 2146 C.
2587 2103 2639 2148 et
2685 2109 2713 2146 a
2753 2092 2846 2148 Gr.
2912 2092 3038 2147 Vide
3087 2090 3220 2147 infra
3269 2093 3459 2149 Enarr.
3512 2097 3564 2150 iu

2077 2161 2215 2216 I’sal.
2248 2163 2338 2230 89,
2371 2180 2420 2220 n.
2458 2166 2543 2218 17.

2558 2249 2628 2288 EX
2675 2248 2876 2288 PSALMO
2919 2247 3006 2288 XC.

2014 2301 2050 2369 ᾖ
2075 2341 2089 2355 .
2118 2305 2170 2357 ὃ.
2199 2303 2440 2356 liberavit.
2472 2305 2538 2357 A.
2570 2313 2723 2357 eruet.
2749 2303 2817 2356 Μ.
2850 2303 3074 2357 liberabit
3105 2319 3122 2357 :
3147 2303 3296 2372 juxta
3318 2305 3410 2360 Gr.

2015 2372 2049 2442 ᾗ
2075 2373 2684 2446 ..4.--8ερρυιὶεδαξε.ᾃΑ.
2709 2374 2856 2446 juxta
2883 2372 3140 2446 Gr.lnter
3167 2376 3400 2446 scapulas
3427 2393 3566 2432 suos.

2073 2442 2136 2513 G.
2166 2443 2226 2498 C.
2257 2443 2378 2498 Car.
2413 2444 2537 2500 Ger.
2568 2444 2685 2500 Gal.
2717 2443 2782 2496 In
2811 2444 3029 2513 scapulis
3049 2445 3175 2498 suis.

2014 2512 2049 2583 ᾗ
2074 2511 2155 2594 .6.
2202 2515 2264 2567 ab
2293 2517 2514 2569 incursu.
2568 2517 2634 2569 A.
2681 2514 2742 2568 R.
2772 2511 2926 2569 Rom.
2970 2514 3038 2567 M.
3068 2513 3134 2570 6.
3163 2515 3226 2570 G.
3247 2515 3396 2586 juxta
3418 2516 3508 2572 Gr.
3539 2528 3570 2570 α

2069 2599 2236 2637 ruma.

2016 2651 2048 2723 ᾖ
2075 2655 2204 2723 .710.
2238 2653 2357 2707 Non
2387 2656 2584 2710 accedet
2610 2656 2676 2707 ad
2703 2664 2749 2708 te
2777 2655 2984 2707 malum.
3019 2654 3081 2708 A.
3119 2655 3183 2708 R.
3215 2654 3368 2709 Rom.
3399 2655 3463 2710 Μ.
3492 2655 3559 2712 6.

2069 2722 2131 2776 C.
2181 2725 2274 2778 Gr.
2303 2723 2422 2777 Non
2447 2726 2680 2778 accedent
2727 2725 2793 2776 ad
2817 2735 2864 2776 te
2888 2723 3041 2776 mala.

2016 2793 2049 2861 ᾗ
2076 2830 2090 2844 .
2117 2793 2202 2847 12.
2227 2794 2489 2864 portabunt
2509 2805 2571 2848 te.
2604 2796 2669 2848 Α.
2696 2795 2841 2861 juxta
2865 2792 2957 2864 Gr.
2987 2795 3157 2864 tollent
3186 2805 3250 2848 te.

2003 2862 2132 2937 Item
2173 2862 2244 2933 7'.
2275 2866 2359 2918 I2.
2385 2881 2445 2918 ne
2472 2869 2617 2936 forte.
2665 2868 2728 2918 A.
2761 2864 2829 2917 Μ.
2863 2863 2926 2918 6.
2965 2863 3027 2918 C.
3062 2863 3154 2920 Gr.
3186 2865 3466 2936 nequando.
3502 2862 3567 2923 ἢ.

2073 2935 2228 2988 Rom.
2258 2952 2319 2989 ne
2353 2951 2592 3006 unquam.

2565 3021 2633 3060 EX
2660 3019 2857 3060 PSALIO
2903 3019 3009 3063 XCI.

2017 3076 2052 3148 Ῡ
2076 3074 2176 3149 χε·
2201 3085 2246 3128 ει
2279 3077 2604 3149 αρρανιιεισὶιιι
2621 3092 2813 3134 omnes.
2839 3081 2903 3132 Α.
2921 3078 2990 3149 Μ.
3013 3080 3356 3149 prospexerint
3382 3096 3569 3134 omnes.

2077 3145 2142 3201 G.
2184 3155 2230 3198 et
2278 3148 2570 3216 proscaltal-t
2611 3161 2728 3204 sunt
2769 3165 2901 3204 eum.
2934 3145 3023 3204 CX
3049 3160 3098 3204 et
3122 3145 3430 3220 proscultata
3457 3157 3572 3205 sunt

2074 3233 2268 3274 omnes.

2021 3307 2056 3362 γ
2081 3330 2095 3344 .
2126 3290 2212 3346 10.
2249 3289 2496 3362 Quoniam
2527 3290 2852 3362 ecceininiici
2883 3291 2977 3362 tui.
3003 3289 3057 3345 Id
3080 3291 3311 3347 secundo
3337 3292 3455 3347 loco
3481 3293 3574 3344 aba

2075 3371 2158 3415 est
2181 3362 2247 3416 ab
2279 3364 2338 3413 Α.
2364 3360 2427 3414 R.
2457 3361 2608 3412 Rom.
2633 3360 2696 3414 G.
2725 3359 2785 3413 C.
2815 3369 2916 3414 eta
2946 3360 3039 3414 Gr.

2020 3430 2091 3502 7.
2141 3431 2224 3484 11.
2265 3431 2318 3483 in
2358 3430 2699 3484 misericordia
2745 3431 2904 3484 uberi.
2936 3433 3000 3485 A.
3032 3431 3096 3486 G.
3146 3431 3202 3486 in
3230 3432 3575 3486 misericordia

2078 3518 2266 3570 pingui.

2020 3572 2053 3641 ᾗ
2080 3569 2092 3622 .
2124 3570 2208 3625 η.
2239 3569 2306 3624 Et
2335 3570 2560 3637 despexit
2606 3573 2779 3626 oculus
2808 3589 2943 3625 meus
2972 3573 3199 3626 inimicos
3230 3588 3383 3626 meos.
3419 3572 3480 3625 A.
3507 3572 3571 3626 R.

2077 3642 2230 3695 Rom.
2263 3641 2327 3694 Μ.
2345 3641 2407 3696 6.
2439 3644 2498 3695 t2.
2527 3641 2618 3696 Gr.
2644 3643 2711 3696 Et
2738 3643 2975 3709 respexit,
3001 3651 3103 3696 etc.
3129 3642 3286 3696 Hebr.
3315 3641 3384 3693 Et
3411 3643 3574 3702 respi-

2075 3715 2190 3775 ciet,
2223 3722 2324 3765 ctc.
2381 3715 2443 3764 Α.
2487 3712 2634 3780 juxta
2664 3711 2757 3768 Gr.
2796 3713 2849 3765 in
2895 3713 3108 3765 inimicis
3150 3713 3288 3764 meis.
3319 3711 3384 3766 G.
3407 3715 3578 3764 oculus

2078 3792 2188 3836 tuus
2217 3797 2234 3834 :
2260 3793 2313 3834 et
2343 3782 2492 3843 intra,
2519 3783 2724 3835 audient
2756 3798 2901 3834 aures
2923 3781 3041 3834 tate.

2021 3853 2095 3922 ᾗ.
2146 3852 2230 3905 15.
2265 3850 2960 3922 Atiliucﬂmultiplicabuntur.
3008 3851 3073 3906 G.
3107 3850 3552 3921 Supermulliplica

2078 3921 2282 3976 buntur.
2315 3920 2406 3976 Gr.
2435 3921 2576 3974 Tunc
2606 3920 3086 3989 multiplicabanttur.

2008 3991 2240 4072 Item.)
2265 4031 2279 4044 .
2311 3992 2397 4047 t5.
2425 4000 2472 4046 et
2495 3990 2616 4045 bene
2649 3991 2913 4061 patientes.
2960 3997 3023 4048 Α.
3059 3991 3206 4062 juxta
3236 3991 3328 4046 Gr.
3360 3999 3406 4045 et
3428 4001 3570 4047 trans

2075 4061 2240 4133 quilli.

2543 4149 2614 4187 EX
2661 4146 2858 4188 I’SALMO
2895 4148 3022 4187 XCII.

2008 4203 2112 4258 Tit.
2139 4203 2192 4256 in
2216 4203 2297 4257 die
2320 4211 2435 4256 ante
2462 4204 2736 4257 sabbatum.
2753 4203 2816 4257 G.
2845 4205 2896 4254 in
2918 4203 2999 4256 die
3013 4202 3222 4255 sabbati.

2009 4273 2141 4328 Ibid.
2183 4274 2382 4346 quando
2429 4275 2639 4345 fundata
2691 4282 2779 4327 est.
2837 4273 2992 4327 Rom.
3048 4273 3113 4328 G.
3174 4275 3235 4346 (1.
3283 4274 3404 4328 Car.
3451 4273 3574 4330 Gal.

2081 4345 2281 4415 quando
2311 4346 2588 4398 inhabitata
2612 4354 2702 4399 est.

2029 4413 2176 4486 7.7L
2197 4425 2258 4486 iet
2291 4415 2554 4486 prwcinxit
2579 4433 2650 4470 se.
2683 4418 2745 4470 Α.
2801 4424 2846 4467 et
2881 4415 3174 4484 prtecinclus
3198 4423 3288 4467 est.
3319 4413 3384 4467 R.
3417 4414 3574 4469 Rom.

2085 4485 2153 4539 Μ.
2181 4485 2244 4540 6.
2277 4485 2339 4538 C.
2372 4493 2419 4538 et
2446 4487 2707 4554 pra’cinasit
2736 4502 2788 4539 se
2813 4487 3060 4538 virtutem.

2027 4558 2059 4627 ᾖ
2086 4596 2098 4608 .
2124 4552 2512 4627 5.Aelevaverunt
2528 4558 2739 4625 [lumina
2768 4557 2952 4627 [luctus
2981 4571 3115 4608 suos.
3149 4552 3205 4607 Id
3226 4555 3376 4608 abest
3396 4555 3463 4608 ab
3501 4557 3568 4610 A.

2086 4627 2147 4692 R.
2178 4625 2330 4679 Rom.
2361 4626 2427 4678 M.
2456 4625 2520 4680 G.
2553 4627 2612 4678 G.
2639 4637 2691 4680 et
2714 4642 2742 4679 a
2771 4626 2862 4680 Gr.

2027 4699 2059 4766 ᾗ
2088 4736 2100 4750 .
2131 4697 2184 4750 4.
2211 4699 2450 4750 elationes
2479 4700 2652 4751 maris.
2690 4701 2753 4750 Α.
2783 4711 3099 4766 suspensurre
3125 4695 3296 4748 maris.

2027 4765 2059 4838 ᾖ
2085 4807 2099 4820 .
2131 4768 2182 4822 5.
2205 4768 2481 4820 credibilia.
2513 4770 2576 4821 Λ.
2607 4768 2814 4820 credita.
2839 4765 3002 4818 Favet
3027 4765 3116 4819 Gr.

2529 4854 2593 4891 EX
2653 4851 2853 4890 PSALMO
2920 4851 3068 4889 XCIII.

2028 4909 2059 4976 Ῡ
2088 4950 2099 4960 .
2133 4911 2179 4961 1.
2215 4909 2364 4962 libere
2391 4908 2507 4977 egit.
2538 4911 2601 4960 Α.
2628 4908 2775 4977 juxta
2808 4905 2900 4960 Gr.
2931 4907 3140 4977 ﬁdenter
3170 4909 3288 4976 egit.

2027 4974 2060 5049 ᾖ
2087 5017 2099 5030 .
2130 4980 2182 5032 4.
2205 4974 2532 5044 E/I'abuntur.
2575 4974 2640 5030 Α.
2673 4976 3014 5046 Respondent.
3046 4976 3109 5029 R.
3140 4974 3296 5031 Rom.
3322 4974 3392 5030 Μ.
3421 4977 3487 5032 6.
3513 4979 3578 5034 6.

2087 5049 2510 5102 l’ronuntiabunt.
3112 5059 3115 5066 '

2027 5121 2057 5187 ᾗ
2086 5159 2098 5172 .
2124 5118 2175 5172 9.
2208 5136 2305 5171 non
2331 5119 2518 5171 audiet.
2549 5117 2614 5172 G.
2639 5117 2786 5186 juxta
2817 5116 2911 5172 Gr.
2937 5134 3037 5171 non
3062 5119 3224 5171 audit.

2026 5191 2097 5259 ᾖ.
2149 5190 2227 5242 lii.
2282 5198 2327 5240 et
2375 5189 2460 5256 qui
2490 5189 2647 5259 juxta
2677 5188 2835 5240 illam.
2894 5191 2957 5242 A.
3008 5199 3052 5241 et
3095 5190 3178 5258 qui
3223 5188 3402 5244 habent
3456 5206 3585 5244 eam.

2075 5260 2139 5313 R.
2192 5259 2347 5313 Rom.
2381 5259 2444 5314 G.
2473 5259 2531 5313 C.
2565 5268 2610 5313 et
2637 5259 2720 5324 qui
2761 5267 2922 5312 tenent
2948 5275 3076 5311 eam.
3120 5260 3189 5313 Μ.
3221 5271 3266 5312 et
3306 5263 3588 5314 contineant

2086 5347 2215 5384 eam.
2272 5329 2432 5383 Hebr.
2494 5338 2540 5383 et
2598 5339 2862 5398 sequentur
2907 5330 3040 5382 illud
3092 5345 3111 5383 :
3163 5332 3388 5384 subaud.
3443 5331 3590 5399 judia

2083 5418 2233 5454 σιυηι.
2666 5424 2674 5429 ·

2017 5472 2163 5526 Item.
2207 5471 2244 5537 Ῡ
2268 5511 2279 5523 .
2310 5471 2395 5526 15.
2417 5487 2585 5526 omnes
2609 5473 2712 5540 qui.
2750 5471 3046 5526 Pronomen
3074 5472 3158 5539 qui
3182 5471 3331 5525 abest
3351 5471 3416 5522 ab
3439 5472 3492 5521 Λ.
3519 5469 3582 5521 (ἶ.

2027 5543 2098 5612 ᾗ.
2152 5541 2238 5596 19.
2288 5544 2649 5597 consolationes
2693 5553 2810 5596 tute.
2868 5545 2931 5595 Α.
2981 5541 3047 5594 Μ.
3090 5541 3154 5597 6.
3224 5541 3588 5594 exhortationes

2083 5624 2199 5666 ιιιω.

2014 5683 2140 5738 Item
2177 5685 2212 5752 Ῡ
2237 5723 2249 5736 .
2275 5685 2360 5739 19.
2387 5684 2780 5752 lazti/icaverunt.
2805 5682 2898 5738 Gr.
2921 5690 3103 5752 sonat.
3115 5683 3409 5732 dilexerunt.

2091 5794 2104 5808 .
2130 5755 2220 5810 20.
2250 5751 2497 5808 laborem.
2518 5759 2580 5808 Λ.
2612 5755 2678 5806 R.
2708 5754 2860 5806 Rom.
2885 5753 2952 5806 Μ.
2977 5752 3038 5807 6.
3071 5751 3130 5804 C.
3159 5752 3402 5805 dolorem.

2091 5864 2104 5880 .
2133 5825 2223 5883 25.
2249 5827 2557 5899 iniquitatem
2582 5827 2822 5898 ipsorum,
2847 5833 2890 5875 et
2917 5825 2966 5876 in
2995 5817 3185 5873 malitia
3213 5837 3400 5875 eorum.
3419 5824 3480 5877 Α.
3507 5836 3584 5875 se-
