  <div class='ocr_page' id='page_1' title='image "/cluster/home/n/w/nwhite01/storage/ocr_20150623/36/hvd.32044096580584/035.png"; bbox 0 0 4046 6200; ppageno 0'>
   <div class='ocr_carea' id='block_1_1' title="bbox 357 251 3561 337">
    <p class='ocr_par' dir='ltr' id='par_1_1' title="bbox 357 251 3561 337">
     <span class='ocr_line' id='line_1_1' title="bbox 357 251 3561 337; baseline 0.001 -28"><span class='ocrx_word' id='word_1_1' title='bbox 357 252 424 309; x_wconf 70' lang='lat'><strong><em>55</em></strong></span> <span class='ocrx_word' id='word_1_2' title='bbox 1138 256 1305 312; x_wconf 78' lang='lat' dir='ltr'><strong><em>LOGA</em></strong></span> <span class='ocrx_word' id='word_1_3' title='bbox 1348 253 1439 311; x_wconf 78' lang='lat' dir='ltr'><strong><em>EX</em></strong></span> <span class='ocrx_word' id='word_1_4' title='bbox 1469 251 1747 309; x_wconf 64' lang='lat' dir='ltr'><strong><em>PSALMIS</em></strong></span> <span class='ocrx_word' id='word_1_5' title='bbox 1782 252 2142 310; x_wconf 77' lang='lat' dir='ltr'><strong>VARIANTIA</strong></span> <span class='ocrx_word' id='word_1_6' title='bbox 2184 252 2247 310; x_wconf 77' lang='lat' dir='ltr'><strong>IN</strong></span> <span class='ocrx_word' id='word_1_7' title='bbox 2286 252 2697 337; x_wconf 77' lang='lat' dir='ltr'><strong><em>PSALTERIIS.</em></strong></span> <span class='ocrx_word' id='word_1_8' title='bbox 3494 255 3561 312; x_wconf 77' lang='lat'><strong><em>56</em></strong></span> 
     </span>
    </p>
   </div>
   <div class='ocr_carea' id='block_1_2' title="bbox 352 362 1896 442">
    <p class='ocr_par' dir='ltr' id='par_1_2' title="bbox 352 362 1896 442">
     <span class='ocr_line' id='line_1_2' title="bbox 352 362 1896 442; baseline -0.007 -13"><span class='ocrx_word' id='word_1_9' title='bbox 352 376 384 442; x_wconf 51' lang='grc' dir='ltr'><strong><em>ξι</em></strong></span> <span class='ocrx_word' id='word_1_10' title='bbox 407 412 421 423; x_wconf 75' lang='grc' dir='ltr'><strong><em>ο</em></strong></span> <span class='ocrx_word' id='word_1_11' title='bbox 461 372 544 429; x_wconf 64' lang='grc'><strong><em>14.</em></strong></span> <span class='ocrx_word' id='word_1_12' title='bbox 570 372 699 442; x_wconf 80' lang='lat' dir='ltr'><strong><em>elegi</em></strong></span> <span class='ocrx_word' id='word_1_13' title='bbox 724 387 851 442; x_wconf 71' lang='lat' dir='ltr'><strong><em>eam.</em></strong></span> <span class='ocrx_word' id='word_1_14' title='bbox 890 369 955 442; x_wconf 20' lang='grc' dir='ltr'><strong>ΑΔ.</strong></span> <span class='ocrx_word' id='word_1_15' title='bbox 1094 366 1248 442; x_wconf 83' lang='lat' dir='ltr'><strong><em>Rom.</em></strong></span> <span class='ocrx_word' id='word_1_16' title='bbox 1275 366 1343 421; x_wconf 88' lang='grc' dir='ltr'><strong><em>Μ.</em></strong></span> <span class='ocrx_word' id='word_1_17' title='bbox 1376 364 1440 421; x_wconf 87' lang='lat' dir='ltr'><strong><em>G.</em></strong></span> <span class='ocrx_word' id='word_1_18' title='bbox 1469 364 1532 419; x_wconf 86' lang='lat' dir='ltr'><strong><em>Il.</em></strong></span> <span class='ocrx_word' id='word_1_19' title='bbox 1560 362 1618 419; x_wconf 86' lang='lat' dir='ltr'><strong><em>C.</em></strong></span> <span class='ocrx_word' id='word_1_20' title='bbox 1642 362 1735 419; x_wconf 85' lang='lat' dir='ltr'><strong><em>Gr.</em></strong></span> <span class='ocrx_word' id='word_1_21' title='bbox 1766 379 1896 432; x_wconf 80' lang='lat' dir='ltr'><strong><em>pra:-</em></strong></span> 
     </span>
    </p>
   </div>
   <div class='ocr_carea' id='block_1_3' title="bbox 410 436 1330 511">
    <p class='ocr_par' dir='ltr' id='par_1_3' title="bbox 410 436 1330 511">
     <span class='ocr_line' id='line_1_3' title="bbox 410 436 1330 511; baseline -0.002 -20"><span class='ocrx_word' id='word_1_22' title='bbox 410 443 536 511; x_wconf 57' lang='lat' dir='ltr'><strong><em>elegi</em></strong></span> <span class='ocrx_word' id='word_1_23' title='bbox 561 436 693 497; x_wconf 76' lang='lat' dir='ltr'><strong><em>eam.</em></strong></span> <span class='ocrx_word' id='word_1_24' title='bbox 722 440 877 496; x_wconf 80' lang='lat' dir='ltr'><strong><em>Itebr.</em></strong></span> <span class='ocrx_word' id='word_1_25' title='bbox 909 436 1182 511; x_wconf 69' lang='lat' dir='ltr'><strong><em>desideraui</em></strong></span> <span class='ocrx_word' id='word_1_26' title='bbox 1202 452 1330 511; x_wconf 80' lang='lat' dir='ltr'><strong><em>eam.</em></strong></span> 
     </span>
    </p>
   </div>
   <div class='ocr_carea' id='block_1_4' title="bbox 355 503 1900 580">
    <p class='ocr_par' dir='ltr' id='par_1_4' title="bbox 355 503 1900 580">
     <span class='ocr_line' id='line_1_4' title="bbox 355 503 1900 580; baseline -0.006 -16"><span class='ocrx_word' id='word_1_27' title='bbox 355 516 382 564; x_wconf 64' lang='grc' dir='ltr'><strong><em>ξ</em></strong></span> <span class='ocrx_word' id='word_1_28' title='bbox 414 556 421 562; x_wconf 95' lang='grc'><strong><em>.</em></strong></span> <span class='ocrx_word' id='word_1_29' title='bbox 458 503 542 569; x_wconf 59' lang='grc'><strong>13.</strong></span> <span class='ocrx_word' id='word_1_30' title='bbox 592 511 805 566; x_wconf 76' lang='lat' dir='ltr'><strong><em>Viduam</em></strong></span> <span class='ocrx_word' id='word_1_31' title='bbox 845 511 969 580; x_wconf 88' lang='lat' dir='ltr'><strong><em>ejus.</em></strong></span> <span class='ocrx_word' id='word_1_32' title='bbox 1010 506 1233 580; x_wconf 81' lang='lat' dir='ltr'><strong><em>Quidam</em></strong></span> <span class='ocrx_word' id='word_1_33' title='bbox 1281 507 1561 580; x_wconf 74' lang='lat' dir='ltr'><strong><em>interpres,</em></strong></span> <span class='ocrx_word' id='word_1_34' title='bbox 1609 503 1900 580; x_wconf 78' lang='lat' dir='ltr'><strong><em>Captionem</em></strong></span> 
     </span>
    </p>
   </div>
   <div class='ocr_carea' id='block_1_5' title="bbox 406 574 1903 649">
    <p class='ocr_par' dir='ltr' id='par_1_5' title="bbox 406 574 1903 649">
     <span class='ocr_line' id='line_1_5' title="bbox 406 574 1903 649; baseline -0.011 -8"><span class='ocrx_word' id='word_1_35' title='bbox 406 586 533 648; x_wconf 54' lang='lat' dir='ltr'><strong><em>eius,</em></strong></span> <span class='ocrx_word' id='word_1_36' title='bbox 565 593 699 638; x_wconf 81' lang='lat' dir='ltr'><strong><em>teste</em></strong></span> <span class='ocrx_word' id='word_1_37' title='bbox 729 574 944 642; x_wconf 79' lang='lat' dir='ltr'><strong><em>Hilario,</em></strong></span> <span class='ocrx_word' id='word_1_38' title='bbox 974 574 1062 649; x_wconf 86' lang='lat' dir='ltr'><strong><em>qui</em></strong></span> <span class='ocrx_word' id='word_1_39' title='bbox 1089 578 1306 649; x_wconf 82' lang='lat' dir='ltr'><strong><em>alteram</em></strong></span> <span class='ocrx_word' id='word_1_40' title='bbox 1336 576 1612 649; x_wconf 79' lang='lat' dir='ltr'><strong><em>lectionem</em></strong></span> <span class='ocrx_word' id='word_1_41' title='bbox 1631 574 1903 649; x_wconf 61' lang='lat' dir='ltr'><strong><em>antiquio-</em></strong></span> 
     </span>
    </p>
   </div>
   <div class='ocr_carea' id='block_1_6' title="bbox 412 643 1902 717">
    <p class='ocr_par' dir='ltr' id='par_1_6' title="bbox 412 643 1902 717">
     <span class='ocr_line' id='line_1_6' title="bbox 412 643 1902 717; baseline -0.005 -12"><span class='ocrx_word' id='word_1_42' title='bbox 412 643 529 706; x_wconf 72' lang='lat' dir='ltr'><strong><em>rent</em></strong></span> <span class='ocrx_word' id='word_1_43' title='bbox 566 667 686 707; x_wconf 90' lang='lat' dir='ltr'><strong><em>esse</em></strong></span> <span class='ocrx_word' id='word_1_44' title='bbox 721 660 775 704; x_wconf 79' lang='lat' dir='ltr'><strong><em>et</em></strong></span> <span class='ocrx_word' id='word_1_45' title='bbox 816 643 1032 703; x_wconf 77' lang='lat' dir='ltr'><strong><em>omnino</em></strong></span> <span class='ocrx_word' id='word_1_46' title='bbox 1060 643 1391 717; x_wconf 77' lang='lat' dir='ltr'><strong><em>sequendam</em></strong></span> <span class='ocrx_word' id='word_1_47' title='bbox 1431 643 1902 717; x_wconf 39' lang='grc' dir='ltr'><strong><em>όὶςίιηϐιυηιιᾳὺβι</em></strong></span> 
     </span>
    </p>
   </div>
   <div class='ocr_carea' id='block_1_7' title="bbox 407 713 1903 793">
    <p class='ocr_par' dir='ltr' id='par_1_7' title="bbox 407 713 1903 793">
     <span class='ocr_line' id='line_1_7' title="bbox 407 713 1903 793; baseline -0.004 -20"><span class='ocrx_word' id='word_1_48' title='bbox 407 720 906 793; x_wconf 54' lang='grc' dir='ltr'><strong><em>ιιηραννινεπαιὶοηεηξ</em></strong></span> <span class='ocrx_word' id='word_1_49' title='bbox 924 734 943 772; x_wconf 93' lang='lat'><strong><em>:</em></strong></span> <span class='ocrx_word' id='word_1_50' title='bbox 974 716 1076 793; x_wconf 71' lang='lat' dir='ltr'><strong><em>sed</em></strong></span> <span class='ocrx_word' id='word_1_51' title='bbox 1120 713 1171 771; x_wconf 84' lang='lat' dir='ltr'><strong><em>iu</em></strong></span> <span class='ocrx_word' id='word_1_52' title='bbox 1209 718 1391 793; x_wconf 70' lang='lat' dir='ltr'><strong><em>multis</em></strong></span> <span class='ocrx_word' id='word_1_53' title='bbox 1425 715 1693 793; x_wconf 64' lang='lat' dir='ltr'><strong><em>codicibus</em></strong></span> <span class='ocrx_word' id='word_1_54' title='bbox 1722 713 1903 793; x_wconf 65' lang='lat' dir='ltr'><strong><em>habuit</em></strong></span> 
     </span>
    </p>
   </div>
   <div class='ocr_carea' id='block_1_8' title="bbox 409 784 1901 918">
    <p class='ocr_par' dir='ltr' id='par_1_8' title="bbox 409 784 1901 918">
     <span class='ocr_line' id='line_1_8' title="bbox 409 784 1899 864; baseline -0.006 -19"><span class='ocrx_word' id='word_1_55' title='bbox 409 784 573 864; x_wconf 54' lang='grc' dir='ltr'><strong><em>χήρανζ</em></strong></span> <span class='ocrx_word' id='word_1_56' title='bbox 597 792 817 854; x_wconf 75' lang='lat' dir='ltr'><strong><em>viduam,</em></strong></span> <span class='ocrx_word' id='word_1_57' title='bbox 835 790 907 843; x_wconf 94' lang='lat' dir='ltr'><strong><em>uti</em></strong></span> <span class='ocrx_word' id='word_1_58' title='bbox 936 788 1182 842; x_wconf 77' lang='lat' dir='ltr'><strong><em>observat</em></strong></span> <span class='ocrx_word' id='word_1_59' title='bbox 1207 787 1421 842; x_wconf 86' lang='lat' dir='ltr'><strong><em>Hieron.</em></strong></span> <span class='ocrx_word' id='word_1_60' title='bbox 1449 796 1638 856; x_wconf 66' lang='lat' dir='ltr'><strong><em>quiest.</em></strong></span> <span class='ocrx_word' id='word_1_61' title='bbox 1670 786 1720 839; x_wconf 90' lang='lat' dir='ltr'><strong><em>in</em></strong></span> <span class='ocrx_word' id='word_1_62' title='bbox 1743 784 1899 849; x_wconf 89' lang='lat' dir='ltr'><strong><em>Gen.,</em></strong></span> 
     </span>
     <span class='ocr_line' id='line_1_9' title="bbox 410 854 1901 918; baseline -0.005 -1"><span class='ocrx_word' id='word_1_63' title='bbox 410 880 457 917; x_wconf 87' lang='lat' dir='ltr'><strong><em>e.</em></strong></span> <span class='ocrx_word' id='word_1_64' title='bbox 481 863 568 918; x_wconf 71' lang='grc'><strong>15.</strong></span> <span class='ocrx_word' id='word_1_65' title='bbox 592 878 695 918; x_wconf 85' lang='lat' dir='ltr'><strong><em>auo</em></strong></span> <span class='ocrx_word' id='word_1_66' title='bbox 717 862 833 915; x_wconf 92' lang='lat' dir='ltr'><strong><em>loco</em></strong></span> <span class='ocrx_word' id='word_1_67' title='bbox 859 859 1014 914; x_wconf 88' lang='lat' dir='ltr'><strong><em>docet</em></strong></span> <span class='ocrx_word' id='word_1_68' title='bbox 1038 858 1255 913; x_wconf 79' lang='lat' dir='ltr'><strong><em>verbum</em></strong></span> <span class='ocrx_word' id='word_1_69' title='bbox 1301 857 1577 912; x_wconf 65' lang='lat' dir='ltr'><strong><em>Hebraeum</em></strong></span> <span class='ocrx_word' id='word_1_70' title='bbox 1608 854 1901 918; x_wconf 81' lang='lat' dir='ltr'><strong><em>signiﬁcare</em></strong></span> 
     </span>
    </p>
   </div>
   <div class='ocr_carea' id='block_1_9' title="bbox 407 871 1901 997">
    <p class='ocr_par' dir='ltr' id='par_1_9' title="bbox 407 871 1901 997">
     <span class='ocr_line' id='line_1_10' title="bbox 410 871 1901 933; baseline -0.005 -16"><span class='ocrx_word' id='word_1_71' title='bbox 410 880 457 917; x_wconf 88' lang='lat' dir='ltr'><strong><em>e.</em></strong></span> <span class='ocrx_word' id='word_1_72' title='bbox 481 871 568 925; x_wconf 72' lang='grc'><strong><em>45,</em></strong></span> <span class='ocrx_word' id='word_1_73' title='bbox 592 878 695 933; x_wconf 89' lang='lat' dir='ltr'><strong><em>quo</em></strong></span> <span class='ocrx_word' id='word_1_74' title='bbox 717 871 833 915; x_wconf 84' lang='lat' dir='ltr'><strong><em>loco</em></strong></span> <span class='ocrx_word' id='word_1_75' title='bbox 859 871 1014 914; x_wconf 80' lang='lat' dir='ltr'><strong><em>docet</em></strong></span> <span class='ocrx_word' id='word_1_76' title='bbox 1038 871 1255 913; x_wconf 81' lang='lat' dir='ltr'><strong><em>verbum</em></strong></span> <span class='ocrx_word' id='word_1_77' title='bbox 1301 871 1577 912; x_wconf 79' lang='lat' dir='ltr'><strong><em>Hebraeum</em></strong></span> <span class='ocrx_word' id='word_1_78' title='bbox 1608 871 1901 926; x_wconf 71' lang='lat' dir='ltr'><strong><em>sngmucare</em></strong></span> 
     </span>
     <span class='ocr_line' id='line_1_11' title="bbox 407 927 1901 997; baseline -0.003 -12"><span class='ocrx_word' id='word_1_79' title='bbox 407 933 595 987; x_wconf 84' lang='lat' dir='ltr'><strong><em>cibaria</em></strong></span> <span class='ocrx_word' id='word_1_80' title='bbox 620 949 639 987; x_wconf 91' lang='lat'><em>:</em></span> <span class='ocrx_word' id='word_1_81' title='bbox 668 932 789 987; x_wconf 90' lang='lat' dir='ltr'><strong><em>licet</em></strong></span> <span class='ocrx_word' id='word_1_82' title='bbox 811 931 864 984; x_wconf 90' lang='lat' dir='ltr'><strong><em>in</em></strong></span> <span class='ocrx_word' id='word_1_83' title='bbox 893 929 1149 984; x_wconf 87' lang='lat' dir='ltr'><strong><em>Psalterio</em></strong></span> <span class='ocrx_word' id='word_1_84' title='bbox 1173 928 1501 983; x_wconf 87' lang='lat' dir='ltr'><strong><em>transtulerit</em></strong></span> <span class='ocrx_word' id='word_1_85' title='bbox 1535 929 1648 997; x_wconf 88' lang='lat' dir='ltr'><strong><em>ipse</em></strong></span> <span class='ocrx_word' id='word_1_86' title='bbox 1677 927 1901 982; x_wconf 68' lang='lat' dir='ltr'><strong><em>venatio«</em></strong></span> 
     </span>
    </p>
   </div>
   <div class='ocr_carea' id='block_1_10' title="bbox 353 1019 1903 1143">
    <p class='ocr_par' dir='ltr' id='par_1_10' title="bbox 353 1019 1903 1143">
     <span class='ocr_line' id='line_1_12' title="bbox 353 1019 1903 1143; baseline -0.003 -17"><span class='ocrx_word' id='word_1_87' title='bbox 353 1075 381 1141; x_wconf 84' lang='lat'><strong><em>9</em></strong></span> <span class='ocrx_word' id='word_1_88' title='bbox 568 1071 702 1129; x_wconf 88' lang='lat' dir='ltr'><strong><em>Illuc</em></strong></span> <span class='ocrx_word' id='word_1_89' title='bbox 730 1071 1023 1143; x_wconf 75' lang='lat' dir='ltr'><strong><em>producam.</em></strong></span> <span class='ocrx_word' id='word_1_90' title='bbox 1046 1070 1110 1143; x_wconf 76' lang='grc' dir='ltr'><strong>ᾼ.</strong></span> <span class='ocrx_word' id='word_1_91' title='bbox 1136 1069 1224 1143; x_wconf 24' lang='lat' dir='ltr'><strong><em>Albi</em></strong></span> <span class='ocrx_word' id='word_1_92' title='bbox 1245 1068 1509 1143; x_wconf 63' lang='lat' dir='ltr'><strong><em>suscitabo.</em></strong></span> <span class='ocrx_word' id='word_1_93' title='bbox 1536 1066 1629 1143; x_wconf 84' lang='lat' dir='ltr'><strong><em>G_r.</em></strong></span> <span class='ocrx_word' id='word_1_94' title='bbox 1649 1072 1772 1143; x_wconf 46' lang='lat' dir='ltr'><strong><em>jus:</em></strong></span> <span class='ocrx_word' id='word_1_95' title='bbox 1793 1073 1903 1143; x_wconf 67' lang='grc' dir='ltr'><strong><em>ἐξαε-</em></strong></span> 
     </span>
    </p>
   </div>
   <div class='ocr_carea' id='block_1_11' title="bbox 408 1136 1902 1223">
    <p class='ocr_par' dir='ltr' id='par_1_11' title="bbox 408 1136 1902 1223">
     <span class='ocr_line' id='line_1_13' title="bbox 408 1136 1902 1223; baseline -0.005 -25"><span class='ocrx_word' id='word_1_96' title='bbox 408 1152 597 1223; x_wconf 46' lang='lat' dir='ltr'><strong><em>unum.</em></strong></span> <span class='ocrx_word' id='word_1_97' title='bbox 615 1136 879 1223; x_wconf 78' lang='lat' dir='ltr'><strong><em>_IIebr.Ibi</em></strong></span> <span class='ocrx_word' id='word_1_98' title='bbox 904 1141 1025 1195; x_wconf 87' lang='lat' dir='ltr'><strong><em>oriri</em></strong></span> <span class='ocrx_word' id='word_1_99' title='bbox 1048 1140 1252 1210; x_wconf 86' lang='lat' dir='ltr'><strong><em>faciant.</em></strong></span> <span class='ocrx_word' id='word_1_100' title='bbox 1282 1139 1348 1195; x_wconf 90' lang='lat' dir='ltr'><strong><em>R.</em></strong></span> <span class='ocrx_word' id='word_1_101' title='bbox 1376 1139 1532 1195; x_wconf 91' lang='lat' dir='ltr'><strong><em>Rom.</em></strong></span> <span class='ocrx_word' id='word_1_102' title='bbox 1555 1136 1619 1194; x_wconf 91' lang='lat' dir='ltr'><strong><em>G.</em></strong></span> <span class='ocrx_word' id='word_1_103' title='bbox 1649 1136 1713 1191; x_wconf 88' lang='lat' dir='ltr'><strong>II.</strong></span> <span class='ocrx_word' id='word_1_104' title='bbox 1734 1137 1796 1192; x_wconf 86' lang='lat' dir='ltr'><strong><em>C.</em></strong></span> <span class='ocrx_word' id='word_1_105' title='bbox 1821 1136 1902 1192; x_wconf 86' lang='lat' dir='ltr'><strong><em>Il-</em></strong></span> 
     </span>
    </p>
   </div>
   <div class='ocr_carea' id='block_1_12' title="bbox 351 1214 1900 1355">
    <p class='ocr_par' dir='ltr' id='par_1_12' title="bbox 351 1214 1900 1355">
     <span class='ocr_line' id='line_1_14' title="bbox 407 1214 789 1268; baseline -0.008 0"><span class='ocrx_word' id='word_1_106' title='bbox 407 1215 472 1268; x_wconf 80' lang='lat' dir='ltr'><strong><em>lic</em></strong></span> <span class='ocrx_word' id='word_1_107' title='bbox 561 1214 789 1268; x_wconf 85' lang='lat' dir='ltr'><strong><em>educam.</em></strong></span> 
     </span>
     <span class='ocr_line' id='line_1_15' title="bbox 351 1231 1900 1355; baseline -0.003 -20"><span class='ocrx_word' id='word_1_108' title='bbox 351 1285 384 1354; x_wconf 83' lang='lat'><strong>9</strong></span> <span class='ocrx_word' id='word_1_109' title='bbox 412 1324 429 1355; x_wconf 86' lang='grc'><strong><em>.</em></strong></span> <span class='ocrx_word' id='word_1_110' title='bbox 454 1231 901 1355; x_wconf 34' lang='lat' dir='ltr'><strong><em>Ifeﬂlorebit.AG.</em></strong></span> <span class='ocrx_word' id='word_1_111' title='bbox 929 1280 1196 1355; x_wconf 54' lang='lat' dir='ltr'><strong><em>[loricula</em></strong></span> <span class='ocrx_word' id='word_1_112' title='bbox 1220 1280 1366 1355; x_wconf 24' lang='lat' dir='ltr'><strong><em>Aquod</em></strong></span> <span class='ocrx_word' id='word_1_113' title='bbox 1392 1279 1622 1355; x_wconf 80' lang='lat' dir='ltr'><strong><em>Aug._d_e</em></strong></span> <span class='ocrx_word' id='word_1_114' title='bbox 1655 1277 1900 1355; x_wconf 73' lang='lat' dir='ltr'><strong><em>Doctrina</em></strong></span> 
     </span>
    </p>
   </div>
   <div class='ocr_carea' id='block_1_13' title="bbox 407 1348 1903 1422">
    <p class='ocr_par' dir='ltr' id='par_1_13' title="bbox 407 1348 1903 1422">
     <span class='ocr_line' id='line_1_16' title="bbox 407 1348 1903 1422; baseline -0.005 -13"><span class='ocrx_word' id='word_1_115' title='bbox 407 1348 720 1417; x_wconf 74' lang='lat' dir='ltr'><strong><em>Christiana,</em></strong></span> <span class='ocrx_word' id='word_1_116' title='bbox 752 1353 787 1409; x_wconf 89' lang='lat' dir='ltr'><strong><em>l.</em></strong></span> <span class='ocrx_word' id='word_1_117' title='bbox 812 1352 866 1416; x_wconf 74' lang='lat'><strong><em>2,</em></strong></span> <span class='ocrx_word' id='word_1_118' title='bbox 894 1348 941 1407; x_wconf 65' lang='lat' dir='ltr'><strong><em>cI</em></strong></span> <span class='ocrx_word' id='word_1_119' title='bbox 972 1353 1057 1406; x_wconf 83' lang='grc'><strong>15.</strong></span> <span class='ocrx_word' id='word_1_120' title='bbox 1086 1348 1259 1415; x_wconf 56' lang='lat' dir='ltr'><strong><em>Illud,</em></strong></span> <span class='ocrx_word' id='word_1_121' title='bbox 1283 1352 1377 1415; x_wconf 86' lang='lat' dir='ltr'><strong><em>ait,</em></strong></span> <span class='ocrx_word' id='word_1_122' title='bbox 1407 1348 1540 1422; x_wconf 82' lang='lat' dir='ltr'><strong><em>quod</em></strong></span> <span class='ocrx_word' id='word_1_123' title='bbox 1560 1420 1566 1422; x_wconf 17' lang='grc' dir='ltr'><strong>Α</strong></span> <span class='ocrx_word' id='word_1_124' title='bbox 1572 1351 1682 1418; x_wconf 85' lang='lat' dir='ltr'><strong><em>jam</em></strong></span> <span class='ocrx_word' id='word_1_125' title='bbox 1705 1348 1903 1422; x_wconf 69' lang='lat' dir='ltr'><strong><em>auferre</em></strong></span> 
     </span>
    </p>
   </div>
   <div class='ocr_carea' id='block_1_14' title="bbox 408 1416 1900 1495">
    <p class='ocr_par' dir='ltr' id='par_1_14' title="bbox 408 1416 1900 1495">
     <span class='ocr_line' id='line_1_17' title="bbox 408 1416 1900 1495; baseline -0.007 -12"><span class='ocrx_word' id='word_1_126' title='bbox 408 1441 509 1483; x_wconf 68' lang='lat' dir='ltr'><strong><em>non</em></strong></span> <span class='ocrx_word' id='word_1_127' title='bbox 542 1416 806 1495; x_wconf 88' lang='lat' dir='ltr'><strong><em>possumus</em></strong></span> <span class='ocrx_word' id='word_1_128' title='bbox 842 1424 905 1479; x_wconf 86' lang='lat' dir='ltr'><strong><em>de</em></strong></span> <span class='ocrx_word' id='word_1_129' title='bbox 941 1439 1041 1495; x_wconf 77' lang='lat' dir='ltr'><strong><em>ore</em></strong></span> <span class='ocrx_word' id='word_1_130' title='bbox 1066 1423 1373 1495; x_wconf 82' lang='lat' dir='ltr'><strong><em>cantantium</em></strong></span> <span class='ocrx_word' id='word_1_131' title='bbox 1400 1416 1900 1495; x_wconf 41' lang='lat' dir='ltr'><strong><em>populorumL&#39;Su-</em></strong></span> 
     </span>
    </p>
   </div>
   <div class='ocr_carea' id='block_1_15' title="bbox 408 1488 1902 1567">
    <p class='ocr_par' dir='ltr' id='par_1_15' title="bbox 408 1488 1902 1567">
     <span class='ocr_line' id='line_1_18' title="bbox 408 1488 1902 1567; baseline -0.004 -19"><span class='ocrx_word' id='word_1_132' title='bbox 408 1510 499 1566; x_wconf 83' lang='lat' dir='ltr'><strong><em>per</em></strong></span> <span class='ocrx_word' id='word_1_133' title='bbox 523 1488 687 1567; x_wconf 75' lang='lat' dir='ltr'><strong><em>ipsum</em></strong></span> <span class='ocrx_word' id='word_1_134' title='bbox 732 1503 895 1567; x_wconf 82' lang='lat' dir='ltr'><strong><em>autem</em></strong></span> <span class='ocrx_word' id='word_1_135' title='bbox 911 1492 1091 1567; x_wconf 75' lang='lat' dir='ltr'><strong><em>ﬂoriet</em></strong></span> <span class='ocrx_word' id='word_1_136' title='bbox 1114 1488 1443 1567; x_wconf 80' lang='lat' dir='ltr'><strong><em>sanctiﬁcatio</em></strong></span> <span class='ocrx_word' id='word_1_137' title='bbox 1479 1488 1609 1555; x_wconf 76' lang='lat' dir='ltr'><strong><em>inea;</em></strong></span> <span class='ocrx_word' id='word_1_138' title='bbox 1636 1488 1763 1544; x_wconf 81' lang='lat' dir='ltr'><strong><em>nihil</em></strong></span> <span class='ocrx_word' id='word_1_139' title='bbox 1787 1505 1902 1567; x_wconf 76' lang='lat' dir='ltr'><strong><em>pro-</em></strong></span> 
     </span>
    </p>
   </div>
   <div class='ocr_carea' id='block_1_16' title="bbox 412 1560 1902 1642">
    <p class='ocr_par' dir='ltr' id='par_1_16' title="bbox 412 1560 1902 1642">
     <span class='ocr_line' id='line_1_19' title="bbox 412 1560 1902 1642; baseline -0.005 -24"><span class='ocrx_word' id='word_1_140' title='bbox 412 1560 555 1642; x_wconf 58' lang='lat' dir='ltr'><strong><em>fecto</em></strong></span> <span class='ocrx_word' id='word_1_141' title='bbox 581 1565 858 1642; x_wconf 75' lang='lat' dir='ltr'><strong><em>s_ententiaz_</em></strong></span> <span class='ocrx_word' id='word_1_142' title='bbox 886 1560 1107 1642; x_wconf 77' lang='lat' dir='ltr'><strong><em>detrahit</em></strong></span> <span class='ocrx_word' id='word_1_143' title='bbox 1160 1579 1208 1642; x_wconf 41' lang='grc' dir='ltr'><em>ξ,</em></span> <span class='ocrx_word' id='word_1_144' title='bbox 1229 1560 1431 1642; x_wconf 74' lang='lat' dir='ltr'><strong><em>auditor</em></strong></span> <span class='ocrx_word' id='word_1_145' title='bbox 1483 1573 1675 1642; x_wconf 57' lang='lat' dir='ltr'><strong><em>tantem</em></strong></span> <span class='ocrx_word' id='word_1_146' title='bbox 1699 1560 1902 1642; x_wconf 68' lang='lat' dir='ltr'><strong><em>peritior</em></strong></span> 
     </span>
    </p>
   </div>
   <div class='ocr_carea' id='block_1_17' title="bbox 408 1626 1901 1707">
    <p class='ocr_par' dir='ltr' id='par_1_17' title="bbox 408 1626 1901 1707">
     <span class='ocr_line' id='line_1_20' title="bbox 408 1626 1901 1707; baseline -0.001 -22"><span class='ocrx_word' id='word_1_147' title='bbox 408 1635 576 1689; x_wconf 82' lang='lat' dir='ltr'><strong><em>mallet</em></strong></span> <span class='ocrx_word' id='word_1_148' title='bbox 602 1635 694 1689; x_wconf 89' lang='lat' dir='ltr'><strong><em>hoc</em></strong></span> <span class='ocrx_word' id='word_1_149' title='bbox 727 1634 929 1707; x_wconf 79' lang='lat' dir='ltr'><strong><em>corrigi,</em></strong></span> <span class='ocrx_word' id='word_1_150' title='bbox 958 1644 1012 1687; x_wconf 89' lang='lat' dir='ltr'><strong><em>ut</em></strong></span> <span class='ocrx_word' id='word_1_151' title='bbox 1044 1649 1144 1687; x_wconf 89' lang='lat' dir='ltr'><strong><em>non</em></strong></span> <span class='ocrx_word' id='word_1_152' title='bbox 1177 1632 1367 1698; x_wconf 79' lang='lat' dir='ltr'><strong><em>ﬂoriet,</em></strong></span> <span class='ocrx_word' id='word_1_153' title='bbox 1406 1633 1493 1687; x_wconf 90' lang='lat' dir='ltr'><strong><em>sed</em></strong></span> <span class='ocrx_word' id='word_1_154' title='bbox 1530 1626 1738 1686; x_wconf 83' lang='lat' dir='ltr'><strong><em>ﬂorebit</em></strong></span> <span class='ocrx_word' id='word_1_155' title='bbox 1764 1626 1901 1683; x_wconf 84' lang='lat' dir='ltr'><strong><em>dice-</em></strong></span> 
     </span>
    </p>
   </div>
   <div class='ocr_carea' id='block_1_18' title="bbox 408 1714 561 1761">
    <p class='ocr_par' dir='ltr' id='par_1_18' title="bbox 408 1714 561 1761">
     <span class='ocr_line' id='line_1_21' title="bbox 408 1714 561 1761; baseline 0.026 -4"><span class='ocrx_word' id='word_1_156' title='bbox 408 1714 561 1761; x_wconf 87' lang='lat' dir='ltr'><strong><em>retur.</em></strong></span> 
     </span>
    </p>
   </div>
   <div class='ocr_carea' id='block_1_19' title="bbox 845 1810 1392 1851">
    <p class='ocr_par' dir='ltr' id='par_1_19' title="bbox 845 1810 1392 1851">
     <span class='ocr_line' id='line_1_22' title="bbox 845 1810 1392 1851; baseline -0.004 0"><span class='ocrx_word' id='word_1_157' title='bbox 845 1812 911 1851; x_wconf 73' lang='lat' dir='ltr'><strong>EX</strong></span> <span class='ocrx_word' id='word_1_158' title='bbox 948 1810 1146 1851; x_wconf 75' lang='lat' dir='ltr'><strong><em>PSALIO</em></strong></span> <span class='ocrx_word' id='word_1_159' title='bbox 1182 1810 1392 1850; x_wconf 78' lang='lat' dir='ltr'><strong>CXXXII.</strong></span> 
     </span>
    </p>
   </div>
   <div class='ocr_carea' id='block_1_20' title="bbox 358 1905 1902 1978">
    <p class='ocr_par' dir='ltr' id='par_1_20' title="bbox 358 1905 1902 1978">
     <span class='ocr_line' id='line_1_23' title="bbox 358 1905 1902 1978; baseline 0.001 -19"><span class='ocrx_word' id='word_1_160' title='bbox 358 1909 424 1978; x_wconf 82' lang='lat'><strong><em>9.</em></strong></span> <span class='ocrx_word' id='word_1_161' title='bbox 466 1909 519 1964; x_wconf 78' lang='grc'><strong>5.</strong></span> <span class='ocrx_word' id='word_1_162' title='bbox 563 1908 614 1961; x_wconf 89' lang='lat' dir='ltr'><strong><em>in</em></strong></span> <span class='ocrx_word' id='word_1_163' title='bbox 643 1915 856 1961; x_wconf 79' lang='lat' dir='ltr'><strong><em>montem</em></strong></span> <span class='ocrx_word' id='word_1_164' title='bbox 906 1906 1052 1962; x_wconf 87' lang='lat' dir='ltr'><strong><em>Sion.</em></strong></span> <span class='ocrx_word' id='word_1_165' title='bbox 1093 1905 1157 1960; x_wconf 83' lang='grc' dir='ltr'><strong>Α.</strong></span> <span class='ocrx_word' id='word_1_166' title='bbox 1197 1905 1346 1975; x_wconf 78' lang='lat' dir='ltr'><strong><em>juxta</em></strong></span> <span class='ocrx_word' id='word_1_167' title='bbox 1389 1905 1482 1961; x_wconf 92' lang='lat' dir='ltr'><strong><em>Gr.</em></strong></span> <span class='ocrx_word' id='word_1_168' title='bbox 1525 1922 1675 1974; x_wconf 88' lang='lat' dir='ltr'><strong><em>super</em></strong></span> <span class='ocrx_word' id='word_1_169' title='bbox 1713 1915 1902 1960; x_wconf 84' lang='lat' dir='ltr'><strong><em>montes</em></strong></span> 
     </span>
    </p>
   </div>
   <div class='ocr_carea' id='block_1_21' title="bbox 413 1979 1683 2033">
    <p class='ocr_par' dir='ltr' id='par_1_21' title="bbox 413 1979 1683 2033">
     <span class='ocr_line' id='line_1_24' title="bbox 413 1979 1683 2033; baseline -0.012 -1"><span class='ocrx_word' id='word_1_170' title='bbox 413 1979 559 2033; x_wconf 83' lang='lat' dir='ltr'><strong><em>Sion.</em></strong></span> <span class='ocrx_word' id='word_1_171' title='bbox 1672 2000 1683 2017; x_wconf 91' lang='lat'><strong><em>.</em></strong></span> 
     </span>
    </p>
   </div>
   <div class='ocr_carea' id='block_1_22' title="bbox 853 2061 1405 2102">
    <p class='ocr_par' dir='ltr' id='par_1_22' title="bbox 853 2061 1405 2102">
     <span class='ocr_line' id='line_1_25' title="bbox 853 2061 1405 2102; baseline -0.005 0"><span class='ocrx_word' id='word_1_172' title='bbox 853 2063 922 2102; x_wconf 79' lang='lat' dir='ltr'><strong>EX</strong></span> <span class='ocrx_word' id='word_1_173' title='bbox 955 2061 1152 2102; x_wconf 74' lang='grc' dir='ltr'><strong><em>ΡεΑιιιο</em></strong></span> <span class='ocrx_word' id='word_1_174' title='bbox 1183 2061 1405 2102; x_wconf 72' lang='lat' dir='ltr'><strong>CXXXIV.</strong></span> 
     </span>
    </p>
   </div>
   <div class='ocr_carea' id='block_1_23' title="bbox 357 2114 1904 2189">
    <p class='ocr_par' dir='ltr' id='par_1_23' title="bbox 357 2114 1904 2189">
     <span class='ocr_line' id='line_1_26' title="bbox 357 2114 1904 2189; baseline 0 -19"><span class='ocrx_word' id='word_1_175' title='bbox 357 2120 387 2189; x_wconf 84' lang='lat'><strong>9</strong></span> <span class='ocrx_word' id='word_1_176' title='bbox 415 2159 426 2170; x_wconf 94' lang='lat'><strong><em>.</em></strong></span> <span class='ocrx_word' id='word_1_177' title='bbox 456 2118 509 2173; x_wconf 79' lang='lat'><strong>3.</strong></span> <span class='ocrx_word' id='word_1_178' title='bbox 542 2117 659 2187; x_wconf 88' lang='lat' dir='ltr'><strong><em>quia</em></strong></span> <span class='ocrx_word' id='word_1_179' title='bbox 696 2117 851 2189; x_wconf 75' lang='lat' dir='ltr'><strong><em>bonus</em></strong></span> <span class='ocrx_word' id='word_1_180' title='bbox 880 2117 1159 2189; x_wconf 42' lang='lat' dir='ltr'><strong><em>Dominus:</em></strong></span> <span class='ocrx_word' id='word_1_181' title='bbox 1187 2117 1251 2172; x_wconf 83' lang='lat' dir='ltr'><strong><em>R.</em></strong></span> <span class='ocrx_word' id='word_1_182' title='bbox 1289 2117 1441 2189; x_wconf 85' lang='lat' dir='ltr'><strong><em>Rom.</em></strong></span> <span class='ocrx_word' id='word_1_183' title='bbox 1467 2115 1531 2172; x_wconf 95' lang='lat' dir='ltr'><strong><em>G.</em></strong></span> <span class='ocrx_word' id='word_1_184' title='bbox 1570 2114 1650 2189; x_wconf 14' lang='lat' dir='ltr'><strong>II.‘</strong></span> <span class='ocrx_word' id='word_1_185' title='bbox 1669 2116 1904 2189; x_wconf 75' lang='lat' dir='ltr'><strong><em>quoniam</em></strong></span> 
     </span>
    </p>
   </div>
   <div class='ocr_carea' id='block_1_24' title="bbox 413 2183 1905 2260">
    <p class='ocr_par' dir='ltr' id='par_1_24' title="bbox 413 2183 1905 2260">
     <span class='ocr_line' id='line_1_27' title="bbox 413 2183 1905 2260; baseline -0.002 -18"><span class='ocrx_word' id='word_1_186' title='bbox 413 2183 649 2260; x_wconf 80' lang='lat' dir='ltr'><strong><em>benignus</em></strong></span> <span class='ocrx_word' id='word_1_187' title='bbox 695 2198 766 2241; x_wconf 91' lang='lat' dir='ltr'><strong><em>est</em></strong></span> <span class='ocrx_word' id='word_1_188' title='bbox 812 2187 1077 2242; x_wconf 78' lang='lat' dir='ltr'><strong><em>Dominus.</em></strong></span> <span class='ocrx_word' id='word_1_189' title='bbox 1121 2185 1181 2242; x_wconf 90' lang='lat' dir='ltr'><strong><em>C.</em></strong></span> <span class='ocrx_word' id='word_1_190' title='bbox 1225 2188 1461 2259; x_wconf 88' lang='lat' dir='ltr'><strong><em>quoniam</em></strong></span> <span class='ocrx_word' id='word_1_191' title='bbox 1511 2183 1690 2242; x_wconf 78' lang='lat' dir='ltr'><strong><em>suavis</em></strong></span> <span class='ocrx_word' id='word_1_192' title='bbox 1723 2183 1905 2240; x_wconf 86' lang='lat' dir='ltr'><strong><em>Domi-</em></strong></span> 
     </span>
    </p>
   </div>
   <div class='ocr_carea' id='block_1_25' title="bbox 414 2275 524 2313">
    <p class='ocr_par' dir='ltr' id='par_1_25' title="bbox 414 2275 524 2313">
     <span class='ocr_line' id='line_1_28' title="bbox 414 2275 524 2313; baseline 0.009 -3"><span class='ocrx_word' id='word_1_193' title='bbox 414 2275 524 2313; x_wconf 89' lang='lat' dir='ltr'><strong><em>nus.</em></strong></span> 
     </span>
    </p>
   </div>
   <div class='ocr_carea' id='block_1_26' title="bbox 348 2325 1903 2403">
    <p class='ocr_par' dir='ltr' id='par_1_26' title="bbox 348 2325 1903 2403">
     <span class='ocr_line' id='line_1_29' title="bbox 348 2325 1903 2403; baseline -0.003 -20"><span class='ocrx_word' id='word_1_194' title='bbox 348 2329 475 2383; x_wconf 85' lang='lat' dir='ltr'><strong><em>Item</em></strong></span> <span class='ocrx_word' id='word_1_195' title='bbox 624 2327 679 2403; x_wconf 49' lang='grc' dir='ltr'><strong><em>δι</em></strong></span> <span class='ocrx_word' id='word_1_196' title='bbox 704 2328 1128 2403; x_wconf 71' lang='lat' dir='ltr'><strong><em>quonimnsuave.</em></strong></span> <span class='ocrx_word' id='word_1_197' title='bbox 1172 2328 1236 2381; x_wconf 80' lang='grc' dir='ltr'><strong><em>Α.</em></strong></span> <span class='ocrx_word' id='word_1_198' title='bbox 1387 2328 1539 2381; x_wconf 91' lang='lat' dir='ltr'><strong><em>Rom.</em></strong></span> <span class='ocrx_word' id='word_1_199' title='bbox 1573 2325 1637 2382; x_wconf 93' lang='lat' dir='ltr'><strong><em>G.</em></strong></span> <span class='ocrx_word' id='word_1_200' title='bbox 1670 2326 1903 2403; x_wconf 80' lang='lat' dir='ltr'><strong><em>quoniam</em></strong></span> 
     </span>
    </p>
   </div>
   <div class='ocr_carea' id='block_1_27' title="bbox 415 2396 1902 2464">
    <p class='ocr_par' dir='ltr' id='par_1_27' title="bbox 415 2396 1902 2464">
     <span class='ocr_line' id='line_1_30' title="bbox 415 2396 1902 2464; baseline 0.001 -16"><span class='ocrx_word' id='word_1_201' title='bbox 415 2396 579 2453; x_wconf 72' lang='lat' dir='ltr'><strong><em>suaeis</em></strong></span> <span class='ocrx_word' id='word_1_202' title='bbox 600 2396 692 2451; x_wconf 71' lang='lat' dir='ltr'><strong><em>est&#39;.</em></strong></span> <span class='ocrx_word' id='word_1_203' title='bbox 718 2396 785 2452; x_wconf 86' lang='grc' dir='ltr'><strong><em>Μ.</em></strong></span> <span class='ocrx_word' id='word_1_204' title='bbox 802 2400 1040 2464; x_wconf 87' lang='lat' dir='ltr'><strong><em>quoniam</em></strong></span> <span class='ocrx_word' id='word_1_205' title='bbox 1076 2397 1231 2451; x_wconf 85' lang='lat' dir='ltr'><strong><em>bonus</em></strong></span> <span class='ocrx_word' id='word_1_206' title='bbox 1272 2396 1364 2454; x_wconf 91' lang='lat' dir='ltr'><strong><em>Gr.</em></strong></span> <span class='ocrx_word' id='word_1_207' title='bbox 1388 2404 1461 2452; x_wconf 73' lang='grc' dir='ltr'><strong><em>ὅτι</em></strong></span> <span class='ocrx_word' id='word_1_208' title='bbox 1482 2406 1638 2460; x_wconf 68' lang='grc' dir='ltr'><strong><em>καὶὸν,</em></strong></span> <span class='ocrx_word' id='word_1_209' title='bbox 1667 2399 1902 2464; x_wconf 88' lang='lat' dir='ltr'><strong><em>quoniam</em></strong></span> 
     </span>
    </p>
   </div>
   <div class='ocr_carea' id='block_1_28' title="bbox 415 2468 973 2533">
    <p class='ocr_par' dir='ltr' id='par_1_28' title="bbox 415 2468 973 2533">
     <span class='ocr_line' id='line_1_31' title="bbox 415 2468 973 2533; baseline 0 -12"><span class='ocrx_word' id='word_1_210' title='bbox 415 2470 613 2533; x_wconf 85' lang='lat' dir='ltr'><strong><em>decens;</em></strong></span> <span class='ocrx_word' id='word_1_211' title='bbox 633 2478 686 2523; x_wconf 89' lang='lat' dir='ltr'><strong><em>et</em></strong></span> <span class='ocrx_word' id='word_1_212' title='bbox 709 2470 784 2523; x_wconf 88' lang='lat' dir='ltr'><strong><em>sic</em></strong></span> <span class='ocrx_word' id='word_1_213' title='bbox 812 2468 973 2522; x_wconf 84' lang='lat' dir='ltr'><strong><em>Hebr.</em></strong></span> 
     </span>
    </p>
   </div>
   <div class='ocr_carea' id='block_1_29' title="bbox 362 2538 1655 2607">
    <p class='ocr_par' dir='ltr' id='par_1_29' title="bbox 362 2538 1655 2607">
     <span class='ocr_line' id='line_1_32' title="bbox 362 2538 1655 2607; baseline -0.001 -17"><span class='ocrx_word' id='word_1_214' title='bbox 362 2542 391 2603; x_wconf 81' lang='lat'><strong>9</strong></span> <span class='ocrx_word' id='word_1_215' title='bbox 418 2578 431 2590; x_wconf 93' lang='lat'><strong><em>.</em></strong></span> <span class='ocrx_word' id='word_1_216' title='bbox 455 2540 504 2590; x_wconf 71' lang='grc' dir='ltr'><strong>εἰ.</strong></span> <span class='ocrx_word' id='word_1_217' title='bbox 537 2553 642 2605; x_wconf 74' lang='lat' dir='ltr'><strong><em>pra:</em></strong></span> <span class='ocrx_word' id='word_1_218' title='bbox 665 2538 887 2592; x_wconf 84' lang='lat' dir='ltr'><strong><em>omnibus</em></strong></span> <span class='ocrx_word' id='word_1_219' title='bbox 910 2539 1025 2592; x_wconf 90' lang='lat' dir='ltr'><strong><em>diis.</em></strong></span> <span class='ocrx_word' id='word_1_220' title='bbox 1057 2540 1121 2592; x_wconf 83' lang='grc' dir='ltr'><strong><em>Α.</em></strong></span> <span class='ocrx_word' id='word_1_221' title='bbox 1147 2554 1298 2607; x_wconf 88' lang='lat' dir='ltr'><strong><em>super</em></strong></span> <span class='ocrx_word' id='word_1_222' title='bbox 1325 2554 1493 2591; x_wconf 87' lang='lat' dir='ltr'><strong><em>omnes</em></strong></span> <span class='ocrx_word' id='word_1_223' title='bbox 1518 2538 1655 2591; x_wconf 89' lang='lat' dir='ltr'><strong><em>deos.</em></strong></span> 
     </span>
    </p>
   </div>
   <div class='ocr_carea' id='block_1_30' title="bbox 362 2606 1612 2677">
    <p class='ocr_par' dir='ltr' id='par_1_30' title="bbox 362 2606 1612 2677">
     <span class='ocr_line' id='line_1_33' title="bbox 362 2606 1612 2677; baseline -0.004 -13"><span class='ocrx_word' id='word_1_224' title='bbox 362 2610 426 2677; x_wconf 57' lang='grc' dir='ltr'><strong>ᾗ.</strong></span> <span class='ocrx_word' id='word_1_225' title='bbox 460 2610 512 2663; x_wconf 94' lang='lat'><strong><em>7.</em></strong></span> <span class='ocrx_word' id='word_1_226' title='bbox 544 2608 790 2663; x_wconf 81' lang='lat' dir='ltr'><strong><em>Educens.</em></strong></span> <span class='ocrx_word' id='word_1_227' title='bbox 819 2610 883 2663; x_wconf 83' lang='lat' dir='ltr'><strong><em>A.</em></strong></span> <span class='ocrx_word' id='word_1_228' title='bbox 908 2606 1187 2662; x_wconf 86' lang='lat' dir='ltr'><strong><em>Suscilans.</em></strong></span> <span class='ocrx_word' id='word_1_229' title='bbox 1212 2606 1380 2663; x_wconf 87' lang='lat' dir='ltr'><strong><em>Hebr.</em></strong></span> <span class='ocrx_word' id='word_1_230' title='bbox 1402 2608 1612 2663; x_wconf 85' lang='lat' dir='ltr'><strong><em>Levans.</em></strong></span> 
     </span>
    </p>
   </div>
   <div class='ocr_carea' id='block_1_31' title="bbox 363 2678 1447 2750">
    <p class='ocr_par' dir='ltr' id='par_1_31' title="bbox 363 2678 1447 2750">
     <span class='ocr_line' id='line_1_34' title="bbox 363 2678 1447 2750; baseline -0.002 -18"><span class='ocrx_word' id='word_1_231' title='bbox 363 2680 393 2747; x_wconf 86' lang='lat'><strong><em>9</em></strong></span> <span class='ocrx_word' id='word_1_232' title='bbox 421 2719 432 2732; x_wconf 94' lang='lat'><strong><em>.</em></strong></span> <span class='ocrx_word' id='word_1_233' title='bbox 460 2678 541 2750; x_wconf 76' lang='lat' dir='ltr'><strong><em>Il).</em></strong></span> <span class='ocrx_word' id='word_1_234' title='bbox 564 2696 702 2750; x_wconf 89' lang='lat' dir='ltr'><strong><em>reges</em></strong></span> <span class='ocrx_word' id='word_1_235' title='bbox 730 2680 898 2746; x_wconf 90' lang='lat' dir='ltr'><strong><em>fortes.</em></strong></span> <span class='ocrx_word' id='word_1_236' title='bbox 923 2678 985 2732; x_wconf 90' lang='lat' dir='ltr'><strong><em>G.</em></strong></span> <span class='ocrx_word' id='word_1_237' title='bbox 1019 2695 1155 2750; x_wconf 77' lang='lat' dir='ltr'><strong><em>reges</em></strong></span> <span class='ocrx_word' id='word_1_238' title='bbox 1183 2678 1447 2732; x_wconf 73' lang='lat' dir='ltr'><strong><em>mirabiles.</em></strong></span> 
     </span>
    </p>
   </div>
   <div class='ocr_carea' id='block_1_32' title="bbox 362 2748 1465 2821">
    <p class='ocr_par' dir='ltr' id='par_1_32' title="bbox 362 2748 1465 2821">
     <span class='ocr_line' id='line_1_35' title="bbox 362 2748 1465 2821; baseline -0.001 -19"><span class='ocrx_word' id='word_1_239' title='bbox 362 2751 393 2815; x_wconf 89' lang='lat'><strong><em>9</em></strong></span> <span class='ocrx_word' id='word_1_240' title='bbox 417 2786 431 2802; x_wconf 94' lang='lat'><strong>.</strong></span> <span class='ocrx_word' id='word_1_241' title='bbox 458 2748 538 2805; x_wconf 71' lang='grc'><strong><em>12.</em></strong></span> <span class='ocrx_word' id='word_1_242' title='bbox 572 2748 756 2821; x_wconf 81' lang='lat' dir='ltr'><strong><em>populo</em></strong></span> <span class='ocrx_word' id='word_1_243' title='bbox 784 2767 891 2802; x_wconf 91' lang='lat' dir='ltr'><strong><em>suo.</em></strong></span> <span class='ocrx_word' id='word_1_244' title='bbox 925 2751 988 2821; x_wconf 84' lang='lat' dir='ltr'><strong><em>A.</em></strong></span> <span class='ocrx_word' id='word_1_245' title='bbox 1016 2748 1330 2821; x_wconf 73' lang='grc' dir='ltr'><strong><em>Μζ13.δενυο</em></strong></span> <span class='ocrx_word' id='word_1_246' title='bbox 1356 2765 1465 2803; x_wconf 88' lang='lat' dir='ltr'><strong><em>suo.</em></strong></span> 
     </span>
    </p>
   </div>
   <div class='ocr_carea' id='block_1_33' title="bbox 362 2820 1222 2890">
    <p class='ocr_par' dir='ltr' id='par_1_33' title="bbox 362 2820 1222 2890">
     <span class='ocr_line' id='line_1_36' title="bbox 362 2820 1222 2890; baseline -0.001 -17"><span class='ocrx_word' id='word_1_247' title='bbox 362 2822 395 2888; x_wconf 83' lang='lat'><strong>9</strong></span> <span class='ocrx_word' id='word_1_248' title='bbox 420 2860 434 2873; x_wconf 95' lang='lat'><strong>.</strong></span> <span class='ocrx_word' id='word_1_249' title='bbox 468 2821 552 2875; x_wconf 75' lang='grc'><strong><em>14.</em></strong></span> <span class='ocrx_word' id='word_1_250' title='bbox 573 2820 839 2890; x_wconf 83' lang='lat' dir='ltr'><strong><em>judicabit.</em></strong></span> <span class='ocrx_word' id='word_1_251' title='bbox 872 2822 937 2873; x_wconf 78' lang='grc' dir='ltr'><strong>Α.</strong></span> <span class='ocrx_word' id='word_1_252' title='bbox 957 2820 1222 2889; x_wconf 83' lang='lat' dir='ltr'><strong><em>judicavit.</em></strong></span> 
     </span>
    </p>
   </div>
   <div class='ocr_carea' id='block_1_34' title="bbox 351 2887 1905 2961">
    <p class='ocr_par' dir='ltr' id='par_1_34' title="bbox 351 2887 1905 2961">
     <span class='ocr_line' id='line_1_37' title="bbox 351 2887 1905 2961; baseline 0 -16"><span class='ocrx_word' id='word_1_253' title='bbox 351 2890 474 2945; x_wconf 78' lang='lat' dir='ltr'><strong><em>Item</em></strong></span> <span class='ocrx_word' id='word_1_254' title='bbox 513 2891 547 2959; x_wconf 90' lang='lat'><strong><em>9</em></strong></span> <span class='ocrx_word' id='word_1_255' title='bbox 572 2887 585 2941; x_wconf 72' lang='grc' dir='ltr'><strong>ζ</strong></span> <span class='ocrx_word' id='word_1_256' title='bbox 609 2891 693 2944; x_wconf 72' lang='grc'><strong><em>14.</em></strong></span> <span class='ocrx_word' id='word_1_257' title='bbox 721 2887 1087 2961; x_wconf 53' lang='lat' dir='ltr'><strong><em>deprecabitur.</em></strong></span> <span class='ocrx_word' id='word_1_258' title='bbox 1103 2893 1165 2943; x_wconf 76' lang='grc' dir='ltr'><strong>Α.</strong></span> <span class='ocrx_word' id='word_1_259' title='bbox 1189 2889 1523 2961; x_wconf 76' lang='lat' dir='ltr'><strong><em>advocabitur.</em></strong></span> <span class='ocrx_word' id='word_1_260' title='bbox 1553 2887 1645 2961; x_wconf 81' lang='lat' dir='ltr'><strong><em>Gr.</em></strong></span> <span class='ocrx_word' id='word_1_261' title='bbox 1662 2899 1905 2961; x_wconf 76' lang='grc' dir='ltr'><strong><em>παρακλη-</em></strong></span> 
     </span>
    </p>
   </div>
   <div class='ocr_carea' id='block_1_35' title="bbox 416 2959 1905 3085">
    <p class='ocr_par' dir='ltr' id='par_1_35' title="bbox 416 2959 1905 3085">
     <span class='ocr_line' id='line_1_38' title="bbox 416 2959 1905 3022; baseline 0 -7"><span class='ocrx_word' id='word_1_262' title='bbox 416 2971 625 3022; x_wconf 74' lang='grc' dir='ltr'><strong><em>θήσεται.</em></strong></span> <span class='ocrx_word' id='word_1_263' title='bbox 661 2961 723 3014; x_wconf 86' lang='lat' dir='ltr'><strong><em>R.</em></strong></span> <span class='ocrx_word' id='word_1_264' title='bbox 752 2960 905 3014; x_wconf 88' lang='lat' dir='ltr'><strong><em>Rom.</em></strong></span> <span class='ocrx_word' id='word_1_265' title='bbox 943 2960 1014 3014; x_wconf 86' lang='grc' dir='ltr'><strong><em>Μ.</em></strong></span> <span class='ocrx_word' id='word_1_266' title='bbox 1045 2959 1109 3015; x_wconf 93' lang='lat' dir='ltr'><strong><em>H.</em></strong></span> <span class='ocrx_word' id='word_1_267' title='bbox 1146 2961 1202 3013; x_wconf 80' lang='lat' dir='ltr'><strong><em>C.</em></strong></span> <span class='ocrx_word' id='word_1_268' title='bbox 1235 2959 1588 3015; x_wconf 89' lang='lat' dir='ltr'><strong><em>consolabitur.</em></strong></span> <span class='ocrx_word' id='word_1_269' title='bbox 1624 2959 1783 3015; x_wconf 87' lang='lat' dir='ltr'><strong><em>Hebr.</em></strong></span> <span class='ocrx_word' id='word_1_270' title='bbox 1813 2961 1905 3015; x_wconf 82' lang='lat' dir='ltr'><strong><em>erit</em></strong></span> 
     </span>
     <span class='ocr_line' id='line_1_39' title="bbox 420 3030 1675 3085; baseline -0.009 0"><span class='ocrx_word' id='word_1_271' title='bbox 420 3030 693 3085; x_wconf 76' lang='lat' dir='ltr'><strong><em>placabilis.</em></strong></span> <span class='ocrx_word' id='word_1_272' title='bbox 1668 3042 1675 3045; x_wconf 84' lang='grc'><strong>-</strong></span> 
     </span>
    </p>
   </div>
   <div class='ocr_carea' id='block_1_36' title="bbox 417 3030 1675 3100">
    <p class='ocr_par' dir='ltr' id='par_1_36' title="bbox 417 3030 1675 3100">
     <span class='ocr_line' id='line_1_40' title="bbox 417 3030 1675 3100; baseline -0.003 -15"><span class='ocrx_word' id='word_1_273' title='bbox 417 3030 693 3100; x_wconf 76' lang='lat' dir='ltr'><strong><em>placabilis.</em></strong></span> <span class='ocrx_word' id='word_1_274' title='bbox 876 3099 883 3100; x_wconf 14' lang='grc' dir='ltr'>ί</span> <span class='ocrx_word' id='word_1_275' title='bbox 1045 3098 1097 3100; x_wconf 15' lang='grc' dir='ltr'><strong><em>ην</em></strong></span> <span class='ocrx_word' id='word_1_276' title='bbox 1668 3042 1675 3045; x_wconf 87' lang='grc'>·</span> 
     </span>
    </p>
   </div>
   <div class='ocr_carea' id='block_1_37' title="bbox 368 3098 1901 3170">
    <p class='ocr_par' dir='ltr' id='par_1_37' title="bbox 368 3098 1901 3170">
     <span class='ocr_line' id='line_1_41' title="bbox 368 3098 1901 3170; baseline -0.001 -16"><span class='ocrx_word' id='word_1_277' title='bbox 368 3102 395 3170; x_wconf 76' lang='lat'><strong>9</strong></span> <span class='ocrx_word' id='word_1_278' title='bbox 418 3098 437 3154; x_wconf 19' lang='lat' dir='ltr'><strong><em>V.</em></strong></span> <span class='ocrx_word' id='word_1_279' title='bbox 470 3101 555 3156; x_wconf 86' lang='grc'><strong>17.</strong></span> <span class='ocrx_word' id='word_1_280' title='bbox 583 3110 629 3153; x_wconf 88' lang='lat' dir='ltr'><strong><em>et</em></strong></span> <span class='ocrx_word' id='word_1_281' title='bbox 658 3116 754 3170; x_wconf 90' lang='lat' dir='ltr'><strong><em>nou</em></strong></span> <span class='ocrx_word' id='word_1_282' title='bbox 781 3099 1003 3152; x_wconf 87' lang='lat' dir='ltr'><strong><em>audient.</em></strong></span> <span class='ocrx_word' id='word_1_283' title='bbox 1040 3098 1132 3153; x_wconf 86' lang='lat' dir='ltr'><strong><em>His</em></strong></span> <span class='ocrx_word' id='word_1_284' title='bbox 1159 3100 1333 3170; x_wconf 68' lang='lat' dir='ltr'><strong><em>verbis</em></strong></span> <span class='ocrx_word' id='word_1_285' title='bbox 1375 3099 1650 3170; x_wconf 82' lang='lat' dir='ltr'><strong><em>subjicitur</em></strong></span> <span class='ocrx_word' id='word_1_286' title='bbox 1673 3100 1810 3169; x_wconf 83' lang='lat' dir='ltr'><strong><em>apud</em></strong></span> <span class='ocrx_word' id='word_1_287' title='bbox 1837 3100 1901 3155; x_wconf 82' lang='lat' dir='ltr'><strong><em>A.</em></strong></span> 
     </span>
    </p>
   </div>
   <div class='ocr_carea' id='block_1_38' title="bbox 421 3169 1904 3235">
    <p class='ocr_par' dir='ltr' id='par_1_38' title="bbox 421 3169 1904 3235">
     <span class='ocr_line' id='line_1_42' title="bbox 421 3169 1904 3235; baseline 0.001 -13"><span class='ocrx_word' id='word_1_288' title='bbox 421 3187 565 3224; x_wconf 87' lang='lat' dir='ltr'><strong><em>nares</em></strong></span> <span class='ocrx_word' id='word_1_289' title='bbox 586 3169 788 3235; x_wconf 89' lang='lat' dir='ltr'><strong><em>habent,</em></strong></span> <span class='ocrx_word' id='word_1_290' title='bbox 815 3180 860 3222; x_wconf 89' lang='lat' dir='ltr'><strong><em>et</em></strong></span> <span class='ocrx_word' id='word_1_291' title='bbox 886 3186 985 3223; x_wconf 90' lang='lat' dir='ltr'><strong><em>non</em></strong></span> <span class='ocrx_word' id='word_1_292' title='bbox 1014 3169 1326 3232; x_wconf 86' lang='lat' dir='ltr'><strong><em>odorabunt;</em></strong></span> <span class='ocrx_word' id='word_1_293' title='bbox 1352 3186 1409 3224; x_wconf 93' lang='lat' dir='ltr'><strong><em>os</em></strong></span> <span class='ocrx_word' id='word_1_294' title='bbox 1428 3169 1625 3233; x_wconf 90' lang='lat' dir='ltr'><strong><em>habent,</em></strong></span> <span class='ocrx_word' id='word_1_295' title='bbox 1652 3180 1695 3224; x_wconf 88' lang='lat' dir='ltr'><strong><em>et</em></strong></span> <span class='ocrx_word' id='word_1_296' title='bbox 1715 3188 1812 3225; x_wconf 90' lang='lat' dir='ltr'><strong><em>non</em></strong></span> <span class='ocrx_word' id='word_1_297' title='bbox 1829 3172 1904 3224; x_wconf 85' lang='lat' dir='ltr'><strong><em>lo-</em></strong></span> 
     </span>
    </p>
   </div>
   <div class='ocr_carea' id='block_1_39' title="bbox 418 3239 1907 3311">
    <p class='ocr_par' dir='ltr' id='par_1_39' title="bbox 418 3239 1907 3311">
     <span class='ocr_line' id='line_1_43' title="bbox 418 3239 1907 3311; baseline 0 -18"><span class='ocrx_word' id='word_1_298' title='bbox 418 3250 659 3310; x_wconf 83' lang='lat' dir='ltr'><strong><em>quentur;</em></strong></span> <span class='ocrx_word' id='word_1_299' title='bbox 686 3256 864 3294; x_wconf 88' lang='lat' dir='ltr'><strong><em>manus</em></strong></span> <span class='ocrx_word' id='word_1_300' title='bbox 907 3239 1103 3311; x_wconf 85' lang='lat' dir='ltr'><strong><em>habent,</em></strong></span> <span class='ocrx_word' id='word_1_301' title='bbox 1135 3251 1179 3294; x_wconf 91' lang='lat' dir='ltr'><strong><em>et</em></strong></span> <span class='ocrx_word' id='word_1_302' title='bbox 1206 3256 1306 3293; x_wconf 87' lang='lat' dir='ltr'><strong><em>non</em></strong></span> <span class='ocrx_word' id='word_1_303' title='bbox 1351 3241 1714 3311; x_wconf 80' lang='lat' dir='ltr'><strong><em>operabuntur;</em></strong></span> <span class='ocrx_word' id='word_1_304' title='bbox 1759 3242 1907 3311; x_wconf 78' lang='lat' dir='ltr'><strong><em>pedes</em></strong></span> 
     </span>
    </p>
   </div>
   <div class='ocr_carea' id='block_1_40' title="bbox 422 3309 1902 3380">
    <p class='ocr_par' dir='ltr' id='par_1_40' title="bbox 422 3309 1902 3380">
     <span class='ocr_line' id='line_1_44' title="bbox 422 3309 1902 3380; baseline 0.002 -19"><span class='ocrx_word' id='word_1_305' title='bbox 422 3309 617 3375; x_wconf 79' lang='lat' dir='ltr'><strong><em>habent,</em></strong></span> <span class='ocrx_word' id='word_1_306' title='bbox 646 3320 817 3364; x_wconf 90' lang='lat' dir='ltr'><strong><em>etnon</em></strong></span> <span class='ocrx_word' id='word_1_307' title='bbox 842 3310 1183 3363; x_wconf 88' lang='lat' dir='ltr'><strong><em>ambulabunt.</em></strong></span> <span class='ocrx_word' id='word_1_308' title='bbox 1225 3309 1391 3380; x_wconf 81' lang='lat' dir='ltr'><strong><em>Apud</em></strong></span> <span class='ocrx_word' id='word_1_309' title='bbox 1425 3310 1487 3362; x_wconf 88' lang='lat' dir='ltr'><strong><em>R.</em></strong></span> <span class='ocrx_word' id='word_1_310' title='bbox 1540 3310 1693 3364; x_wconf 91' lang='lat' dir='ltr'><strong><em>Rom.</em></strong></span> <span class='ocrx_word' id='word_1_311' title='bbox 1738 3311 1806 3365; x_wconf 89' lang='grc' dir='ltr'><strong><em>Μ.</em></strong></span> <span class='ocrx_word' id='word_1_312' title='bbox 1839 3310 1902 3366; x_wconf 86' lang='lat' dir='ltr'><strong><em>G.</em></strong></span> 
     </span>
    </p>
   </div>
   <div class='ocr_carea' id='block_1_41' title="bbox 425 3380 1903 3446">
    <p class='ocr_par' dir='ltr' id='par_1_41' title="bbox 425 3380 1903 3446">
     <span class='ocr_line' id='line_1_45' title="bbox 425 3380 1903 3446; baseline -0.002 -11"><span class='ocrx_word' id='word_1_313' title='bbox 425 3381 486 3436; x_wconf 87' lang='lat' dir='ltr'><strong><em>II.</em></strong></span> <span class='ocrx_word' id='word_1_314' title='bbox 514 3382 573 3436; x_wconf 89' lang='lat' dir='ltr'><strong>C.</strong></span> <span class='ocrx_word' id='word_1_315' title='bbox 600 3397 743 3435; x_wconf 89' lang='lat' dir='ltr'><strong><em>nares</em></strong></span> <span class='ocrx_word' id='word_1_316' title='bbox 766 3380 964 3446; x_wconf 83' lang='lat' dir='ltr'><strong><em>habent,</em></strong></span> <span class='ocrx_word' id='word_1_317' title='bbox 987 3388 1034 3433; x_wconf 91' lang='lat' dir='ltr'><strong><em>et</em></strong></span> <span class='ocrx_word' id='word_1_318' title='bbox 1049 3396 1145 3433; x_wconf 89' lang='lat' dir='ltr'><strong><em>non</em></strong></span> <span class='ocrx_word' id='word_1_319' title='bbox 1166 3380 1478 3443; x_wconf 87' lang='lat' dir='ltr'><strong><em>odorabunt;</em></strong></span> <span class='ocrx_word' id='word_1_320' title='bbox 1508 3397 1683 3433; x_wconf 85' lang='lat' dir='ltr'><strong><em>manus</em></strong></span> <span class='ocrx_word' id='word_1_321' title='bbox 1705 3381 1903 3445; x_wconf 84' lang='lat' dir='ltr'><strong><em>habent,</em></strong></span> 
     </span>
    </p>
   </div>
   <div class='ocr_carea' id='block_1_42' title="bbox 420 3449 1906 3522">
    <p class='ocr_par' dir='ltr' id='par_1_42' title="bbox 420 3449 1906 3522">
     <span class='ocr_line' id='line_1_46' title="bbox 420 3449 1906 3522; baseline 0 -17"><span class='ocrx_word' id='word_1_322' title='bbox 420 3462 466 3505; x_wconf 86' lang='lat' dir='ltr'><strong><em>et</em></strong></span> <span class='ocrx_word' id='word_1_323' title='bbox 490 3468 589 3504; x_wconf 90' lang='lat' dir='ltr'><strong><em>non</em></strong></span> <span class='ocrx_word' id='word_1_324' title='bbox 616 3449 920 3522; x_wconf 77' lang='lat' dir='ltr'><strong><em>palpabunt;</em></strong></span> <span class='ocrx_word' id='word_1_325' title='bbox 944 3451 1090 3519; x_wconf 84' lang='lat' dir='ltr'><strong><em>pedes</em></strong></span> <span class='ocrx_word' id='word_1_326' title='bbox 1116 3451 1311 3517; x_wconf 89' lang='lat' dir='ltr'><strong><em>habent,</em></strong></span> <span class='ocrx_word' id='word_1_327' title='bbox 1341 3461 1387 3503; x_wconf 90' lang='lat' dir='ltr'><strong><em>et</em></strong></span> <span class='ocrx_word' id='word_1_328' title='bbox 1416 3468 1516 3504; x_wconf 91' lang='lat' dir='ltr'><strong><em>non</em></strong></span> <span class='ocrx_word' id='word_1_329' title='bbox 1539 3449 1858 3505; x_wconf 87' lang='lat' dir='ltr'><strong><em>ambulabunt</em></strong></span> <span class='ocrx_word' id='word_1_330' title='bbox 1887 3470 1906 3516; x_wconf 71' lang='lat'><strong><em>,-</em></strong></span> 
     </span>
    </p>
   </div>
   <div class='ocr_carea' id='block_1_43' title="bbox 424 3520 1265 3590">
    <p class='ocr_par' dir='ltr' id='par_1_43' title="bbox 424 3520 1265 3590">
     <span class='ocr_line' id='line_1_47' title="bbox 424 3520 1265 3590; baseline -0.005 -15"><span class='ocrx_word' id='word_1_331' title='bbox 424 3538 519 3575; x_wconf 87' lang='lat' dir='ltr'><strong><em>non</em></strong></span> <span class='ocrx_word' id='word_1_332' title='bbox 547 3520 827 3575; x_wconf 84' lang='lat' dir='ltr'><strong><em>clamabunt</em></strong></span> <span class='ocrx_word' id='word_1_333' title='bbox 854 3522 907 3573; x_wconf 91' lang='lat' dir='ltr'><strong><em>in</em></strong></span> <span class='ocrx_word' id='word_1_334' title='bbox 930 3530 1127 3590; x_wconf 83' lang='lat' dir='ltr'><strong><em>gutture</em></strong></span> <span class='ocrx_word' id='word_1_335' title='bbox 1154 3538 1265 3574; x_wconf 78' lang='lat' dir='ltr'><strong><em>suo;</em></strong></span> 
     </span>
    </p>
   </div>
   <div class='ocr_carea' id='block_1_44' title="bbox 352 3590 1903 3661">
    <p class='ocr_par' dir='ltr' id='par_1_44' title="bbox 352 3590 1903 3661">
     <span class='ocr_line' id='line_1_48' title="bbox 352 3590 1903 3661; baseline -0.001 -16"><span class='ocrx_word' id='word_1_336' title='bbox 352 3590 492 3645; x_wconf 68' lang='lat' dir='ltr'><strong><em>Idem</em></strong></span> <span class='ocrx_word' id='word_1_337' title='bbox 536 3590 609 3660; x_wconf 92' lang='lat'><strong><em>9.</em></strong></span> <span class='ocrx_word' id='word_1_338' title='bbox 641 3592 724 3645; x_wconf 90' lang='lat' dir='ltr'><strong><em>I7.</em></strong></span> <span class='ocrx_word' id='word_1_339' title='bbox 767 3606 921 3654; x_wconf 87' lang='lat' dir='ltr'><strong><em>neque</em></strong></span> <span class='ocrx_word' id='word_1_340' title='bbox 955 3591 1083 3642; x_wconf 88' lang='lat' dir='ltr'><strong><em>enim</em></strong></span> <span class='ocrx_word' id='word_1_341' title='bbox 1122 3601 1192 3646; x_wconf 89' lang='lat' dir='ltr'><strong><em>est</em></strong></span> <span class='ocrx_word' id='word_1_342' title='bbox 1225 3592 1426 3660; x_wconf 81' lang='lat' dir='ltr'><strong><em>spiritus</em></strong></span> <span class='ocrx_word' id='word_1_343' title='bbox 1462 3592 1513 3645; x_wconf 88' lang='lat' dir='ltr'><strong><em>in</em></strong></span> <span class='ocrx_word' id='word_1_344' title='bbox 1553 3607 1638 3645; x_wconf 88' lang='lat' dir='ltr'><strong><em>ore</em></strong></span> <span class='ocrx_word' id='word_1_345' title='bbox 1665 3592 1903 3661; x_wconf 87' lang='lat' dir='ltr'><strong><em>ipsorum.</em></strong></span> 
     </span>
    </p>
   </div>
   <div class='ocr_carea' id='block_1_45' title="bbox 426 3660 1119 3731">
    <p class='ocr_par' dir='ltr' id='par_1_45' title="bbox 426 3660 1119 3731">
     <span class='ocr_line' id='line_1_49' title="bbox 426 3660 1119 3731; baseline -0.003 -17"><span class='ocrx_word' id='word_1_346' title='bbox 426 3660 546 3731; x_wconf 61' lang='lat' dir='ltr'><strong><em>llu&#39;c</em></strong></span> <span class='ocrx_word' id='word_1_347' title='bbox 572 3662 727 3715; x_wconf 70' lang='lat' dir='ltr'><strong><em>verba</em></strong></span> <span class='ocrx_word' id='word_1_348' title='bbox 760 3662 988 3731; x_wconf 68' lang='lat' dir='ltr'><strong><em>prmterit</em></strong></span> <span class='ocrx_word' id='word_1_349' title='bbox 1012 3663 1074 3714; x_wconf 89' lang='lat' dir='ltr'><strong>A.</strong></span> <span class='ocrx_word' id='word_1_350' title='bbox 1112 3672 1119 3680; x_wconf 82' lang='lat'><strong>‘</strong></span> 
     </span>
    </p>
   </div>
   <div class='ocr_carea' id='block_1_46' title="bbox 370 3730 1388 3798">
    <p class='ocr_par' dir='ltr' id='par_1_46' title="bbox 370 3730 1388 3798">
     <span class='ocr_line' id='line_1_50' title="bbox 370 3730 1388 3798; baseline 0 -14"><span class='ocrx_word' id='word_1_351' title='bbox 370 3732 398 3798; x_wconf 87' lang='lat'><strong><em>9</em></strong></span> <span class='ocrx_word' id='word_1_352' title='bbox 425 3771 438 3784; x_wconf 96' lang='lat'><strong><em>.</em></strong></span> <span class='ocrx_word' id='word_1_353' title='bbox 469 3730 557 3787; x_wconf 76' lang='lat' dir='ltr'><strong><em>2i.</em></strong></span> <span class='ocrx_word' id='word_1_354' title='bbox 587 3748 650 3787; x_wconf 68' lang='lat' dir='ltr'><strong><em>ac</em></strong></span> <span class='ocrx_word' id='word_1_355' title='bbox 669 3730 813 3787; x_wconf 85' lang='lat' dir='ltr'><strong><em>Sion.</em></strong></span> <span class='ocrx_word' id='word_1_356' title='bbox 837 3731 929 3787; x_wconf 89' lang='lat' dir='ltr'><strong><em>Gr.</em></strong></span> <span class='ocrx_word' id='word_1_357' title='bbox 961 3740 1132 3791; x_wconf 76' lang='lat' dir='ltr'><strong><em>sonat.</em></strong></span> <span class='ocrx_word' id='word_1_358' title='bbox 1164 3732 1217 3785; x_wconf 92' lang='lat' dir='ltr'><strong><em>in</em></strong></span> <span class='ocrx_word' id='word_1_359' title='bbox 1243 3731 1388 3788; x_wconf 85' lang='lat' dir='ltr'><strong><em>Sion.</em></strong></span> 
     </span>
    </p>
   </div>
   <div class='ocr_carea' id='block_1_47' title="bbox 864 3816 1383 3857">
    <p class='ocr_par' dir='ltr' id='par_1_47' title="bbox 864 3816 1383 3857">
     <span class='ocr_line' id='line_1_51' title="bbox 864 3816 1383 3857; baseline -0.002 -1"><span class='ocrx_word' id='word_1_360' title='bbox 864 3818 930 3856; x_wconf 77' lang='lat' dir='ltr'><strong><em>EX</em></strong></span> <span class='ocrx_word' id='word_1_361' title='bbox 958 3816 1156 3857; x_wconf 68' lang='grc' dir='ltr'><strong><em>ιιςΑωιο</em></strong></span> <span class='ocrx_word' id='word_1_362' title='bbox 1182 3817 1247 3857; x_wconf 83' lang='lat' dir='ltr'><strong><em>CX</em></strong></span> <span class='ocrx_word' id='word_1_363' title='bbox 1261 3818 1383 3855; x_wconf 76' lang='lat' dir='ltr'><strong>XXV.</strong></span> 
     </span>
    </p>
   </div>
   <div class='ocr_carea' id='block_1_48' title="bbox 368 3871 1799 3941">
    <p class='ocr_par' dir='ltr' id='par_1_48' title="bbox 368 3871 1799 3941">
     <span class='ocr_line' id='line_1_52' title="bbox 368 3871 1799 3941; baseline 0.003 -18"><span class='ocrx_word' id='word_1_364' title='bbox 368 3871 400 3941; x_wconf 91' lang='lat'><strong><em>9</em></strong></span> <span class='ocrx_word' id='word_1_365' title='bbox 426 3910 439 3923; x_wconf 93' lang='lat'><strong><em>.</em></strong></span> <span class='ocrx_word' id='word_1_366' title='bbox 474 3872 522 3941; x_wconf 86' lang='grc'><strong><em>1.</em></strong></span> <span class='ocrx_word' id='word_1_367' title='bbox 546 3872 598 3925; x_wconf 92' lang='lat' dir='ltr'><strong><em>in</em></strong></span> <span class='ocrx_word' id='word_1_368' title='bbox 625 3882 884 3925; x_wconf 61' lang='lat' dir='ltr'><strong><em>aeternum.</em></strong></span> <span class='ocrx_word' id='word_1_369' title='bbox 912 3872 977 3927; x_wconf 91' lang='lat' dir='ltr'><strong><em>R.</em></strong></span> <span class='ocrx_word' id='word_1_370' title='bbox 1006 3873 1160 3928; x_wconf 88' lang='lat' dir='ltr'><strong><em>Rotn.</em></strong></span> <span class='ocrx_word' id='word_1_371' title='bbox 1184 3872 1253 3927; x_wconf 96' lang='grc' dir='ltr'><strong><em>Μ.</em></strong></span> <span class='ocrx_word' id='word_1_372' title='bbox 1284 3871 1348 3928; x_wconf 87' lang='lat' dir='ltr'><strong><em>G.</em></strong></span> <span class='ocrx_word' id='word_1_373' title='bbox 1380 3872 1440 3926; x_wconf 89' lang='lat' dir='ltr'><strong><em>C.</em></strong></span> <span class='ocrx_word' id='word_1_374' title='bbox 1470 3874 1519 3926; x_wconf 91' lang='lat' dir='ltr'><strong><em>iu</em></strong></span> <span class='ocrx_word' id='word_1_375' title='bbox 1544 3874 1799 3927; x_wconf 79' lang='lat' dir='ltr'><strong><em>strculum.</em></strong></span> 
     </span>
    </p>
   </div>
   <div class='ocr_carea' id='block_1_49' title="bbox 370 3940 1904 4012">
    <p class='ocr_par' dir='ltr' id='par_1_49' title="bbox 370 3940 1904 4012">
     <span class='ocr_line' id='line_1_53' title="bbox 370 3940 1904 4012; baseline 0 -19"><span class='ocrx_word' id='word_1_376' title='bbox 370 3940 401 4009; x_wconf 85' lang='lat'><strong><em>9</em></strong></span> <span class='ocrx_word' id='word_1_377' title='bbox 428 3978 440 3993; x_wconf 91' lang='lat'><strong><em>.</em></strong></span> <span class='ocrx_word' id='word_1_378' title='bbox 470 3940 525 3995; x_wconf 67' lang='grc' dir='ltr'><strong><em>Ξ.</em></strong></span> <span class='ocrx_word' id='word_1_379' title='bbox 549 3943 783 4012; x_wconf 82' lang='lat' dir='ltr'><strong><em>quoniam</em></strong></span> <span class='ocrx_word' id='word_1_380' title='bbox 808 3943 858 3995; x_wconf 90' lang='lat' dir='ltr'><strong><em>in</em></strong></span> <span class='ocrx_word' id='word_1_381' title='bbox 884 3954 1118 3997; x_wconf 76' lang='lat' dir='ltr'><strong><em>teternum</em></strong></span> <span class='ocrx_word' id='word_1_382' title='bbox 1144 3942 1480 3997; x_wconf 78' lang='lat' dir='ltr'><strong><em>misericordia</em></strong></span> <span class='ocrx_word' id='word_1_383' title='bbox 1515 3946 1640 4012; x_wconf 85' lang='lat' dir='ltr'><strong><em>ejus.</em></strong></span> <span class='ocrx_word' id='word_1_384' title='bbox 1665 3947 1702 3996; x_wconf 76' lang='grc' dir='ltr'><strong>Α</strong></span> <span class='ocrx_word' id='word_1_385' title='bbox 1713 3944 1813 4011; x_wconf 83' lang='lat' dir='ltr'><strong><em>pud</em></strong></span> <span class='ocrx_word' id='word_1_386' title='bbox 1837 3942 1904 3997; x_wconf 97' lang='grc' dir='ltr'><strong><em>Μ.</em></strong></span> 
     </span>
    </p>
   </div>
   <div class='ocr_carea' id='block_1_50' title="bbox 428 4010 1909 4082">
    <p class='ocr_par' dir='ltr' id='par_1_50' title="bbox 428 4010 1909 4082">
     <span class='ocr_line' id='line_1_54' title="bbox 428 4010 1909 4082; baseline 0.002 -20"><span class='ocrx_word' id='word_1_387' title='bbox 428 4012 542 4063; x_wconf 84' lang='lat' dir='ltr'><strong><em>loco</em></strong></span> <span class='ocrx_word' id='word_1_388' title='bbox 571 4010 718 4064; x_wconf 86' lang='lat' dir='ltr'><strong><em>istius</em></strong></span> <span class='ocrx_word' id='word_1_389' title='bbox 755 4012 1023 4077; x_wconf 68' lang='lat' dir='ltr'><strong><em>clausulm,</em></strong></span> <span class='ocrx_word' id='word_1_390' title='bbox 1071 4029 1162 4081; x_wconf 86' lang='lat' dir='ltr'><strong><em>per</em></strong></span> <span class='ocrx_word' id='word_1_391' title='bbox 1198 4028 1384 4068; x_wconf 87' lang='lat' dir='ltr'><strong><em>omnes</em></strong></span> <span class='ocrx_word' id='word_1_392' title='bbox 1429 4010 1611 4068; x_wconf 64' lang='lat' dir='ltr'><strong><em>\er5us</em></strong></span> <span class='ocrx_word' id='word_1_393' title='bbox 1656 4014 1909 4082; x_wconf 78' lang='lat' dir='ltr'><strong><em>repetitur</em></strong></span> 
     </span>
    </p>
   </div>
   <div class='ocr_carea' id='block_1_51' title="bbox 426 4082 1096 4150">
    <p class='ocr_par' dir='ltr' id='par_1_51' title="bbox 426 4082 1096 4150">
     <span class='ocr_line' id='line_1_55' title="bbox 426 4082 1096 4150; baseline 0.006 -18"><span class='ocrx_word' id='word_1_394' title='bbox 426 4092 644 4141; x_wconf 76' lang='lat' dir='ltr'><strong><em>tantum,</em></strong></span> <span class='ocrx_word' id='word_1_395' title='bbox 672 4082 903 4150; x_wconf 86' lang='lat' dir='ltr'><strong><em>quoniam</em></strong></span> <span class='ocrx_word' id='word_1_396' title='bbox 922 4082 1096 4136; x_wconf 89' lang='lat' dir='ltr'><strong><em>bonus.</em></strong></span> 
     </span>
    </p>
   </div>
   <div class='ocr_carea' id='block_1_52' title="bbox 370 4150 1904 4220">
    <p class='ocr_par' dir='ltr' id='par_1_52' title="bbox 370 4150 1904 4220">
     <span class='ocr_line' id='line_1_56' title="bbox 370 4150 1904 4220; baseline 0.002 -18"><span class='ocrx_word' id='word_1_397' title='bbox 370 4152 400 4218; x_wconf 97' lang='lat'><strong><em>9</em></strong></span> <span class='ocrx_word' id='word_1_398' title='bbox 428 4190 439 4202; x_wconf 95' lang='lat'><strong>.</strong></span> <span class='ocrx_word' id='word_1_399' title='bbox 468 4150 520 4203; x_wconf 88' lang='lat'><strong><em>7.</em></strong></span> <span class='ocrx_word' id='word_1_400' title='bbox 551 4150 817 4203; x_wconf 88' lang='lat' dir='ltr'><strong><em>luminaria</em></strong></span> <span class='ocrx_word' id='word_1_401' title='bbox 848 4166 1048 4220; x_wconf 85' lang='lat' dir='ltr'><strong><em>magna.</em></strong></span> <span class='ocrx_word' id='word_1_402' title='bbox 1078 4150 1298 4207; x_wconf 77' lang='lat' dir='ltr'><strong><em>Additur</em></strong></span> <span class='ocrx_word' id='word_1_403' title='bbox 1321 4153 1454 4207; x_wconf 87' lang='lat' dir='ltr'><strong><em>solus</em></strong></span> <span class='ocrx_word' id='word_1_404' title='bbox 1481 4154 1530 4206; x_wconf 89' lang='lat' dir='ltr'><strong><em>in</em></strong></span> <span class='ocrx_word' id='word_1_405' title='bbox 1562 4154 1624 4206; x_wconf 90' lang='lat' dir='ltr'><strong><em>A.</em></strong></span> <span class='ocrx_word' id='word_1_406' title='bbox 1657 4152 1722 4206; x_wconf 91' lang='lat' dir='ltr'><strong><em>R.</em></strong></span> <span class='ocrx_word' id='word_1_407' title='bbox 1754 4152 1904 4206; x_wconf 87' lang='lat' dir='ltr'><strong><em>Rom.</em></strong></span> 
     </span>
    </p>
   </div>
   <div class='ocr_carea' id='block_1_53' title="bbox 425 4219 970 4275">
    <p class='ocr_par' dir='ltr' id='par_1_53' title="bbox 425 4219 970 4275">
     <span class='ocr_line' id='line_1_57' title="bbox 425 4219 970 4275; baseline -0.009 -1"><span class='ocrx_word' id='word_1_408' title='bbox 425 4220 491 4274; x_wconf 87' lang='grc' dir='ltr'><strong><em>Μ.</em></strong></span> <span class='ocrx_word' id='word_1_409' title='bbox 521 4220 586 4274; x_wconf 87' lang='lat' dir='ltr'><strong><em>G.</em></strong></span> <span class='ocrx_word' id='word_1_410' title='bbox 619 4219 681 4274; x_wconf 93' lang='lat' dir='ltr'><strong><em>II.</em></strong></span> <span class='ocrx_word' id='word_1_411' title='bbox 706 4221 766 4274; x_wconf 88' lang='lat' dir='ltr'><strong><em>C.</em></strong></span> <span class='ocrx_word' id='word_1_412' title='bbox 801 4229 854 4274; x_wconf 85' lang='lat' dir='ltr'><strong><em>ct</em></strong></span> <span class='ocrx_word' id='word_1_413' title='bbox 877 4219 970 4275; x_wconf 85' lang='lat' dir='ltr'><strong><em>Gr.</em></strong></span> 
     </span>
    </p>
   </div>
   <div class='ocr_carea' id='block_1_54' title="bbox 371 4290 1909 4360">
    <p class='ocr_par' dir='ltr' id='par_1_54' title="bbox 371 4290 1909 4360">
     <span class='ocr_line' id='line_1_58' title="bbox 371 4290 1909 4360; baseline 0.001 -19"><span class='ocrx_word' id='word_1_414' title='bbox 371 4290 401 4360; x_wconf 88' lang='lat'><strong><em>9</em></strong></span> <span class='ocrx_word' id='word_1_415' title='bbox 429 4330 441 4341; x_wconf 94' lang='lat'><strong><em>.</em></strong></span> <span class='ocrx_word' id='word_1_416' title='bbox 473 4291 558 4346; x_wconf 82' lang='grc'><strong>15.</strong></span> <span class='ocrx_word' id='word_1_417' title='bbox 591 4300 635 4342; x_wconf 84' lang='lat' dir='ltr'><strong><em>et</em></strong></span> <span class='ocrx_word' id='word_1_418' title='bbox 662 4292 888 4360; x_wconf 80' lang='lat' dir='ltr'><strong><em>uirtutem</em></strong></span> <span class='ocrx_word' id='word_1_419' title='bbox 917 4291 1042 4359; x_wconf 88' lang='lat' dir='ltr'><strong><em>ejus.</em></strong></span> <span class='ocrx_word' id='word_1_420' title='bbox 1073 4290 1138 4345; x_wconf 91' lang='lat' dir='ltr'><strong><em>R.</em></strong></span> <span class='ocrx_word' id='word_1_421' title='bbox 1181 4291 1334 4347; x_wconf 90' lang='lat' dir='ltr'><strong><em>Rom.</em></strong></span> <span class='ocrx_word' id='word_1_422' title='bbox 1367 4292 1431 4347; x_wconf 90' lang='lat' dir='ltr'><strong><em>G.</em></strong></span> <span class='ocrx_word' id='word_1_423' title='bbox 1467 4291 1526 4347; x_wconf 91' lang='lat' dir='ltr'><strong><em>C.</em></strong></span> <span class='ocrx_word' id='word_1_424' title='bbox 1562 4304 1608 4346; x_wconf 90' lang='lat' dir='ltr'><strong><em>et</em></strong></span> <span class='ocrx_word' id='word_1_425' title='bbox 1641 4293 1909 4347; x_wconf 76' lang='lat' dir='ltr'><strong><em>exercitum</em></strong></span> 
     </span>
    </p>
   </div>
   <div class='ocr_carea' id='block_1_55' title="bbox 422 4359 1908 4443">
    <p class='ocr_par' dir='ltr' id='par_1_55' title="bbox 422 4359 1908 4443">
     <span class='ocr_line' id='line_1_59' title="bbox 422 4359 1908 4443; baseline 0.001 -30"><span class='ocrx_word' id='word_1_426' title='bbox 422 4361 549 4443; x_wconf 55' lang='lat' dir='ltr'><strong><em>eius.</em></strong></span> <span class='ocrx_word' id='word_1_427' title='bbox 600 4360 666 4415; x_wconf 88' lang='lat' dir='ltr'><strong><em>Et</em></strong></span> <span class='ocrx_word' id='word_1_428' title='bbox 715 4362 792 4415; x_wconf 87' lang='lat' dir='ltr'><strong><em>sic</em></strong></span> <span class='ocrx_word' id='word_1_429' title='bbox 844 4359 1004 4415; x_wconf 84' lang='lat' dir='ltr'><strong><em>Hebr.</em></strong></span> <span class='ocrx_word' id='word_1_430' title='bbox 1057 4363 1127 4416; x_wconf 87' lang='lat' dir='ltr'><strong><em>At</em></strong></span> <span class='ocrx_word' id='word_1_431' title='bbox 1170 4362 1237 4416; x_wconf 89' lang='grc' dir='ltr'><strong><em>Μ.</em></strong></span> <span class='ocrx_word' id='word_1_432' title='bbox 1291 4372 1337 4415; x_wconf 92' lang='lat' dir='ltr'><strong><em>et</em></strong></span> <span class='ocrx_word' id='word_1_433' title='bbox 1388 4378 1581 4416; x_wconf 85' lang='lat' dir='ltr'><strong><em>onmem</em></strong></span> <span class='ocrx_word' id='word_1_434' title='bbox 1642 4363 1908 4431; x_wconf 88' lang='lat' dir='ltr'><strong><em>potentiam</em></strong></span> 
     </span>
    </p>
   </div>
   <div class='ocr_carea' id='block_1_56' title="bbox 423 4448 550 4485">
    <p class='ocr_par' dir='ltr' id='par_1_56' title="bbox 423 4448 550 4485">
     <span class='ocr_line' id='line_1_60' title="bbox 423 4448 550 4485; baseline 0.008 -1"><span class='ocrx_word' id='word_1_435' title='bbox 423 4448 550 4485; x_wconf 70' lang='grc' dir='ltr'><strong><em>ειιιε.</em></strong></span> 
     </span>
    </p>
   </div>
   <div class='ocr_carea' id='block_1_57' title="bbox 370 4450 1905 4572">
    <p class='ocr_par' dir='ltr' id='par_1_57' title="bbox 370 4450 1905 4572">
     <span class='ocr_line' id='line_1_61' title="bbox 370 4450 1905 4572; baseline 0.001 -19"><span class='ocrx_word' id='word_1_436' title='bbox 593 4501 692 4568; x_wconf 86' lang='lat' dir='ltr'><strong><em>Qui</em></strong></span> <span class='ocrx_word' id='word_1_437' title='bbox 729 4501 987 4572; x_wconf 88' lang='lat' dir='ltr'><strong><em>percussit,</em></strong></span> <span class='ocrx_word' id='word_1_438' title='bbox 1018 4510 1118 4556; x_wconf 89' lang='lat' dir='ltr'><strong><em>etc.</em></strong></span> <span class='ocrx_word' id='word_1_439' title='bbox 1148 4501 1278 4556; x_wconf 86' lang='lat' dir='ltr'><strong><em>Huic</em></strong></span> <span class='ocrx_word' id='word_1_440' title='bbox 1304 4500 1562 4556; x_wconf 81' lang='lat' dir='ltr'><strong><em>versiculo</em></strong></span> <span class='ocrx_word' id='word_1_441' title='bbox 1584 4502 1635 4555; x_wconf 86' lang='lat' dir='ltr'><strong><em>in</em></strong></span> <span class='ocrx_word' id='word_1_442' title='bbox 1663 4502 1727 4556; x_wconf 90' lang='lat' dir='ltr'><strong><em>R.</em></strong></span> <span class='ocrx_word' id='word_1_443' title='bbox 1753 4501 1905 4556; x_wconf 90' lang='lat' dir='ltr'><strong><em>Rom.</em></strong></span> 
     </span>
    </p>
   </div>
   <div class='ocr_carea' id='block_1_58' title="bbox 425 4570 1912 4643">
    <p class='ocr_par' dir='ltr' id='par_1_58' title="bbox 425 4570 1912 4643">
     <span class='ocr_line' id='line_1_62' title="bbox 425 4570 1912 4643; baseline -0.001 -16"><span class='ocrx_word' id='word_1_444' title='bbox 425 4570 490 4627; x_wconf 88' lang='lat' dir='ltr'><strong><em>G.</em></strong></span> <span class='ocrx_word' id='word_1_445' title='bbox 517 4571 577 4626; x_wconf 90' lang='lat' dir='ltr'><strong><em>C.</em></strong></span> <span class='ocrx_word' id='word_1_446' title='bbox 604 4570 740 4627; x_wconf 74' lang='lat' dir='ltr'><strong><em>alius</em></strong></span> <span class='ocrx_word' id='word_1_447' title='bbox 766 4573 865 4628; x_wconf 90' lang='lat' dir='ltr'><strong><em>iste</em></strong></span> <span class='ocrx_word' id='word_1_448' title='bbox 904 4574 1273 4642; x_wconf 70' lang='lat' dir='ltr'><strong><em>prmmittitur:</em></strong></span> <span class='ocrx_word' id='word_1_449' title='bbox 1308 4573 1404 4638; x_wconf 83' lang='lat' dir='ltr'><strong><em>Qui</em></strong></span> <span class='ocrx_word' id='word_1_450' title='bbox 1431 4573 1599 4625; x_wconf 73' lang='lat' dir='ltr'><strong><em>eduxit</em></strong></span> <span class='ocrx_word' id='word_1_451' title='bbox 1638 4588 1819 4643; x_wconf 88' lang='lat' dir='ltr'><strong><em>aquam</em></strong></span> <span class='ocrx_word' id='word_1_452' title='bbox 1848 4572 1912 4626; x_wconf 90' lang='lat' dir='ltr'><strong><em>de</em></strong></span> 
     </span>
    </p>
   </div>
   <div class='ocr_carea' id='block_1_59' title="bbox 427 4643 1906 4713">
    <p class='ocr_par' dir='ltr' id='par_1_59' title="bbox 427 4643 1906 4713">
     <span class='ocr_line' id='line_1_63' title="bbox 427 4643 1906 4713; baseline 0.01 -19"><span class='ocrx_word' id='word_1_453' title='bbox 427 4652 566 4713; x_wconf 76' lang='lat' dir='ltr'><strong><em>petra</em></strong></span> <span class='ocrx_word' id='word_1_454' title='bbox 584 4644 743 4713; x_wconf 91' lang='lat' dir='ltr'><strong><em>rupis,</em></strong></span> <span class='ocrx_word' id='word_1_455' title='bbox 767 4645 999 4711; x_wconf 90' lang='lat' dir='ltr'><strong><em>quoniam</em></strong></span> <span class='ocrx_word' id='word_1_456' title='bbox 1020 4643 1073 4697; x_wconf 89' lang='lat' dir='ltr'><strong><em>in</em></strong></span> <span class='ocrx_word' id='word_1_457' title='bbox 1092 4645 1347 4709; x_wconf 63' lang='lat' dir='ltr'><strong><em>sarculum,</em></strong></span> <span class='ocrx_word' id='word_1_458' title='bbox 1374 4649 1477 4713; x_wconf 85' lang='lat' dir='ltr'><strong><em>etc.</em></strong></span> <span class='ocrx_word' id='word_1_459' title='bbox 1700 4712 1705 4713; x_wconf 17' lang='grc' dir='ltr'><em>γ</em></span> <span class='ocrx_word' id='word_1_460' title='bbox 1777 4711 1785 4713; x_wconf 21' lang='grc' dir='ltr'><strong>Α</strong></span> <span class='ocrx_word' id='word_1_461' title='bbox 1830 4712 1835 4713; x_wconf 21' lang='grc' dir='ltr'>ί</span> <span class='ocrx_word' id='word_1_462' title='bbox 1898 4702 1906 4709; x_wconf 93' lang='grc'><strong><em>.</em></strong></span> 
     </span>
    </p>
   </div>
   <div class='ocr_carea' id='block_1_60' title="bbox 371 4709 1907 4783">
    <p class='ocr_par' dir='ltr' id='par_1_60' title="bbox 371 4709 1907 4783">
     <span class='ocr_line' id='line_1_64' title="bbox 371 4709 1907 4783; baseline 0.001 -16"><span class='ocrx_word' id='word_1_463' title='bbox 371 4711 403 4767; x_wconf 63' lang='lat'><strong><em>9</em></strong></span> <span class='ocrx_word' id='word_1_464' title='bbox 430 4709 557 4783; x_wconf 14' lang='lat'><strong><em>.7148.</em></strong></span> <span class='ocrx_word' id='word_1_465' title='bbox 584 4709 725 4783; x_wconf 82' lang='lat' dir='ltr'><strong><em>reges</em></strong></span> <span class='ocrx_word' id='word_1_466' title='bbox 764 4709 934 4781; x_wconf 77' lang='lat' dir='ltr'><strong><em>fortes.</em></strong></span> <span class='ocrx_word' id='word_1_467' title='bbox 972 4713 1034 4767; x_wconf 90' lang='lat' dir='ltr'><strong><em>R.</em></strong></span> <span class='ocrx_word' id='word_1_468' title='bbox 1076 4714 1228 4768; x_wconf 90' lang='lat' dir='ltr'><strong><em>Rom.</em></strong></span> <span class='ocrx_word' id='word_1_469' title='bbox 1275 4713 1340 4769; x_wconf 88' lang='lat' dir='ltr'><strong><em>G.</em></strong></span> <span class='ocrx_word' id='word_1_470' title='bbox 1383 4712 1443 4768; x_wconf 91' lang='lat' dir='ltr'><strong><em>C.</em></strong></span> <span class='ocrx_word' id='word_1_471' title='bbox 1478 4728 1619 4783; x_wconf 71' lang='lat' dir='ltr'><strong><em>reges</em></strong></span> <span class='ocrx_word' id='word_1_472' title='bbox 1640 4711 1907 4768; x_wconf 86' lang='lat' dir='ltr'><strong><em>mirabiles.</em></strong></span> 
     </span>
    </p>
   </div>
   <div class='ocr_carea' id='block_1_61' title="bbox 428 4781 1078 4853">
    <p class='ocr_par' dir='ltr' id='par_1_61' title="bbox 428 4781 1078 4853">
     <span class='ocr_line' id='line_1_65' title="bbox 428 4781 1078 4853; baseline 0.003 -16"><span class='ocrx_word' id='word_1_473' title='bbox 428 4781 587 4838; x_wconf 87' lang='lat' dir='ltr'><strong><em>Ilebr.</em></strong></span> <span class='ocrx_word' id='word_1_474' title='bbox 610 4781 748 4853; x_wconf 79' lang='lat' dir='ltr'><strong><em>reges</em></strong></span> <span class='ocrx_word' id='word_1_475' title='bbox 769 4784 1078 4852; x_wconf 82' lang='lat' dir='ltr'><strong><em>magnificos.</em></strong></span> 
     </span>
    </p>
   </div>
   <div class='ocr_carea' id='block_1_62' title="bbox 880 4868 1403 4911">
    <p class='ocr_par' dir='ltr' id='par_1_62' title="bbox 880 4868 1403 4911">
     <span class='ocr_line' id='line_1_66' title="bbox 880 4868 1403 4911; baseline 0.002 -5"><span class='ocrx_word' id='word_1_476' title='bbox 880 4868 947 4906; x_wconf 74' lang='lat' dir='ltr'><strong>EX</strong></span> <span class='ocrx_word' id='word_1_477' title='bbox 972 4868 1169 4911; x_wconf 73' lang='grc' dir='ltr'><strong><em>ΡεΑιιιο</em></strong></span> <span class='ocrx_word' id='word_1_478' title='bbox 1194 4869 1403 4910; x_wconf 80' lang='lat' dir='ltr'><strong>CXXXVI.</strong></span> 
     </span>
    </p>
   </div>
   <div class='ocr_carea' id='block_1_63' title="bbox 374 4921 1908 4992">
    <p class='ocr_par' dir='ltr' id='par_1_63' title="bbox 374 4921 1908 4992">
     <span class='ocr_line' id='line_1_67' title="bbox 374 4921 1908 4992; baseline 0 -16"><span class='ocrx_word' id='word_1_479' title='bbox 374 4921 403 4992; x_wconf 91' lang='lat'><strong><em>9</em></strong></span> <span class='ocrx_word' id='word_1_480' title='bbox 461 4921 524 4992; x_wconf 62' lang='grc' dir='ltr'><strong><em>Δ5.</em></strong></span> <span class='ocrx_word' id='word_1_481' title='bbox 543 4921 778 4992; x_wconf 80' lang='lat' dir='ltr'><strong><em>oblivioni</em></strong></span> <span class='ocrx_word' id='word_1_482' title='bbox 803 4921 946 4977; x_wconf 87' lang='lat' dir='ltr'><strong><em>detur</em></strong></span> <span class='ocrx_word' id='word_1_483' title='bbox 971 4922 1171 4978; x_wconf 74' lang='lat' dir='ltr'><strong><em>dextera</em></strong></span> <span class='ocrx_word' id='word_1_484' title='bbox 1204 4941 1330 4979; x_wconf 90' lang='lat' dir='ltr'><strong><em>mea.</em></strong></span> <span class='ocrx_word' id='word_1_485' title='bbox 1363 4926 1427 4978; x_wconf 77' lang='grc' dir='ltr'><strong>Α.</strong></span> <span class='ocrx_word' id='word_1_486' title='bbox 1456 4922 1521 4979; x_wconf 90' lang='lat' dir='ltr'><strong><em>R.</em></strong></span> <span class='ocrx_word' id='word_1_487' title='bbox 1549 4923 1705 4980; x_wconf 85' lang='lat' dir='ltr'><strong><em>Rom.</em></strong></span> <span class='ocrx_word' id='word_1_488' title='bbox 1739 4922 1806 4979; x_wconf 89' lang='grc' dir='ltr'><strong><em>Μ.</em></strong></span> <span class='ocrx_word' id='word_1_489' title='bbox 1844 4921 1908 4979; x_wconf 92' lang='lat' dir='ltr'><strong><em>G.</em></strong></span> 
     </span>
    </p>
   </div>
   <div class='ocr_carea' id='block_1_64' title="bbox 437 4990 1399 5050">
    <p class='ocr_par' dir='ltr' id='par_1_64' title="bbox 437 4990 1399 5050">
     <span class='ocr_line' id='line_1_68' title="bbox 437 4990 1399 5050; baseline 0.004 -4"><span class='ocrx_word' id='word_1_490' title='bbox 437 4990 497 5046; x_wconf 86' lang='lat' dir='ltr'><strong>II.</strong></span> <span class='ocrx_word' id='word_1_491' title='bbox 528 4990 589 5046; x_wconf 88' lang='lat' dir='ltr'><strong><em>C.</em></strong></span> <span class='ocrx_word' id='word_1_492' title='bbox 616 4991 931 5046; x_wconf 83' lang='lat' dir='ltr'><strong><em>obliviscatur</em></strong></span> <span class='ocrx_word' id='word_1_493' title='bbox 950 5009 1026 5045; x_wconf 91' lang='lat' dir='ltr'><strong><em>me</em></strong></span> <span class='ocrx_word' id='word_1_494' title='bbox 1053 4995 1255 5048; x_wconf 73' lang='lat' dir='ltr'><strong><em>dextera</em></strong></span> <span class='ocrx_word' id='word_1_495' title='bbox 1271 5012 1399 5050; x_wconf 88' lang='lat' dir='ltr'><strong><em>mea.</em></strong></span> 
     </span>
    </p>
   </div>
   <div class='ocr_carea' id='block_1_65' title="bbox 438 5060 1752 5136">
    <p class='ocr_par' dir='ltr' id='par_1_65' title="bbox 438 5060 1752 5136">
     <span class='ocr_line' id='line_1_69' title="bbox 438 5060 1752 5136; baseline 0.001 -20"><span class='ocrx_word' id='word_1_496' title='bbox 438 5104 452 5116; x_wconf 93' lang='lat'><strong>.</strong></span> <span class='ocrx_word' id='word_1_497' title='bbox 473 5061 526 5136; x_wconf 64' lang='grc' dir='ltr'><strong>ρ.</strong></span> <span class='ocrx_word' id='word_1_498' title='bbox 548 5078 868 5136; x_wconf 81' lang='lat' dir='ltr'><strong><em>proposuero.</em></strong></span> <span class='ocrx_word' id='word_1_499' title='bbox 892 5063 955 5136; x_wconf 81' lang='lat' dir='ltr'><strong><em>A_.</em></strong></span> <span class='ocrx_word' id='word_1_500' title='bbox 984 5060 1048 5117; x_wconf 93' lang='lat' dir='ltr'><strong><em>G.</em></strong></span> <span class='ocrx_word' id='word_1_501' title='bbox 1069 5063 1126 5116; x_wconf 80' lang='lat' dir='ltr'><strong><em>G.</em></strong></span> <span class='ocrx_word' id='word_1_502' title='bbox 1150 5066 1268 5118; x_wconf 77' lang='lat' dir='ltr'><strong><em>Cur.</em></strong></span> <span class='ocrx_word' id='word_1_503' title='bbox 1301 5064 1390 5120; x_wconf 90' lang='lat' dir='ltr'><strong><em>Gr.</em></strong></span> <span class='ocrx_word' id='word_1_504' title='bbox 1420 5081 1752 5136; x_wconf 74' lang='lat' dir='ltr'><strong><em>prwposuero.</em></strong></span> 
     </span>
    </p>
   </div>
   <div class='ocr_carea' id='block_1_66' title="bbox 432 5128 1913 5206">
    <p class='ocr_par' dir='ltr' id='par_1_66' title="bbox 432 5128 1913 5206">
     <span class='ocr_line' id='line_1_70' title="bbox 432 5128 1913 5206; baseline 0.001 -21"><span class='ocrx_word' id='word_1_505' title='bbox 432 5172 444 5184; x_wconf 95' lang='lat'><strong><em>.</em></strong></span> <span class='ocrx_word' id='word_1_506' title='bbox 473 5128 527 5185; x_wconf 86' lang='lat'><strong><em>7.</em></strong></span> <span class='ocrx_word' id='word_1_507' title='bbox 548 5128 737 5206; x_wconf 56' lang='lat' dir='ltr'><strong><em>usque}</em></strong></span> <span class='ocrx_word' id='word_1_508' title='bbox 753 5132 797 5206; x_wconf 63' lang='lat' dir='ltr'><strong><em>tl</em></strong></span> <span class='ocrx_word' id='word_1_509' title='bbox 806 5133 1205 5206; x_wconf 79' lang='lat' dir='ltr'><strong><em>fundamentum.</em></strong></span> <span class='ocrx_word' id='word_1_510' title='bbox 1227 5137 1287 5186; x_wconf 85' lang='lat' dir='ltr'><strong><em>A.</em></strong></span> <span class='ocrx_word' id='word_1_511' title='bbox 1309 5128 1461 5204; x_wconf 77' lang='lat' dir='ltr'><strong><em>usque</em></strong></span> <span class='ocrx_word' id='word_1_512' title='bbox 1478 5128 1598 5189; x_wconf 67' lang='lat' dir='ltr'><strong><em>dum</em></strong></span> <span class='ocrx_word' id='word_1_513' title='bbox 1617 5134 1913 5206; x_wconf 84' lang='lat' dir='ltr'><strong><em>fundamen-</em></strong></span> 
     </span>
    </p>
   </div>
   <div class='ocr_carea' id='block_1_67' title="bbox 428 5201 1577 5271">
    <p class='ocr_par' dir='ltr' id='par_1_67' title="bbox 428 5201 1577 5271">
     <span class='ocr_line' id='line_1_71' title="bbox 428 5201 1577 5271; baseline 0.004 -16"><span class='ocrx_word' id='word_1_514' title='bbox 428 5215 549 5257; x_wconf 94' lang='lat' dir='ltr'><strong><em>tum.</em></strong></span> <span class='ocrx_word' id='word_1_515' title='bbox 578 5201 642 5259; x_wconf 66' lang='grc' dir='ltr'><strong><em>(ξ.</em></strong></span> <span class='ocrx_word' id='word_1_516' title='bbox 672 5201 716 5257; x_wconf 86' lang='lat' dir='ltr'><strong><em>H</em></strong></span> <span class='ocrx_word' id='word_1_517' title='bbox 759 5202 819 5258; x_wconf 89' lang='lat' dir='ltr'><strong><em>C.</em></strong></span> <span class='ocrx_word' id='word_1_518' title='bbox 841 5202 1162 5271; x_wconf 86' lang='lat' dir='ltr'><strong><em>quoadusque</em></strong></span> <span class='ocrx_word' id='word_1_519' title='bbox 1181 5201 1577 5271; x_wconf 74' lang='lat' dir='ltr'><strong><em>fundamentum.</em></strong></span> 
     </span>
    </p>
   </div>
   <div class='ocr_carea' id='block_1_68' title="bbox 860 5287 1422 5329">
    <p class='ocr_par' dir='ltr' id='par_1_68' title="bbox 860 5287 1422 5329">
     <span class='ocr_line' id='line_1_72' title="bbox 860 5287 1422 5329; baseline 0 -2"><span class='ocrx_word' id='word_1_520' title='bbox 860 5288 924 5327; x_wconf 72' lang='lat' dir='ltr'><strong>EX</strong></span> <span class='ocrx_word' id='word_1_521' title='bbox 964 5287 1161 5329; x_wconf 73' lang='lat' dir='ltr'><strong><em>PSALIO</em></strong></span> <span class='ocrx_word' id='word_1_522' title='bbox 1185 5288 1422 5327; x_wconf 70' lang='lat' dir='ltr'><strong>CXXXVII.</strong></span> 
     </span>
    </p>
   </div>
   <div class='ocr_carea' id='block_1_69' title="bbox 373 5340 1747 5414">
    <p class='ocr_par' dir='ltr' id='par_1_69' title="bbox 373 5340 1747 5414">
     <span class='ocr_line' id='line_1_73' title="bbox 373 5340 1747 5414; baseline 0.001 -16"><span class='ocrx_word' id='word_1_523' title='bbox 373 5344 406 5412; x_wconf 82' lang='lat'><strong><em>9</em></strong></span> <span class='ocrx_word' id='word_1_524' title='bbox 433 5386 445 5398; x_wconf 94' lang='lat'><strong><em>.</em></strong></span> <span class='ocrx_word' id='word_1_525' title='bbox 479 5344 530 5398; x_wconf 86' lang='lat' dir='ltr'><strong><em>I.</em></strong></span> <span class='ocrx_word' id='word_1_526' title='bbox 559 5342 668 5414; x_wconf 87' lang='lat' dir='ltr'><strong><em>Ipsi</em></strong></span> <span class='ocrx_word' id='word_1_527' title='bbox 695 5340 878 5414; x_wconf 81' lang='lat' dir='ltr'><strong><em>David.</em></strong></span> <span class='ocrx_word' id='word_1_528' title='bbox 906 5340 996 5397; x_wconf 88' lang='lat' dir='ltr'><strong><em>Gr.</em></strong></span> <span class='ocrx_word' id='word_1_529' title='bbox 1024 5343 1186 5414; x_wconf 78' lang='lat' dir='ltr'><strong><em>addit,</em></strong></span> <span class='ocrx_word' id='word_1_530' title='bbox 1212 5344 1381 5412; x_wconf 79' lang='lat' dir='ltr'><strong><em>Aggan&#39;</em></strong></span> <span class='ocrx_word' id='word_1_531' title='bbox 1404 5353 1448 5396; x_wconf 90' lang='lat' dir='ltr'><strong><em>et</em></strong></span> <span class='ocrx_word' id='word_1_532' title='bbox 1467 5343 1747 5399; x_wconf 76' lang='lat' dir='ltr'><strong><em>Zacharia&#39;.</em></strong></span> 
     </span>
    </p>
   </div>
   <div class='ocr_carea' id='block_1_70' title="bbox 363 5412 1910 5539">
    <p class='ocr_par' dir='ltr' id='par_1_70' title="bbox 363 5412 1910 5539">
     <span class='ocr_line' id='line_1_74' title="bbox 363 5412 1910 5539; baseline -0.001 -71"><span class='ocrx_word' id='word_1_533' title='bbox 363 5417 487 5539; x_wconf 60' lang='grc' dir='ltr'>Ιιυὲι</span> <span class='ocrx_word' id='word_1_534' title='bbox 522 5412 928 5539; x_wconf 52' lang='lat' dir='ltr'><strong><em>9I.HI.bquoniam</em></strong></span> <span class='ocrx_word' id='word_1_535' title='bbox 961 5412 1145 5467; x_wconf 86' lang='lat' dir='ltr'><strong><em>audisti</em></strong></span> <span class='ocrx_word' id='word_1_536' title='bbox 1173 5415 1318 5466; x_wconf 83' lang='lat' dir='ltr'><strong><em>verba</em></strong></span> <span class='ocrx_word' id='word_1_537' title='bbox 1342 5414 1442 5467; x_wconf 90' lang='lat' dir='ltr'><strong><em>oris</em></strong></span> <span class='ocrx_word' id='word_1_538' title='bbox 1481 5415 1596 5467; x_wconf 83' lang='lat' dir='ltr'><strong><em>mei.</em></strong></span> <span class='ocrx_word' id='word_1_539' title='bbox 1627 5414 1678 5468; x_wconf 90' lang='lat' dir='ltr'><strong><em>Id</em></strong></span> <span class='ocrx_word' id='word_1_540' title='bbox 1706 5417 1855 5470; x_wconf 81' lang='lat' dir='ltr'><strong><em>abest</em></strong></span> <span class='ocrx_word' id='word_1_541' title='bbox 1882 5430 1910 5467; x_wconf 88' lang='lat' dir='ltr'><strong><em>a</em></strong></span> 
     </span>
     <span class='ocr_line' id='line_1_75' title="bbox 477 5499 749 5539; baseline -0.011 -1"><span class='ocrx_word' id='word_1_542' title='bbox 477 5525 491 5538; x_wconf 94' lang='lat'><strong>.</strong></span> <span class='ocrx_word' id='word_1_543' title='bbox 519 5500 550 5539; x_wconf 90' lang='lat' dir='ltr'><strong>e</strong></span> <span class='ocrx_word' id='word_1_544' title='bbox 638 5501 667 5538; x_wconf 97' lang='lat' dir='ltr'><strong><em>e</em></strong></span> <span class='ocrx_word' id='word_1_545' title='bbox 706 5499 749 5537; x_wconf 90' lang='lat' dir='ltr'><strong><em>r.</em></strong></span> 
     </span>
    </p>
   </div>
   <div class='ocr_carea' id='block_1_71' title="bbox 429 5485 749 5541">
    <p class='ocr_par' dir='ltr' id='par_1_71' title="bbox 429 5485 749 5541">
     <span class='ocr_line' id='line_1_76' title="bbox 429 5485 749 5541; baseline -0.019 0"><span class='ocrx_word' id='word_1_546' title='bbox 429 5485 491 5541; x_wconf 83' lang='lat' dir='ltr'><strong><em>G.</em></strong></span> <span class='ocrx_word' id='word_1_547' title='bbox 519 5495 572 5541; x_wconf 91' lang='lat' dir='ltr'><strong><em>et</em></strong></span> <span class='ocrx_word' id='word_1_548' title='bbox 591 5485 749 5539; x_wconf 85' lang='lat' dir='ltr'><strong><em>Hebr.</em></strong></span> 
     </span>
    </p>
   </div>
   <div class='ocr_carea' id='block_1_72' title="bbox 378 5553 1441 5623">
    <p class='ocr_par' dir='ltr' id='par_1_72' title="bbox 378 5553 1441 5623">
     <span class='ocr_line' id='line_1_77' title="bbox 378 5553 1441 5623; baseline 0.001 -17"><span class='ocrx_word' id='word_1_549' title='bbox 378 5556 403 5621; x_wconf 76' lang='lat'><strong>9</strong></span> <span class='ocrx_word' id='word_1_550' title='bbox 433 5596 442 5606; x_wconf 93' lang='lat'><strong><em>.</em></strong></span> <span class='ocrx_word' id='word_1_551' title='bbox 473 5554 527 5608; x_wconf 76' lang='lat'><strong><em>9..</em></strong></span> <span class='ocrx_word' id='word_1_552' title='bbox 548 5566 593 5609; x_wconf 89' lang='lat' dir='ltr'><strong><em>et</em></strong></span> <span class='ocrx_word' id='word_1_553' title='bbox 617 5555 816 5608; x_wconf 80' lang='lat' dir='ltr'><strong><em>veritate</em></strong></span> <span class='ocrx_word' id='word_1_554' title='bbox 835 5561 938 5606; x_wconf 89' lang='lat' dir='ltr'><strong><em>tua.</em></strong></span> <span class='ocrx_word' id='word_1_555' title='bbox 971 5553 1034 5609; x_wconf 88' lang='lat' dir='ltr'><strong><em>G.</em></strong></span> <span class='ocrx_word' id='word_1_556' title='bbox 1067 5563 1113 5606; x_wconf 90' lang='lat' dir='ltr'><strong><em>et</em></strong></span> <span class='ocrx_word' id='word_1_557' title='bbox 1136 5554 1315 5623; x_wconf 86' lang='lat' dir='ltr'><strong><em>pietate</em></strong></span> <span class='ocrx_word' id='word_1_558' title='bbox 1337 5561 1441 5607; x_wconf 90' lang='lat' dir='ltr'><strong><em>tua.</em></strong></span> 
     </span>
    </p>
   </div>
   <div class='ocr_carea' id='block_1_73' title="bbox 356 5623 1906 5695">
    <p class='ocr_par' dir='ltr' id='par_1_73' title="bbox 356 5623 1906 5695">
     <span class='ocr_line' id='line_1_78' title="bbox 356 5623 1906 5695; baseline -0.003 -15"><span class='ocrx_word' id='word_1_559' title='bbox 356 5626 485 5695; x_wconf 65' lang='lat' dir='ltr'><strong><em>item</em></strong></span> <span class='ocrx_word' id='word_1_560' title='bbox 526 5624 598 5693; x_wconf 86' lang='lat'><strong><em>9.</em></strong></span> <span class='ocrx_word' id='word_1_561' title='bbox 624 5624 674 5679; x_wconf 73' lang='lat'><strong><em>2.</em></strong></span> <span class='ocrx_word' id='word_1_562' title='bbox 708 5641 857 5693; x_wconf 90' lang='lat' dir='ltr'><strong><em>super</em></strong></span> <span class='ocrx_word' id='word_1_563' title='bbox 876 5641 1039 5681; x_wconf 88' lang='lat' dir='ltr'><strong><em>onme.</em></strong></span> <span class='ocrx_word' id='word_1_564' title='bbox 1069 5624 1135 5680; x_wconf 91' lang='lat' dir='ltr'><strong><em>R.</em></strong></span> <span class='ocrx_word' id='word_1_565' title='bbox 1165 5624 1318 5680; x_wconf 92' lang='lat' dir='ltr'><strong><em>Rom.</em></strong></span> <span class='ocrx_word' id='word_1_566' title='bbox 1345 5640 1494 5695; x_wconf 81' lang='lat' dir='ltr'><strong><em>super</em></strong></span> <span class='ocrx_word' id='word_1_567' title='bbox 1518 5640 1623 5678; x_wconf 87' lang='lat' dir='ltr'><strong><em>nos.</em></strong></span> <span class='ocrx_word' id='word_1_568' title='bbox 1658 5624 1723 5678; x_wconf 79' lang='grc' dir='ltr'><strong><em>Μ.</em></strong></span> <span class='ocrx_word' id='word_1_569' title='bbox 1749 5624 1810 5679; x_wconf 88' lang='lat' dir='ltr'><strong><em>G.</em></strong></span> <span class='ocrx_word' id='word_1_570' title='bbox 1844 5623 1906 5679; x_wconf 91' lang='lat' dir='ltr'><strong>II.</strong></span> 
     </span>
    </p>
   </div>
   <div class='ocr_carea' id='block_1_74' title="bbox 426 5693 864 5766">
    <p class='ocr_par' dir='ltr' id='par_1_74' title="bbox 426 5693 864 5766">
     <span class='ocr_line' id='line_1_79' title="bbox 426 5693 864 5766; baseline -0.011 -12"><span class='ocrx_word' id='word_1_571' title='bbox 426 5693 486 5754; x_wconf 70' lang='grc' dir='ltr'><strong><em>Β.</em></strong></span> <span class='ocrx_word' id='word_1_572' title='bbox 506 5711 653 5766; x_wconf 86' lang='lat' dir='ltr'><strong><em>super</em></strong></span> <span class='ocrx_word' id='word_1_573' title='bbox 677 5695 864 5750; x_wconf 82' lang='lat' dir='ltr'><strong><em>omnia.</em></strong></span> 
     </span>
    </p>
   </div>
   <div class='ocr_carea' id='block_1_75' title="bbox 2022 364 3555 433">
    <p class='ocr_par' dir='ltr' id='par_1_75' title="bbox 2022 364 3555 433">
     <span class='ocr_line' id='line_1_80' title="bbox 2022 364 3555 433; baseline 0.002 -17"><span class='ocrx_word' id='word_1_574' title='bbox 2022 368 2056 433; x_wconf 82' lang='lat'><strong><em>9</em></strong></span> <span class='ocrx_word' id='word_1_575' title='bbox 2080 404 2093 416; x_wconf 93' lang='lat'><strong><em>.</em></strong></span> <span class='ocrx_word' id='word_1_576' title='bbox 2122 366 2173 419; x_wconf 77' lang='grc'><strong>5.</strong></span> <span class='ocrx_word' id='word_1_577' title='bbox 2201 365 2383 420; x_wconf 75' lang='lat' dir='ltr'><strong><em>medi</em></strong></span> <span class='ocrx_word' id='word_1_578' title='bbox 2396 382 2503 425; x_wconf 83' lang='lat' dir='ltr'><strong><em>me.</em></strong></span> <span class='ocrx_word' id='word_1_579' title='bbox 2529 368 2593 423; x_wconf 77' lang='grc' dir='ltr'><strong>Α.</strong></span> <span class='ocrx_word' id='word_1_580' title='bbox 2623 365 2690 422; x_wconf 83' lang='grc' dir='ltr'><strong><em>Μ.</em></strong></span> <span class='ocrx_word' id='word_1_581' title='bbox 2720 364 2813 422; x_wconf 87' lang='lat' dir='ltr'><strong><em>Gr.</em></strong></span> <span class='ocrx_word' id='word_1_582' title='bbox 2848 365 2946 420; x_wconf 87' lang='lat' dir='ltr'><strong><em>cito</em></strong></span> <span class='ocrx_word' id='word_1_583' title='bbox 2968 364 3150 419; x_wconf 68' lang='lat' dir='ltr'><strong><em>exaudi</em></strong></span> <span class='ocrx_word' id='word_1_584' title='bbox 3174 381 3268 422; x_wconf 86' lang='lat' dir='ltr'><strong><em>me.</em></strong></span> <span class='ocrx_word' id='word_1_585' title='bbox 3293 365 3352 422; x_wconf 89' lang='lat' dir='ltr'><strong><em>C.</em></strong></span> <span class='ocrx_word' id='word_1_586' title='bbox 3379 364 3555 422; x_wconf 71' lang='lat' dir='ltr'><strong><em>veloci-</em></strong></span> 
     </span>
    </p>
   </div>
   <div class='ocr_carea' id='block_1_76' title="bbox 2076 445 2305 499">
    <p class='ocr_par' dir='ltr' id='par_1_76' title="bbox 2076 445 2305 499">
     <span class='ocr_line' id='line_1_81' title="bbox 2076 445 2305 499; baseline -0.004 -12"><span class='ocrx_word' id='word_1_587' title='bbox 2076 445 2167 499; x_wconf 88' lang='lat' dir='ltr'><strong><em>ter,</em></strong></span> <span class='ocrx_word' id='word_1_588' title='bbox 2203 446 2305 490; x_wconf 88' lang='lat' dir='ltr'><strong><em>etc.</em></strong></span> 
     </span>
    </p>
   </div>
   <div class='ocr_carea' id='block_1_77' title="bbox 2002 501 3561 574">
    <p class='ocr_par' dir='ltr' id='par_1_77' title="bbox 2002 501 3561 574">
     <span class='ocr_line' id='line_1_82' title="bbox 2002 501 3561 574; baseline 0.001 -17"><span class='ocrx_word' id='word_1_589' title='bbox 2002 501 2130 574; x_wconf 87' lang='lat' dir='ltr'><strong><em>Itcm</em></strong></span> <span class='ocrx_word' id='word_1_590' title='bbox 2178 506 2211 573; x_wconf 88' lang='lat'><strong><em>9</em></strong></span> <span class='ocrx_word' id='word_1_591' title='bbox 2236 546 2249 559; x_wconf 93' lang='lat'><strong><em>.</em></strong></span> <span class='ocrx_word' id='word_1_592' title='bbox 2289 507 2349 561; x_wconf 77' lang='lat'><strong><em>3.’</em></strong></span> <span class='ocrx_word' id='word_1_593' title='bbox 2386 507 2739 574; x_wconf 85' lang='lat' dir='ltr'><strong><em>multiplicabis</em></strong></span> <span class='ocrx_word' id='word_1_594' title='bbox 2762 506 2815 560; x_wconf 89' lang='lat' dir='ltr'><strong><em>in</em></strong></span> <span class='ocrx_word' id='word_1_595' title='bbox 2842 522 3014 560; x_wconf 79' lang='lat' dir='ltr'><strong><em>anima</em></strong></span> <span class='ocrx_word' id='word_1_596' title='bbox 3053 522 3165 559; x_wconf 87' lang='lat' dir='ltr'><strong><em>mea</em></strong></span> <span class='ocrx_word' id='word_1_597' title='bbox 3210 506 3454 562; x_wconf 76' lang='lat' dir='ltr'><strong><em>uirtutem.</em></strong></span> <span class='ocrx_word' id='word_1_598' title='bbox 3497 505 3561 561; x_wconf 92' lang='lat' dir='ltr'><strong><em>R.</em></strong></span> 
     </span>
    </p>
   </div>
   <div class='ocr_carea' id='block_1_78' title="bbox 2078 573 3569 645">
    <p class='ocr_par' dir='ltr' id='par_1_78' title="bbox 2078 573 3569 645">
     <span class='ocr_line' id='line_1_83' title="bbox 2078 573 3569 645; baseline 0.001 -17"><span class='ocrx_word' id='word_1_599' title='bbox 2078 573 2230 629; x_wconf 86' lang='lat' dir='ltr'><strong><em>Rom.</em></strong></span> <span class='ocrx_word' id='word_1_600' title='bbox 2260 576 2475 631; x_wconf 80' lang='lat' dir='ltr'><strong><em>addunt.</em></strong></span> <span class='ocrx_word' id='word_1_601' title='bbox 2511 573 2667 631; x_wconf 86' lang='lat' dir='ltr'><strong><em>tuam.</em></strong></span> <span class='ocrx_word' id='word_1_602' title='bbox 2698 579 2763 631; x_wconf 82' lang='lat' dir='ltr'><strong><em>At</em></strong></span> <span class='ocrx_word' id='word_1_603' title='bbox 2804 577 2869 631; x_wconf 86' lang='lat' dir='ltr'><strong><em>A.</em></strong></span> <span class='ocrx_word' id='word_1_604' title='bbox 2902 577 3078 639; x_wconf 83' lang='lat' dir='ltr'><strong><em>habet,</em></strong></span> <span class='ocrx_word' id='word_1_605' title='bbox 3109 575 3461 645; x_wconf 83' lang='lat' dir='ltr'><strong><em>multiplicabis</em></strong></span> <span class='ocrx_word' id='word_1_606' title='bbox 3490 592 3569 630; x_wconf 89' lang='lat' dir='ltr'><strong><em>me</em></strong></span> 
     </span>
    </p>
   </div>
   <div class='ocr_carea' id='block_1_79' title="bbox 2075 645 3567 716">
    <p class='ocr_par' dir='ltr' id='par_1_79' title="bbox 2075 645 3567 716">
     <span class='ocr_line' id='line_1_84' title="bbox 2075 645 3567 716; baseline 0.003 -19"><span class='ocrx_word' id='word_1_607' title='bbox 2075 646 2127 699; x_wconf 89' lang='lat' dir='ltr'><strong><em>in</em></strong></span> <span class='ocrx_word' id='word_1_608' title='bbox 2146 646 2313 698; x_wconf 83' lang='lat' dir='ltr'><strong><em>anima</em></strong></span> <span class='ocrx_word' id='word_1_609' title='bbox 2333 663 2442 700; x_wconf 88' lang='lat' dir='ltr'><strong><em>mea</em></strong></span> <span class='ocrx_word' id='word_1_610' title='bbox 2462 649 2653 702; x_wconf 82' lang='lat' dir='ltr'><strong><em>virtute.</em></strong></span> <span class='ocrx_word' id='word_1_611' title='bbox 2685 647 2750 704; x_wconf 89' lang='lat' dir='ltr'><strong><em>G.</em></strong></span> <span class='ocrx_word' id='word_1_612' title='bbox 2777 647 2837 716; x_wconf 85' lang='lat' dir='ltr'><strong><em>G.</em></strong></span> <span class='ocrx_word' id='word_1_613' title='bbox 2865 645 3210 716; x_wconf 78' lang='lat' dir='ltr'><strong><em>multiplicasti</em></strong></span> <span class='ocrx_word' id='word_1_614' title='bbox 3229 662 3306 703; x_wconf 84' lang='lat' dir='ltr'><strong><em>me</em></strong></span> <span class='ocrx_word' id='word_1_615' title='bbox 3325 647 3373 700; x_wconf 89' lang='lat' dir='ltr'><strong><em>in</em></strong></span> <span class='ocrx_word' id='word_1_616' title='bbox 3398 648 3567 701; x_wconf 80' lang='lat' dir='ltr'><strong><em>animo</em></strong></span> 
     </span>
    </p>
   </div>
   <div class='ocr_carea' id='block_1_80' title="bbox 2074 715 3565 787">
    <p class='ocr_par' dir='ltr' id='par_1_80' title="bbox 2074 715 3565 787">
     <span class='ocr_line' id='line_1_85' title="bbox 2074 715 3565 787; baseline 0.001 -18"><span class='ocrx_word' id='word_1_617' title='bbox 2074 733 2182 769; x_wconf 88' lang='lat' dir='ltr'><strong><em>mea</em></strong></span> <span class='ocrx_word' id='word_1_618' title='bbox 2210 716 2261 769; x_wconf 91' lang='lat' dir='ltr'><strong><em>in</em></strong></span> <span class='ocrx_word' id='word_1_619' title='bbox 2290 718 2465 787; x_wconf 80' lang='lat' dir='ltr'><strong><em>virtute</em></strong></span> <span class='ocrx_word' id='word_1_620' title='bbox 2492 717 2688 787; x_wconf 45' lang='lat' dir='ltr'><strong><em>tum/II.</em></strong></span> <span class='ocrx_word' id='word_1_621' title='bbox 2720 727 2771 774; x_wconf 91' lang='lat' dir='ltr'><strong><em>et</em></strong></span> <span class='ocrx_word' id='word_1_622' title='bbox 2792 715 2883 774; x_wconf 85' lang='lat' dir='ltr'><strong><em>Gr.</em></strong></span> <span class='ocrx_word' id='word_1_623' title='bbox 2906 716 3228 772; x_wconf 84' lang='lat' dir='ltr'><strong><em>concordant</em></strong></span> <span class='ocrx_word' id='word_1_624' title='bbox 3250 719 3451 773; x_wconf 82' lang='lat' dir='ltr'><strong><em>cumA.</em></strong></span> <span class='ocrx_word' id='word_1_625' title='bbox 3479 717 3565 771; x_wconf 85' lang='lat' dir='ltr'><strong><em>cui</em></strong></span> 
     </span>
    </p>
   </div>
   <div class='ocr_carea' id='block_1_81' title="bbox 2077 787 2641 849">
    <p class='ocr_par' dir='ltr' id='par_1_81' title="bbox 2077 787 2641 849">
     <span class='ocr_line' id='line_1_86' title="bbox 2077 787 2641 849; baseline 0.004 -9"><span class='ocrx_word' id='word_1_626' title='bbox 2077 795 2273 840; x_wconf 88' lang='lat' dir='ltr'><strong><em>tantum</em></strong></span> <span class='ocrx_word' id='word_1_627' title='bbox 2296 787 2512 849; x_wconf 82' lang='lat' dir='ltr'><strong><em>addunt,</em></strong></span> <span class='ocrx_word' id='word_1_628' title='bbox 2537 797 2641 842; x_wconf 88' lang='lat' dir='ltr'><strong><em>tua.</em></strong></span> 
     </span>
    </p>
   </div>
   <div class='ocr_carea' id='block_1_82' title="bbox 2019 856 3565 926">
    <p class='ocr_par' dir='ltr' id='par_1_82' title="bbox 2019 856 3565 926">
     <span class='ocr_line' id='line_1_87' title="bbox 2019 856 3565 926; baseline 0.001 -17"><span class='ocrx_word' id='word_1_629' title='bbox 2019 856 2055 926; x_wconf 96' lang='lat'><strong>9</strong></span> <span class='ocrx_word' id='word_1_630' title='bbox 2078 895 2091 909; x_wconf 94' lang='lat'><strong><em>.</em></strong></span> <span class='ocrx_word' id='word_1_631' title='bbox 2124 858 2176 911; x_wconf 89' lang='grc'><strong>5.</strong></span> <span class='ocrx_word' id='word_1_632' title='bbox 2204 858 2255 911; x_wconf 90' lang='lat' dir='ltr'><strong><em>in</em></strong></span> <span class='ocrx_word' id='word_1_633' title='bbox 2298 859 2388 912; x_wconf 80' lang='lat' dir='ltr'><strong><em>viis</em></strong></span> <span class='ocrx_word' id='word_1_634' title='bbox 2415 857 2638 912; x_wconf 81' lang='lat' dir='ltr'><strong><em>Domini.</em></strong></span> <span class='ocrx_word' id='word_1_635' title='bbox 2667 858 2731 912; x_wconf 91' lang='lat' dir='ltr'><strong><em>R.</em></strong></span> <span class='ocrx_word' id='word_1_636' title='bbox 2762 857 2917 912; x_wconf 85' lang='lat' dir='ltr'><strong><em>Rom.</em></strong></span> <span class='ocrx_word' id='word_1_637' title='bbox 2944 857 3009 914; x_wconf 90' lang='lat' dir='ltr'><strong><em>G.</em></strong></span> <span class='ocrx_word' id='word_1_638' title='bbox 3026 857 3086 913; x_wconf 91' lang='lat' dir='ltr'><strong><em>C.</em></strong></span> <span class='ocrx_word' id='word_1_639' title='bbox 3114 858 3166 913; x_wconf 91' lang='lat' dir='ltr'><strong><em>in</em></strong></span> <span class='ocrx_word' id='word_1_640' title='bbox 3193 856 3419 921; x_wconf 88' lang='lat' dir='ltr'><strong><em>canticis,</em></strong></span> <span class='ocrx_word' id='word_1_641' title='bbox 3438 867 3565 926; x_wconf 87' lang='lat' dir='ltr'><strong><em>etc.,</em></strong></span> 
     </span>
    </p>
   </div>
   <div class='ocr_carea' id='block_1_83' title="bbox 2073 925 3563 1009">
    <p class='ocr_par' dir='ltr' id='par_1_83' title="bbox 2073 925 3563 1009">
     <span class='ocr_line' id='line_1_88' title="bbox 2073 925 3563 1009; baseline -0.001 -28"><span class='ocrx_word' id='word_1_642' title='bbox 2073 928 2193 1009; x_wconf 77' lang='lat' dir='ltr'><strong><em>quia</em></strong></span> <span class='ocrx_word' id='word_1_643' title='bbox 2240 942 2334 998; x_wconf 89' lang='lat' dir='ltr'><strong><em>pro</em></strong></span> <span class='ocrx_word' id='word_1_644' title='bbox 2369 933 2511 995; x_wconf 80' lang='grc' dir='ltr'><strong><em>ὁδοῖς,</em></strong></span> <span class='ocrx_word' id='word_1_645' title='bbox 2543 929 2813 1000; x_wconf 81' lang='lat' dir='ltr'><strong><em>legebatur</em></strong></span> <span class='ocrx_word' id='word_1_646' title='bbox 2846 932 3007 999; x_wconf 75' lang='grc' dir='ltr'><strong><em>ᾠδαῖς.</em></strong></span> <span class='ocrx_word' id='word_1_647' title='bbox 3044 928 3109 983; x_wconf 88' lang='lat' dir='ltr'><strong><em>R.</em></strong></span> <span class='ocrx_word' id='word_1_648' title='bbox 3156 928 3313 985; x_wconf 87' lang='lat' dir='ltr'><strong><em>Rom.</em></strong></span> <span class='ocrx_word' id='word_1_649' title='bbox 3353 926 3414 981; x_wconf 74' lang='grc' dir='ltr'><strong>ϐ.</strong></span> <span class='ocrx_word' id='word_1_650' title='bbox 3455 925 3563 980; x_wconf 86' lang='lat' dir='ltr'><strong><em>Do-</em></strong></span> 
     </span>
    </p>
   </div>
   <div class='ocr_carea' id='block_1_84' title="bbox 2075 1014 2228 1051">
    <p class='ocr_par' dir='ltr' id='par_1_84' title="bbox 2075 1014 2228 1051">
     <span class='ocr_line' id='line_1_89' title="bbox 2075 1014 2228 1051; baseline 0.007 -1"><span class='ocrx_word' id='word_1_651' title='bbox 2075 1014 2228 1051; x_wconf 88' lang='lat' dir='ltr'><strong><em>mmo.</em></strong></span> 
     </span>
    </p>
   </div>
   <div class='ocr_carea' id='block_1_85' title="bbox 2018 1065 3563 1138">
    <p class='ocr_par' dir='ltr' id='par_1_85' title="bbox 2018 1065 3563 1138">
     <span class='ocr_line' id='line_1_90' title="bbox 2018 1065 3563 1138; baseline 0.002 -19"><span class='ocrx_word' id='word_1_652' title='bbox 2018 1067 2054 1138; x_wconf 89' lang='lat'><strong><em>9</em></strong></span> <span class='ocrx_word' id='word_1_653' title='bbox 2078 1107 2091 1119; x_wconf 88' lang='lat'><strong><em>.</em></strong></span> <span class='ocrx_word' id='word_1_654' title='bbox 2113 1067 2166 1123; x_wconf 89' lang='lat'><strong><em>8.</em></strong></span> <span class='ocrx_word' id='word_1_655' title='bbox 2197 1067 2437 1123; x_wconf 88' lang='lat' dir='ltr'><strong><em>Dominus</em></strong></span> <span class='ocrx_word' id='word_1_656' title='bbox 2462 1069 2713 1123; x_wconf 88' lang='lat' dir='ltr'><strong><em>retribuet.</em></strong></span> <span class='ocrx_word' id='word_1_657' title='bbox 2750 1068 2814 1122; x_wconf 85' lang='lat' dir='ltr'><strong><em>A.</em></strong></span> <span class='ocrx_word' id='word_1_658' title='bbox 2843 1065 2907 1124; x_wconf 91' lang='lat' dir='ltr'><strong><em>G.</em></strong></span> <span class='ocrx_word' id='word_1_659' title='bbox 2932 1067 3079 1138; x_wconf 79' lang='lat' dir='ltr'><strong><em>juxta</em></strong></span> <span class='ocrx_word' id='word_1_660' title='bbox 3108 1067 3200 1124; x_wconf 89' lang='lat' dir='ltr'><strong><em>Gr.</em></strong></span> <span class='ocrx_word' id='word_1_661' title='bbox 3240 1067 3455 1123; x_wconf 88' lang='lat' dir='ltr'><strong><em>Domine</em></strong></span> <span class='ocrx_word' id='word_1_662' title='bbox 3485 1084 3563 1122; x_wconf 89' lang='lat' dir='ltr'><strong><em>re-</em></strong></span> 
     </span>
    </p>
   </div>
   <div class='ocr_carea' id='block_1_86' title="bbox 2075 1137 3074 1194">
    <p class='ocr_par' dir='ltr' id='par_1_86' title="bbox 2075 1137 3074 1194">
     <span class='ocr_line' id='line_1_91' title="bbox 2075 1137 3074 1194; baseline 0 -3"><span class='ocrx_word' id='word_1_663' title='bbox 2075 1137 2278 1192; x_wconf 88' lang='lat' dir='ltr'><strong><em>tribues.</em></strong></span> <span class='ocrx_word' id='word_1_664' title='bbox 2307 1138 2373 1193; x_wconf 91' lang='lat' dir='ltr'><strong><em>R.</em></strong></span> <span class='ocrx_word' id='word_1_665' title='bbox 2423 1139 2577 1194; x_wconf 88' lang='lat' dir='ltr'><strong><em>Rom.</em></strong></span> <span class='ocrx_word' id='word_1_666' title='bbox 2606 1138 2817 1193; x_wconf 89' lang='lat' dir='ltr'><strong><em>Domine</em></strong></span> <span class='ocrx_word' id='word_1_667' title='bbox 2840 1137 3074 1192; x_wconf 82' lang='lat' dir='ltr'><strong><em>retribuc.</em></strong></span> 
     </span>
    </p>
   </div>
   <div class='ocr_carea' id='block_1_87' title="bbox 2005 1207 3149 1277">
    <p class='ocr_par' dir='ltr' id='par_1_87' title="bbox 2005 1207 3149 1277">
     <span class='ocr_line' id='line_1_92' title="bbox 2005 1207 3149 1277; baseline 0 -15"><span class='ocrx_word' id='word_1_668' title='bbox 2005 1207 2135 1263; x_wconf 91' lang='lat' dir='ltr'><strong><em>Item</em></strong></span> <span class='ocrx_word' id='word_1_669' title='bbox 2172 1209 2205 1277; x_wconf 93' lang='lat'><strong>9</strong></span> <span class='ocrx_word' id='word_1_670' title='bbox 2230 1247 2244 1261; x_wconf 92' lang='lat'><strong><em>.</em></strong></span> <span class='ocrx_word' id='word_1_671' title='bbox 2267 1209 2318 1263; x_wconf 89' lang='lat'><strong><em>8.</em></strong></span> <span class='ocrx_word' id='word_1_672' title='bbox 2357 1209 2409 1263; x_wconf 89' lang='lat' dir='ltr'><strong><em>in</em></strong></span> <span class='ocrx_word' id='word_1_673' title='bbox 2433 1211 2691 1263; x_wconf 70' lang='lat' dir='ltr'><strong><em>siccatum.</em></strong></span> <span class='ocrx_word' id='word_1_674' title='bbox 2723 1213 2786 1263; x_wconf 85' lang='lat' dir='ltr'><strong>A.</strong></span> <span class='ocrx_word' id='word_1_675' title='bbox 2819 1209 2869 1262; x_wconf 91' lang='lat' dir='ltr'><strong><em>in</em></strong></span> <span class='ocrx_word' id='word_1_676' title='bbox 2888 1219 3149 1263; x_wconf 79' lang='lat' dir='ltr'><strong><em>teternum.</em></strong></span> 
     </span>
    </p>
   </div>
   <div class='ocr_carea' id='block_1_88' title="bbox 2003 1277 3567 1348">
    <p class='ocr_par' dir='ltr' id='par_1_88' title="bbox 2003 1277 3567 1348">
     <span class='ocr_line' id='line_1_93' title="bbox 2003 1277 3567 1348; baseline 0 -15"><span class='ocrx_word' id='word_1_677' title='bbox 2003 1277 2131 1334; x_wconf 87' lang='lat' dir='ltr'><strong><em>Item</em></strong></span> <span class='ocrx_word' id='word_1_678' title='bbox 2172 1279 2206 1347; x_wconf 93' lang='lat'><strong><em>9</em></strong></span> <span class='ocrx_word' id='word_1_679' title='bbox 2232 1319 2245 1333; x_wconf 93' lang='lat'><strong><em>.</em></strong></span> <span class='ocrx_word' id='word_1_680' title='bbox 2275 1280 2328 1334; x_wconf 87' lang='lat'><strong><em>8.</em></strong></span> <span class='ocrx_word' id='word_1_681' title='bbox 2359 1296 2420 1334; x_wconf 89' lang='lat' dir='ltr'><strong><em>ne</em></strong></span> <span class='ocrx_word' id='word_1_682' title='bbox 2437 1280 2700 1348; x_wconf 76' lang='lat' dir='ltr'><strong><em>despicias.</em></strong></span> <span class='ocrx_word' id='word_1_683' title='bbox 2741 1278 2805 1335; x_wconf 91' lang='lat' dir='ltr'><strong><em>G.</em></strong></span> <span class='ocrx_word' id='word_1_684' title='bbox 2848 1279 2912 1334; x_wconf 93' lang='grc'><strong><em>11.</em></strong></span> <span class='ocrx_word' id='word_1_685' title='bbox 2945 1296 3047 1333; x_wconf 90' lang='lat' dir='ltr'><strong><em>non</em></strong></span> <span class='ocrx_word' id='word_1_686' title='bbox 3074 1279 3296 1333; x_wconf 87' lang='lat' dir='ltr'><strong><em>omittas.</em></strong></span> <span class='ocrx_word' id='word_1_687' title='bbox 3321 1277 3482 1334; x_wconf 86' lang='lat' dir='ltr'><strong><em>Hebr.</em></strong></span> <span class='ocrx_word' id='word_1_688' title='bbox 3504 1295 3567 1333; x_wconf 81' lang='lat' dir='ltr'><strong><em>ne</em></strong></span> 
     </span>
    </p>
   </div>
   <div class='ocr_carea' id='block_1_89' title="bbox 2073 1349 2766 1421">
    <p class='ocr_par' dir='ltr' id='par_1_89' title="bbox 2073 1349 2766 1421">
     <span class='ocr_line' id='line_1_94' title="bbox 2073 1349 2766 1421; baseline 0 -19"><span class='ocrx_word' id='word_1_689' title='bbox 2073 1350 2314 1405; x_wconf 88' lang='lat' dir='ltr'><strong><em>dimittas.</em></strong></span> <span class='ocrx_word' id='word_1_690' title='bbox 2342 1349 2435 1405; x_wconf 66' lang='grc' dir='ltr'><strong><em>(ἓν.</em></strong></span> <span class='ocrx_word' id='word_1_691' title='bbox 2462 1362 2529 1417; x_wconf 81' lang='grc' dir='ltr'><strong>μή</strong></span> <span class='ocrx_word' id='word_1_692' title='bbox 2552 1354 2766 1421; x_wconf 70' lang='grc' dir='ltr'><strong><em>παριδῃς.</em></strong></span> 
     </span>
    </p>
   </div>
   <div class='ocr_carea' id='block_1_90' title="bbox 2460 1434 3075 1481">
    <p class='ocr_par' dir='ltr' id='par_1_90' title="bbox 2460 1434 3075 1481">
     <span class='ocr_line' id='line_1_95' title="bbox 2460 1434 3075 1481; baseline -0.005 -7"><span class='ocrx_word' id='word_1_693' title='bbox 2460 1474 2463 1481; x_wconf 31' lang='grc' dir='ltr'>μ</span> <span class='ocrx_word' id='word_1_694' title='bbox 2507 1436 2576 1474; x_wconf 77' lang='lat' dir='ltr'><strong>EX</strong></span> <span class='ocrx_word' id='word_1_695' title='bbox 2602 1434 2801 1476; x_wconf 71' lang='lat' dir='ltr'><strong><em>PSALIO</em></strong></span> <span class='ocrx_word' id='word_1_696' title='bbox 2824 1434 3075 1475; x_wconf 81' lang='lat' dir='ltr'><strong>CXXXVIII.</strong></span> 
     </span>
    </p>
   </div>
   <div class='ocr_carea' id='block_1_91' title="bbox 2017 1489 3290 1558">
    <p class='ocr_par' dir='ltr' id='par_1_91' title="bbox 2017 1489 3290 1558">
     <span class='ocr_line' id='line_1_96' title="bbox 2017 1489 3290 1558; baseline 0.001 -16"><span class='ocrx_word' id='word_1_697' title='bbox 2017 1489 2053 1558; x_wconf 90' lang='lat'><strong><em>9</em></strong></span> <span class='ocrx_word' id='word_1_698' title='bbox 2076 1528 2090 1542; x_wconf 96' lang='lat'><strong>.</strong></span> <span class='ocrx_word' id='word_1_699' title='bbox 2119 1489 2173 1543; x_wconf 73' lang='lat'><strong><em>2.</em></strong></span> <span class='ocrx_word' id='word_1_700' title='bbox 2205 1490 2470 1544; x_wconf 87' lang='lat' dir='ltr'><strong><em>sessionem</em></strong></span> <span class='ocrx_word' id='word_1_701' title='bbox 2496 1507 2675 1543; x_wconf 86' lang='lat' dir='ltr'><strong><em>meant.</em></strong></span> <span class='ocrx_word' id='word_1_702' title='bbox 2700 1489 2766 1545; x_wconf 91' lang='lat' dir='ltr'><strong><em>G.</em></strong></span> <span class='ocrx_word' id='word_1_703' title='bbox 2797 1491 3075 1558; x_wconf 83' lang='lat' dir='ltr'><strong><em>passionem</em></strong></span> <span class='ocrx_word' id='word_1_704' title='bbox 3105 1505 3290 1543; x_wconf 86' lang='lat' dir='ltr'><strong><em>meam.</em></strong></span> 
     </span>
    </p>
   </div>
   <div class='ocr_carea' id='block_1_92' title="bbox 2017 1559 3564 1630">
    <p class='ocr_par' dir='ltr' id='par_1_92' title="bbox 2017 1559 3564 1630">
     <span class='ocr_line' id='line_1_97' title="bbox 2017 1559 3564 1630; baseline -0.002 -15"><span class='ocrx_word' id='word_1_705' title='bbox 2017 1559 2051 1630; x_wconf 84' lang='lat'><strong><em>9</em></strong></span> <span class='ocrx_word' id='word_1_706' title='bbox 2076 1599 2095 1630; x_wconf 55' lang='grc' dir='ltr'>ε</span> <span class='ocrx_word' id='word_1_707' title='bbox 2114 1560 2168 1616; x_wconf 78' lang='lat'><strong><em>3.</em></strong></span> <span class='ocrx_word' id='word_1_708' title='bbox 2193 1570 2240 1614; x_wconf 90' lang='lat' dir='ltr'><strong><em>et</em></strong></span> <span class='ocrx_word' id='word_1_709' title='bbox 2268 1561 2550 1630; x_wconf 70' lang='lat' dir='ltr'><strong><em>funiculum</em></strong></span> <span class='ocrx_word' id='word_1_710' title='bbox 2564 1578 2746 1625; x_wconf 88' lang='lat' dir='ltr'><strong><em>meum,</em></strong></span> <span class='ocrx_word' id='word_1_711' title='bbox 2771 1569 2873 1615; x_wconf 88' lang='lat' dir='ltr'><strong><em>etc.</em></strong></span> <span class='ocrx_word' id='word_1_712' title='bbox 2898 1561 2960 1612; x_wconf 87' lang='lat' dir='ltr'><strong><em>A.</em></strong></span> <span class='ocrx_word' id='word_1_713' title='bbox 2987 1569 3034 1613; x_wconf 90' lang='lat' dir='ltr'><strong><em>et</em></strong></span> <span class='ocrx_word' id='word_1_714' title='bbox 3061 1559 3267 1630; x_wconf 78' lang='lat' dir='ltr'><strong><em>limitem</em></strong></span> <span class='ocrx_word' id='word_1_715' title='bbox 3289 1575 3469 1612; x_wconf 88' lang='lat' dir='ltr'><strong><em>meum.</em></strong></span> <span class='ocrx_word' id='word_1_716' title='bbox 3498 1559 3564 1612; x_wconf 87' lang='lat' dir='ltr'><strong><em>R.</em></strong></span> 
     </span>
    </p>
   </div>
   <div class='ocr_carea' id='block_1_93' title="bbox 2075 1627 3566 1700">
    <p class='ocr_par' dir='ltr' id='par_1_93' title="bbox 2075 1627 3566 1700">
     <span class='ocr_line' id='line_1_98' title="bbox 2075 1627 3566 1700; baseline 0 -16"><span class='ocrx_word' id='word_1_717' title='bbox 2075 1629 2229 1684; x_wconf 91' lang='lat' dir='ltr'><strong><em>Rom.</em></strong></span> <span class='ocrx_word' id='word_1_718' title='bbox 2265 1629 2329 1686; x_wconf 87' lang='lat' dir='ltr'><strong><em>G.</em></strong></span> <span class='ocrx_word' id='word_1_719' title='bbox 2372 1630 2434 1684; x_wconf 88' lang='lat' dir='ltr'><strong><em>II.</em></strong></span> <span class='ocrx_word' id='word_1_720' title='bbox 2473 1627 2534 1685; x_wconf 91' lang='lat' dir='ltr'><strong>C.</strong></span> <span class='ocrx_word' id='word_1_721' title='bbox 2564 1640 2611 1684; x_wconf 90' lang='lat' dir='ltr'><strong><em>et</em></strong></span> <span class='ocrx_word' id='word_1_722' title='bbox 2643 1630 2960 1684; x_wconf 87' lang='lat' dir='ltr'><strong><em>directionem</em></strong></span> <span class='ocrx_word' id='word_1_723' title='bbox 2998 1645 3178 1683; x_wconf 91' lang='lat' dir='ltr'><strong><em>meam.</em></strong></span> <span class='ocrx_word' id='word_1_724' title='bbox 3208 1628 3276 1684; x_wconf 87' lang='grc' dir='ltr'><strong><em>Μ.</em></strong></span> <span class='ocrx_word' id='word_1_725' title='bbox 3307 1638 3353 1682; x_wconf 91' lang='lat' dir='ltr'><strong><em>et</em></strong></span> <span class='ocrx_word' id='word_1_726' title='bbox 3395 1632 3566 1700; x_wconf 80' lang='lat' dir='ltr'><strong><em>funem</em></strong></span> 
     </span>
    </p>
   </div>
   <div class='ocr_carea' id='block_1_94' title="bbox 2072 1700 3096 1755">
    <p class='ocr_par' dir='ltr' id='par_1_94' title="bbox 2072 1700 3096 1755">
     <span class='ocr_line' id='line_1_99' title="bbox 2072 1700 3096 1755; baseline -0.003 -1"><span class='ocrx_word' id='word_1_727' title='bbox 2072 1717 2255 1754; x_wconf 88' lang='lat' dir='ltr'><strong><em>meum.</em></strong></span> <span class='ocrx_word' id='word_1_728' title='bbox 2284 1700 2444 1755; x_wconf 88' lang='lat' dir='ltr'><strong><em>Hebr.</em></strong></span> <span class='ocrx_word' id='word_1_729' title='bbox 2473 1709 2518 1754; x_wconf 85' lang='lat' dir='ltr'><strong><em>et</em></strong></span> <span class='ocrx_word' id='word_1_730' title='bbox 2538 1702 2890 1755; x_wconf 86' lang='lat' dir='ltr'><strong><em>accubitionem</em></strong></span> <span class='ocrx_word' id='word_1_731' title='bbox 2914 1715 3096 1752; x_wconf 83' lang='lat' dir='ltr'><strong><em>meum.</em></strong></span> 
     </span>
    </p>
   </div>
   <div class='ocr_carea' id='block_1_95' title="bbox 2019 1767 3567 1841">
    <p class='ocr_par' dir='ltr' id='par_1_95' title="bbox 2019 1767 3567 1841">
     <span class='ocr_line' id='line_1_100' title="bbox 2019 1767 3567 1841; baseline -0.001 -18"><span class='ocrx_word' id='word_1_732' title='bbox 2019 1770 2055 1841; x_wconf 87' lang='lat'><strong>9</strong></span> <span class='ocrx_word' id='word_1_733' title='bbox 2080 1808 2095 1823; x_wconf 92' lang='lat'><strong><em>.</em></strong></span> <span class='ocrx_word' id='word_1_734' title='bbox 2124 1773 2175 1825; x_wconf 82' lang='grc'><strong><em>4.</em></strong></span> <span class='ocrx_word' id='word_1_735' title='bbox 2205 1788 2303 1841; x_wconf 88' lang='lat' dir='ltr'><strong><em>non</em></strong></span> <span class='ocrx_word' id='word_1_736' title='bbox 2326 1780 2397 1841; x_wconf 77' lang='lat' dir='ltr'><strong><em>est</em></strong></span> <span class='ocrx_word' id='word_1_737' title='bbox 2430 1786 2612 1825; x_wconf 82' lang='lat' dir='ltr'><strong><em>sermo.</em></strong></span> <span class='ocrx_word' id='word_1_738' title='bbox 2642 1776 2706 1826; x_wconf 82' lang='grc' dir='ltr'><strong><em>Α.</em></strong></span> <span class='ocrx_word' id='word_1_739' title='bbox 2736 1771 2798 1825; x_wconf 85' lang='lat' dir='ltr'><strong><em>R.</em></strong></span> <span class='ocrx_word' id='word_1_740' title='bbox 2832 1770 2960 1824; x_wconf 79' lang='lat' dir='ltr'><strong><em>Rom</em></strong></span> <span class='ocrx_word' id='word_1_741' title='bbox 2995 1769 3063 1823; x_wconf 92' lang='grc' dir='ltr'><strong><em>Μ.</em></strong></span> <span class='ocrx_word' id='word_1_742' title='bbox 3090 1767 3155 1826; x_wconf 85' lang='lat' dir='ltr'><strong><em>G.</em></strong></span> <span class='ocrx_word' id='word_1_743' title='bbox 3184 1768 3251 1824; x_wconf 85' lang='lat' dir='ltr'><strong>II.</strong></span> <span class='ocrx_word' id='word_1_744' title='bbox 3282 1767 3344 1824; x_wconf 87' lang='lat' dir='ltr'><strong><em>C.</em></strong></span> <span class='ocrx_word' id='word_1_745' title='bbox 3375 1786 3475 1823; x_wconf 84' lang='lat' dir='ltr'><strong><em>non</em></strong></span> <span class='ocrx_word' id='word_1_746' title='bbox 3495 1779 3567 1823; x_wconf 85' lang='lat' dir='ltr'><strong><em>est</em></strong></span> 
     </span>
    </p>
   </div>
   <div class='ocr_carea' id='block_1_96' title="bbox 2070 1840 2795 1907">
    <p class='ocr_par' dir='ltr' id='par_1_96' title="bbox 2070 1840 2795 1907">
     <span class='ocr_line' id='line_1_101' title="bbox 2070 1840 2795 1907; baseline 0.003 -14"><span class='ocrx_word' id='word_1_747' title='bbox 2070 1841 2235 1895; x_wconf 87' lang='lat' dir='ltr'><strong><em>dolus.</em></strong></span> <span class='ocrx_word' id='word_1_748' title='bbox 2263 1840 2317 1894; x_wconf 91' lang='lat' dir='ltr'><strong><em>Iu</em></strong></span> <span class='ocrx_word' id='word_1_749' title='bbox 2348 1840 2441 1896; x_wconf 88' lang='lat' dir='ltr'><strong><em>Gr.</em></strong></span> <span class='ocrx_word' id='word_1_750' title='bbox 2464 1848 2591 1907; x_wconf 72' lang='grc' dir='ltr'><strong><em>λόγος</em></strong></span> <span class='ocrx_word' id='word_1_751' title='bbox 2614 1846 2795 1904; x_wconf 71' lang='grc' dir='ltr'><strong><em>ἄδικος.</em></strong></span> 
     </span>
    </p>
   </div>
   <div class='ocr_carea' id='block_1_97' title="bbox 2018 1907 3566 1981">
    <p class='ocr_par' dir='ltr' id='par_1_97' title="bbox 2018 1907 3566 1981">
     <span class='ocr_line' id='line_1_102' title="bbox 2018 1907 3566 1981; baseline 0 -18"><span class='ocrx_word' id='word_1_752' title='bbox 2018 1908 2089 1981; x_wconf 82' lang='lat'><strong><em>9.</em></strong></span> <span class='ocrx_word' id='word_1_753' title='bbox 2117 1910 2172 1967; x_wconf 86' lang='lat'><strong><em>9.</em></strong></span> <span class='ocrx_word' id='word_1_754' title='bbox 2204 1911 2539 1981; x_wconf 86' lang='lat' dir='ltr'><strong><em>diluculo._A.</em></strong></span> <span class='ocrx_word' id='word_1_755' title='bbox 2581 1913 2632 1964; x_wconf 90' lang='lat' dir='ltr'><strong><em>in</em></strong></span> <span class='ocrx_word' id='word_1_756' title='bbox 2677 1913 2936 1964; x_wconf 89' lang='lat' dir='ltr'><strong><em>directum.</em></strong></span> <span class='ocrx_word' id='word_1_757' title='bbox 2976 1909 3045 1966; x_wconf 90' lang='lat' dir='ltr'><strong><em>R.</em></strong></span> <span class='ocrx_word' id='word_1_758' title='bbox 3089 1908 3350 1981; x_wconf 87' lang='lat' dir='ltr'><strong><em>Rom._G.</em></strong></span> <span class='ocrx_word' id='word_1_759' title='bbox 3393 1908 3458 1964; x_wconf 84' lang='grc' dir='ltr'><strong>Η.</strong></span> <span class='ocrx_word' id='word_1_760' title='bbox 3503 1907 3566 1965; x_wconf 91' lang='lat' dir='ltr'><strong><em>C.</em></strong></span> 
     </span>
    </p>
   </div>
   <div class='ocr_carea' id='block_1_98' title="bbox 2068 1979 3568 2036">
    <p class='ocr_par' dir='ltr' id='par_1_98' title="bbox 2068 1979 3568 2036">
     <span class='ocr_line' id='line_1_103' title="bbox 2068 1979 3568 2036; baseline -0.001 -4"><span class='ocrx_word' id='word_1_761' title='bbox 2068 1990 2182 2034; x_wconf 90' lang='lat' dir='ltr'><strong><em>ante</em></strong></span> <span class='ocrx_word' id='word_1_762' title='bbox 2222 1981 2399 2034; x_wconf 89' lang='lat' dir='ltr'><strong><em>lucem.</em></strong></span> <span class='ocrx_word' id='word_1_763' title='bbox 2428 1979 2493 2035; x_wconf 93' lang='lat' dir='ltr'><strong><em>G.</em></strong></span> <span class='ocrx_word' id='word_1_764' title='bbox 2531 1991 2647 2036; x_wconf 87' lang='lat' dir='ltr'><strong><em>ante</em></strong></span> <span class='ocrx_word' id='word_1_765' title='bbox 2680 1982 2838 2036; x_wconf 86' lang='lat' dir='ltr'><strong><em>lucem</em></strong></span> <span class='ocrx_word' id='word_1_766' title='bbox 2870 1981 2922 2034; x_wconf 90' lang='lat' dir='ltr'><strong><em>in</em></strong></span> <span class='ocrx_word' id='word_1_767' title='bbox 2957 1981 3216 2034; x_wconf 86' lang='lat' dir='ltr'><strong><em>directum.</em></strong></span> <span class='ocrx_word' id='word_1_768' title='bbox 3255 1979 3323 2033; x_wconf 88' lang='grc' dir='ltr'><strong><em>Μ.</em></strong></span> <span class='ocrx_word' id='word_1_769' title='bbox 3346 1995 3380 2032; x_wconf 91' lang='lat' dir='ltr'><strong><em>a</em></strong></span> <span class='ocrx_word' id='word_1_770' title='bbox 3405 1989 3568 2032; x_wconf 84' lang='lat' dir='ltr'><strong><em>utatu—</em></strong></span> 
     </span>
    </p>
   </div>
   <div class='ocr_carea' id='block_1_99' title="bbox 2074 2049 3569 2122">
    <p class='ocr_par' dir='ltr' id='par_1_99' title="bbox 2074 2049 3569 2122">
     <span class='ocr_line' id='line_1_104' title="bbox 2074 2049 3569 2122; baseline 0.001 -20"><span class='ocrx_word' id='word_1_771' title='bbox 2074 2052 2195 2104; x_wconf 88' lang='lat' dir='ltr'><strong><em>tino.</em></strong></span> <span class='ocrx_word' id='word_1_772' title='bbox 2241 2051 2333 2106; x_wconf 92' lang='lat' dir='ltr'><strong><em>Gr.</em></strong></span> <span class='ocrx_word' id='word_1_773' title='bbox 2365 2050 2620 2122; x_wconf 76' lang='grc' dir='ltr'><strong><em>κατ’ὃρθόν</em></strong></span> <span class='ocrx_word' id='word_1_774' title='bbox 2658 2069 2673 2107; x_wconf 90' lang='lat'><strong>:</strong></span> <span class='ocrx_word' id='word_1_775' title='bbox 2719 2066 2816 2121; x_wconf 88' lang='lat' dir='ltr'><strong><em>pro</em></strong></span> <span class='ocrx_word' id='word_1_776' title='bbox 2855 2051 3039 2121; x_wconf 83' lang='lat' dir='ltr'><strong><em>quoin</em></strong></span> <span class='ocrx_word' id='word_1_777' title='bbox 3086 2050 3202 2105; x_wconf 86' lang='lat' dir='ltr'><strong><em>aliis</em></strong></span> <span class='ocrx_word' id='word_1_778' title='bbox 3253 2049 3401 2104; x_wconf 87' lang='lat' dir='ltr'><strong><em>libris</em></strong></span> <span class='ocrx_word' id='word_1_779' title='bbox 3424 2091 3438 2115; x_wconf 91' lang='lat'><strong><em>,</em></strong></span> <span class='ocrx_word' id='word_1_780' title='bbox 3466 2050 3569 2104; x_wconf 76' lang='grc' dir='ltr'><strong><em>κατ’</em></strong></span> 
     </span>
    </p>
   </div>
   <div class='ocr_carea' id='block_1_100' title="bbox 2073 2128 2244 2175">
    <p class='ocr_par' dir='ltr' id='par_1_100' title="bbox 2073 2128 2244 2175">
     <span class='ocr_line' id='line_1_105' title="bbox 2073 2128 2244 2175; baseline -0.023 0"><span class='ocrx_word' id='word_1_781' title='bbox 2073 2128 2244 2175; x_wconf 61' lang='grc' dir='ltr'><strong><em>ερθρον.</em></strong></span> 
     </span>
    </p>
   </div>
   <div class='ocr_carea' id='block_1_101' title="bbox 2017 2130 3565 2316">
    <p class='ocr_par' dir='ltr' id='par_1_101' title="bbox 2017 2130 3565 2316">
     <span class='ocr_line' id='line_1_106' title="bbox 2017 2130 3565 2316; baseline -0.002 -70"><span class='ocrx_word' id='word_1_782' title='bbox 2017 2188 2053 2261; x_wconf 86' lang='lat'><strong><em>9</em></strong></span> <span class='ocrx_word' id='word_1_783' title='bbox 2073 2130 2535 2316; x_wconf 40' lang='lat' dir='ltr'><strong><em>:if’illuminatio</em></strong></span> <span class='ocrx_word' id='word_1_784' title='bbox 2548 2209 2675 2247; x_wconf 88' lang='lat' dir='ltr'><strong><em>mea.</em></strong></span> <span class='ocrx_word' id='word_1_785' title='bbox 2698 2191 2808 2247; x_wconf 79' lang='lat' dir='ltr'><strong><em>Vox</em></strong></span> <span class='ocrx_word' id='word_1_786' title='bbox 2833 2208 2941 2245; x_wconf 89' lang='lat' dir='ltr'><strong><em>mea</em></strong></span> <span class='ocrx_word' id='word_1_787' title='bbox 2956 2190 3107 2246; x_wconf 86' lang='lat' dir='ltr'><strong><em>abest</em></strong></span> <span class='ocrx_word' id='word_1_788' title='bbox 3123 2190 3190 2246; x_wconf 88' lang='lat' dir='ltr'><strong><em>ab</em></strong></span> <span class='ocrx_word' id='word_1_789' title='bbox 3209 2191 3274 2245; x_wconf 79' lang='grc' dir='ltr'><strong><em>Δ.</em></strong></span> <span class='ocrx_word' id='word_1_790' title='bbox 3295 2189 3417 2245; x_wconf 84' lang='lat' dir='ltr'><strong><em>Car.</em></strong></span> <span class='ocrx_word' id='word_1_791' title='bbox 3438 2188 3565 2245; x_wconf 88' lang='lat' dir='ltr'><strong><em>Ger.</em></strong></span> 
     </span>
     <span class='ocr_line' id='line_1_107' title="bbox 2122 2277 2165 2313; baseline 0 0"><span class='ocrx_word' id='word_1_792' title='bbox 2122 2277 2165 2313; x_wconf 86' lang='lat' dir='ltr'><strong>I&#39;.</strong></span> 
     </span>
    </p>
   </div>
   <div class='ocr_carea' id='block_1_102' title="bbox 2122 2277 2165 2313">
    <p class='ocr_par' dir='ltr' id='par_1_102' title="bbox 2122 2277 2165 2313">
     <span class='ocr_line' id='line_1_108' title="bbox 2122 2277 2165 2313; baseline 0 0"><span class='ocrx_word' id='word_1_793' title='bbox 2122 2277 2165 2313; x_wconf 87' lang='lat' dir='ltr'><strong>I&#39;.</strong></span> 
     </span>
    </p>
   </div>
   <div class='ocr_carea' id='block_1_103' title="bbox 2017 2329 3565 2402">
    <p class='ocr_par' dir='ltr' id='par_1_103' title="bbox 2017 2329 3565 2402">
     <span class='ocr_line' id='line_1_109' title="bbox 2017 2329 3565 2402; baseline 0 -20"><span class='ocrx_word' id='word_1_794' title='bbox 2017 2331 2053 2402; x_wconf 91' lang='lat'><strong><em>9</em></strong></span> <span class='ocrx_word' id='word_1_795' title='bbox 2076 2369 2090 2382; x_wconf 96' lang='lat'><strong><em>.</em></strong></span> <span class='ocrx_word' id='word_1_796' title='bbox 2122 2332 2206 2385; x_wconf 79' lang='grc'><strong><em>14.</em></strong></span> <span class='ocrx_word' id='word_1_797' title='bbox 2234 2333 2579 2402; x_wconf 78' lang='lat' dir='ltr'><strong><em>magnificatus</em></strong></span> <span class='ocrx_word' id='word_1_798' title='bbox 2599 2348 2669 2386; x_wconf 90' lang='lat' dir='ltr'><strong><em>es.</em></strong></span> <span class='ocrx_word' id='word_1_799' title='bbox 2699 2333 2762 2384; x_wconf 83' lang='lat' dir='ltr'><strong><em>A.</em></strong></span> <span class='ocrx_word' id='word_1_800' title='bbox 2785 2331 2851 2384; x_wconf 91' lang='lat' dir='ltr'><strong><em>R.</em></strong></span> <span class='ocrx_word' id='word_1_801' title='bbox 2878 2330 3285 2402; x_wconf 71' lang='lat' dir='ltr'><strong><em>Rom._b_I.juxta</em></strong></span> <span class='ocrx_word' id='word_1_802' title='bbox 3306 2329 3399 2402; x_wconf 87' lang='lat' dir='ltr'><strong><em>Gr.</em></strong></span> <span class='ocrx_word' id='word_1_803' title='bbox 3423 2330 3565 2402; x_wconf 87' lang='lat' dir='ltr'><strong><em>miri-_</em></strong></span> 
     </span>
    </p>
   </div>
   <div class='ocr_carea' id='block_1_104' title="bbox 2075 2400 3569 2473">
    <p class='ocr_par' dir='ltr' id='par_1_104' title="bbox 2075 2400 3569 2473">
     <span class='ocr_line' id='line_1_110' title="bbox 2075 2400 3569 2473; baseline -0.001 -20"><span class='ocrx_word' id='word_1_804' title='bbox 2075 2403 2249 2470; x_wconf 83' lang='lat' dir='ltr'><strong><em>ﬁeatus</em></strong></span> <span class='ocrx_word' id='word_1_805' title='bbox 2276 2400 2345 2456; x_wconf 89' lang='lat' dir='ltr'><strong><em>es.</em></strong></span> <span class='ocrx_word' id='word_1_806' title='bbox 2370 2401 2435 2458; x_wconf 92' lang='lat' dir='ltr'><strong><em>G.</em></strong></span> <span class='ocrx_word' id='word_1_807' title='bbox 2467 2403 2533 2458; x_wconf 89' lang='lat' dir='ltr'><strong><em>II.</em></strong></span> <span class='ocrx_word' id='word_1_808' title='bbox 2558 2402 2850 2473; x_wconf 79' lang='lat' dir='ltr'><strong><em>miriﬁcatus</em></strong></span> <span class='ocrx_word' id='word_1_809' title='bbox 2872 2417 3003 2455; x_wconf 86' lang='lat' dir='ltr'><strong><em>sum.</em></strong></span> <span class='ocrx_word' id='word_1_810' title='bbox 3041 2400 3202 2454; x_wconf 82' lang='lat' dir='ltr'><strong><em>Hebr.</em></strong></span> <span class='ocrx_word' id='word_1_811' title='bbox 3231 2400 3569 2470; x_wconf 80' lang='lat' dir='ltr'><strong><em>magniﬁcasti</em></strong></span> 
     </span>
    </p>
   </div>
   <div class='ocr_carea' id='block_1_105' title="bbox 2076 2489 2175 2524">
    <p class='ocr_par' dir='ltr' id='par_1_105' title="bbox 2076 2489 2175 2524">
     <span class='ocr_line' id='line_1_111' title="bbox 2076 2489 2175 2524; baseline 0 0"><span class='ocrx_word' id='word_1_812' title='bbox 2076 2489 2153 2524; x_wconf 88' lang='lat' dir='ltr'><strong><em>me</em></strong></span> <span class='ocrx_word' id='word_1_813' title='bbox 2161 2510 2175 2523; x_wconf 91' lang='lat'><strong><em>.</em></strong></span> 
     </span>
    </p>
   </div>
   <div class='ocr_carea' id='block_1_106' title="bbox 1902 2538 3571 2612">
    <p class='ocr_par' dir='ltr' id='par_1_106' title="bbox 1902 2538 3571 2612">
     <span class='ocr_line' id='line_1_112' title="bbox 1902 2538 3571 2612; baseline -0.002 -17"><span class='ocrx_word' id='word_1_814' title='bbox 1902 2550 1907 2551; x_wconf 66' lang='lat'><strong><em>&#39;</em></strong></span> <span class='ocrx_word' id='word_1_815' title='bbox 2018 2541 2054 2612; x_wconf 90' lang='lat'><strong><em>9</em></strong></span> <span class='ocrx_word' id='word_1_816' title='bbox 2079 2580 2090 2594; x_wconf 92' lang='lat'><strong><em>.</em></strong></span> <span class='ocrx_word' id='word_1_817' title='bbox 2127 2542 2211 2612; x_wconf 81' lang='grc'><strong>15.</strong></span> <span class='ocrx_word' id='word_1_818' title='bbox 2241 2539 2380 2601; x_wconf 82' lang='lat' dir='ltr'><strong><em>Non.</em></strong></span> <span class='ocrx_word' id='word_1_819' title='bbox 2417 2551 2490 2596; x_wconf 89' lang='lat' dir='ltr'><strong><em>est</em></strong></span> <span class='ocrx_word' id='word_1_820' title='bbox 2514 2543 2817 2612; x_wconf 89' lang='lat' dir='ltr'><strong><em>occultatum</em></strong></span> <span class='ocrx_word' id='word_1_821' title='bbox 2842 2556 2898 2612; x_wconf 87' lang='lat' dir='ltr'><strong><em>os</em></strong></span> <span class='ocrx_word' id='word_1_822' title='bbox 2920 2556 3085 2594; x_wconf 90' lang='lat' dir='ltr'><strong><em>meum</em></strong></span> <span class='ocrx_word' id='word_1_823' title='bbox 3115 2550 3233 2607; x_wconf 85' lang='lat' dir='ltr'><strong><em>ate,</em></strong></span> <span class='ocrx_word' id='word_1_824' title='bbox 3258 2539 3391 2609; x_wconf 86' lang='lat' dir='ltr'><strong><em>quod</em></strong></span> <span class='ocrx_word' id='word_1_825' title='bbox 3411 2538 3571 2612; x_wconf 77' lang='lat' dir='ltr'><strong><em>fecisti</em></strong></span> 
     </span>
    </p>
   </div>
   <div class='ocr_carea' id='block_1_107' title="bbox 2075 2609 3570 2667">
    <p class='ocr_par' dir='ltr' id='par_1_107' title="bbox 2075 2609 3570 2667">
     <span class='ocr_line' id='line_1_113' title="bbox 2075 2609 3570 2667; baseline -0.001 -3"><span class='ocrx_word' id='word_1_826' title='bbox 2075 2612 2127 2664; x_wconf 89' lang='lat' dir='ltr'><strong><em>in</em></strong></span> <span class='ocrx_word' id='word_1_827' title='bbox 2154 2611 2461 2665; x_wconf 86' lang='lat' dir='ltr'><strong><em>abscondito.</em></strong></span> <span class='ocrx_word' id='word_1_828' title='bbox 2506 2612 2571 2667; x_wconf 91' lang='lat' dir='ltr'><strong><em>G.</em></strong></span> <span class='ocrx_word' id='word_1_829' title='bbox 2607 2611 2728 2667; x_wconf 86' lang='lat' dir='ltr'><strong><em>Non</em></strong></span> <span class='ocrx_word' id='word_1_830' title='bbox 2752 2611 3000 2666; x_wconf 86' lang='lat' dir='ltr'><strong><em>occultum</em></strong></span> <span class='ocrx_word' id='word_1_831' title='bbox 3038 2626 3207 2665; x_wconf 87' lang='lat' dir='ltr'><strong><em>assum</em></strong></span> <span class='ocrx_word' id='word_1_832' title='bbox 3233 2609 3488 2665; x_wconf 88' lang='lat' dir='ltr'><strong><em>meumad</em></strong></span> <span class='ocrx_word' id='word_1_833' title='bbox 3510 2625 3570 2663; x_wconf 90' lang='lat' dir='ltr'><strong><em>ea</em></strong></span> 
     </span>
    </p>
   </div>
   <div class='ocr_carea' id='block_1_108' title="bbox 2075 2682 2674 2752">
    <p class='ocr_par' dir='ltr' id='par_1_108' title="bbox 2075 2682 2674 2752">
     <span class='ocr_line' id='line_1_114' title="bbox 2075 2682 2674 2752; baseline 0.002 -17"><span class='ocrx_word' id='word_1_834' title='bbox 2075 2697 2183 2749; x_wconf 68' lang='lat' dir='ltr'><strong><em>quae</em></strong></span> <span class='ocrx_word' id='word_1_835' title='bbox 2211 2682 2371 2752; x_wconf 77' lang='lat' dir='ltr'><strong><em>fecisti</em></strong></span> <span class='ocrx_word' id='word_1_836' title='bbox 2391 2684 2441 2735; x_wconf 90' lang='lat' dir='ltr'><strong><em>in</em></strong></span> <span class='ocrx_word' id='word_1_837' title='bbox 2462 2682 2674 2736; x_wconf 88' lang='lat' dir='ltr'><strong><em>occulta.</em></strong></span> 
     </span>
    </p>
   </div>
   <div class='ocr_carea' id='block_1_109' title="bbox 2019 2748 3566 2824">
    <p class='ocr_par' dir='ltr' id='par_1_109' title="bbox 2019 2748 3566 2824">
     <span class='ocr_line' id='line_1_115' title="bbox 2019 2748 3566 2824; baseline -0.001 -20"><span class='ocrx_word' id='word_1_838' title='bbox 2019 2750 2055 2822; x_wconf 98' lang='lat'><strong><em>9</em></strong></span> <span class='ocrx_word' id='word_1_839' title='bbox 2077 2748 2094 2804; x_wconf 80' lang='lat'><strong><em>.</em></strong></span> <span class='ocrx_word' id='word_1_840' title='bbox 2121 2748 2222 2807; x_wconf 55' lang='grc'><strong><em>16(</em></strong></span> <span class='ocrx_word' id='word_1_841' title='bbox 2239 2751 2593 2824; x_wconf 78' lang='lat' dir='ltr'><strong><em>Imperfectum</em></strong></span> <span class='ocrx_word' id='word_1_842' title='bbox 2618 2768 2802 2819; x_wconf 89' lang='lat' dir='ltr'><strong><em>meum,</em></strong></span> <span class='ocrx_word' id='word_1_843' title='bbox 2826 2760 2930 2806; x_wconf 91' lang='lat' dir='ltr'><strong><em>etc.</em></strong></span> <span class='ocrx_word' id='word_1_844' title='bbox 2948 2749 3017 2805; x_wconf 84' lang='grc' dir='ltr'><strong><em>Μ.</em></strong></span> <span class='ocrx_word' id='word_1_845' title='bbox 3026 2749 3181 2824; x_wconf 59' lang='lat' dir='ltr'><strong><em>juxta</em></strong></span> <span class='ocrx_word' id='word_1_846' title='bbox 3206 2750 3299 2806; x_wconf 89' lang='lat' dir='ltr'><strong><em>Gr.</em></strong></span> <span class='ocrx_word' id='word_1_847' title='bbox 3322 2748 3566 2824; x_wconf 79' lang='lat' dir='ltr'><strong><em>Inopera-</em></strong></span> 
     </span>
    </p>
   </div>
   <div class='ocr_carea' id='block_1_110' title="bbox 2078 2820 3565 2893">
    <p class='ocr_par' dir='ltr' id='par_1_110' title="bbox 2078 2820 3565 2893">
     <span class='ocr_line' id='line_1_116' title="bbox 2078 2820 3565 2893; baseline -0.001 -18"><span class='ocrx_word' id='word_1_848' title='bbox 2078 2832 2183 2893; x_wconf 82' lang='lat' dir='ltr'><strong><em>tum</em></strong></span> <span class='ocrx_word' id='word_1_849' title='bbox 2211 2820 2395 2875; x_wconf 84' lang='lat' dir='ltr'><strong><em>meum.</em></strong></span> <span class='ocrx_word' id='word_1_850' title='bbox 2412 2820 2490 2878; x_wconf 53' lang='lat' dir='ltr'><strong><em>&#39;G.</em></strong></span> <span class='ocrx_word' id='word_1_851' title='bbox 2524 2821 2879 2893; x_wconf 85' lang='lat' dir='ltr'><strong><em>Imperfectum</em></strong></span> <span class='ocrx_word' id='word_1_852' title='bbox 2904 2831 3045 2875; x_wconf 90' lang='lat' dir='ltr'><strong><em>tuum</em></strong></span> <span class='ocrx_word' id='word_1_853' title='bbox 3066 2821 3290 2876; x_wconf 83' lang='lat' dir='ltr'><strong><em>uiderunt</em></strong></span> <span class='ocrx_word' id='word_1_854' title='bbox 3306 2821 3435 2875; x_wconf 89' lang='lat' dir='ltr'><strong><em>oculi</em></strong></span> <span class='ocrx_word' id='word_1_855' title='bbox 3449 2821 3565 2874; x_wconf 86' lang='lat' dir='ltr'><strong><em>mei.</em></strong></span> 
     </span>
    </p>
   </div>
   <div class='ocr_carea' id='block_1_111' title="bbox 2078 2892 2941 2962">
    <p class='ocr_par' dir='ltr' id='par_1_111' title="bbox 2078 2892 2941 2962">
     <span class='ocr_line' id='line_1_117' title="bbox 2078 2892 2941 2962; baseline -0.001 -16"><span class='ocrx_word' id='word_1_856' title='bbox 2078 2892 2239 2947; x_wconf 88' lang='lat' dir='ltr'><strong><em>Hebr.</em></strong></span> <span class='ocrx_word' id='word_1_857' title='bbox 2257 2892 2693 2962; x_wconf 84' lang='lat' dir='ltr'><strong><em>informemadhue</em></strong></span> <span class='ocrx_word' id='word_1_858' title='bbox 2716 2908 2813 2954; x_wconf 90' lang='lat' dir='ltr'><strong><em>me,</em></strong></span> <span class='ocrx_word' id='word_1_859' title='bbox 2835 2900 2941 2962; x_wconf 83' lang='lat' dir='ltr'><strong><em>etc.</em></strong></span> 
     </span>
    </p>
   </div>
   <div class='ocr_carea' id='block_1_112' title="bbox 2004 2959 3564 3033">
    <p class='ocr_par' dir='ltr' id='par_1_112' title="bbox 2004 2959 3564 3033">
     <span class='ocr_line' id='line_1_118' title="bbox 2004 2959 3564 3033; baseline -0.001 -17"><span class='ocrx_word' id='word_1_860' title='bbox 2004 2960 2134 3017; x_wconf 84' lang='lat' dir='ltr'><strong><em>Item</em></strong></span> <span class='ocrx_word' id='word_1_861' title='bbox 2168 2962 2204 3033; x_wconf 85' lang='lat'><strong><em>9</em></strong></span> <span class='ocrx_word' id='word_1_862' title='bbox 2226 3001 2241 3015; x_wconf 94' lang='lat'><strong><em>.</em></strong></span> <span class='ocrx_word' id='word_1_863' title='bbox 2272 2959 2358 3016; x_wconf 78' lang='lat'><strong><em>16.</em></strong></span> <span class='ocrx_word' id='word_1_864' title='bbox 2387 2963 2490 3017; x_wconf 86' lang='lat' dir='ltr'><strong><em>dies</em></strong></span> <span class='ocrx_word' id='word_1_865' title='bbox 2516 2962 2879 3033; x_wconf 77' lang='lat' dir='ltr'><strong><em>formabuntur.</em></strong></span> <span class='ocrx_word' id='word_1_866' title='bbox 2910 2961 2954 3016; x_wconf 84' lang='lat' dir='ltr'><strong>A</strong></span> <span class='ocrx_word' id='word_1_867' title='bbox 2992 2959 3062 3033; x_wconf 95' lang='grc' dir='ltr'><strong><em>Μ.</em></strong></span> <span class='ocrx_word' id='word_1_868' title='bbox 3084 2959 3145 3017; x_wconf 86' lang='lat' dir='ltr'><strong>C.</strong></span> <span class='ocrx_word' id='word_1_869' title='bbox 3173 2978 3262 3031; x_wconf 90' lang='lat' dir='ltr'><strong><em>per</em></strong></span> <span class='ocrx_word' id='word_1_870' title='bbox 3283 2959 3433 3025; x_wconf 86' lang='lat' dir='ltr'><strong><em>diem,</em></strong></span> <span class='ocrx_word' id='word_1_871' title='bbox 3458 2970 3564 3016; x_wconf 87' lang='lat' dir='ltr'><strong><em>etc.</em></strong></span> 
     </span>
    </p>
   </div>
   <div class='ocr_carea' id='block_1_113' title="bbox 2078 3030 3568 3101">
    <p class='ocr_par' dir='ltr' id='par_1_113' title="bbox 2078 3030 3568 3101">
     <span class='ocr_line' id='line_1_119' title="bbox 2078 3030 3568 3101; baseline 0 -14"><span class='ocrx_word' id='word_1_872' title='bbox 2078 3034 2143 3087; x_wconf 82' lang='grc' dir='ltr'><strong>Α.</strong></span> <span class='ocrx_word' id='word_1_873' title='bbox 2168 3030 2419 3087; x_wconf 81' lang='lat' dir='ltr'><strong><em>errabant.</em></strong></span> <span class='ocrx_word' id='word_1_874' title='bbox 2442 3049 2461 3087; x_wconf 92' lang='lat'><strong><em>:</em></strong></span> <span class='ocrx_word' id='word_1_875' title='bbox 2479 3030 2625 3101; x_wconf 84' lang='lat' dir='ltr'><strong><em>quasi</em></strong></span> <span class='ocrx_word' id='word_1_876' title='bbox 2653 3032 2704 3087; x_wconf 92' lang='lat' dir='ltr'><strong><em>iu</em></strong></span> <span class='ocrx_word' id='word_1_877' title='bbox 2734 3030 2827 3088; x_wconf 92' lang='lat' dir='ltr'><strong><em>Gr.</em></strong></span> <span class='ocrx_word' id='word_1_878' title='bbox 2859 3032 3038 3101; x_wconf 80' lang='lat' dir='ltr'><strong><em>legerit</em></strong></span> <span class='ocrx_word' id='word_1_879' title='bbox 3057 3030 3448 3101; x_wconf 69' lang='grc' dir='ltr'><strong><em>πλαγχθήσονται,</em></strong></span> <span class='ocrx_word' id='word_1_880' title='bbox 3473 3045 3568 3101; x_wconf 84' lang='lat' dir='ltr'><strong><em>pro</em></strong></span> 
     </span>
    </p>
   </div>
   <div class='ocr_carea' id='block_1_114' title="bbox 2077 3049 2998 3172">
    <p class='ocr_par' dir='ltr' id='par_1_114' title="bbox 2077 3049 2998 3172">
     <span class='ocr_line' id='line_1_120' title="bbox 2078 3049 2998 3101; baseline -0.001 -14"><span class='ocrx_word' id='word_1_881' title='bbox 2078 3049 2143 3087; x_wconf 70' lang='grc' dir='ltr'><strong><em>Α.</em></strong></span> <span class='ocrx_word' id='word_1_882' title='bbox 2168 3049 2419 3087; x_wconf 67' lang='grc' dir='ltr'><strong><em>εΐΐαυυηι.</em></strong></span> <span class='ocrx_word' id='word_1_883' title='bbox 2442 3049 2461 3087; x_wconf 67' lang='grc' dir='ltr'><strong><em>ἔ</em></strong></span> <span class='ocrx_word' id='word_1_884' title='bbox 2518 3049 2625 3087; x_wconf 77' lang='lat' dir='ltr'><strong><em>uaSI</em></strong></span> <span class='ocrx_word' id='word_1_885' title='bbox 2653 3049 2704 3087; x_wconf 79' lang='grc'><strong><em>111</em></strong></span> <span class='ocrx_word' id='word_1_886' title='bbox 2734 3049 2827 3088; x_wconf 73' lang='grc' dir='ltr'><strong><em>ϋΓ.</em></strong></span> <span class='ocrx_word' id='word_1_887' title='bbox 2860 3049 2998 3101; x_wconf 65' lang='lat' dir='ltr'><strong><em>leget</em></strong></span> 
     </span>
     <span class='ocr_line' id='line_1_121' title="bbox 2077 3049 2998 3172; baseline -0.004 -15"><span class='ocrx_word' id='word_1_888' title='bbox 2077 3111 2436 3164; x_wconf 73' lang='grc' dir='ltr'><strong><em>πλασθήσονται.</em></strong></span> <span class='ocrx_word' id='word_1_889' title='bbox 2562 3103 2641 3156; x_wconf 89' lang='lat' dir='ltr'><strong><em>die</em></strong></span> <span class='ocrx_word' id='word_1_890' title='bbox 2663 3102 2998 3172; x_wconf 83' lang='lat' dir='ltr'><strong><em>replebantur.</em></strong></span> 
     </span>
    </p>
   </div>
   <div class='ocr_carea' id='block_1_115' title="bbox 2020 3171 3263 3241">
    <p class='ocr_par' dir='ltr' id='par_1_115' title="bbox 2020 3171 3263 3241">
     <span class='ocr_line' id='line_1_122' title="bbox 2020 3171 3263 3241; baseline 0.001 -18"><span class='ocrx_word' id='word_1_891' title='bbox 2020 3174 2055 3241; x_wconf 89' lang='lat'><strong><em>9</em></strong></span> <span class='ocrx_word' id='word_1_892' title='bbox 2079 3211 2093 3223; x_wconf 93' lang='lat'><strong><em>.</em></strong></span> <span class='ocrx_word' id='word_1_893' title='bbox 2126 3174 2211 3227; x_wconf 87' lang='grc'><strong><em>17.</em></strong></span> <span class='ocrx_word' id='word_1_894' title='bbox 2239 3173 2552 3239; x_wconf 76' lang='lat' dir='ltr'><strong><em>honoriﬁcati</em></strong></span> <span class='ocrx_word' id='word_1_895' title='bbox 2571 3182 2703 3227; x_wconf 90' lang='lat' dir='ltr'><strong><em>sunt.</em></strong></span> <span class='ocrx_word' id='word_1_896' title='bbox 2721 3171 2801 3225; x_wconf 89' lang='grc' dir='ltr'><strong><em>Μ.</em></strong></span> <span class='ocrx_word' id='word_1_897' title='bbox 2833 3171 3112 3226; x_wconf 86' lang='lat' dir='ltr'><strong><em>honorandi</em></strong></span> <span class='ocrx_word' id='word_1_898' title='bbox 3131 3179 3263 3225; x_wconf 88' lang='lat' dir='ltr'><strong><em>sunt.</em></strong></span> 
     </span>
    </p>
   </div>
   <div class='ocr_carea' id='block_1_116' title="bbox 2009 3239 3568 3313">
    <p class='ocr_par' dir='ltr' id='par_1_116' title="bbox 2009 3239 3568 3313">
     <span class='ocr_line' id='line_1_123' title="bbox 2009 3239 3568 3313; baseline -0.001 -17"><span class='ocrx_word' id='word_1_899' title='bbox 2009 3239 2135 3298; x_wconf 86' lang='lat' dir='ltr'><strong><em>Item</em></strong></span> <span class='ocrx_word' id='word_1_900' title='bbox 2180 3243 2252 3313; x_wconf 91' lang='lat'><strong><em>9.</em></strong></span> <span class='ocrx_word' id='word_1_901' title='bbox 2287 3245 2372 3297; x_wconf 84' lang='grc'><strong>17.</strong></span> <span class='ocrx_word' id='word_1_902' title='bbox 2413 3246 2721 3309; x_wconf 85' lang='lat' dir='ltr'><strong><em>confortatus</em></strong></span> <span class='ocrx_word' id='word_1_903' title='bbox 2748 3251 2841 3296; x_wconf 84' lang='lat' dir='ltr'><strong><em>est.</em></strong></span> <span class='ocrx_word' id='word_1_904' title='bbox 2888 3243 2953 3295; x_wconf 84' lang='lat' dir='ltr'><strong><em>A.</em></strong></span> <span class='ocrx_word' id='word_1_905' title='bbox 2990 3240 3137 3311; x_wconf 83' lang='lat' dir='ltr'><strong><em>juxta</em></strong></span> <span class='ocrx_word' id='word_1_906' title='bbox 3178 3241 3271 3297; x_wconf 88' lang='lat' dir='ltr'><strong><em>Gr.</em></strong></span> <span class='ocrx_word' id='word_1_907' title='bbox 3301 3239 3568 3310; x_wconf 85' lang='lat' dir='ltr'><strong><em>confortati</em></strong></span> 
     </span>
    </p>
   </div>
   <div class='ocr_carea' id='block_1_117' title="bbox 2076 3313 2855 3381">
    <p class='ocr_par' dir='ltr' id='par_1_117' title="bbox 2076 3313 2855 3381">
     <span class='ocr_line' id='line_1_124' title="bbox 2076 3313 2855 3381; baseline -0.004 -13"><span class='ocrx_word' id='word_1_908' title='bbox 2076 3326 2212 3368; x_wconf 81' lang='lat' dir='ltr'><strong><em>sunt.</em></strong></span> <span class='ocrx_word' id='word_1_909' title='bbox 2238 3313 2300 3368; x_wconf 91' lang='lat' dir='ltr'><strong><em>G.</em></strong></span> <span class='ocrx_word' id='word_1_910' title='bbox 2328 3313 2390 3368; x_wconf 87' lang='lat' dir='ltr'><strong><em>C.</em></strong></span> <span class='ocrx_word' id='word_1_911' title='bbox 2417 3314 2696 3381; x_wconf 80' lang='lat' dir='ltr'><strong><em>conﬁrmati</em></strong></span> <span class='ocrx_word' id='word_1_912' title='bbox 2720 3322 2855 3366; x_wconf 90' lang='lat' dir='ltr'><strong><em>sunt.</em></strong></span> 
     </span>
    </p>
   </div>
   <div class='ocr_carea' id='block_1_118' title="bbox 2022 3378 3567 3455">
    <p class='ocr_par' dir='ltr' id='par_1_118' title="bbox 2022 3378 3567 3455">
     <span class='ocr_line' id='line_1_125' title="bbox 2022 3378 3567 3455; baseline -0.001 -20"><span class='ocrx_word' id='word_1_913' title='bbox 2022 3384 2057 3455; x_wconf 89' lang='lat'><strong><em>9</em></strong></span> <span class='ocrx_word' id='word_1_914' title='bbox 2081 3423 2094 3435; x_wconf 94' lang='lat'><strong><em>.</em></strong></span> <span class='ocrx_word' id='word_1_915' title='bbox 2122 3383 2221 3455; x_wconf 10' lang='lat'><strong><em>20.7</em></strong></span> <span class='ocrx_word' id='word_1_916' title='bbox 2242 3383 2403 3455; x_wconf 76' lang='lat' dir='ltr'><strong><em>dicitis</em></strong></span> <span class='ocrx_word' id='word_1_917' title='bbox 2439 3384 2492 3437; x_wconf 88' lang='lat' dir='ltr'><strong><em>in</em></strong></span> <span class='ocrx_word' id='word_1_918' title='bbox 2511 3378 2832 3455; x_wconf 73' lang='lat' dir='ltr'><strong><em>cogitatione.</em></strong></span> <span class='ocrx_word' id='word_1_919' title='bbox 2867 3381 2932 3437; x_wconf 83' lang='lat' dir='ltr'><strong><em>A.</em></strong></span> <span class='ocrx_word' id='word_1_920' title='bbox 2958 3380 3019 3436; x_wconf 89' lang='lat' dir='ltr'><strong><em>H.</em></strong></span> <span class='ocrx_word' id='word_1_921' title='bbox 3131 3379 3222 3455; x_wconf 83' lang='lat' dir='ltr'><strong><em>Gr.</em></strong></span> <span class='ocrx_word' id='word_1_922' title='bbox 3246 3381 3386 3455; x_wconf 78' lang='lat' dir='ltr'><strong><em>dices</em></strong></span> <span class='ocrx_word' id='word_1_923' title='bbox 3406 3381 3458 3434; x_wconf 89' lang='lat' dir='ltr'><strong><em>in</em></strong></span> <span class='ocrx_word' id='word_1_924' title='bbox 3473 3397 3567 3455; x_wconf 80' lang='lat' dir='ltr'><strong><em>eo-</em></strong></span> 
     </span>
    </p>
   </div>
   <div class='ocr_carea' id='block_1_119' title="bbox 2080 3451 3566 3525">
    <p class='ocr_par' dir='ltr' id='par_1_119' title="bbox 2080 3451 3566 3525">
     <span class='ocr_line' id='line_1_126' title="bbox 2080 3451 3566 3525; baseline -0.002 -19"><span class='ocrx_word' id='word_1_925' title='bbox 2080 3454 2334 3525; x_wconf 89' lang='lat' dir='ltr'><strong><em>gitatione.</em></strong></span> <span class='ocrx_word' id='word_1_926' title='bbox 2365 3453 2429 3525; x_wconf 64' lang='grc' dir='ltr'><strong>(ἶ.</strong></span> <span class='ocrx_word' id='word_1_927' title='bbox 2454 3451 2602 3518; x_wconf 68' lang='lat' dir='ltr'><strong><em>dicis,</em></strong></span> <span class='ocrx_word' id='word_1_928' title='bbox 2625 3464 2727 3525; x_wconf 74' lang='lat' dir='ltr'><strong><em>etc.</em></strong></span> <span class='ocrx_word' id='word_1_929' title='bbox 2757 3452 2824 3506; x_wconf 88' lang='grc' dir='ltr'><strong><em>Μ.</em></strong></span> <span class='ocrx_word' id='word_1_930' title='bbox 2857 3452 3146 3525; x_wconf 82' lang='lat' dir='ltr'><strong><em>contentiosi</em></strong></span> <span class='ocrx_word' id='word_1_931' title='bbox 3166 3452 3280 3505; x_wconf 87' lang='lat' dir='ltr'><strong><em>estis</em></strong></span> <span class='ocrx_word' id='word_1_932' title='bbox 3296 3453 3349 3505; x_wconf 91' lang='lat' dir='ltr'><strong><em>in</em></strong></span> <span class='ocrx_word' id='word_1_933' title='bbox 3372 3451 3566 3522; x_wconf 85' lang='lat' dir='ltr'><strong><em>cogita-</em></strong></span> 
     </span>
    </p>
   </div>
   <div class='ocr_carea' id='block_1_120' title="bbox 2079 3520 3242 3578">
    <p class='ocr_par' dir='ltr' id='par_1_120' title="bbox 2079 3520 3242 3578">
     <span class='ocr_line' id='line_1_127' title="bbox 2079 3520 3242 3578; baseline -0.002 -2"><span class='ocrx_word' id='word_1_934' title='bbox 2079 3520 2311 3578; x_wconf 73' lang='lat' dir='ltr'><strong><em>iionibus.</em></strong></span> <span class='ocrx_word' id='word_1_935' title='bbox 2341 3524 2497 3578; x_wconf 89' lang='lat' dir='ltr'><strong><em>Hebr.</em></strong></span> <span class='ocrx_word' id='word_1_936' title='bbox 2523 3523 2855 3577; x_wconf 88' lang='lat' dir='ltr'><strong><em>contradicent</em></strong></span> <span class='ocrx_word' id='word_1_937' title='bbox 2881 3522 2967 3575; x_wconf 90' lang='lat' dir='ltr'><strong><em>tibi</em></strong></span> <span class='ocrx_word' id='word_1_938' title='bbox 2988 3520 3242 3576; x_wconf 86' lang='lat' dir='ltr'><strong><em>scelerate.</em></strong></span> 
     </span>
    </p>
   </div>
   <div class='ocr_carea' id='block_1_121' title="bbox 2011 3590 3566 3663">
    <p class='ocr_par' dir='ltr' id='par_1_121' title="bbox 2011 3590 3566 3663">
     <span class='ocr_line' id='line_1_128' title="bbox 2011 3590 3566 3663; baseline -0.003 -14"><span class='ocrx_word' id='word_1_939' title='bbox 2011 3595 2137 3649; x_wconf 86' lang='lat' dir='ltr'><strong><em>Item</em></strong></span> <span class='ocrx_word' id='word_1_940' title='bbox 2177 3595 2211 3663; x_wconf 93' lang='lat'><strong><em>9</em></strong></span> <span class='ocrx_word' id='word_1_941' title='bbox 2235 3633 2247 3647; x_wconf 93' lang='lat'><strong><em>.</em></strong></span> <span class='ocrx_word' id='word_1_942' title='bbox 2279 3594 2368 3649; x_wconf 70' lang='lat'><strong><em>20.</em></strong></span> <span class='ocrx_word' id='word_1_943' title='bbox 2401 3595 2620 3647; x_wconf 80' lang='lat' dir='ltr'><strong><em>civitates</em></strong></span> <span class='ocrx_word' id='word_1_944' title='bbox 2661 3604 2791 3646; x_wconf 86' lang='lat' dir='ltr'><strong><em>tuas.</em></strong></span> <span class='ocrx_word' id='word_1_945' title='bbox 2831 3594 2897 3646; x_wconf 86' lang='lat' dir='ltr'><strong>A.</strong></span> <span class='ocrx_word' id='word_1_946' title='bbox 2939 3591 3003 3645; x_wconf 91' lang='lat' dir='ltr'><strong><em>R.</em></strong></span> <span class='ocrx_word' id='word_1_947' title='bbox 3036 3591 3190 3645; x_wconf 86' lang='lat' dir='ltr'><strong><em>Rom.</em></strong></span> <span class='ocrx_word' id='word_1_948' title='bbox 3232 3591 3302 3645; x_wconf 87' lang='grc' dir='ltr'><strong><em>Μ.</em></strong></span> <span class='ocrx_word' id='word_1_949' title='bbox 3343 3590 3409 3647; x_wconf 91' lang='lat' dir='ltr'><strong><em>G.</em></strong></span> <span class='ocrx_word' id='word_1_950' title='bbox 3443 3590 3566 3645; x_wconf 76' lang='lat' dir='ltr'><strong><em>Car.</em></strong></span> 
     </span>
    </p>
   </div>
   <div class='ocr_carea' id='block_1_122' title="bbox 2077 3663 2922 3719">
    <p class='ocr_par' dir='ltr' id='par_1_122' title="bbox 2077 3663 2922 3719">
     <span class='ocr_line' id='line_1_129' title="bbox 2077 3663 2922 3719; baseline -0.005 -1"><span class='ocrx_word' id='word_1_951' title='bbox 2077 3664 2227 3719; x_wconf 80' lang='lat' dir='ltr'><strong><em>Colb.</em></strong></span> <span class='ocrx_word' id='word_1_952' title='bbox 2250 3663 2373 3719; x_wconf 86' lang='lat' dir='ltr'><strong><em>Ger.</em></strong></span> <span class='ocrx_word' id='word_1_953' title='bbox 2396 3664 2509 3719; x_wconf 83' lang='lat' dir='ltr'><strong><em>Gal.</em></strong></span> <span class='ocrx_word' id='word_1_954' title='bbox 2542 3664 2759 3717; x_wconf 83' lang='lat' dir='ltr'><strong><em>civitates</em></strong></span> <span class='ocrx_word' id='word_1_955' title='bbox 2784 3679 2922 3716; x_wconf 90' lang='lat' dir='ltr'><strong><em>suas.</em></strong></span> 
     </span>
    </p>
   </div>
   <div class='ocr_carea' id='block_1_123' title="bbox 2024 3732 3563 3805">
    <p class='ocr_par' dir='ltr' id='par_1_123' title="bbox 2024 3732 3563 3805">
     <span class='ocr_line' id='line_1_130' title="bbox 2024 3732 3563 3805; baseline -0.003 -18"><span class='ocrx_word' id='word_1_956' title='bbox 2024 3736 2051 3804; x_wconf 81' lang='lat'><strong><em>9</em></strong></span> <span class='ocrx_word' id='word_1_957' title='bbox 2084 3774 2095 3787; x_wconf 93' lang='lat'><strong><em>.</em></strong></span> <span class='ocrx_word' id='word_1_958' title='bbox 2151 3733 2542 3805; x_wconf 72' lang='lat' dir='ltr'><strong><em>23.,interroga</em></strong></span> <span class='ocrx_word' id='word_1_959' title='bbox 2593 3750 2669 3787; x_wconf 89' lang='lat' dir='ltr'><strong><em>me</em></strong></span> <span class='ocrx_word' id='word_1_960' title='bbox 2698 3775 2712 3798; x_wconf 94' lang='lat'><strong><em>,</em></strong></span> <span class='ocrx_word' id='word_1_961' title='bbox 2748 3743 2812 3805; x_wconf 87' lang='lat' dir='ltr'><strong><em>_e_t</em></strong></span> <span class='ocrx_word' id='word_1_962' title='bbox 2864 3747 3104 3805; x_wconf 77' lang='lat' dir='ltr'><strong><em>cognosce</em></strong></span> <span class='ocrx_word' id='word_1_963' title='bbox 3161 3732 3376 3805; x_wconf 74' lang='lat' dir='ltr'><strong><em>semitas</em></strong></span> <span class='ocrx_word' id='word_1_964' title='bbox 3408 3747 3563 3805; x_wconf 83' lang='lat' dir='ltr'><strong><em>meas.</em></strong></span> 
     </span>
    </p>
   </div>
   <div class='ocr_carea' id='block_1_124' title="bbox 2080 3802 3568 3873">
    <p class='ocr_par' dir='ltr' id='par_1_124' title="bbox 2080 3802 3568 3873">
     <span class='ocr_line' id='line_1_131' title="bbox 2080 3802 3568 3873; baseline -0.002 -15"><span class='ocrx_word' id='word_1_965' title='bbox 2080 3805 2145 3858; x_wconf 76' lang='grc' dir='ltr'><strong><em>Δ.</em></strong></span> <span class='ocrx_word' id='word_1_966' title='bbox 2201 3804 2441 3859; x_wconf 87' lang='lat' dir='ltr'><strong><em>Scrutare</em></strong></span> <span class='ocrx_word' id='word_1_967' title='bbox 2480 3802 2576 3870; x_wconf 78' lang='lat' dir='ltr'><strong><em>ine,</em></strong></span> <span class='ocrx_word' id='word_1_968' title='bbox 2596 3814 2697 3858; x_wconf 87' lang='lat' dir='ltr'><strong><em>etc.</em></strong></span> <span class='ocrx_word' id='word_1_969' title='bbox 2744 3803 2812 3858; x_wconf 91' lang='grc' dir='ltr'><strong><em>Μ.</em></strong></span> <span class='ocrx_word' id='word_1_970' title='bbox 2855 3802 3027 3873; x_wconf 78' lang='lat' dir='ltr'><strong><em>Aﬂlige</em></strong></span> <span class='ocrx_word' id='word_1_971' title='bbox 3070 3818 3179 3867; x_wconf 91' lang='lat' dir='ltr'><strong><em>me,</em></strong></span> <span class='ocrx_word' id='word_1_972' title='bbox 3215 3811 3262 3856; x_wconf 85' lang='lat' dir='ltr'><strong><em>et</em></strong></span> <span class='ocrx_word' id='word_1_973' title='bbox 3304 3802 3426 3856; x_wconf 90' lang='lat' dir='ltr'><strong><em>scito</em></strong></span> <span class='ocrx_word' id='word_1_974' title='bbox 3462 3802 3568 3855; x_wconf 83' lang='lat' dir='ltr'><strong><em>uias</em></strong></span> 
     </span>
    </p>
   </div>
   <div class='ocr_carea' id='block_1_125' title="bbox 2078 3891 2228 3929">
    <p class='ocr_par' dir='ltr' id='par_1_125' title="bbox 2078 3891 2228 3929">
     <span class='ocr_line' id='line_1_132' title="bbox 2078 3891 2228 3929; baseline -0.007 -1"><span class='ocrx_word' id='word_1_975' title='bbox 2078 3891 2228 3929; x_wconf 64' lang='grc' dir='ltr'><strong>111εο8.</strong></span> 
     </span>
    </p>
   </div>
   <div class='ocr_carea' id='block_1_126' title="bbox 2024 3935 3565 4021">
    <p class='ocr_par' dir='ltr' id='par_1_126' title="bbox 2024 3935 3565 4021">
     <span class='ocr_line' id='line_1_133' title="bbox 2024 3935 3565 4021; baseline -0.001 -25"><span class='ocrx_word' id='word_1_976' title='bbox 2024 3945 2095 4016; x_wconf 89' lang='lat'><strong><em>9.</em></strong></span> <span class='ocrx_word' id='word_1_977' title='bbox 2124 3944 2208 3999; x_wconf 67' lang='grc' dir='ltr'><strong>Ξιι.</strong></span> <span class='ocrx_word' id='word_1_978' title='bbox 2253 3945 2307 3998; x_wconf 89' lang='lat' dir='ltr'><strong><em>in</em></strong></span> <span class='ocrx_word' id='word_1_979' title='bbox 2346 3945 2425 3998; x_wconf 82' lang='lat' dir='ltr'><strong><em>via</em></strong></span> <span class='ocrx_word' id='word_1_980' title='bbox 2465 3954 2667 3998; x_wconf 72' lang='lat' dir='ltr'><strong><em>azterna.</em></strong></span> <span class='ocrx_word' id='word_1_981' title='bbox 2716 3942 2781 3997; x_wconf 90' lang='lat' dir='ltr'><strong><em>R.</em></strong></span> <span class='ocrx_word' id='word_1_982' title='bbox 2834 3935 2988 3996; x_wconf 76' lang='lat' dir='ltr'><strong><em>Rom.</em></strong></span> <span class='ocrx_word' id='word_1_983' title='bbox 3038 3940 3103 3995; x_wconf 91' lang='lat' dir='ltr'><strong><em>H.</em></strong></span> <span class='ocrx_word' id='word_1_984' title='bbox 3151 3942 3201 3995; x_wconf 91' lang='lat' dir='ltr'><strong><em>in</em></strong></span> <span class='ocrx_word' id='word_1_985' title='bbox 3247 3941 3376 3995; x_wconf 84' lang='lat' dir='ltr'><strong><em>viam</em></strong></span> <span class='ocrx_word' id='word_1_986' title='bbox 3419 3950 3565 4021; x_wconf 63' lang='lat' dir='ltr'><strong><em>arter-</em></strong></span> 
     </span>
    </p>
   </div>
   <div class='ocr_carea' id='block_1_127' title="bbox 2079 4032 2213 4068">
    <p class='ocr_par' dir='ltr' id='par_1_127' title="bbox 2079 4032 2213 4068">
     <span class='ocr_line' id='line_1_134' title="bbox 2079 4032 2213 4068; baseline 0 0"><span class='ocrx_word' id='word_1_987' title='bbox 2079 4032 2192 4068; x_wconf 87' lang='lat' dir='ltr'><strong><em>nam</em></strong></span> <span class='ocrx_word' id='word_1_988' title='bbox 2199 4055 2213 4068; x_wconf 96' lang='lat'><strong><em>.</em></strong></span> 
     </span>
    </p>
   </div>
   <div class='ocr_carea' id='block_1_128' title="bbox 2523 4097 3053 4139">
    <p class='ocr_par' dir='ltr' id='par_1_128' title="bbox 2523 4097 3053 4139">
     <span class='ocr_line' id='line_1_135' title="bbox 2523 4097 3053 4139; baseline -0.011 0"><span class='ocrx_word' id='word_1_989' title='bbox 2523 4100 2589 4139; x_wconf 79' lang='lat' dir='ltr'><strong>EX</strong></span> <span class='ocrx_word' id='word_1_990' title='bbox 2617 4098 2812 4138; x_wconf 75' lang='lat' dir='ltr'><strong><em>PSALIO</em></strong></span> <span class='ocrx_word' id='word_1_991' title='bbox 2838 4097 3053 4138; x_wconf 78' lang='lat' dir='ltr'><strong>CXXXIX.</strong></span> 
     </span>
    </p>
   </div>
   <div class='ocr_carea' id='block_1_129' title="bbox 2023 4150 3568 4225">
    <p class='ocr_par' dir='ltr' id='par_1_129' title="bbox 2023 4150 3568 4225">
     <span class='ocr_line' id='line_1_136' title="bbox 2023 4150 3568 4225; baseline -0.002 -18"><span class='ocrx_word' id='word_1_992' title='bbox 2023 4156 2057 4225; x_wconf 91' lang='lat'><strong>9</strong></span> <span class='ocrx_word' id='word_1_993' title='bbox 2083 4194 2096 4207; x_wconf 94' lang='lat'><strong><em>.</em></strong></span> <span class='ocrx_word' id='word_1_994' title='bbox 2125 4156 2178 4209; x_wconf 71' lang='grc'><strong><em>4.</em></strong></span> <span class='ocrx_word' id='word_1_995' title='bbox 2206 4156 2334 4209; x_wconf 91' lang='lat' dir='ltr'><strong><em>sicut</em></strong></span> <span class='ocrx_word' id='word_1_996' title='bbox 2357 4155 2616 4225; x_wconf 84' lang='lat' dir='ltr'><strong><em>serpentis.</em></strong></span> <span class='ocrx_word' id='word_1_997' title='bbox 2656 4153 2830 4225; x_wconf 18' lang='lat' dir='ltr'><strong><em>A.7_R.</em></strong></span> <span class='ocrx_word' id='word_1_998' title='bbox 2876 4153 3030 4225; x_wconf 81' lang='lat' dir='ltr'><strong><em>Rom.</em></strong></span> <span class='ocrx_word' id='word_1_999' title='bbox 3185 4151 3353 4225; x_wconf 76' lang='lat' dir='ltr'><strong><em>G._II_</em></strong></span> <span class='ocrx_word' id='word_1_1000' title='bbox 3385 4151 3568 4225; x_wconf 84' lang='lat' dir='ltr'><strong><em>C._sic-</em></strong></span> 
     </span>
    </p>
   </div>
   <div class='ocr_carea' id='block_1_130' title="bbox 2078 4220 3565 4350">
    <p class='ocr_par' dir='ltr' id='par_1_130' title="bbox 2078 4220 3565 4350">
     <span class='ocr_line' id='line_1_137' title="bbox 2078 4220 3565 4350; baseline -0.002 -73"><span class='ocrx_word' id='word_1_1001' title='bbox 2078 4220 2447 4350; x_wconf 54' lang='lat' dir='ltr'><strong><em>Et1serpentesl</em></strong></span> <span class='ocrx_word' id='word_1_1002' title='bbox 2494 4225 2560 4278; x_wconf 83' lang='lat' dir='ltr'><strong><em>Et</em></strong></span> <span class='ocrx_word' id='word_1_1003' title='bbox 2600 4225 2677 4278; x_wconf 88' lang='lat' dir='ltr'><strong><em>sic</em></strong></span> <span class='ocrx_word' id='word_1_1004' title='bbox 2736 4223 2951 4292; x_wconf 75' lang='lat' dir='ltr'><strong><em>Vulgata</em></strong></span> <span class='ocrx_word' id='word_1_1005' title='bbox 2990 4222 3043 4277; x_wconf 89' lang='lat' dir='ltr'><strong><em>in</em></strong></span> <span class='ocrx_word' id='word_1_1006' title='bbox 3086 4222 3204 4276; x_wconf 79' lang='lat' dir='ltr'><strong><em>Cor.</em></strong></span> <span class='ocrx_word' id='word_1_1007' title='bbox 3243 4220 3394 4275; x_wconf 87' lang='lat' dir='ltr'><strong><em>Colb.</em></strong></span> <span class='ocrx_word' id='word_1_1008' title='bbox 3438 4221 3565 4276; x_wconf 86' lang='lat' dir='ltr'><strong><em>Ger.</em></strong></span> 
     </span>
     <span class='ocr_line' id='line_1_138' title="bbox 2125 4310 2194 4347; baseline 0 0"><span class='ocrx_word' id='word_1_1009' title='bbox 2125 4310 2153 4347; x_wconf 83' lang='lat' dir='ltr'><strong><em>a</em></strong></span> <span class='ocrx_word' id='word_1_1010' title='bbox 2183 4335 2194 4347; x_wconf 96' lang='lat'><strong><em>.</em></strong></span> 
     </span>
    </p>
   </div>
   <div class='ocr_carea' id='block_1_131' title="bbox 2024 4359 3563 4436">
    <p class='ocr_par' dir='ltr' id='par_1_131' title="bbox 2024 4359 3563 4436">
     <span class='ocr_line' id='line_1_139' title="bbox 2024 4359 3563 4436; baseline -0.001 -20"><span class='ocrx_word' id='word_1_1011' title='bbox 2024 4365 2059 4436; x_wconf 89' lang='lat'><strong><em>9</em></strong></span> <span class='ocrx_word' id='word_1_1012' title='bbox 2084 4364 2183 4436; x_wconf 36' lang='grc' dir='ltr'><strong><em>κϐ.</em></strong></span> <span class='ocrx_word' id='word_1_1013' title='bbox 2204 4363 2527 4436; x_wconf 67' lang='lat' dir='ltr'><strong><em>extenderunt</em></strong></span> <span class='ocrx_word' id='word_1_1014' title='bbox 2541 4364 2602 4436; x_wconf 90' lang='lat' dir='ltr'><strong><em>_in</em></strong></span> <span class='ocrx_word' id='word_1_1015' title='bbox 2626 4363 2875 4436; x_wconf 82' lang='lat' dir='ltr'><strong><em>laqueum.</em></strong></span> <span class='ocrx_word' id='word_1_1016' title='bbox 2919 4363 2983 4416; x_wconf 85' lang='lat' dir='ltr'><strong><em>A.</em></strong></span> <span class='ocrx_word' id='word_1_1017' title='bbox 3118 4360 3272 4414; x_wconf 90' lang='lat' dir='ltr'><strong><em>Rom.</em></strong></span> <span class='ocrx_word' id='word_1_1018' title='bbox 3300 4360 3368 4414; x_wconf 90' lang='grc' dir='ltr'><strong><em>Μ.</em></strong></span> <span class='ocrx_word' id='word_1_1019' title='bbox 3398 4359 3463 4416; x_wconf 87' lang='lat' dir='ltr'><strong><em>G.</em></strong></span> <span class='ocrx_word' id='word_1_1020' title='bbox 3501 4360 3563 4415; x_wconf 91' lang='lat' dir='ltr'><strong>II.</strong></span> 
     </span>
    </p>
   </div>
   <div class='ocr_carea' id='block_1_132' title="bbox 2080 4432 3077 4505">
    <p class='ocr_par' dir='ltr' id='par_1_132' title="bbox 2080 4432 3077 4505">
     <span class='ocr_line' id='line_1_140' title="bbox 2080 4432 3077 4505; baseline -0.006 -16"><span class='ocrx_word' id='word_1_1021' title='bbox 2080 4435 2145 4505; x_wconf 87' lang='lat' dir='ltr'><strong><em>C.</em></strong></span> <span class='ocrx_word' id='word_1_1022' title='bbox 2168 4434 2311 4505; x_wconf 74' lang='lat' dir='ltr'><strong><em>juxta</em></strong></span> <span class='ocrx_word' id='word_1_1023' title='bbox 2340 4433 2436 4505; x_wconf 89' lang='lat' dir='ltr'><strong><em>Gr.</em></strong></span> <span class='ocrx_word' id='word_1_1024' title='bbox 2454 4433 2667 4497; x_wconf 86' lang='lat' dir='ltr'><strong><em>addunt,</em></strong></span> <span class='ocrx_word' id='word_1_1025' title='bbox 2690 4432 2907 4499; x_wconf 84' lang='lat' dir='ltr'><strong><em>pedibus</em></strong></span> <span class='ocrx_word' id='word_1_1026' title='bbox 2936 4432 3077 4505; x_wconf 58' lang='lat' dir='ltr'><strong><em>meis.</em></strong></span> 
     </span>
    </p>
   </div>
   <div class='ocr_carea' id='block_1_133' title="bbox 2026 4499 3566 4574">
    <p class='ocr_par' dir='ltr' id='par_1_133' title="bbox 2026 4499 3566 4574">
     <span class='ocr_line' id='line_1_141' title="bbox 2026 4499 3566 4574; baseline -0.005 -14"><span class='ocrx_word' id='word_1_1027' title='bbox 2026 4505 2059 4573; x_wconf 87' lang='lat'><strong>9</strong></span> <span class='ocrx_word' id='word_1_1028' title='bbox 2084 4544 2098 4559; x_wconf 91' lang='lat'><strong><em>.</em></strong></span> <span class='ocrx_word' id='word_1_1029' title='bbox 2126 4499 2184 4560; x_wconf 61' lang='lat'><strong><em>8:</em></strong></span> <span class='ocrx_word' id='word_1_1030' title='bbox 2208 4503 2508 4558; x_wconf 88' lang='lat' dir='ltr'><strong><em>obumbrasti</em></strong></span> <span class='ocrx_word' id='word_1_1031' title='bbox 2537 4520 2685 4573; x_wconf 91' lang='lat' dir='ltr'><strong><em>super</em></strong></span> <span class='ocrx_word' id='word_1_1032' title='bbox 2709 4514 2877 4574; x_wconf 87' lang='lat' dir='ltr'><strong><em>caput,</em></strong></span> <span class='ocrx_word' id='word_1_1033' title='bbox 2896 4511 2998 4556; x_wconf 89' lang='lat' dir='ltr'><strong><em>etc.</em></strong></span> <span class='ocrx_word' id='word_1_1034' title='bbox 3021 4499 3088 4555; x_wconf 90' lang='lat' dir='ltr'><strong><em>R.</em></strong></span> <span class='ocrx_word' id='word_1_1035' title='bbox 3129 4500 3366 4555; x_wconf 88' lang='lat' dir='ltr'><strong><em>obuntbra</em></strong></span> <span class='ocrx_word' id='word_1_1036' title='bbox 3392 4512 3566 4571; x_wconf 85' lang='lat' dir='ltr'><strong><em>caput,</em></strong></span> 
     </span>
    </p>
   </div>
   <div class='ocr_carea' id='block_1_134' title="bbox 2080 4586 2184 4630">
    <p class='ocr_par' dir='ltr' id='par_1_134' title="bbox 2080 4586 2184 4630">
     <span class='ocr_line' id='line_1_142' title="bbox 2080 4586 2184 4630; baseline -0.01 0"><span class='ocrx_word' id='word_1_1037' title='bbox 2080 4586 2184 4630; x_wconf 71' lang='lat' dir='ltr'><strong>CIC.</strong></span> 
     </span>
    </p>
   </div>
   <div class='ocr_carea' id='block_1_135' title="bbox 2026 4640 3569 4715">
    <p class='ocr_par' dir='ltr' id='par_1_135' title="bbox 2026 4640 3569 4715">
     <span class='ocr_line' id='line_1_143' title="bbox 2026 4640 3569 4715; baseline -0.003 -17"><span class='ocrx_word' id='word_1_1038' title='bbox 2026 4644 2060 4715; x_wconf 92' lang='lat'><strong><em>9</em></strong></span> <span class='ocrx_word' id='word_1_1039' title='bbox 2084 4685 2096 4698; x_wconf 97' lang='lat'><strong><em>.</em></strong></span> <span class='ocrx_word' id='word_1_1040' title='bbox 2128 4644 2181 4699; x_wconf 88' lang='lat'><strong><em>9.</em></strong></span> <span class='ocrx_word' id='word_1_1041' title='bbox 2219 4643 2299 4697; x_wconf 89' lang='lat' dir='ltr'><strong><em>Ne</em></strong></span> <span class='ocrx_word' id='word_1_1042' title='bbox 2324 4646 2492 4715; x_wconf 78' lang='lat' dir='ltr'><strong><em>tradas</em></strong></span> <span class='ocrx_word' id='word_1_1043' title='bbox 2508 4641 2853 4715; x_wconf 71' lang='lat' dir='ltr'><strong><em>me,Domine,</em></strong></span> <span class='ocrx_word' id='word_1_1044' title='bbox 2882 4658 2912 4693; x_wconf 92' lang='lat' dir='ltr'><strong><em>a</em></strong></span> <span class='ocrx_word' id='word_1_1045' title='bbox 2932 4640 3174 4694; x_wconf 87' lang='lat' dir='ltr'><strong><em>desiderio</em></strong></span> <span class='ocrx_word' id='word_1_1046' title='bbox 3198 4657 3327 4697; x_wconf 88' lang='lat' dir='ltr'><strong><em>meo.</em></strong></span> <span class='ocrx_word' id='word_1_1047' title='bbox 3449 4640 3569 4715; x_wconf 80' lang='lat' dir='ltr'><strong><em>1_Von</em></strong></span> 
     </span>
    </p>
   </div>
   <div class='ocr_carea' id='block_1_136' title="bbox 2082 4710 3565 4779">
    <p class='ocr_par' dir='ltr' id='par_1_136' title="bbox 2082 4710 3565 4779">
     <span class='ocr_line' id='line_1_144' title="bbox 2082 4710 3565 4779; baseline -0.002 -12"><span class='ocrx_word' id='word_1_1048' title='bbox 2082 4715 2271 4772; x_wconf 87' lang='lat' dir='ltr'><strong><em>tradas.</em></strong></span> <span class='ocrx_word' id='word_1_1049' title='bbox 2316 4714 2541 4776; x_wconf 83' lang='lat' dir='ltr'><strong><em>Domine,</em></strong></span> <span class='ocrx_word' id='word_1_1050' title='bbox 2591 4712 2890 4767; x_wconf 85' lang='lat' dir='ltr'><strong><em>desiderium</em></strong></span> <span class='ocrx_word' id='word_1_1051' title='bbox 2936 4727 3096 4765; x_wconf 88' lang='lat' dir='ltr'><strong><em>meum</em></strong></span> <span class='ocrx_word' id='word_1_1052' title='bbox 3139 4712 3404 4779; x_wconf 87' lang='lat' dir='ltr'><strong><em>peccatori.</em></strong></span> <span class='ocrx_word' id='word_1_1053' title='bbox 3442 4710 3565 4766; x_wconf 89' lang='lat' dir='ltr'><strong><em>Car.</em></strong></span> 
     </span>
    </p>
   </div>
   <div class='ocr_carea' id='block_1_137' title="bbox 2081 4780 3572 4852">
    <p class='ocr_par' dir='ltr' id='par_1_137' title="bbox 2081 4780 3572 4852">
     <span class='ocr_line' id='line_1_145' title="bbox 2081 4780 3572 4852; baseline -0.003 -13"><span class='ocrx_word' id='word_1_1054' title='bbox 2081 4785 2229 4839; x_wconf 89' lang='lat' dir='ltr'><strong><em>Colb.</em></strong></span> <span class='ocrx_word' id='word_1_1055' title='bbox 2253 4783 2315 4838; x_wconf 89' lang='lat' dir='ltr'><strong>C.</strong></span> <span class='ocrx_word' id='word_1_1056' title='bbox 2342 4783 2457 4838; x_wconf 91' lang='lat' dir='ltr'><strong><em>Gal.</em></strong></span> <span class='ocrx_word' id='word_1_1057' title='bbox 2488 4782 2540 4837; x_wconf 87' lang='grc' dir='ltr'><em>Ν</em></span> <span class='ocrx_word' id='word_1_1058' title='bbox 2544 4799 2607 4837; x_wconf 88' lang='lat' dir='ltr'><strong><em>ou</em></strong></span> <span class='ocrx_word' id='word_1_1059' title='bbox 2619 4783 2809 4845; x_wconf 85' lang='lat' dir='ltr'><strong><em>tradas,</em></strong></span> <span class='ocrx_word' id='word_1_1060' title='bbox 2827 4780 3054 4852; x_wconf 86' lang='lat' dir='ltr'><strong><em>Domine,</em></strong></span> <span class='ocrx_word' id='word_1_1061' title='bbox 3073 4781 3315 4852; x_wconf 86' lang='lat' dir='ltr'><strong><em>desiderio</em></strong></span> <span class='ocrx_word' id='word_1_1062' title='bbox 3332 4797 3437 4835; x_wconf 90' lang='lat' dir='ltr'><strong><em>meo</em></strong></span> <span class='ocrx_word' id='word_1_1063' title='bbox 3457 4798 3572 4852; x_wconf 84' lang='lat' dir='ltr'><strong><em>pec-</em></strong></span> 
     </span>
    </p>
   </div>
   <div class='ocr_carea' id='block_1_138' title="bbox 2081 4851 3402 4921">
    <p class='ocr_par' dir='ltr' id='par_1_138' title="bbox 2081 4851 3402 4921">
     <span class='ocr_line' id='line_1_146' title="bbox 2081 4851 3402 4921; baseline -0.005 -12"><span class='ocrx_word' id='word_1_1064' title='bbox 2081 4856 2255 4909; x_wconf 88' lang='lat' dir='ltr'><strong><em>catori.</em></strong></span> <span class='ocrx_word' id='word_1_1065' title='bbox 2280 4853 2440 4908; x_wconf 87' lang='lat' dir='ltr'><strong><em>Hebr.</em></strong></span> <span class='ocrx_word' id='word_1_1066' title='bbox 2472 4852 2554 4907; x_wconf 87' lang='lat' dir='ltr'><strong><em>Ne</em></strong></span> <span class='ocrx_word' id='word_1_1067' title='bbox 2576 4854 2682 4917; x_wconf 90' lang='lat' dir='ltr'><strong><em>des,</em></strong></span> <span class='ocrx_word' id='word_1_1068' title='bbox 2716 4852 2945 4913; x_wconf 85' lang='lat' dir='ltr'><strong><em>Domine,</em></strong></span> <span class='ocrx_word' id='word_1_1069' title='bbox 2976 4851 3223 4905; x_wconf 87' lang='lat' dir='ltr'><strong><em>desideria</em></strong></span> <span class='ocrx_word' id='word_1_1070' title='bbox 3241 4853 3402 4921; x_wconf 87' lang='lat' dir='ltr'><strong><em>impii.</em></strong></span> 
     </span>
    </p>
   </div>
   <div class='ocr_carea' id='block_1_139' title="bbox 2027 4921 3573 5004">
    <p class='ocr_par' dir='ltr' id='par_1_139' title="bbox 2027 4921 3573 5004">
     <span class='ocr_line' id='line_1_147' title="bbox 2027 4921 3573 5004; baseline -0.006 -24"><span class='ocrx_word' id='word_1_1071' title='bbox 2027 4926 2061 4997; x_wconf 86' lang='lat'><strong>9</strong></span> <span class='ocrx_word' id='word_1_1072' title='bbox 2088 4965 2103 5004; x_wconf 82' lang='lat'><strong><em>._</em></strong></span> <span class='ocrx_word' id='word_1_1073' title='bbox 2131 4926 2215 4981; x_wconf 88' lang='lat' dir='ltr'><strong><em>II.</em></strong></span> <span class='ocrx_word' id='word_1_1074' title='bbox 2243 4924 2475 5004; x_wconf 75' lang='lat' dir='ltr'><strong><em>carbones</em></strong></span> <span class='ocrx_word' id='word_1_1075' title='bbox 2498 4925 2551 4977; x_wconf 86' lang='lat' dir='ltr'><strong><em>in</em></strong></span> <span class='ocrx_word' id='word_1_1076' title='bbox 2575 4922 3090 5004; x_wconf 40' lang='lat' dir='ltr'><strong><em>ignem‘dejieies&#39;eols.</em></strong></span> <span class='ocrx_word' id='word_1_1077' title='bbox 3109 4921 3445 5004; x_wconf 24' lang='lat' dir='ltr'><strong><em>juxtaxGr.</em></strong></span> <span class='ocrx_word' id='word_1_1078' title='bbox 3466 4937 3573 5004; x_wconf 61' lang='lat' dir='ltr'><strong><em>ear-</em></strong></span> 
     </span>
    </p>
   </div>
   <div class='ocr_carea' id='block_1_140' title="bbox 2085 4990 3568 5116">
    <p class='ocr_par' dir='ltr' id='par_1_140' title="bbox 2085 4990 3568 5116">
     <span class='ocr_line' id='line_1_148' title="bbox 2085 4990 3568 5116; baseline -0.004 -66"><span class='ocrx_word' id='word_1_1079' title='bbox 2085 4997 2231 5049; x_wconf 91' lang='lat' dir='ltr'><strong><em>bones</em></strong></span> <span class='ocrx_word' id='word_1_1080' title='bbox 2256 4995 2384 5063; x_wconf 87' lang='lat' dir='ltr'><strong><em>ignis</em></strong></span> <span class='ocrx_word' id='word_1_1081' title='bbox 2407 4995 2460 5047; x_wconf 89' lang='lat' dir='ltr'><strong><em>in</em></strong></span> <span class='ocrx_word' id='word_1_1082' title='bbox 2487 4990 2637 5052; x_wconf 82' lang='lat' dir='ltr'><strong><em>terra.</em></strong></span> <span class='ocrx_word' id='word_1_1083' title='bbox 2660 5004 2706 5046; x_wconf 89' lang='lat' dir='ltr'><strong><em>et</em></strong></span> <span class='ocrx_word' id='word_1_1084' title='bbox 2731 4990 3079 5116; x_wconf 50' lang='lat' dir='ltr'><strong><em>dejicieslgvel.</em></strong></span> <span class='ocrx_word' id='word_1_1085' title='bbox 3099 4990 3350 5062; x_wconf 84' lang='lat' dir='ltr'><strong><em>dejicient)</em></strong></span> <span class='ocrx_word' id='word_1_1086' title='bbox 3370 5008 3470 5047; x_wconf 84' lang='lat' dir='ltr'><strong><em>eos.</em></strong></span> <span class='ocrx_word' id='word_1_1087' title='bbox 3501 4991 3568 5047; x_wconf 88' lang='lat' dir='ltr'><strong><em>G.</em></strong></span> 
     </span>
     <span class='ocr_line' id='line_1_149' title="bbox 2085 5064 3568 5116; baseline 0 0"><span class='ocrx_word' id='word_1_1088' title='bbox 2085 5069 2318 5116; x_wconf 86' lang='lat' dir='ltr'><strong><em>carbones</em></strong></span> <span class='ocrx_word' id='word_1_1089' title='bbox 2345 5065 2493 5116; x_wconf 87' lang='lat' dir='ltr'><strong><em>ianis.</em></strong></span> <span class='ocrx_word' id='word_1_1090' title='bbox 2524 5074 2571 5116; x_wconf 89' lang='lat' dir='ltr'><strong><em>et</em></strong></span> <span class='ocrx_word' id='word_1_1091' title='bbox 2592 5064 2786 5116; x_wconf 85' lang='lat' dir='ltr'><strong><em>deiiciet</em></strong></span> <span class='ocrx_word' id='word_1_1092' title='bbox 2814 5079 2917 5116; x_wconf 90' lang='lat' dir='ltr'><strong><em>eos.</em></strong></span> <span class='ocrx_word' id='word_1_1093' title='bbox 2992 5100 3005 5115; x_wconf 94' lang='lat'><strong><em>.</em></strong></span> <span class='ocrx_word' id='word_1_1094' title='bbox 3033 5064 3271 5115; x_wconf 85' lang='lat' dir='ltr'><strong><em>carbones</em></strong></span> <span class='ocrx_word' id='word_1_1095' title='bbox 3306 5064 3455 5116; x_wconf 86' lang='lat' dir='ltr'><strong><em>iouis.</em></strong></span> <span class='ocrx_word' id='word_1_1096' title='bbox 3487 5078 3568 5116; x_wconf 81' lang='lat' dir='ltr'><strong><em>su-</em></strong></span> 
     </span>
    </p>
   </div>
   <div class='ocr_carea' id='block_1_141' title="bbox 2083 5064 3574 5136">
    <p class='ocr_par' dir='ltr' id='par_1_141' title="bbox 2083 5064 3574 5136">
     <span class='ocr_line' id='line_1_150' title="bbox 2083 5064 3574 5136; baseline -0.001 -18"><span class='ocrx_word' id='word_1_1097' title='bbox 2083 5069 2318 5120; x_wconf 89' lang='lat' dir='ltr'><strong><em>carbones</em></strong></span> <span class='ocrx_word' id='word_1_1098' title='bbox 2345 5065 2493 5136; x_wconf 86' lang='lat' dir='ltr'><strong><em>ignis,</em></strong></span> <span class='ocrx_word' id='word_1_1099' title='bbox 2524 5074 2571 5118; x_wconf 91' lang='lat' dir='ltr'><strong><em>et</em></strong></span> <span class='ocrx_word' id='word_1_1100' title='bbox 2592 5064 2786 5135; x_wconf 89' lang='lat' dir='ltr'><strong><em>dejiciet</em></strong></span> <span class='ocrx_word' id='word_1_1101' title='bbox 2814 5079 2917 5117; x_wconf 88' lang='lat' dir='ltr'><strong><em>eos.</em></strong></span> <span class='ocrx_word' id='word_1_1102' title='bbox 2940 5064 3005 5116; x_wconf 90' lang='lat' dir='ltr'><strong><em>H.</em></strong></span> <span class='ocrx_word' id='word_1_1103' title='bbox 3033 5064 3271 5115; x_wconf 86' lang='lat' dir='ltr'><strong><em>carbones</em></strong></span> <span class='ocrx_word' id='word_1_1104' title='bbox 3306 5064 3455 5132; x_wconf 86' lang='lat' dir='ltr'><strong><em>ignis,</em></strong></span> <span class='ocrx_word' id='word_1_1105' title='bbox 3487 5078 3574 5116; x_wconf 87' lang='lat' dir='ltr'><strong><em>su-</em></strong></span> 
     </span>
    </p>
   </div>
   <div class='ocr_carea' id='block_1_142' title="bbox 2085 5135 2799 5206">
    <p class='ocr_par' dir='ltr' id='par_1_142' title="bbox 2085 5135 2799 5206">
     <span class='ocr_line' id='line_1_151' title="bbox 2085 5135 2799 5206; baseline -0.004 -18"><span class='ocrx_word' id='word_1_1106' title='bbox 2085 5135 2379 5206; x_wconf 13' lang='lat' dir='ltr'><strong><em>perﬁterram&#39;</em></strong></span> <span class='ocrx_word' id='word_1_1107' title='bbox 2400 5135 2598 5206; x_wconf 84' lang='lat' dir='ltr'><strong><em>dejicies</em></strong></span> <span class='ocrx_word' id='word_1_1108' title='bbox 2623 5150 2723 5186; x_wconf 86' lang='lat' dir='ltr'><strong><em>eos.</em></strong></span> <span class='ocrx_word' id='word_1_1109' title='bbox 2792 5166 2799 5173; x_wconf 87' lang='lat'><strong>-</strong></span> 
     </span>
    </p>
   </div>
   <div class='ocr_carea' id='block_1_143' title="bbox 2031 5199 3569 5276">
    <p class='ocr_par' dir='ltr' id='par_1_143' title="bbox 2031 5199 3569 5276">
     <span class='ocr_line' id='line_1_152' title="bbox 2031 5199 3569 5276; baseline -0.001 -19"><span class='ocrx_word' id='word_1_1110' title='bbox 2031 5207 2065 5276; x_wconf 91' lang='lat'><strong><em>9</em></strong></span> <span class='ocrx_word' id='word_1_1111' title='bbox 2085 5199 2103 5257; x_wconf 82' lang='grc'><strong>’.</strong></span> <span class='ocrx_word' id='word_1_1112' title='bbox 2132 5205 2218 5260; x_wconf 73' lang='grc'><strong><em>12.</em></strong></span> <span class='ocrx_word' id='word_1_1113' title='bbox 2242 5208 2436 5274; x_wconf 87' lang='lat' dir='ltr'><strong><em>capient</em></strong></span> <span class='ocrx_word' id='word_1_1114' title='bbox 2456 5199 2516 5258; x_wconf 81' lang='lat' dir='ltr'><strong><em>in</em></strong></span> <span class='ocrx_word' id='word_1_1115' title='bbox 2543 5204 2765 5257; x_wconf 88' lang='lat' dir='ltr'><strong><em>interitu.</em></strong></span> <span class='ocrx_word' id='word_1_1116' title='bbox 2794 5205 2856 5255; x_wconf 81' lang='grc' dir='ltr'><strong><em>Δ.</em></strong></span> <span class='ocrx_word' id='word_1_1117' title='bbox 2885 5202 3032 5270; x_wconf 77' lang='lat' dir='ltr'><strong><em>juxta</em></strong></span> <span class='ocrx_word' id='word_1_1118' title='bbox 3061 5199 3152 5258; x_wconf 89' lang='lat' dir='ltr'><strong><em>Gr.</em></strong></span> <span class='ocrx_word' id='word_1_1119' title='bbox 3185 5200 3493 5255; x_wconf 79' lang='lat' dir='ltr'><strong><em>eenabuntur</em></strong></span> <span class='ocrx_word' id='word_1_1120' title='bbox 3516 5201 3569 5256; x_wconf 78' lang='lat' dir='ltr'><strong><em>in</em></strong></span> 
     </span>
    </p>
   </div>
   <div class='ocr_carea' id='block_1_144' title="bbox 2077 5277 2351 5329">
    <p class='ocr_par' dir='ltr' id='par_1_144' title="bbox 2077 5277 2351 5329">
     <span class='ocr_line' id='line_1_153' title="bbox 2077 5277 2351 5329; baseline -0.007 0"><span class='ocrx_word' id='word_1_1121' title='bbox 2077 5277 2351 5329; x_wconf 86' lang='lat' dir='ltr'><strong><em>interitum.</em></strong></span> 
     </span>
    </p>
   </div>
   <div class='ocr_carea' id='block_1_145' title="bbox 2030 5336 3324 5415">
    <p class='ocr_par' dir='ltr' id='par_1_145' title="bbox 2030 5336 3324 5415">
     <span class='ocr_line' id='line_1_154' title="bbox 2030 5336 3324 5415; baseline -0.003 -18"><span class='ocrx_word' id='word_1_1122' title='bbox 2030 5346 2063 5415; x_wconf 89' lang='lat'><strong>9</strong></span> <span class='ocrx_word' id='word_1_1123' title='bbox 2088 5384 2101 5397; x_wconf 96' lang='lat'><strong>.</strong></span> <span class='ocrx_word' id='word_1_1124' title='bbox 2131 5347 2217 5401; x_wconf 79' lang='lat' dir='ltr'><strong><em>I3.</em></strong></span> <span class='ocrx_word' id='word_1_1125' title='bbox 2251 5345 2313 5399; x_wconf 85' lang='lat' dir='ltr'><strong><em>Et</em></strong></span> <span class='ocrx_word' id='word_1_1126' title='bbox 2342 5345 2623 5399; x_wconf 82' lang='lat' dir='ltr'><strong><em>rindictam.</em></strong></span> <span class='ocrx_word' id='word_1_1127' title='bbox 2656 5344 2715 5395; x_wconf 83' lang='lat' dir='ltr'><strong><em>A.</em></strong></span> <span class='ocrx_word' id='word_1_1128' title='bbox 2741 5336 2888 5411; x_wconf 81' lang='lat' dir='ltr'><strong><em>juxta</em></strong></span> <span class='ocrx_word' id='word_1_1129' title='bbox 2917 5341 3009 5396; x_wconf 90' lang='lat' dir='ltr'><strong><em>Gr.</em></strong></span> <span class='ocrx_word' id='word_1_1130' title='bbox 3038 5351 3083 5395; x_wconf 91' lang='lat' dir='ltr'><strong><em>et</em></strong></span> <span class='ocrx_word' id='word_1_1131' title='bbox 3102 5355 3324 5395; x_wconf 87' lang='lat' dir='ltr'><strong><em>causam.</em></strong></span> 
     </span>
    </p>
   </div>
   <div class='ocr_carea' id='block_1_146' title="bbox 2574 5426 3016 5467">
    <p class='ocr_par' dir='ltr' id='par_1_146' title="bbox 2574 5426 3016 5467">
     <span class='ocr_line' id='line_1_155' title="bbox 2574 5426 3016 5467; baseline -0.009 0"><span class='ocrx_word' id='word_1_1132' title='bbox 2574 5430 2636 5467; x_wconf 71' lang='lat' dir='ltr'><strong>EX</strong></span> <span class='ocrx_word' id='word_1_1133' title='bbox 2671 5427 2867 5466; x_wconf 66' lang='lat' dir='ltr'><strong><em>PSALIO</em></strong></span> <span class='ocrx_word' id='word_1_1134' title='bbox 2891 5426 3016 5465; x_wconf 71' lang='lat' dir='ltr'><strong>CXL.</strong></span> 
     </span>
    </p>
   </div>
   <div class='ocr_carea' id='block_1_147' title="bbox 2031 5480 3573 5558">
    <p class='ocr_par' dir='ltr' id='par_1_147' title="bbox 2031 5480 3573 5558">
     <span class='ocr_line' id='line_1_156' title="bbox 2031 5480 3573 5558; baseline -0.003 -19"><span class='ocrx_word' id='word_1_1135' title='bbox 2031 5487 2063 5558; x_wconf 81' lang='lat'><strong><em>9</em></strong></span> <span class='ocrx_word' id='word_1_1136' title='bbox 2088 5525 2100 5539; x_wconf 93' lang='lat'><strong><em>.</em></strong></span> <span class='ocrx_word' id='word_1_1137' title='bbox 2131 5487 2182 5539; x_wconf 78' lang='grc'><strong>5.</strong></span> <span class='ocrx_word' id='word_1_1138' title='bbox 2213 5496 2258 5538; x_wconf 89' lang='lat' dir='ltr'><strong><em>et</em></strong></span> <span class='ocrx_word' id='word_1_1139' title='bbox 2283 5487 2460 5558; x_wconf 84' lang='lat' dir='ltr'><strong><em>ostium</em></strong></span> <span class='ocrx_word' id='word_1_1140' title='bbox 2488 5483 2866 5558; x_wconf 77' lang='lat' dir='ltr'><strong><em>circumstantia:</em></strong></span> <span class='ocrx_word' id='word_1_1141' title='bbox 2902 5480 3048 5535; x_wconf 84' lang='lat' dir='ltr'><strong><em>labiis</em></strong></span> <span class='ocrx_word' id='word_1_1142' title='bbox 3075 5480 3214 5535; x_wconf 81' lang='lat' dir='ltr'><strong><em>meis.</em></strong></span> <span class='ocrx_word' id='word_1_1143' title='bbox 3241 5480 3305 5534; x_wconf 83' lang='lat' dir='ltr'><strong><em>A.</em></strong></span> <span class='ocrx_word' id='word_1_1144' title='bbox 3326 5486 3573 5535; x_wconf 75' lang='lat' dir='ltr'><strong><em>clostrum</em></strong></span> 
     </span>
    </p>
   </div>
   <div class='ocr_carea' id='block_1_148' title="bbox 2086 5551 2905 5609">
    <p class='ocr_par' dir='ltr' id='par_1_148' title="bbox 2086 5551 2905 5609">
     <span class='ocr_line' id='line_1_157' title="bbox 2086 5551 2905 5609; baseline -0.006 0"><span class='ocrx_word' id='word_1_1145' title='bbox 2086 5558 2396 5609; x_wconf 79' lang='lat' dir='ltr'><strong><em>continentia:</em></strong></span> <span class='ocrx_word' id='word_1_1146' title='bbox 2418 5556 2600 5607; x_wconf 88' lang='lat' dir='ltr'><strong><em>circum</em></strong></span> <span class='ocrx_word' id='word_1_1147' title='bbox 2630 5551 2760 5604; x_wconf 86' lang='lat' dir='ltr'><strong><em>labia</em></strong></span> <span class='ocrx_word' id='word_1_1148' title='bbox 2779 5569 2905 5604; x_wconf 88' lang='lat' dir='ltr'><strong><em>mea.</em></strong></span> 
     </span>
    </p>
   </div>
   <div class='ocr_carea' id='block_1_149' title="bbox 2032 5620 3568 5695">
    <p class='ocr_par' dir='ltr' id='par_1_149' title="bbox 2032 5620 3568 5695">
     <span class='ocr_line' id='line_1_158' title="bbox 2032 5620 3568 5695; baseline -0.001 -18"><span class='ocrx_word' id='word_1_1149' title='bbox 2032 5628 2063 5695; x_wconf 89' lang='lat'><strong><em>9</em></strong></span> <span class='ocrx_word' id='word_1_1150' title='bbox 2089 5664 2102 5677; x_wconf 93' lang='lat'><strong><em>.</em></strong></span> <span class='ocrx_word' id='word_1_1151' title='bbox 2132 5628 2182 5679; x_wconf 63' lang='grc' dir='ltr'><strong><em>αὖ.</em></strong></span> <span class='ocrx_word' id='word_1_1152' title='bbox 2210 5638 2255 5680; x_wconf 88' lang='lat' dir='ltr'><strong><em>et</em></strong></span> <span class='ocrx_word' id='word_1_1153' title='bbox 2282 5643 2378 5679; x_wconf 86' lang='lat' dir='ltr'><strong><em>non</em></strong></span> <span class='ocrx_word' id='word_1_1154' title='bbox 2408 5622 2792 5676; x_wconf 85' lang='lat' dir='ltr'><strong><em>communicabo.</em></strong></span> <span class='ocrx_word' id='word_1_1155' title='bbox 2836 5626 2899 5677; x_wconf 75' lang='grc' dir='ltr'><strong>Α.</strong></span> <span class='ocrx_word' id='word_1_1156' title='bbox 2942 5622 3006 5678; x_wconf 84' lang='lat' dir='ltr'><strong><em>C.</em></strong></span> <span class='ocrx_word' id='word_1_1157' title='bbox 3039 5630 3084 5676; x_wconf 85' lang='lat' dir='ltr'><strong><em>ct</em></strong></span> <span class='ocrx_word' id='word_1_1158' title='bbox 3126 5636 3224 5675; x_wconf 90' lang='lat' dir='ltr'><strong><em>non</em></strong></span> <span class='ocrx_word' id='word_1_1159' title='bbox 3263 5620 3568 5689; x_wconf 80' lang='lat' dir='ltr'><strong><em>contbinabo,</em></strong></span> 
     </span>
    </p>
   </div>
   <div class='ocr_carea' id='block_1_150' title="bbox 2089 5695 2801 5752">
    <p class='ocr_par' dir='ltr' id='par_1_150' title="bbox 2089 5695 2801 5752">
     <span class='ocr_line' id='line_1_159' title="bbox 2089 5695 2801 5752; baseline -0.006 -2"><span class='ocrx_word' id='word_1_1160' title='bbox 2089 5695 2150 5750; x_wconf 78' lang='lat' dir='ltr'><strong><em>R.</em></strong></span> <span class='ocrx_word' id='word_1_1161' title='bbox 2181 5697 2241 5752; x_wconf 90' lang='lat' dir='ltr'><strong>II.</strong></span> <span class='ocrx_word' id='word_1_1162' title='bbox 2275 5708 2319 5749; x_wconf 80' lang='lat' dir='ltr'><strong><em>et</em></strong></span> <span class='ocrx_word' id='word_1_1163' title='bbox 2348 5712 2443 5749; x_wconf 88' lang='lat' dir='ltr'><strong><em>non</em></strong></span> <span class='ocrx_word' id='word_1_1164' title='bbox 2471 5695 2801 5748; x_wconf 81' lang='lat' dir='ltr'><strong><em>combinabor.</em></strong></span> 
     </span>
    </p>
   </div>
  </div>
