4046 6200
582 307 653 365 s9
1012 368 1017 373 ,
2000 290 2383 351 ιιιιιΕιιΑτιο.
3732 297 3803 356 σο

573 421 853 475 eniattavit.
884 421 1137 489 Quocirca
1174 433 1381 476 memor
1424 415 1742 489 infirmitatis
1789 429 1958 489 meae_,
1988 428 2136 469 mare

575 490 736 561 iusius
777 484 1119 561 quorumdam
1174 492 1490 561 psalmorum
1542 488 1784 561 fontibus
1821 484 2091 561 profusum
2117 524 2134 549 ,

572 560 745 615 divina
792 554 1503 631 'misericordia'largiente,
1560 560 1626 615 irL
1656 554 1850 631 rivulos
1910 554 2136 631 vadosas

572 631 941 699 rompcndiosa
964 631 1218 687 brevitate
1242 624 1436 686 de'duxi
1457 672 1472 694 ,
1490 624 1600 683 uno
1620 628 1803 683 codice
1824 636 1928 681 tam
1950 624 2137 699 diffusa

573 696 927 771 complectens
950 742 965 762 ,
993 717 1111 771 qua:
1136 702 1223 756 ille
1254 704 1305 756 in
1338 701 1567 771 decadas
1589 698 1890 771 quindecim
1922 696 2135 771 mirabi-

575 765 706 823 liter
719 765 1028 843 explicavit:
1044 772 1145 826 Sed
1171 814 1184 836 ,
1217 782 1275 826 ut
1298 772 1509 843 quidam
1538 765 1870 843 de'llomero
1891 767 1974 843 ai_t_
1989 806 2001 825 ,
2034 765 2139 843 tale

574 845 659 912 est
701 835 926 910 deeius
962 856 1121 896 sensu
1171 835 1365 912 aliquid
1413 841 1686 912 subripere
1711 837 1908 912 ,quale
1936 835 2141 891 llerculi

572 907 779 963 clavam
808 907 875 965 de
902 927 1060 966 manu
1091 907 1276 966 tollere
1296 912 1391 983 (a).
1422 912 1515 967 Est
1541 907 1680 966 enim
1712 909 2000 963 litterarum
2028 921 2141 960 om-

636 1037 710 1103 (α)
731 1040 1004 1102 Macrobius,
1029 1042 1113 1091 lib.
1138 1041 1411 1094 Ssaturnal.
1427 1056 1472 1094 c.
1497 1044 1546 1092 3.

2241 410 2385 466 nium
2414 408 2661 492 magister
2684 409 2923 492 egregius
2943 423 3045 492 ,Aet
3067 410 3207 492 quod
3245 412 3297 492 in
3340 415 3580 492 ubertate
3619 429 3797 469 rarum

2241 492 2319 554 est
2344 522 2359 548 ,
2390 481 2722 554 cautissimus
2750 481 3061 554 disputator.
3090 482 3324 554 l)_ecurrit
3343 487 3533 554 quippe
3558 496 3802 553 tanquam

2243 551 2357 605 fons
2384 551 2691 620 purissimus
2714 552 2852 605 nulla
2883 551 3007 606 faece
3028 551 3293 621 pollutus;
3319 551 3409 608 sed
3434 551 3483 607 in
3507 551 3804 622 integritate

2245 622 2364 675 iidei
2394 636 2734 691 perseverans
2759 662 2772 685 ,
2804 623 2977 692 nescit
2996 622 3260 692 haereticis
3286 623 3411 678 dare
3440 625 3576 678 unde
3603 640 3659 678 se
3686 639 3809 692 pos-

2242 692 2345 746 sint
2372 689 2546 760 aliqua
2568 692 2936 746 colluctatione
2955 689 3263 748 defendere.
3288 692 3454 748 Totus
3474 689 3763 749 catholicus
3790 734 3807 759 ,

2244 771 2384 815 totus
2429 761 2755 816 orthodoxus
2785 760 3050 815 invenitur
3075 804 3091 827 ,
3132 773 3186 817 et
3223 763 3275 816 in
3327 763 3559 818 Ecclesia
3604 765 3813 818 Domini

2244 833 2555 957 suavissémo
2580 831 2751 887 nitore
2774 831 3117 903 reSplendens
3136 874 3152 901 ,
3175 835 3392 904 superni
3417 835 3627 890 luminis
3651 834 3809 889 clari-

2247 912 2352 957 tate
2384 917 2439 956 ra
2479 912 2633 956 tatur.

2247 912 2352 957 tate
2384 912 2633 957 radiatur.

1918 1164 2299 1270 VERS
2319 1162 2500 1270 U'S

1011 1345 1119 1406 AD
1159 1344 1565 1407 EPITOMEN
1608 1342 2361 1407 COMMENTARIORUM
2404 1334 2826 1407 AUGUSTINI
2866 1344 2947 1406 IN
2988 1345 3366 1426 PSALMOS,

1387 1487 1799 1546 CONTENTAM
1837 1487 1903 1542 lN
1943 1486 2216 1542 VETERE
2252 1485 2494 1542 CODICE
2532 1486 2980 1555 COLBERTINO,

647 1626 743 1682 Cui
763 1627 922 1698 codici
946 1628 1253 1698 propylazum
1274 1668 1291 1693 ,
1318 1643 1528 1698 camera:
1556 1630 1718 1698 [arma
1740 1668 1755 1691 ,
1787 1625 1855 1677 ad
1882 1624 2088 1698 Davidis
2108 1625 2554 1698 complectentium
2582 1626 2850 1696 imaginem
2877 1627 3133 1698 appictunt
3178 1630 3478 1698 conspicitur
3500 1672 3513 1693 ,
3561 1642 3607 1684 et
3631 1632 3810 1685 inscri-

617 1706 719 1773 tum
750 1699 827 1751 his
851 1697 929 1773 ad_
948 1695 1184 1773 fornicem
1210 1698 1367 1773 uerbis
1395 1695 1721 1773 {Landulfu‘s
1748 1711 1913 1751 ovans
1941 1695 2079 1773 hunc
2107 1695 2340 1773 libellum
2369 1696 2483 1750 fieri
2506 1695 2700 1773 jussit,
2738 1711 2833 1767 pro
2865 1695 2969 1768 quo
3013 1696 3175 1753 funde
3215 1695 3396 1767 preces
3435 1702 3673 1756 carmina
3721 1704 3813 1773 qui

599 1770 710 1838 egis
731 1809 747 1833 ,
773 1778 868 1822 etc.
896 1766 957 1821 At
982 1783 1094 1821 vero
1114 1769 1180 1821 ad
1205 1768 1438 1838 imaginis
1469 1768 1615 1839 pedes
1637 1783 1655 1820 :
1679 1766 1839 1822 Orate
1866 1780 1961 1837 pro
1983 1767 2207 1821 Annone
2230 1806 2246 1831 ,
2275 1766 2377 1820 hoc
2401 1767 2658 1838 supplico.

634 1903 821 1962 Cantica
837 1900 1054 1951 Davidico
1070 1901 1301 1949 Christum
1324 1896 1610 1962 modulantia
1630 1898 1839 1962 plectro,

697 1961 951 2023 Explanata
972 1968 1111 2012 tenet
1125 1962 1320 2010 ﬂoridus
1336 1961 1427 2010 iste
1444 1960 1595 2023 liber;

636 2020 832 2093 Manil—na
853 2024 1106 2093 succinctis
1128 2035 1352 2093 reserans
1372 2021 1597 2093 mysteria
1619 2020 1809 2081 verbis,

698 2089 753 2132 Et
775 2085 980 2145 protllios
994 2098 1168 2133 sensus
1189 2084 1280 2133 sub
1296 2080 1533 2132 brevitate
1557 2080 1775 2145 loquens.

636 2143 1086 2217 lluitc‘Attgustinus,
1106 2153 1206 2217 toto
1230 2143 1655 2217 venerabilisnorbe
1669 2177 1685 2205 ,

697 2204 927 2268 Egregius
949 2205 1138 2267 praesul.
1166 2207 1331 2256 doctor
1353 2204 1637 2268 apostolicus

638 2271 686 2314 In
705 2265 893 2329 populis
915 2265 1049 2329 largo
1070 2268 1342 2329 ditlundens
1363 2267 1559 2329 ﬂumine
1582 2265 1785 2327 linguae,

698 2327 791 2376 "rer
811 2329 969 2389 quinis
984 2327 1177 2378 decadis
1192 2328 1375 2389 grande
1394 2327 1582 2389 peregit
1597 2339 1717 2389 opus
1732 2339 1747 2389 ξ

560 2418 565 2423 -
635 2393 752 2438 Dum
767 2386 897 2452 cupit
915 2397 967 2439 et
990 2396 1166 2452 tenues
1178 2386 1341 2438 rerum
1359 2386 1708 2452 comprendere
1729 2386 1927 2447 formas,

699 2456 752 2499 Et
773 2449 986 2498 mentem
1008 2450 1165 2513 plebis
1188 2463 1303 2499 voce
1327 2449 1524 2513 movere
1546 2449 1637 2513 pia.

635 2513 726 2560 sed
744 2512 856 2574 quia
867 2524 973 2559 rem
994 2507 1160 2574 miram
1176 2518 1323 2574 atque
1338 2512 1465 2560 omni
1486 2507 1673 2559 ratione
1688 2507 1930 2559 salubrem
1944 2543 1959 2570 ,

697 2572 795 2621 Non
817 2585 986 2621 omnes
1007 2572 1144 2633 avido
1166 2572 1320 2622 cordis
1339 2585 1503 2621 amore
1526 2578 1717 2633 petunt;

637 2637 782 2682 Immo
811 2636 957 2696 etiam
979 2632 1141 2695 plures
1161 2646 1310 2683 censu
1326 2632 1577 2696 sensuque
1600 2633 1836 2691 minores,

694 2694 1060 2758 Haudquaquam
1076 2701 1235 2745 tantas
1255 2695 1444 2758 quimus
1465 2694 1647 2743 habere
1667 2705 1836 2756 gazas:

2306 1904 2407 1947 Uno
2427 1906 2596 1964 cuneta
2612 1897 2756 1964 simul
2772 1898 2910 1949 libuit
2930 1900 3259 1964 perstringere
3280 1901 3420 1962 libro,

2367 1965 2422 2026 Et
2440 1960 2646 2026 modicas
2662 1961 2813 2026 undas
2834 1960 3028 2026 sumere
3050 1961 3112 2011 de
3136 1960 3334 2026 pelago;

2306 2022 2485 2082 saepius
2502 2028 2557 2085 ut
2573 2023 2786 2072 breviter
2811 2025 2957 2084 possit
2973 2036 3056 2085 res
3078 2022 3206 2073 tanta
3229 2022 3431 2085 r'evolvi,

2369 2088 2470 2147 Nec,
2485 2084 2630 2147 nimio
2643 2083 2832 2145 sumptu
2854 2085 2961 2133 sive
2983 2083 3146 2133 labore
3168 2093 3356 2147 gravet.

2308 2148 2441 2192 Hunc
2460 2145 2829 2209 igiturLLector,
2848 2158 2995 2194 sensu
3018 2145 3245 2206 percurre
3268 2148 3450 2209 sagaci,

2369 2210 2554 2266 Etcape
2574 2205 2818 2255 sidereum
2833 2214 2997 2256 nectar
3011 2205 3074 2255 ab
3095 2220 3182 2256 ore
3203 2205 3363 2257 sacro:

2222 2264 2227 2269 ⁷
2307 2265 2435 2323 Quod
2453 2264 2648 2331 recreat
2666 2274 2875 2331 mentes,
2899 2268 3025 2331 quod
3048 2281 3207 2317 mores
3230 2271 3396 2331 format
3418 2276 3466 2319 et
3488 2278 3660 2326 ornat;

2369 2327 2500 2376 Unde
2521 2328 2723 2393 trahunt
2737 2330 2865 2377 vires
2886 2327 3017 2391 spes,
3041 2342 3172 2393 amor
3194 2338 3337 2393 atque
3361 2329 3493 2379 fides.
3680 2385 3695 2393 -

2307 2393 2418 2436 Nam
2438 2394 2565 2453 Deus
2585 2389 2662 2453 hic
2682 2388 2900 2453 clemens
2913 2388 3205 2440 reverendae
3220 2388 3443 2452 praesidet
3463 2406 3587 2442 arcae
3606 2427 3622 2453 ,

2368 2456 2479 2507 Quae
2499 2449 2670 2513 duplici
2695 2449 2853 2501 tabula
2871 2452 2978 2512 jura
2995 2464 3200 2513 superna
3219 2449 3385 2501 tenet:

2254 2544 2265 2559 .
2310 2515 2555 2574 Austeram
2578 2512 2759 2574 virgam
2774 2524 2958 2562 manus:
2979 2512 3233 2562 dulCedine
3254 2514 3445 2573 sedans,

2370 2572 2671 2635 Pr0pitioque
2691 2586 2837 2635 super
2858 2575 3053 2623 numine
3074 2583 3241 2623 cuncta
3265 2572 3439 2635 tegens
3460 2589 3474 2626 :

2305 2632 2603 2695 Atque’duos'
2617 2634 2744 2683 inter
2753 2632 3051 2684 Cberubinos
3065 2648 3182 2684 voce
3204 2632 3451 2686 tremenda

2370 2694 2571 2755 intonat,
2596 2701 2649 2745 et
2667 2696 2816 2759 rapidi
2837 2694 3038 2767 fulguris
3054 2699 3167 2760 igne
3190 2699 3346 2746 micat.

971 2834 1670 2910 FRANCISCUS
1707 2832 2417 2924 PETBARCHA,
2460 2836 2773 2907 JOAN.
2837 2837 3414 2938 BOCCACIO,

1225 2989 1314 3045 DE
1354 2988 1716 3045 AUGUSTlNl
1755 2988 1822 3044 lN
1858 2986 2163 3044 PSALMOS
2198 2986 2426 3047 OPERE
2464 2992 2590 3049 SIBI
2629 2992 3048 3050 TRANSMISSO
3088 2997 3180 3060 (a).

648 3124 820 3180 Beasti
847 3140 934 3179 me
962 3139 1181 3179 munere
1208 3123 1483 3193 magnifico
1509 3131 1558 3178 et
1588 3121 1802 3193 insigni.
1838 3119 1952 3175 Jam
1986 3120 2143 3193 Davi-

577 3195 753 3250 dicunt
784 3196 997 3264 pelagus
1023 3195 1258 3249 securior
1285 3190 1539 3262 navigabo
1581 3209 1593 3245 :
1626 3191 1817 3264 Avitabo
1860 3190 2138 3259 scopulos;

580 3282 751 3333 neque
777 3261 1055 3319 verborum
1100 3264 1364 3325 (luctibus.
1405 3278 1575 3332 neque
1618 3261 1901 3333 fractarum
1930 3269 2145 3333 senten-

570 3330 774 3388 tiarum
798 3335 1070 3389 collisione
1096 3334 1352 3388 terrebor.
1375 3330 1616 3389 Solebam
1640 3331 1768 3402 ipsis
1792 3331 1927 3385 meis
1944 3330 2146 3387 viribus

583 3407 633 3459 in
663 3405 827 3459 altum
856 3406 969 3469 niti,
1002 3412 1055 3459 et
1088 3420 1227 3459 nunc
1265 3404 1418 3458 altius
1448 3401 1675 3456 bracltia’
1694 3401 1962 3472 jactando,
2007 3416 2147 3472 nunc

580 3491 758 3529 assere
802 3476 1013 3529 fortuito
1038 3476 1291 3530 subnixus
1312 3515 1326 3538 ,
1360 3489 1452 3542 per
1476 3470 1744 3527 obstantes
1784 3472 1972 3527 ﬂuctus
2002 3470 2145 3528 fesso

587 3546 798 3614 ingenio
842 3546 1127 3600 laborare:
1174 3546 1243 3597 ita
1291 3541 1499 3614 quidem
1540 3553 1597 3598 ut
1642 3557 1942 3614 saepeicum
1987 3541 2145 3597 Petro

589 3613 751 3686 mergi
784 3616 1036 3684 incipiens
1062 3615 1429 3673 exclatnarem.
1464 3613 1696 3686 flamine,
1734 3613 1930 3667 salvum
1962 3628 2041 3666 me
2064 3616 2147 3686 {ac

581 3687 662 3753 (Μ
668 3682 792 3739 ait/1.
817 3682 924 3749 xui,
949 3686 1038 3755 '50)
1062 3704 1073 3739 :
1097 3693 1150 3738 et
1173 3701 1312 3753 saepe
1334 3700 1452 3738 cum
1475 3683 1687 3755 Christo
1712 3698 1926 3737 manum
1947 3682 2146 3752 suppli-

582 3757 731 3812 cibus
756 3753 1057 3828 porrigente
1081 3770 1472 3828 consurgerem.
1504 3753 1780 3828 llos_inter
1804 3762 1983 3828 testes,
2013 3768 2146 3828 pup-

588 3830 691 3896 pim
736 3822 788 3881 ιῐι
837 3822 964 3881 mihi
1011 3822 1345 3896 praevalidam
1386 3834 1440 3880 et
1479 3824 1794 3896 uauclerum
1831 3822 2145 3896 industrium

587 3893 882 3963 destinasti,
906 3893 1067 3951 divini
1092 3896 1281 3965 ingenii
1308 3896 1653 3965 Augustinum
1678 3912 1691 3948 :
1714 3893 1864 3965 cujus
1883 3908 2016 3963 opus
2042 3894 2146 3965 im-

586 3982 823 4037 titettsttin
849 4008 864 4031 ,
909 3967 1049 4037 quod
1078 3963 1231 4035 vulgo
1262 3975 1368 4037 tres
1395 3963 1445 4021 in
1477 3974 1650 4036 partes
1670 4005 1686 4031 ,
1714 3963 1867 4037 apud
1887 3963 2144 4037 quosdam

584 4034 1195 4105 plurifariam'divisum,
1234 4036 1412 4090 multis
1457 4034 1511 4091 et
1552 4034 1763 4105 magnis
1792 4034 2147 4105 voluminibus

583 4103 903 4175 continetur,
934 4116 1101 4159 totum
1149 4121 1254 4160 uno
1296 4106 1560 4160 volumine
1580 4103 2023 4175 comprehensum
2046 4103 2147 4175 (ὁ),

586 4186 641 4230 et
672 4191 700 4228 a
730 4185 779 4229 te
820 4174 946 4230 mibi
980 4178 1340 4229 transmissum
1371 4176 1522 4229 huius
1561 4174 1883 4244 stupe'nsque
1912 4174 2142 4242 suscepi.

588 4246 656 4301 Et
682 4246 788 4300 dixi
835 4260 1062 4307 mecum,
1092 4244 1203 4299 Non
1247 4254 1330 4299 est
1359 4247 1559 4300 inertia:
1602 4247 1748 4300 locus
1779 4262 1793 4299 :
1822 4244 1865 4298 si
1893 4244 2017 4313 quid
2048 4245 2143 4299 otii

585 4314 867 4386 supererit,
884 4315 983 4369 iste
999 4315 1261 4386 discntiet.
1284 4315 1495 4386 Magnus
1511 4316 1658 4370 adest
1678 4314 1867 4386 hospes
1884 4324 1937 4369 et
1953 4328 2143 4383 magno

587 4384 851 4442 curandus
879 4386 1127 4455 impedio.
1176 4384 1412 4455 Dormire
1441 4389 1559 4439 totis
1587 4385 1829 4441 noctibus
1852 4400 1958 4439 non
1985 4385 2143 4439 sinet.

590 4458 804 4513 Frustra
828 4453 1015 4526 jacetis
1043 4455 1214 4508 adhuc
1243 4453 1537 4526 conjunctis
1561 4456 1734 4512 oculis
1767 4474 1780 4512 :
1825 4454 2148 4526 vigilandum

588 4538 693 4596 cst,
724 4524 1100 4584 lucubrandum
1132 4536 1233 4596 est.
1284 4524 1495 4596 Ft'ttstrzt
1522 4526 1747 4594 quietem
1776 4524 2102 4585 meditamini
2134 4544 2147 4580 :

590 4594 933 4654 laberandum
981 4605 1081 4652 est.
1130 4595 1324 4649 Verum
1372 4594 1541 4649 dicam
1590 4612 1605 4649 :
1651 4596 1817 4650 Nemo
1859 4612 1923 4650 ex
1969 4596 2153 4651 amicis

584 4669 734 4724 illum
763 4667 1253 4739 sineadmiratinne
1279 4666 1530 4739 respexit,
1553 4666 1754 4739 cunctis
1775 4682 1875 4721 una
1896 4680 2035 4739 voce
2076 4676 2155 4722 te-

591 4739 869 4806 stantibus,
903 4753 1167 4807 nunquam
1197 4752 1255 4791 sc
1297 4737 1481 4790 librum
1500 4737 1626 4790 tanti
1665 4738 1902 4804 corporis
1937 4737 2150 4793 vidisse.

588 4809 737 4877 Quod
775 4809 840 4863 de
870 4824 953 4862 me
984 4810 1095 4879 ipse
1125 4807 1404 4879 profiteor,
1423 4822 1599 4861 rerum
1643 4808 1822 4860 talium
1857 4807 1992 4863 haud
2025 4808 2152 4862 ulti-

591 4894 708 4933 mus
736 4877 1018 4949 inquisitor
1041 4895 1053 4931 :
1086 4894 1182 4933 nec
1209 4879 1347 4949 mole
1376 4877 1687 4936 litterarum.
1719 4892 1873 4947 quam
1899 4893 2155 4934 sensuum

591 4947 848 5014 ubertate,
885 4949 1051 5017 majus
1079 4965 1231 5018 opus.
1263 4947 1551 5003 Monstrum
1584 4957 1665 5003 est
1688 4949 1940 5015 cogitare,
1980 4964 2152 5017 qUan-

593 5028 677 5073 tus
720 5020 805 5073 ille
843 5018 933 5073 Vir
976 5020 1202 5088 ingenio,
1247 5030 1471 5088 quantus
1506 5020 1678 5073 studio
1710 5018 1835 5082 fuit;
1881 5018 2021 5074 unde
2067 5019 2154 5073 ille

591 5089 766 5170 fervor
793 5090 1124 5170 impetusque
1150 5090 1419 5170 scribendi
1461 5098 1643 5170 sancto
1681 5088 1828 5170 Yiro,
1860 5089 1947 5170 illa
1974 5104 2153 5170 rerum

589 5158 884 5214 divinarum
920 5158 1148 5230 notitia
1184 5160 1410 5230 terrenis
1458 5161 1548 5214 diu
1617 5160 1839 5230 primmn
1892 5159 2153 5215 illecebris

590 5240 763 5300 capto,
790 5231 874 5284 illa
901 5229 1109 5300 demum
1137 5229 1376 5300 laborum
1405 5229 1650 5295 patientia
1679 5231 1812 5295 seni,
1838 5230 1961 5283 illud
1987 5231 2151 5284 otium

594 5298 869 5371 episcopo,
896 5299 981 5353 illa
1022 5298 1243 5371 Romani
1287 5299 1479 5368 eloquii
1511 5300 2149 5371 facultasMrohomini;

539 5418 554 5434 .
595 5367 662 5441 de
704 5367 808 5440 quo
849 5371 1060 5441 proprie
1081 5367 1296 5441 _dictum
1340 5379 1507 5436 putes,
1549 5370 1687 5437 quod
1731 5370 1843 5441 ipse
1881 5370 1948 5424 de
1978 5372 2150 5425 Marco

598 5436 1047 5510 Varrone'disit,
1080 5436 1455 5510 Terentianum
1497 5436 1708 5494 secutus
1742 5436 1768 5493 τ’
1796 5438 1917 5503 γέν,
1968 5441 2147 5510 inquit,

591 5513 909 5568 doctissimus
935 5509 1277 5579 undecunque
1312 5506 1499 5573 Varro,
1542 5511 1627 5579 qui
1662 5520 1763 5562 tam
1801 5510 1959 5562 multa
1999 5506 2115 5582 legit
2136 5552 2151 5576 ,

655 5673 728 5792 {3;
749 5668 890 5782 r‘pist.
914 5670 1090 5744 yariar.
1112 5666 1175 5717 22
1189 5664 1270 5717 vel
1283 5665 1361 5715 24.

766 5733 874 5785 stud
912 5745 1065 5792 Ipsum
1103 5742 1227 5779 nunc
1264 5742 1312 5781 ιιι
1348 5742 1361 5775 (

677 5725 726 5795 ιή
749 5725 874 5785 ls'tud
912 5734 1065 5795 ipsum
1103 5742 1227 5795 nunc
1264 5742 1312 5781 ιιι
1348 5726 1452 5795 du<_)_
1484 5725 1691 5795 divisum
1722 5732 1995 5795 asservatttr
2010 5726 2179 5795 in_bi-,

556 5784 831 5850 'bliotlteca
854 5784 1009 5860 Regia.
1034 5793 1214 5857 Inspice
1235 5796 1341 5841 Mss.
1365 5786 1600 5851 Syllanam
1619 5786 1769 5848 infra,
1809 5784 2088 5838 col.
2166 5794 2175 5802 '

2252 3131 2309 3177 ut
2334 3123 2527 3192 aliquid
2563 3128 2611 3181 ei
2638 3126 2850 3181 scribere
2889 3128 3135 3181 vacavisse
3161 3128 3425 3190 miremur;
3454 3141 3500 3184 ei
3529 3141 3631 3182 tum
3660 3132 3816 3185 multa

2254 3196 2473 3268 scripsit,
2499 3213 2651 3268 quam
2673 3198 2831 3251 multa
2855 3199 2940 3252 vix
2962 3215 3253 3268 quamquam
3283 3203 3440 3268 Ingere
3468 3219 3607 3268 possit
3631 3203 3815 3253 crvde—

2250 3279 2361 3319 mus
2391 3265 2485 3336 (a).
2517 3266 2624 3323 Sed
2648 3336 2653 3340 ⁸
2673 3276 2732 3322 ιιι
2765 3268 2868 3322 alia
2921 3265 3156 3340 omittam
3188 3265 3422 3336 ejttstlettt
3468 3265 3665 3338 ingenii
3699 3290 3815 3324 tnti-

2251 3344 2498 3417 pumenta
2517 3379 2530 3401 ,
2562 3353 2655 3393 seu
2685 3354 2801 3409 quas
2840 3339 3005 3417 multa
3041 3348 3163 3392 sunt
3192 3340 3315 3393 mihi
3339 3355 3477 3417 ,‘seu
3504 3342 3694 3417 quilms
3719 3343 3815 3393 εισι-

2250 3404 2355 3460 buc
2395 3423 2590 3479 careo;
2643 3404 2990 3479 et'rursitm,
3045 3425 3136 3464 seu
3191 3426 3309 3479 quae
3356 3404 3809 3465 Retractatinnuui

2249 3490 2460 3549 suarum
2494 3477 2639 3533 libris
2668 3478 2780 3548 ipse
2805 3479 2941 3534 idem
2968 3477 3345 3534 commemorat
3368 3496 3459 3535 seu
3487 3497 3604 3549 qua:
3632 3482 3699 3535 ibi
3730 3483 3813 3535 vel

2248 3545 2411 3619 oblita
2431 3546 2586 3615 forte,
2604 3545 2966 3619 vel'neglecta,
2994 3549 3075 3604 vel
3092 3549 3320 3604 nondum
3357 3545 3547 3617 scripta
3586 3562 3808 3619 pra-ter-

2250 3615 2343 3699 iit,
2384 3626 2541 3699 atque
2589 3615 3132 3699 omnia'relegetnlnm
3165 3621 3267 3699 vita
3300 3615 3523 3674 humana
3546 3615 3630 3699 yix
3660 3622 3815 3699 suffi-

2248 3687 2322 3758 cit
2349 3706 2362 3742 :
2391 3687 2509 3757 quis
2536 3703 2680 3755 eum,
2710 3689 2755 3742 si
2784 3687 3079 3743 nihilaliud
3106 3691 3319 3758 egisset,
3353 3707 3512 3745 unum
3545 3691 3645 3745 hoc
3671 3694 3813 3745 scri-

2249 3756 2375 3812 bere
2412 3756 2645 3827 potuisse
2684 3773 2787 3813 non
2830 3760 3073 3828 stupent?
3116 3756 3328 3815 Nullum
3374 3776 3533 3816 unum
3563 3770 3616 3815 ct
3656 3767 3817 3815 unius

2248 3840 2382 3901 opus
2411 3829 2635 3901 hominis
2656 3828 2832 3901 latinis
2856 3829 3053 3901 editum
3080 3829 3290 3896 litteris,
3315 3832 3435 3885 huic
3452 3834 3813 3901 magnitudini

2248 3897 2625 3953 conferendum
2647 3899 2779 3965 scio,
2807 3900 2905 3954 nisi
2930 3900 3068 3954 forte
3094 3901 3163 3954 sit
3188 3902 3321 3956 alter
3338 3897 3575 3968 ejusdem
3603 3902 3735 3955 liber
3761 3905 3812 3956 in

2250 3968 2512 4036 Epistolas
2542 3969 2707 4041 Pauli,
2730 3970 2892 4041 quod,
2917 3970 3019 4025 nisi
3048 3970 3180 4025 fallit
3206 3973 3546 4035 existimatio,
3585 3972 3813 4025 frustra-

2251 4046 2437 4109 turque
2470 4040 2727 4111 memoria
2756 4040 2771 4104 ς
2798 4056 2960 4111 prepe
2987 4041 3051 4096 ad
3089 4043 3327 4096 eamdem
3357 4043 3646 4096 litterarum
3676 4060 3810 4095 cnn-

2248 4110 2446 4178 geriem
2472 4109 2677 4165 videtur
2703 4109 2996 4167 accedere:
3037 4113 3118 4165 vel
3154 4113 3257 4167 Titi
3285 4112 3412 4166 Livii
3448 4114 3800 4165 liutllannt‘ttln

2252 4195 2427 4234 rerum
2460 4180 2594 4235 liber
2621 4181 2840 4252 ingens,
2882 4197 3036 4252 quem
3077 4183 3128 4235 in
3160 4194 3375 4252 partes,
3402 4198 3530 4249 quas
3579 4183 3815 4237 “cattle-3

2250 4259 2458 4323 vocant,
2487 4267 2602 4323 non,
2622 4251 2741 4323 ipse
2762 4253 2848 4320 qui
2874 4250 3099 4323 scripsit,
3117 4251 3211 4323 sed
3228 4250 3494 4323 fastidiosa
3524 4252 3812 4319 legentium

2252 4320 2406 4376 scidit
2433 4321 2659 4390 ignavia.
2700 4320 2833 4376 Huic
2871 4320 3244 4375 tali’amicitize
3291 4331 3390 4375 tua:
3419 4322 3589 4382 tlouo,
3624 4334 3816 4390 ιιιῚι-ιυι·

2210 4420 2213 4425 -
2252 4405 2371 4444 eam
2411 4406 2565 4460 quam
2596 4391 2785 4462 loquor
2823 4391 3265 4460 magnitudinem,
3297 4403 3350 4446 et
3391 4392 3506 4445 libri
3538 4393 3716 4453 ιΙι·οοι·.
3761 4406 3819 4445 et

2252 4462 2554 4516 vetustioris
2582 4462 2770 4517 litterae
2799 4463 3066 4528 majestas.
3095 4471 3149 4515 et
3177 4463 3351 4517 omnis
3375 4463 3584 4516 sobrius
3607 4464 3816 4517 acet-(lit

2253 4541 2504 4602 ornatus;
2532 4542 2590 4586 ut
2610 4548 2733 4587 cum
2753 4534 2933 4587 oculos
2959 4533 3030 4586 ibi
3051 4532 3209 4602 ﬁgere
3232 4533 3505 4600 cmperim,
3530 4533 3818 4587 siticulosm

2255 4600 2511 4673 hirudinis
2545 4604 2597 4657 in
2620 4617 2823 4657 morem
2850 4600 3111 4673 nequeant
3129 4603 3225 4656 nisi
3248 4603 3433 4672 plenos
3458 4604 3705 4657 avellere.
3741 4605 3815 4659 Ita

2256 4671 2383 4744 mihi
2416 4688 2557 4743 smpe
2578 4673 2692 4729 dies
2721 4671 3021 4743 impransus
3046 4671 3448 4744 prtt-terlabitur,
3476 4690 3579 4727 nux
3608 4675 3809 4744 insom-

2256 4743 2338 4815 nis
2367 4761 2380 4796 :
2408 4744 2461 4797 in
2488 4741 2592 4813 quo
2611 4741 2822 4815 quidem
2849 4741 3182 4799 delectationi
3209 4760 3360 4808 mete,
3386 4759 3539 4814 quam
3564 4744 3673 4810 jam
3702 4741 3818 4815 fere

2256 4814 2486 4879 unicam,
2533 4813 2641 4870 nec
2677 4813 2777 4870 nisi
2821 4828 2886 4868 ex
2936 4816 3223 4869 litterarum
3272 4813 3494 4869 lectiune
3536 4814 3818 4883 percipio,

2256 4893 2506 4949 quantum
2535 4884 2635 4940 hac
2675 4895 2764 4938 tua
2803 4885 3113 4939 liberalitate
3140 4886 3208 4938 sit
3235 4886 3492 4950 additum,
3523 4882 3627 4937 n0n
3659 4882 3819 4938 facile

2255 4955 2440 5024 vulgus
2465 4956 2749 5020 existimet,
2771 4955 2853 5009 cui
2874 4966 3020 5008 extra
3044 4970 3326 5023 corporeos
3346 4968 3535 5024 sensus
3551 4954 3692 5006 nulla
3719 4969 3820 5004 vn-

2256 5023 2429 5093 luptas
2453 5034 2534 5080 est
2575 5043 2589 5079 :
2628 5034 2690 5080 tu
2714 5040 2841 5079 vero
2878 5024 3167 5095 perfacile;
3195 5039 3365 5095 neque
3394 5023 3655 5079 mirabere
3693 5024 3819 5079 libri

2260 5096 2412 5162 hujus
2430 5095 2715 5151 adventum
2740 5109 2824 5149 me
2845 5094 3083 5148 sitienter
3105 5105 3262 5163 atque
3282 5094 3434 5149 anxie
3454 5103 3815 5164 exspectasse.

2258 5165 2372 5220 Scis
2403 5176 2457 5219 ut
2482 5165 2757 5234 cupiditati
2784 5165 2935 5234 longa
2962 5164 3210 5231 brevitas,
3238 5164 3503 5220 festinatio
3533 5164 3681 5219 tarda
3711 5173 3819 5218 est.

2258 5235 2405 5303 Quod
2433 5236 2476 5290 si
2501 5236 2639 5305 apud
2667 5234 2927 5289 Nasonem
2954 5237 3179 5288 amantis
3206 5236 3372 5290 insani
3398 5235 3614 5290 verbum
3641 5246 3743 5302 est,

2356 5306 2605 5370 «septima
2625 5319 2721 5370 nox
2737 5305 2912 5367 agitur,
2934 5306 3139 5370 spatium
3160 5305 3274 5355 mihi
3292 5305 3483 5370 longius
3502 5317 3645 5370 anno.
3665 5320 3690 5349 ι

2256 5368 2396 5437 quod
2427 5368 2554 5421 mihi
2598 5368 2766 5438 visum
2800 5377 2950 5438 putas
2970 5407 2984 5430 ,
3016 5368 3100 5422 cui
3127 5369 3263 5422 inter
3287 5367 3700 5438 exspectandum
3720 5409 3735 5435 ,
3764 5376 3825 5424 ut

2257 5436 2320 5492 ex
2348 5453 2570 5507 persona
2595 5436 2812 5491 alterius
2839 5437 2912 5491 ait
2938 5438 3097 5503 idem,

2354 5547 2379 5576 ι
2397 5536 2521 5578 Luna
2542 5534 2713 5592 quater
2736 5527 2890 5590 latuit,
2906 5535 3009 5592 toto
3025 5537 3201 5592 quater
3222 5528 3341 5592 orbe
3364 5528 3578 5592 recrevit
3595 5527 3620 5579 τ
3637 5543 3663 5573 ι

2928 5589 3085 5652 (avid.
3109 5590 3321 5649 Heroid.,
3345 5589 3481 5652 epist.
3507 5589 3579 5652 2.)

2255 5673 2398 5730 Solet
2427 5672 2645 5728 honesta
2674 5674 2996 5743 cupientium
3029 5672 3236 5728 flamma
3268 5673 3503 5728 serenior
3533 5686 3675 5743 esse,
3708 5688 3814 5731 non

2316 5785 2389 5849 (α)
2414 5784 2510 5836 ιιι).
2533 5798 2580 5836 v1
2592 5783 2657 5836 de
2679 5786 2814 5838 civit.
2836 5786 2938 5850 Dei,
2956 5798 3063 5848 mp.
3082 5782 3130 5834 2.
