4046 6200
263 326 333 384 οι
1162 359 1164 367 ,
1718 309 2080 369 ΡΒᾸΕΡΑΤΙΟ
3431 317 3499 371 62

265 423 807 504 segniorCConsulto
855 442 1030 488 tamen
1075 437 1246 504 actum
1295 444 1436 504 rear,
1467 443 1594 504 _uor_i_
1629 426 1842 504 quidem

267 497 366 564 abs
410 517 499 572 te,
547 507 636 576 qui
682 507 734 576 in
775 504 1029 576 mittendo
1065 503 1282 576 multam
1314 497 1846 576 sollieitudiuéin_ha-

269 580 428 636 [misti
447 595 463 645 ;
485 567 587 633 sed
612 576 678 630 ad
706 575 926 629 formam
951 573 1023 646 (a)
1049 575 1239 642 potius,
1273 582 1329 625 ut
1358 571 1468 639 ipsa
1498 570 1678 624 dilatio
1705 567 1847 622 desi—

333 737 404 799 (α)
430 742 586 793 Forte,
611 731 670 782 ab
694 729 804 790 alio,
830 729 906 778 vel
929 727 1040 791 quid
1063 726 1237 775 simile.

1953 427 2101 479 derio
2128 439 2248 479 meo
2277 423 2466 490 calcar,
2490 427 2796 496 mouerique
2826 435 2915 481 tuo
2943 430 3159 496 gratiam
3189 430 3502 484 cumularet.

1953 497 2203 568 Proque
2251 496 2338 548 Iihi
2381 507 2556 562 grates
2598 501 2810 550 meritas
2849 500 3034 567 agendi
3080 518 3142 555 ne
3184 504 3314 554 forte
3357 512 3505 568 putes

1952 567 2088 628 quod
2122 566 2271 635 hujus
2297 569 2528 634 epistolte
2560 579 2852 629 cernulus,
2885 566 2974 622 aut
2999 572 3110 623 dies
3139 588 3267 622 uitus
3296 566 3504 624 liuidum

1955 647 2179 699 smtuat;
2224 653 2324 710 non
2347 639 2511 710 alium
2555 639 2662 710 scio
2689 654 2843 705 quam
2877 641 3076 708 legendi
3104 641 3414 710 vivendique
3444 643 3502 691 li-

1957 723 2076 761 nem
2105 710 2231 759 fore.
2267 707 2390 761 Vale
2421 709 2584 761 nostri
2612 724 2830 761 memor.

881 848 1467 920 PRAZFATIO
1523 839 2089 912 CUJUSDAM
2152 840 2228 908 R
2249 839 2371 906 EC
2389 839 2852 908 ENTIORI
2873 842 2922 910 S

869 981 932 1034 IN
969 974 1498 1033 COMMENTARIUS
1537 969 1915 1034 AUGUSTINI,
1956 966 2131 1034 QUOS
2169 965 2472 1020 SCRIPSIT
2517 966 2581 1020 IN
2623 965 2942 1024 PSALMUS.

338 1099 472 1154 Cum
502 1113 606 1151 non
628 1097 796 1150 solum
824 1095 1032 1158 divinae,
1064 1109 1244 1146 verum
1271 1093 1426 1145 etiam
1455 1092 1694 1143 humana:
1724 1087 1836 1155 phi-

274 1170 528 1238 losoiihize
559 1170 750 1221 veritas
776 1168 979 1229 doceat,
1013 1166 1138 1218 nihil
1174 1165 1384 1238 frustra,
1430 1172 1482 1214 et
1513 1162 1627 1238 sine
1656 1173 1834 1224 causa,

271 1231 473 1295 sive'in
506 1239 620 1302 Dei,
662 1239 772 1291 sive
817 1239 868 1290 in
913 1246 1115 1289 natura:
1157 1234 1402 1303 operibus
1446 1246 1565 1285 esse
1605 1231 1834 1303 factum;

273 1326 380 1365 non
411 1325 591 1376 parum
623 1323 804 1361 cormn
836 1311 1068 1369 animos,
1099 1301 1207 1374 qui
1228 1304 1550 1376 singulorum
1579 1301 1836 1376 rationem

273 1369 532 1435 factorum
557 1379 730 1432 conati
755 1387 875 1431 sunt
898 1369 1138 1434 reddere,
1163 1369 1384 1441 quaestio
1416 1372 1660 1441 pulsavit,
1688 1369 1837 1441 cujus

275 1392 532 1435 factorum
557 1392 730 1432 conati
755 1392 875 1431 sunt
898 1392 1138 1434 rcuucre.
1203 1392 1384 1428 umsuo
1416 1392 1660 1441 pursavrt,
1688 1392 1837 1437 multa

275 1453 350 1504 rei
373 1465 528 1505 causa
553 1458 605 1502 et
627 1449 692 1502 ad
721 1448 843 1518 quid
874 1447 1034 1501 homo
1063 1392 1305 1500 congitus
1334 1445 1419 1497 sit.
1444 1443 1522 1518 Ad
1545 1457 1704 1518 quam
1730 1440 1839 1518 dis-

274 1521 583 1575 solvendam
611 1521 707 1572 etsi
736 1509 1016 1571 multorum
1048 1517 1476 1585 philosophorum
1507 1511 1710 1580 ingenia
1734 1509 1840 1579 sol-

273 1591 418 1646 iicitc
446 1606 507 1645 ac
544 1591 822 1659 plurimum
854 1587 1223 1651 laboraverint,
1257 1585 1428 1659 npllus
1449 1599 1635 1659 eorum
1664 1591 1835 1659 tamen

278 1670 455 1715 veram
505 1650 869 1729 ititegramque
914 1659 1172 1729 rationem
1211 1650 1441 1729 reddere
1480 1653 1672 1729 potuit.
1723 1650 1838 1729 Quo

278 1731 469 1786 factum
501 1721 702 1794 est,'ut
731 1745 759 1782 a
784 1721 936 1782 recto
964 1728 1200 1782 veritatis
1232 1726 1438 1778 tramite
1462 1721 1751 1794 d’eviantes,
1785 1721 1836 1794 in

277 1803 452 1856 varios
480 1791 966 1866 inex—cusabilesque
996 1813 1205 1853 errores
1244 1795 1540 1866 inciderint.
1584 1792 1692 1845 Nec
1735 1791 1838 1843 mi-

277 1888 393 1927 rum
441 1889 456 1925 :
495 1874 585 1941 qui
620 1871 760 1941 enim
787 1871 1041 1922 rationem
1071 1869 1148 1941 sui
1190 1865 1659 1941 ignorabarit,‘qtto
1687 1871 1840 1930 pacto

279 1933 754 2010 cujusvis-alterius
783 1941 1036 2010 rationem
1065 1939 1199 2010 scire
1212 1933 1506 2010 poterant?
1535 1933 1721 2010 Divina
1747 1947 1841 2010 au-

283 2003 383 2066 tem
413 2013 682 2080 Scriptura
723 2012 790 2063 ab
830 2009 1058 2064 hominis
1094 2006 1376 2080 Conditore
1415 2005 1696 2080 inSpirata,_
1727 2003 1837 2080 sola

281 2072 548 2137 summaui
570 2080 960 2150 perfectamque
990 2078 1229 2132 factionis
1259 2077 1421 2150 ipsius
1447 2089 1653 2150 causam
1684 2073 1734 2150 in
1762 2072 1840 2124 lu-

283 2169 394 2208 cem
424 2143 704 2222 produxit;
746 2167 848 2204 non
876 2143 1046 2203 'modo
1085 2148 1405 2218 generalem,
1447 2143 1839 2222 quahDon‘iinus

282 2213 518 2278 omnium
549 2223 786 2274 universa
821 2231 1031 2288 promer
1056 2213 1113 2272 se
1136 2227 1383 2288 Operam;
1408 2226 1487 2288 est
1517 2213 1692 2288 (l’rov.
1723 2213 1836 2288 xvi,

283 2295 361 2350 Δ).
384 2293 476 2347 scd
499 2303 552 2347 et
581 2293 632 2344 in
656 2283 832 2359 specie
849 2283 1006 2343 ol‘licii
1027 2289 1106 2343 sui
1131 2283 1408 2359 rationem,
1437 2285 1742 2359 dignitatem
1775 2283 1838 2334 li-

286 2380 507 2432 nemque
537 2352 927 2416 demonstrans.
969 2360 1038 2414 lla
1081 2359 1220 2412 enim
1261 2352 1511 2432 scripturn
1542 2365 1662 2432 est:
1704 2352 1840 2407 Deus

285 2436 347 2487 de
369 2426 499 2486 terra
522 2433 702 2486 creavit
729 2432 997 2497 hominem,
1026 2440 1069 2483 et
1094 2430 1365 2482 secundum
1405 2426 1670 2495 imaginem
1697 2440 1840 2476 suam

287 2507 395 2573 fecit
420 2505 583 2558 illum.
617 2505 678 2557 Et
707 2503 862 2571 paulo
892 2511 1063 2573 post“;
1091 2499 1263 2551 Posuit
1293 2497 1492 2573 oculum
1521 2511 1666 2549 suum
1691 2511 1842 2563 super

287 2567 436 2627 corda
461 2575 687 2639 illorum,
707 2567 965 2626 ostendere
988 2570 1090 2624 illis
1113 2567 1365 2638 magnalia
1389 2582 1593 2639 operum
1614 2581 1836 2639 suorum,

286 2655 339 2697 ut
365 2661 542 2696 nomen
567 2635 975 2712 sanctiﬁcationis
1001 2635 1286 2693 collaudem
1305 2680 1320 2702 ,
1361 2647 1406 2689 et
1433 2636 1639 2707 gloriari
1665 2636 1718 2687 in
1747 2635 1842 2712 mi-

287 2716 524 2768 rabilibus
565 2706 738 2778 illius,
788 2722 840 2765 ut
885 2711 1136 2782 magnalia
1192 2706 1446 2782 enarrent
1474 2722 1681 2782 operum
1733 2706 1842 2774 ejus

289 2787 306 2855 (
332 2787 480 2839 liccli.
511 2801 648 2850 xvu,
670 2775 733 2850 i,
754 2785 784 2837 7
814 2793 860 2855 et
893 2775 1226 2855 8).?Quorum
1245 2777 1477 2832 omnium
1495 2775 1840 2855 haccsumma

289 2845 385 2921 est,
425 2857 586 2910 Deum
623 2845 818 2909 idcirco
848 2845 1131 2914 hominem,
1162 2850 1420 2921 talemque
1448 2845 1764 2921 condidisse,
1790 2852 1844 2897 ut

290 2915 426 2980 esset
464 2927 750 2996 quiopera
792 2926 906 2992 ejus
949 2922 1296 2996 intelligeret,
1326 2915 1414 2996 qui
1457 2915 1841 2985 pravidcntiam

289 2991 594 3064 disponendi
619 2991 643 3056 ξ
680 2991 937 3048 rationem
982 2991 1238 3064 faciendi,
1295 2991 1542 3064 virtutem
1593 3000 1842 3064 consum-

291 3055 496 3132 mandi,
547 3055 829 3134 potentiam
869 3062 1249 3134 conservandi,
1294 3058 1620 3134 sapientiam_
1649 3055 1842 3134 guber-

293 3138 464 3202 nandi,
483 3127 830 3191 clementiam
864 3132 1220 3188 benefaciendi
1243 3172 1256 3194 ,
1285 3141 1339 3184 et
1361 3127 1804 3202 ’seusu‘admirari
1825 3165 1840 3187 ,

291 3221 341 3261 et
365 3197 493 3261 voce
523 3223 771 3260 enarrare
799 3215 955 3274 atque
983 3202 1282 3274 collaudare
1312 3209 1508 3274 posset,
1539 3197 1638 3250 hoc
1660 3205 1760 3274 est,
1789 3205 1845 3249 ut

295 3282 448 3331 heum
481 3278 730 3331 factorem
757 3265 972 3328 colei-ct.
999 3265 1450 3339 Quemadmodum
1481 3269 1654 3339 itaque
1680 3265 1845 3339 factus

291 3361 368 3402 est
405 3349 630 3402 mundus
672 3356 885 3415 propter
927 3337 1214 3415 hominem,
1251 3350 1308 3394 ut
1427 3337 1666 3415 serviret
1713 3353 1727 3390 :
1761 3337 1844 3415 lita

295 3420 447 3471 homo
487 3408 786 3473 factus-est
811 3425 1026 3486 propter
1068 3414 1250 3474 Deum,
1297 3419 1354 3486 ut
1392 3411 1438 3462 ei
1469 3408 1717 3486 serviret.
1759 3408 1846 3460 Sic

293 3506 412 3559 ergo
439 3489 666 3559 mundius
690 3479 884 3541 idcir'co
905 3479 1070 3559 lactus
1090 3492 1269 3559 est,_ut
1295 3482 1447 3534 licret
1469 3479 1626 3531 homo
1649 3495 1664 3532 :
1690 3479 1846 3530 homo

293 3553 413 3614 vero
439 3559 558 3612 ideo
588 3558 758 3611 factus
784 3565 882 3617 est,
917 3568 970 3607 ut
998 3555 1160 3607 Deum
1187 3553 1438 3605 factorem
1468 3565 1620 3603 suum
1682 3563 1846 3615 agno-

297 3639 500 3691 sceret;
544 3629 662 3682 ideo
701 3635 1024 3696 agnosceret,
1046 3633 1101 3676 ut
1138 3630 1338 3696 amaret
1376 3631 1428 3674 et
1469 3620 1697 3696 coleret;
1731 3619 1849 3671 ideo

293 3711 488 3753 amaret
531 3710 586 3754 et
627 3691 845 3760 coleret,
901 3705 957 3748 ιιι
1005 3698 1208 3748 beatam
1258 3691 1701 3760 immortalitatem
1757 3702 1850 3756 pro

297 3770 535 3824 mercede
563 3769 756 3823 laboris
782 3758 1032 3834 caperet;
1083 3765 1200 3834 ideo
1226 3761 1647 3834 auternwprmmio
1682 3758 1848 3834 beata:

299 3840 700 3894 immortalitatis
720 3829 1036 3899 afﬁceretur,
1066 3844 1121 3887 ut
1146 3833 1332 3887 similis
1369 3832 1587 3884 ellectus
1615 3829 1845 3896 Angelis,

297 3926 500 3964 summo
522 3920 579 3964 et
607 3908 887 3963 immortali
926 3906 1035 3960 Deo
1079 3907 1128 3957 in
1175 3911 1480 3973 perpetuum
1510 3900 1765 3961 serviret,
1797 3907 1851 3950 ct

298 3993 432 4035 esset
458 3995 680 4049 regnum
707 3989 963 4032 teter-num
995 3972 1250 4049 ipsiDeo.
1279 3972 1408 4049 Haec
1431 3981 1510 4049 est
1535 3982 1739 4049 summa
1769 3983 1853 4049 re:

300 4068 436 4113 rum,
488 4037 591 4104 hbe
635 4063 882 4102 arcanum
930 4037 1052 4109 Dei,
1099 4045 1198 4097 hoc
1233 4037 1852 4113 constitutionis_tnundi

300 4109 622 4191 mysterium,
651 4119 762 4191 lucc
791 4118 985 4191 conditi
1014 4111 1238 4191 hominis
1264 4113 1416 4191 ratio,
1456 4110 1547 4189 hic
1579 4109 1852 4186 universo-

301 4179 411 4244 ru'm
439 4179 618 4246 cardo;
652 4189 761 4243 Hoc
781 4189 866 4256 qui
897 4189 1081 4246 nescit,
1109 4187 1152 4239 si
1183 4183 1294 4252 ipse
1325 4182 1484 4235 homo
1507 4181 1574 4256 sit
1602 4179 1851 4232 uescitur.

303 4264 409 4316 lloc
429 4264 470 4314 si
497 4251 1125 4330 philosophitenuissent,
1152 4251 1300 4330 intot
1322 4263 1425 4330 tam
1450 4251 1622 4330 varios
1645 4257 1855 4330 tamque

302 4319 623 4400 perniciosos
648 4319 860 4384 errores
886 4327 1116 4400 prolapsi
1145 4340 1254 4400 non
1276 4323 1521 4400 fuissent.
1545 4320 1690 4374 Hanc
1709 4319 1856 4372 deni-

299 4392 402 4471 que
421 4402 733 4457 conditionis
755 4415 864 4453 sum
886 4392 1142 4471 rationem
1167 4405 1222 4447 ut
1243 4395 1401 4471 homo
1417 4392 1610 4471 jugiter
1631 4399 1852 4471 teneret,

302 4460 351 4527 in
380 4481 696 4541 praeceptum
718 4471 816 4524 sibi
843 4470 1009 4538 posita
1030 4477 1131 4531 est,
1157 4475 1339 4541 sancto
1361 4460 1665 4532 legislature“
1679 4460 1856 4531 Moyse

300 4535 599 4607 :ittestanté,
643 4553 695 4595 et
734 4535 1007 4597 Judaicum
1041 4538 1285 4607 pepulnm
1330 4535 1399 4586 ita
1441 4545 1854 4607 commonente;

305 4613 365 4667 Et
385 4630 537 4678 nunc,
563 4601 749 4681 inquit,
773 4610 893 4681 quid
916 4601 1157 4661 Dominus
1184 4605 1316 4658 Deus
1341 4604 1595 4681 tuuspetit
1618 4611 1736 4681 a__te,
1763 4601 1859 4681 nisi

302 4697 351 4736 ut
373 4673 546 4737 timeas
566 4673 836 4736 Dominum
859 4679 1020 4733 Deum
1045 4689 1204 4741 tuum,
1235 4687 1278 4728 et
1305 4674 1524 4726 ambules
1550 4675 1600 4725 in
1619 4673 1708 4724 viis
1729 4673 1856 4740 ejus,

302 4767 345 4808 ιι
375 4757 554 4823 diligas
572 4770 706 4816 eum,
734 4769 792 4805 ac
819 4752 1003 4804 servias
1024 4749 1239 4823 Domino
1263 4745 1366 4797 Deo
1397 4754 1482 4796 tuo
1510 4745 1569 4823 iu_
1591 4742 1862 4823 totoﬁcorde

304 4838 406 4888 tuo,
434 4811 489 4879 εί
506 4827 560 4878 in
587 4811 883 4876 tota'anima
908 4834 1011 4882 tua,
1044 4818 1392 4888 custodiasque
1418 4815 1654 4888 ntandata
1680 4811 1860 4888 Domi-

303 4897 375 4955 ni,
396 4883 450 4949 ἐι
491 4894 794 4948 ceremonias
819 4894 942 4962 ejus,
974 4907 1096 4956 quas
1120 4905 1207 4957 ego
1220 4887 1384 4962 _hodie
1409 4883 1644 4962 prtecipio
1675 4883 1780 4962 tibi,
1808 4891 1862 4934 at

305 4953 422 5018 bene
449 4967 509 5019 sit
543 4964 673 5017 tibi?
703 4963 768 5016 Et
803 4953 920 5030 pbst
950 4953 1109 5028 pauca
1146 4953 1164 5009 ἶ
1205 4953 1478 5030 Dominum
1505 4953 1680 5030 Deut):
1701 4961 1860 5030 tuum,

307 5038 492 5105 inquit,
520 5034 730 5105 timebis,
757 5022 866 5085 et'ei
893 5022 981 5084 soli
1000 5030 1185 5105 servies
1213 5029 1230 5096 (
1254 5027 1480 5105 Deut._x,
1506 5022 1589 5105 1'2,
1618 5023 1703 5087 15,
1727 5022 1795 5075 20
1821 5027 1860 5090 ).

305 5094 491 5176 Neque
516 5103 653 5159 istud
684 5094 1102 5176 prmtcreundtuu
1133 5094 1236 5161 est,
1277 5094 1415 5176 quod
1445 5096 1626 5176 eadem
1657 5108 1865 5176 quoque

302 5182 375 5231 de
397 5163 573 5239 causa,
599 5163 701 5228 non
728 5175 900 5226 solum
927 5174 1164 5224 conditus
1189 5177 1270 5222 est
1295 5163 1472 5239 homo,
1504 5164 1594 5218 sed
1619 5174 1670 5216 et
1697 5163 1865 5215 homi-

307 5251 390 5300 nis
417 5237 669 5302 Conditor
694 5243 863 5299 factus
885 5251 966 5295 est
992 5242 1168 5302 homo,
1205 5237 1452 5292 Zacharia
1483 5244 1698 5304 parente
1728 5248 1865 5302 prte-

305 5319 536 5372 utrsoris
568 5316 773 5372 Domini
804 5312 1000 5381 Spiritu
1031 5321 1214 5381 sancto
1243 5308 1465 5381 repleto,
1500 5307 1567 5357 ita
1597 5305 1732 5381 inter
1759 5319 1864 5381 cae-

307 5401 418 5442 tera
440 5388 758 5442 vaticinante
781 5373 1063 5439 et'dicente
1086 5398 1099 5432 :
1131 5373 1501 5446 Jusjurandum
1525 5377 1658 5444 quod
1678 5373 1868 5446 juravit

307 5464 376 5511 ad
397 5459 651 5512 Abraham
673 5467 865 5528 patrem
890 5462 1133 5528 nostrum,
1162 5451 1397 5502 daturum
1423 5446 1663 5528 se'nobis;
1687 5454 1738 5496 ut
1763 5445 1868 5524 sine

308 5535 486 5584 timore
513 5530 577 5582 de
604 5515 756 5580 mdnu
784 5525 1097 5578 inimicorum
1122 5515 1413 5574 nostrorum
1441 5515 1652 5578 liberati,
1684 5515 1869 5584 servia-

310 5583 421 5653 mus
450 5601 556 5665 illi,
598 5600 651 5651 in
687 5599 949 5652 sanctitate
987 5591 1436 5665 et_iust_itia_corant
1471 5587 1580 5665 ipso
1601 5625 1614 5649 ,
1647 5583 1871 5665 ontnibus

311 5673 483 5724 diebus
510 5655 692 5723 nostris
731 5665 901 5737 (Luc.
931 5680 976 5725 I.
1006 5661 1210 5737 ’βε-75).
1240 5660 1379 5714 Ecce
1409 5655 1711 5737 testimonio
1741 5655 1865 5737 tanti

314 5723 584 5813 prepbette
615 5723 810 5813 idcirco
835 5723 1004 5813 etiam
1023 5723 1187 5810 Deum
1211 5739 1422 5810 propter
1454 5727 1738 5813 hominem,
1773 5723 1868 5776 ho-

318 5797 511 5873 ittiticut
537 5811 755 5878 factum,
782 5808 887 5864 imo
916 5814 968 5861 ct
993 5801 1190 5858 homini
1211 5797 1520 5868 'scrvivisse,
1553 5807 1609 5852 ut
1635 5805 1686 5850 ct
1714 5797 1873 5850 homo

1944 1083 2152 1152 dignam
2181 1083 2279 1136 sibi
2306 1083 2607 1136 servitutem
2638 1084 2969 1151 rependeret.
2996 1083 3189 1139 lndicta
3217 1095 3390 1139 autem
3415 1087 3504 1140 ho-

1943 1151 2068 1206 mini
2095 1154 2340 1217 servitus,
2373 1154 2493 1207 licet
2522 1151 2806 1207 multifario
2835 1156 3182 1222 interpretari,
3214 1158 3390 1210 multis
3416 1173 3508 1210 va-

1941 1225 2137 1292 riisque
2168 1223 2336 1295 modis
2370 1228 2475 1295 Deo
2504 1228 2728 1295 creatori
2762 1224 2998 1284 exhiberi
3035 1229 3228 1294 possit;
3264 1228 3390 1280 nihil
3423 1237 3504 1281 ta-

1942 1310 2060 1347 men
2092 1293 2231 1347 aliud
2269 1303 2347 1347 est
2377 1293 2529 1359 quam
2562 1294 2768 1347 debitus
2812 1295 2918 1348 Deo
2948 1298 3118 1350 cultus
3139 1340 3153 1359 ,
3187 1307 3240 1350 et
3273 1298 3356 1350 hic
3397 1313 3498 1353 non

1941 1363 2078 1436 aliud
2107 1364 2476 1436 qua'uldevota
2509 1365 2670 1433 ipsius
2712 1365 2957 1436 laudatio.
3000 1385 3017 1417 ί
3069 1369 3307 1420 Summus
3331 1369 3496 1436 enim,

1940 1434 2202 1508 Lactantio
2226 1433 2498 1508 Firmium:
2524 1444 2661 1498 teste,
2688 1435 3017 1508 colendiDci
3041 1438 3162 1490 ritus
3197 1447 3287 1501 est,
3323 1455 3384 1489 ea:
3419 1433 3501 1492 ore

1940 1505 2061 1571 justi
2103 1505 2314 1556 hominis
2353 1503 2420 1555 ad
2459 1503 2622 1556 Deum
2662 1506 2848 1558 directa
2889 1507 3132 1559 laudatio.
3176 1507 3299 1572 Quae
3337 1518 3500 1562 tamen

1943 1575 2078 1653 ipsa,
2109 1575 2284 1653 inquit,
2311 1584 2361 1626 ut
2386 1574 2491 1653 Deo
2516 1576 2579 1627 sit
2599 1586 2821 1644 accepta,
2850 1585 2892 1628 et
2915 1576 3283 1653 Ititmilitate,_et
3308 1577 3500 1640 timore,

1942 1655 1988 1698 et
2012 1645 2268 1717 devotione
2295 1647 2512 1717 maxima
2539 1661 2662 1713 opus
2693 1655 2800 1709 est;
2833 1663 2894 1699 ne
2928 1649 3036 1715 quis
3061 1652 3189 1716 forte
3207 1648 3503 1717 integritatis

1942 1715 2315 1789 et‘innocentia:
2353 1715 2601 1789 ﬁduciam
2633 1715 3077 1789 gerensLtumoris
3112 1728 3166 1789 et
3203 1715 3503 1789 arrogantia:

1941 1785 2126 1857 crimen
2147 1786 2383 1847 incurrat,
2403 1801 2556 1857 eoque
2575 1785 2706 1852 [acto
2723 1787 2934 1855 gratiam
2952 1788 3145 1840 virtutis
3161 1785 3354 1839 amittat
3369 1788 3462 1857 (a).
3477 1809 3494 1840 ι

1942 1853 2092 1909 Unde
2129 1864 2182 1925 et
2226 1865 2437 1908 sanctus
2475 1853 2680 1925 Moyses
2720 1853 2993 1925 postquam
3045 1853 3498 1925 praememoratum

1941 1924 2198 1993 expressit
2235 1924 2578 1993 praeceptum,
2620 1924 2860 1992 subjecit,
2908 1924 3018 1993 Ipsi
3047 1924 3358 1991 adhazrebis,
3394 1930 3502 1994 ipse

1941 2005 2012 2066 est
2032 1996 2140 2048 laus
2167 2006 2255 2066 tua
2287 1994 2460 2066 (Deut.
2491 2012 2544 2059 Χ,
2577 1995 2646 2049 20
2675 2005 2718 2048 ct
2763 1995 2878 2066 2|):
2899 1995 2996 2050 hoc
3020 2007 3120 2060 est,
3147 2013 3301 2066 quem
3327 1998 3497 2051 solum

1942 2065 2157 2119 laudare
2177 2065 2357 2119 debes.
2388 2064 2510 2118 llaec
2530 2076 2610 2118 est
2638 2081 2755 2118 vera
2776 2064 2980 2132 religio,
3012 2070 3124 2121 lucc
3143 2064 3284 2120 recta
3307 2067 3495 2135 pietas,

1943 2135 2056 2189 haec
2077 2135 2248 2189 debita
2278 2136 2385 2190 Deo
2409 2136 2652 2189 servitus.
2689 2135 2795 2189 Hoc
2824 2146 2904 2189 cst
2931 2137 3248 2202 acceptabile
3271 2138 3497 2206 jugequo

1941 2205 2274 2265 sacriﬁcium.
2311 2221 2415 2274 quo
2449 2206 2570 2268 coli,
2603 2206 2814 2274 placari,
2855 2206 3190 2261 honorilicari
3223 2218 3275 2261 et
3298 2208 3495 2276 gloriﬁ-

1941 2277 2049 2329 cari
2080 2277 2192 2329 vult
2231 2276 2370 2330 Deus
2391 2318 2405 2340 ,
2438 2276 2552 2342 ipso
2585 2292 2675 2345 per
2711 2276 3023 2343 PrOphetam
3051 2287 3378 2332 coutestante
3401 2320 3414 2344 ,
3446 2287 3494 2332 et

1942 2345 2148 2400 dicente
2173 2363 2187 2399 :
2213 2345 2431 2400 Immola
2461 2345 2566 2399 Deo
2593 2347 2896 2414 sacri/icium
2921 2347 3084 2400 laudis
3105 2389 3118 2411 ,
3152 2357 3196 2400 et
3225 2348 3376 2400 redde
3403 2347 3489 2400 ΑΙ-

1943 2417 2131 2468 tissimo
2160 2425 2272 2468 vota
2301 2426 2403 2469 tua.
2437 2417 2498 2470 Et
2524 2419 2572 2469 in
2597 2417 2740 2470 calce
2761 2416 3000 2483 ejusdem
3031 2418 3254 2471 vaticinii
3281 2435 3295 2471 ε
3324 2419 3490 2484 Sacri-

1943 2487 2133 2553 ﬁcium,
2165 2487 2352 2554 inquit,
2384 2488 2547 2540 laudis
2579 2487 2921 2553 honori/icabit
2950 2505 3044 2551 me,
3072 2497 3117 2541 et
3147 2488 3248 2540 illic
3277 2489 3370 2540 iter
3397 2505 3493 2555 quo

1942 2556 2196 2628 ostendam
2225 2556 2300 2609 illi
2328 2555 2664 2628 salutureDei
2689 2555 2857 2628 (Psal.
2885 2574 3024 2628 trux,
3057 2559 3142 2622 M,
3170 2558 3286 2625 23).

2013 2625 2209 2680 Verum
2248 2627 2484 2694 quamvis
2509 2627 2572 2678 ad
2605 2625 2738 2679 hanc
2767 2626 3072 2680 servitutem
3117 2642 3297 2681 omnes
3324 2626 3493 2682 houri-

1945 2711 2040 2750 nes
2087 2704 2393 2761 teneantur;
2421 2696 2673 2764 quosdam
2721 2705 2894 2750 tamen
2950 2697 3197 2750 Dominus
3233 2697 3420 2766 elegit,
3467 2714 3492 2748 a

1942 2767 2130 2836 quibus
2157 2766 2415 2836 praecipue
2458 2776 2512 2818 et
2547 2766 2826 2834 specialius
2868 2766 2969 2821 coli
2993 2776 3148 2836 atque
3177 2767 3369 2819 laudari
3397 2783 3492 2820 vo-

1943 2835 2062 2907 luit,
2093 2848 2147 2888 ut
2177 2838 2228 2889 in
2257 2835 2429 2907 theri
2472 2836 2808 2907 Testamento
2856 2835 3100 2907 populum
3125 2835 3458 2907 lsracliticuin
3479 2879 3493 2900 ,

1944 2905 2008 2977 ad
2059 2921 2213 2976 quem
2256 2906 2458 2977 Moyses
2483 2906 2553 2959 ita
2595 2906 2800 2977 locutus
2827 2905 2948 2960 est':
2981 2906 3052 2958 Te
3076 2907 3217 2976 elegit
3259 2905 3498 2960 Dominus

1943 2975 2212 3030 Deus’tuus
2235 3017 2248 3041 ,
2278 2975 2352 3029 uti
2372 2977 2440 3030 sis
2477 2977 2521 3029 ei
2547 2976 2759 3047 populus
2793 2977 3062 3047 peculiaris
3087 2975 3161 3047 de:
3196 2978 3382 3029 cunctis
3411 2995 3499 3047 po-

1945 3047 2078 3116 pulis
2100 3047 2185 3114 qui
2228 3055 2343 3100 sunt
2366 3063 2516 3170 suBer
2547 3045 2734 3100 terram
2781 3045 2950 3116 (Deut.
2979 3063 3044 3100 vn
3066 3088 3080 3108 ,
3113 3045 3188 3113 6).
3222 3048 3284 3098 lit
3312 3045 3497 3100 iterum

1947 3128 2061 3170 post
2082 3117 2242 3170 multa
2268 3116 2386 3170 :En
2464 3119 2676 3170 ominus.
2700 3117 2866 3170 inquit
2891 3158 2903 3170 .
2929 3116 3073 3170 eleait
3102 3127 3147 3170 te
3166 3118 3330 3170 hodie.
3360 3129 3410 3168 ut
3434 3118 3497 3169 sis

1945 3128 2061 3186 post
2082 3117 2242 3188 multa
2268 3116 2386 3170 :En
2412 3116 2676 3188 Dominus,
2700 3117 2866 3186 inquit
2891 3158 2903 3179 ,
2929 3116 3073 3188 elegit
3102 3127 3147 3170 te
3166 3118 3330 3180 hodie,
3360 3129 3410 3168 ut
3434 3118 3501 3169 sis

1945 3188 1990 3239 ei
2034 3187 2248 3256 populus
2278 3187 2544 3256 peculiaris
2566 3229 2580 3252 ,
2610 3188 2735 3241 sicut
2765 3189 2959 3240 locutus
2987 3187 3057 3241 est
3097 3188 3182 3240 tibi
3202 3228 3215 3251 ,
3251 3198 3293 3239 et
3333 3200 3499 3239 custo-

1945 3258 2054 3311 dias
2073 3258 2241 3328 omnia
2268 3268 2512 3328 prtecepta
2541 3259 2696 3321 illius,
2728 3267 2774 3310 et
2802 3259 2946 3328 faciet
2968 3266 3014 3310 te
3041 3257 3354 3328 excelsiorem
3381 3275 3502 3308 cnu-

1915 3363 1919 3368 -
1947 3329 2041 3381 clis
2069 3326 2312 3395 gentibus,
2335 3326 2458 3398 quas
2483 3329 2661 3382 creavit
2685 3329 2738 3380 in
2779 3326 2977 3381 laudem
3003 3338 3045 3380 et
3071 3327 3282 3398 gloriam
3321 3345 3462 3381 suum
3489 3370 3500 3382 .

1948 3408 1999 3449 ut
2019 3400 2085 3452 sis
2113 3398 2328 3466 populus
2349 3397 2555 3452 sanctus
2578 3398 2777 3451 Domini
2801 3398 2896 3450 Dei
2925 3398 2997 3450 tui
3056 3397 3163 3467 (1d.
3187 3414 3329 3461 xxvi,
3359 3398 3421 3450 18
3459 3410 3503 3450 rt

1949 3468 2059 3538 19).
2087 3469 2174 3523 Sic
2225 3478 2278 3522 et
2327 3469 2380 3522 in
2411 3469 2558 3523 Novo
2593 3468 2932 3523 Testamento
2971 3469 3216 3535 pepulum
3261 3469 3503 3521 christia-

1949 3555 2070 3591 num
2113 3539 2178 3591 ad
2209 3540 2288 3592 sui
2320 3539 2523 3593 laudem
2570 3547 2624 3592 et
2665 3539 2884 3607 gloriam
2932 3538 3266 3604 singulariter
3311 3540 3458 3606 t-lt'git
3488 3579 3502 3602 ,

1948 3609 2201 3677 Apostolo
2230 3609 2474 3678 Ephesiis
2498 3609 2596 3664 hoc
2629 3609 2892 3678 scribente
2917 3650 2932 3672 ,
2959 3617 3012 3661 et
3044 3611 3110 3678 oh
3141 3609 3188 3660 id
3225 3610 3385 3659 Dequ
3417 3610 3503 3659 bc-
3609 3649 3615 3656 .

1951 3680 2227 3733 medicente
2269 3677 2325 3733 et
2362 3679 2641 3733 laudante:
2679 3677 3005 3737 Benedictus,
3054 3677 3250 3745 inquit,
3287 3678 3418 3728 Deus
3461 3687 3504 3728 et
3543 3725 3548 3729 _

1951 3749 2108 3801 Pater
2146 3748 2345 3802 Domini
2371 3749 2664 3802 nostriJesu
2689 3748 2905 3813 Christi,
2937 3748 3018 3815 qui
3049 3747 3292 3798 benedixit
3334 3763 3420 3798 nos
3452 3748 3501 3796 in

1951 3820 2085 3872 omni
2132 3821 2461 3872 benedictione
2501 3819 2754 3885 spirituali
2797 3819 2850 3869 in
2889 3816 3159 3869 cwlestibus
3188 3817 3237 3866 in
3276 3815 3503 3874 Christo,

1951 3890 2074 3941 sicut
2118 3890 2258 3959 elegit
2290 3905 2378 3942 nos
2415 3890 2469 3940 in
2487 3889 2596 3956 ipso
2633 3896 2748 3959 ante
2792 3886 2966 3959 mundi
2998 3886 3424 3959 constitutionem,
3455 3897 3508 3938 ut

1951 3975 2166 4012 essemus
2193 3957 2352 4011 sancti
2372 3967 2416 4012 et
2443 3957 2749 4010 immaculati
2787 3958 2840 4009 in
2881 3965 3144 4023 conspectu
3169 3958 3278 4026 ejus
3307 3958 3356 4007 in
3387 3961 3508 4010 chu-

1952 4029 2117 4097 ritate.
2176 4028 2274 4092 Qui
2318 4028 2678 4097 prwdestinavit
2723 4043 2813 4081 nos
2849 4026 2901 4079 in
2931 4028 3246 4093 adoptionmn
3292 4028 3509 4094 ﬁliorum

1955 4115 2043 4168 per
2077 4095 2251 4152 Iesum
2296 4095 2543 4152 Christum
2584 4099 2635 4150 in
2674 4096 3180 4166 ipsum,'secundum
3206 4098 3511 4168 propositum

1953 4165 2220 4238 voluntatis
2246 4185 2351 4222 sua:
2371 4211 2386 4234 ,
2412 4169 2464 4222 in
2485 4169 2680 4222 laudem
2709 4168 2884 4238 gloria:
2910 4165 3213 4238 gratiwgsuat
3230 4165 3438 4235 (Ep/tes.
3473 4183 3509 4228 l,

1956 4236 2091 4309 5-6).
2128 4239 2257 4295 Item
2303 4236 2742 4309 quemadmodum
2772 4239 2822 4290 in
2867 4236 3045 4309 Veteri
3073 4236 3410 4309 Testamento
3449 4253 3510 4309 ως

1955 4307 2120 4366 elcéto
2149 4307 2339 4379 populo
2383 4309 2636 4377 subelegit
2659 4308 2757 4362 sibi
2789 4308 3038 4361 Dominus
3079 4307 3210 4379 ﬁlios
3236 4307 3391 4379 Levi,
3426 4307 3511 4375 qui

1959 4377 2257 4450 specialiter
2295 4380 2395 4450 sibi
2439 4381 2491 4433 in
2522 4380 2826 4433 ministeriis
2857 4377 3176 4450 tabernaculi
3199 4378 3510 4450 servirent,

1959 4447 2244 4506 secundum
2263 4449 2400 4520 quod
2422 4450 2484 4503 ad
2507 4453 2677 4503 Aaron
2701 4450 2907 4503 locutus
2922 4456 3006 4520 est
3022 4467 3034 4502 :
3053 4447 3176 4520 Ego,
3198 4447 3382 4520 inquit,
3404 4447 3516 4520 dedi

1961 4523 2092 4575 vobis
2112 4543 2116 4547 ·
2132 4515 2310 4590 [ναινὼ
2355 4530 2534 4573 vestros
2561 4520 2753 4574 Levites
2793 4521 2854 4572 de
2878 4519 3039 4590 medio
3065 4515 3287 4590 filiorum
3317 4515 3514 4590 Israel,

1959 4603 2006 4645 et
2032 4587 2216 4645 tradidi
2248 4591 2432 4643 donum
2463 4589 2676 4643 Domino
2693 4632 2706 4654 ,
2731 4599 2786 4642 ut
2809 4589 3018 4642 serviant
3055 4588 3108 4639 in
3132 4587 3416 4639 ministeriis
3443 4598 3518 4637 tu-

1960 4662 2212 4714 bernacnli
2248 4660 2562 4731 ejustNum.
2604 4677 2761 4724 xvm,
2794 4661 2868 4728 6).
2898 4659 3042 4731 Quos
3077 4665 3257 4731 postea
3297 4673 3387 4710 res
3421 4657 3516 4708 Da-

1963 4731 2048 4786 vid
2090 4727 2307 4785 instituit
2351 4741 2626 4786 utStarent
2664 4727 2835 4784 mane
2861 4727 2927 4782 ad
2968 4727 3321 4780 contitendum
3353 4736 3404 4779 et
3433 4741 3520 4777 ca-

1963 4803 2193 4856 nendum
2233 4803 2454 4856 Domino
2499 4800 2868 4872 (lPar.xxv1,
2920 4797 3399 4872 4),-_simil_iterque
3452 4797 3515 4848 ad

1961 4888 2235 4942 vesperam
2259 4913 2274 4938 ,
2303 4883 2406 4942 etc.
2453 4867 2540 4926 Sic
2569 4871 2724 4924 simili
2747 4869 2902 4942 modo
2931 4867 2982 4921 in
3014 4867 3520 4942 Novo'l‘estamento

1962 4959 2025 4998 ex
2060 4938 2254 5013 populo
2275 5012 2279 5013 ί
2299 4941 2587 5013 christiano
2628 4938 2880 5013 subelecti
2909 4948 3032 4993 sunt
3055 4939 3230 5013 clerici
3262 4945 3316 4990 et
3339 4952 3517 5013 sacer-

1964 5008 2149 5079 dotes;
2170 5022 2226 5066 ut
2270 5012 2340 5064 illi
2372 5011 2668 5080 specialiter
2695 5009 2916 5080 Domino
2940 5010 3172 5080 serviant
3192 5016 3281 5080 ,_ct
3306 5008 3522 5080 virtutes

1965 5086 2078 5151 ejus
2124 5077 2451 5142 enarraudo,
2481 5097 2601 5151 eum
2649 5079 2949 5151 laudeutget
2975 5078 3165 5132 colant.
3188 5077 3337 5151 Quod
3381 5077 3521 5151 Petri

1966 5147 2340 5224 Aposrolorum
2385 5150 2638 5224 principis
2682 5149 2993 5204 auctoritate
3038 5148 3429 5224 comprobatur,
3457 5147 3522 5224 ad

1967 5217 2060 5278 eos
2099 5224 2176 5278 sic
2212 5217 2490 5277 scribentis
2521 5217 2670 5274 {Vos
2705 5229 2872 5273 autent
2907 5235 3062 5289 genus
3087 5219 3293 5271 electum
3315 5259 3329 5281 ,
3361 5217 3525 5287 regale

1969 5294 2318 5354 sacerdotium,
2347 5309 2465 5362 gens
2489 5300 2681 5355 sancta,
2712 5291 2925 5360 populus
2953 5289 3313 5362 acquisitionis,
3339 5298 3392 5362 ut
3422 5289 3522 5362 vir-

1971 5375 2096 5417 tutes
2122 5357 2424 5416 annuntiétis
2442 5363 2568 5432 ejus,
2592 5364 2682 5432 qui
2705 5357 2787 5414 de'
2804 5361 3014 5432 tenebris
3028 5357 3118 5432 vos
3149 5357 3523 5432 vocavit_in_ud-_

1971 5435 2194 5488 mirabile
2223 5436 2386 5486 lumen
2411 5426 2554 5487 suum
2585 5426 2625 5498 ('I
2659 5431 2798 5484 Petr.
2831 5446 2887 5495 ll,
2916 5430 2991 5498 9).
3025 5431 3088 5483 Et
3116 5431 3252 5483 sicut
3280 5429 3366 5498 lilii
3405 5426 3524 5480 Levi

1971 5507 2130 5558 certis
2161 5504 2482 5572 temporibus
2509 5513 2562 5557 et
2588 5497 2733 5556 horis
2756 5543 2770 5565 ,
2803 5497 3257 5572 laudibtis_div'iriis
3283 5497 3520 5572 devotius

1974 5567 2318 5637 insistebant,
2345 5575 2414 5627 ita
2451 5584 2503 5627 ct
2531 5573 2708 5627 clerici
2756 5572 2965 5625 debent.
3019 5569 3148 5623 Nam
3179 5579 3231 5622 ct
3272 5567 3448 5619 clerici
3495 5580 3525 5620 a

1973 5657 2116 5701 sorte
2137 5646 2261 5700 dicti
2287 5655 2424 5707 sunt,
2453 5660 2517 5697 eo
2546 5645 2684 5712 quod
2703 5643 2807 5695 sint
2833 5642 2897 5697 de
2925 5651 3067 5695 sorte
3093 5637 3324 5699 homini;
3361 5637 3528 5706 ipsum

2036 5779 2106 5842 (a)
2132 5784 2335 5828 lactant.
2364 5777 2408 5826 in
2433 5777 2554 5827 libro
2580 5791 2642 5835 vi,
2663 5776 2724 5824 de
2751 5784 2870 5824 \‘cro
2892 5771 3043 5825 Cultu.
3067 5784 3107 5821 c.
