4046 6200
523 305 594 362 6'5
1975 298 2352 357 PREFATIO.

523 430 618 486 pro
643 424 785 470 sorte
808 423 862 468 et
891 412 1192 486 hatreditate
1224 428 1318 486 sua
1343 427 1463 486 eum
1494 411 1621 486 _lil_ii_s
1646 412 1770 486 Levi
1800 412 1852 466 in
1879 428 2070 486 perpe-

527 481 673 540 tuum
699 485 1016 556 possessuri,
1045 483 1329 556 dummodo
1354 483 1439 538 hic
1475 481 1652 538 debito
1675 483 1816 538 cultu
1841 481 1895 539 et
1917 481 2072 556 digna

528 553 823 609 laudatione
849 554 898 608 ei
924 553 1220 608 servierint.

596 625 723 679 Illud
752 624 998 692 [irmterea
1025 623 1442 694 consideratione
1464 622 1676 692 dignum
1702 632 1782 694 est
1802 664 1815 683 ,
1844 639 1940 678 nec
1961 640 2074 694 my-

521 697 684 749 sterio
712 703 892 758 caret,
922 693 1059 762 quod
1087 710 1206 748 cum
1251 702 1355 748 tota
1402 694 1667 761 Scriptura
1713 693 1960 748 divinitus
1990 693 2072 748 in-

523 767 716 832 spirata
739 805 754 828 ,
798 764 862 818 ad
908 764 996 817 Dei
1024 764 1226 818 laudem
1253 772 1308 818 et
1335 763 1552 831 gloriam
1583 762 1815 816 ordinata
1857 776 1910 818 et
1937 779 2066 818 con-

521 837 714 901 scripta
745 835 847 897 sit,
882 843 987 888 tota
1031 835 1187 887 etiam
1232 835 1428 887 homini
1474 833 1537 886 ad
1566 834 1678 901 ejus
1703 833 1993 888 doctrinam
2021 843 2074 889 et

520 904 933 959 consolationem
966 905 1150 958 tradita
1173 945 1187 966 ,
1219 914 1324 956 tota
1343 903 1570 972 denique
1605 903 1798 958 divinis
1831 903 2072 959 laudibus

524 976 673 1042 plena
698 1016 713 1041 ,
745 976 984 1029 universa
1032 990 1058 1026 a
1107 973 1294 1044 quibus
1343 973 1516 1044 debita
1549 973 1640 1044 Dei
1661 973 1908 1044 laudatio
1936 977 2071 1029 sumi

525 1052 695 1112 potest
723 1043 1002 1109 inducens,
1033 1042 1346 1113 omnemque
1383 1043 1622 1096 laudandi
1653 1042 1870 1098 formam
1917 1054 2073 1113 atque

523 1113 779 1168 rationem
826 1128 1130 1182 exponens;
1160 1125 1338 1167 sancta
1384 1123 1556 1167 tamen
1593 1114 1821 1168 Ecclesia
1855 1116 2072 1183 quibus-

521 1183 641 1254 dam
671 1184 952 1254 Scripturis
983 1185 1264 1253 specialius
1289 1194 1442 1254 atque
1473 1183 1794 1252 frequentius
1819 1186 1870 1238 in
1895 1185 2072 1238 divino

520 1253 663 1307 cultu
705 1253 999 1308 uti’voluit.
1025 1254 1154 1308 Nam
1185 1255 1322 1307 sicut
1364 1253 1426 1308 ex
1459 1254 1726 1322 utriusque
1749 1254 2072 1309 Testameuti

524 1324 726 1403 pepulis
751 1324 1000 1404 Dominus
1039 1323 1290 1404 quosdam
1326 1323 1630 1404 speciali-ter
1663 1324 1938 1404 elegit._ut
1980 1340 2070 1404 sn-_

520 1395 700 1464 perius
723 1394 1020 1462 expositum
1051 1404 1130 1448 est
1154 1411 1166 1453 ;
1197 1395 1265 1446 ita
1286 1403 1340 1464 et
1365 1409 1428 1446 ex
1457 1394 1724 1464 utriusque
1753 1394 2073 1449 Testamenti

527 1463 812 1532 Scripturis
859 1465 1109 1534 quasdam
1153 1463 1449 1534 Specialiter
1572 1463 1712 1517 cultu
1761 1477 1858 1517 suo
1909 1465 2073 1518 voluit

525 1533 885 1599 frequentari,
925 1544 1102 1602 utpote
1147 1549 1215 1588 ex
1269 1533 1445 1588 Veteri
1495 1533 1832 1588 Testamento
1883 1535 2072 1589 librum

525 1604 846 1675 l’salmoruni
868 1645 881 1668 ,
913 1603 1008 1675 hac
1030 1603 1319 1675 prmisertim
1352 1603 1586 1675 ratione,
1621 1613 1676 1675 ut
1699 1603 1853 1675 docto
1886 1605 2074 1675 Diony-

522 1675 602 1728 sio
631 1674 797 1741 placet
817 1714 831 1732 .
859 1673 976 1742 quia
1029 1673 1222 1728 Psalmi
1271 1689 1364 1740 per
1389 1673 1599 1727 modum
1628 1674 1792 1727 laudis
1835 1673 2075 1741 compre-

525 1743 1034 1815 henditutquidquid
1071 1745 1120 1798 in
1165 1758 1312 1815 sacra
1335 1743 1600 1815 Scriptura
1646 1744 1942 1798 continetur
1974 1745 2070 1815 (a).

526 1813 748 1894 Undt-Aet
771 1814 861 1894 _hic
887 1814 1212 1894 Psalmorum
1241 1814 1371 1867 liber
1401 1814 1678 1894 registrum
1702 1813 2076 1894 est_toti_us;sa-

521 1899 625 1937 cra:
672 1883 988 1952 Scriptum,
1039 1893 1092 1938 et
1137 1883 1519 1954 consummatio
1561 1884 1719 1937 totius
1767 1884 2076 1954 theologica:

521 1954 742 2022 paginae.
794 1956 960 2019 Quem
991 1963 1042 2008 et
1093 1955 1419 2023 subsequens
1459 1953 1563 2023 divi
1591 1954 1864 2021 Augustini
1910 1953 2074 2008 uestri

526 2023 770 2092 prologus
821 2024 1108 2078 innumeris
1157 2022 1289 2092 pene
1334 2022 1610 2092 prmconiis
1655 2023 1987 2078 commendat
2024 2034 2079 2078 et

519 2095 742 2148 extollit.
776 2094 922 2148 lltmc
952 2094 1141 2148 librum
1171 2109 1319 2148 sacer
1340 2107 1506 2147 canon
1526 2134 1540 2157 ,
1572 2094 1708 2148 inter
1741 2103 1930 2148 caetera
1959 2110 2076 2163 quae

521 2165 880 2218 sacerdotibus
925 2163 991 2218 ad
1043 2164 1314 2218 sciendum
1347 2165 1640 2218 necessaria
1679 2172 1836 2228 sunt,
1867 2163 2077 2218 discen-

521 2233 644 2286 dmn
666 2245 983 2289 commonet.
1012 2234 1143 2287 Cum
1172 2235 1311 2286 enim
1341 2234 1690 2303 intelligenter
1717 2233 1824 2288 Deo
1850 2233 2079 2302 psallen-

522 2303 644 2357 dum
691 2303 1075 2376 sit,quomodo
1122 2303 1297 2358 debite
1345 2303 1452 2358 Deo
1493 2303 1719 2372 psallere
1762 2305 2077 2374 potest,qui

582 2435 653 2498 (a)
675 2436 858 2499 Dionp.
905 2435 969 2486 de
991 2434 1110 2488 ech
1133 2435 1417 2497 ltierarcbia,
1442 2449 1486 2486 c.
1509 2437 1558 2486 3.

2176 411 2300 483 quid
2332 413 2516 482 psallat
2556 413 2791 484 ignorat?
2815 413 2972 470 lubet
3014 429 3239 486 namque
3268 427 3478 472 sanctus
3515 418 3732 472 Psalmi-
3781 477 3788 485 ,

2172 494 2252 556 s_ta
2293 493 2474 556 noster
2519 486 2884 556 utgpsallentes
2929 486 3037 540 Deo
3091 485 3439 556 intelligenter
3484 489 3728 556 psallam.

2176 552 2422 625 Quoniam
2445 571 2552 618 rex,
2579 552 2766 623 inquit,
2799 556 2958 609 omnis
2975 565 3120 610 terra:
3141 552 3291 616 Deus,
3315 552 3509 624 psallite
3527 560 3731 625 sapien-

2174 632 2246 675 ter
2270 623 2288 691 (
2312 622 2462 695 _Psal.
2503 641 2620 679 XLVI
2637 622 2662 688 ,ί
2679 625 2734 694 8)
2756 667 2772 690 ,
2805 625 2903 680 hoc
2933 635 3014 678 est
3051 622 3394 695 intelligenter,
3422 639 3476 680 ut
3503 622 3602 680 alia
3641 629 3729 679 lit-

2175 701 2282 746 tera
2311 693 2488 748 habet.
2530 695 2659 762 Quia
2687 693 2810 750 vero
2855 695 2938 749 hic
2963 695 3094 750 liber
3121 703 3197 749 tot
3214 693 3273 748 et
3309 704 3414 748 tam
3459 698 3731 762 profundis

2173 765 2437 834 mysteriis
2465 764 2648 834 plenus
2693 775 2812 830 est,
2855 775 2914 819 ut
2948 780 2978 829 _a
3009 769 3218 819 nemine
3261 766 3377 819 sine
3410 767 3734 822 revi'lalione

2173 832 2257 907 vel
2280 832 2438 907 docto
2462 832 2742 907 interprete
2766 837 2930 904 possit
2954 836 3164 904 intelligi
3191 850 3206 899 ;
3240 851 3300 890 ea
3329 835 3400 907 de
3425 851 3480 890 re
3513 853 3734 907 magnus

2174 902 2261 956 ille
2289 903 2476 958 doctor
2506 901 2823 973 Augustinus
2849 915 3026 959 noster
3045 947 3058 968 ,
3089 901 3460 960 devotissimus
3491 907 3580 960 Dei
3599 901 3722 962 cul-

2175 981 2278 1038 tor,
2305 975 2697 1041 animat-umque
2736 976 2918 1028 salutis
2958 977 3154 1030 zelator
3202 977 3605 1032 ardentissimus
3629 1019 3643 1041 ,
3679 979 3735 1031 il-

2173 1043 2274 1096 lius
2317 1044 2667 1112 explanationi
2711 1046 2938 1115 vigilanti
2993 1046 3166 1099 studio
3217 1046 3511 1113 iusudavit,
3550 1048 3732 1102 clausa

2175 1128 2396 1187 quaeque
2454 1129 2724 1187 reserans,
2757 1115 3086 1187 _abscondita
3112 1185 3123 1187 _
3153 1117 3389 1187 revelans
3412 1158 3438 1187 ,7
3485 1120 3734 1187 mysteria

2175 1183 2408 1250 pandens
2433 1225 2446 1247 ,
2477 1185 2700 1239 obscura
2741 1185 3032 1238 diltlcitlans
3051 1227 3065 1248 ,
3094 1185 3248 1238 dnhia
3285 1183 3578 1249 definiens,
3607 1183 3735 1241 vitia

2172 1251 2472 1324 detestans,
2501 1255 2716 1310 virtutes
2754 1257 3040 1321 extollens,
3088 1255 3338 1324 supplicia
3381 1259 3731 1323 comminans,

2174 1323 2385 1390 prtemia
2409 1325 2718 1396 promittens
2742 1365 2758 1390 ,
2777 1323 3478 1395 pusillanimesconfortans
3497 1369 3511 1393 ,
3537 1342 3735 1396 pra-su.

2176 1401 2378 1446 mentes
2411 1392 2692 1463 ideterrcns
2717 1436 2731 1458 ,
2764 1392 3158 1463 perseverantes
3210 1411 3507 1458 coronans;
3539 1392 3623 1450 'ita
3677 1406 3733 1449 ut

2173 1461 2443 1534 nemorqui
2471 1463 2747 1533 diligenter
2764 1461 2994 1534 legerit,
3039 1465 3236 1532 absque
3265 1466 3433 1518 fructu
3475 1466 3731 1519 discedat.

2177 1530 2316 1605 "uie
2343 1530 2498 1601 igitur
2523 1530 2668 1605 operi
2695 1530 2925 1588 studium
2970 1530 3271 1604 impendant
3293 1577 3306 1598 ,
3333 1535 3459 1588 illud
3491 1537 3736 1605 frequen-

2176 1607 2258 1655 ter
2304 1601 2504 1674 legant,
2536 1603 2675 1658 illius
2727 1620 2937 1658 sensum
2970 1601 3182 1658 teneant
3221 1620 3404 1659 omnes
3427 1607 3512 1674 qui
3542 1601 3600 1658 in
3622 1621 3736 1658 Sor-

2176 1679 2280 1724 tem
2313 1672 2560 1736 Domini,
2609 1685 2664 1728 ut
2709 1674 2852 1728 illum
2898 1675 3070 1729 debita
3115 1675 3367 1728 servitute
3421 1672 3630 1729 laudent
3683 1687 3737 1728 et

2173 1741 2502 1813 glorificent,
2549 1744 2704 1798 electi
2754 1753 2920 1798 sunt:
2954 1760 3018 1798 ne
3063 1741 3386 1813 negligentes
3427 1755 3479 1799 et
3524 1745 3732 1813 ignari,

2176 1811 2318 1883 iilam
2361 1811 2552 1868 divina:
2597 1815 3020 1869 comminatiouis
3061 1811 3312 1867 ultionem
3359 1811 3735 1883 eXperiautur:

2179 1879 2308 1945 Quia
2336 1891 2388 1933 tu
2431 1884 2690 1936 scientiam
2718 1885 2973 1952 repulisti,
3003 1885 3241 1952 repellam
3263 1894 3340 1950 te,
3374 1879 3440 1938 ne
3461 1885 3739 1938 sacerdotio

2178 1954 2402 2024 attigeris
2421 1954 2540 2006 mihi
2566 1954 2732 2024 (Ossa:
2752 1970 2820 2017 tv,
2846 1954 2921 2022 6).
2955 1955 3014 2007 [Ct
3041 1955 3192 2008 istam
3218 1953 3387 2008 adhuc
3410 1955 3696 2008 terribilem
3721 1971 3735 2008 :

2314 2061 2328 2085 ,
2355 2038 2549 2090 semper
2572 2017 2623 2076 iii
2647 2033 2813 2077 errant
2836 2017 3002 2080 corde:
3028 2025 3123 2093 ipsi
3149 2040 3260 2078 vero
3281 2041 3378 2078 non
3405 2033 3738 2093 cognoverunt

2176 2091 2281 2162 vias
2301 2105 2434 2145 mea:
2453 2133 2466 2154 ,
2499 2095 2674 2162 quibus
2687 2094 2860 2162 juravi
2883 2095 2934 2146 in
2956 2091 3171 2146 ira'mea
3190 2137 3204 2159 ,
3233 2095 3274 2146 si
3294 2091 3545 2147 intrabunt
3574 2095 3623 2146 in
3655 2110 3740 2147 re-

2177 2161 2339 2233 quiem
2366 2161 2524 2216 meant
2551 2161 2716 2233 (Ptol.
2748 2180 2888 2228 χειν,
2918 2164 3002 2228 lO,
3028 2163 3114 2233 ll)
3140 2181 3152 2215 :
3183 2176 3236 2218 et
3263 2165 3330 2216 ita
3361 2173 3558 2231 partem
3588 2179 3739 2216 suam

2180 2229 2405 2284 habituri
2427 2233 2531 2286 sint
2553 2229 2670 2288 cum
2703 2234 3010 2304 hypocritis.
3033 2229 3166 2300 Quin
3195 2229 3372 2302 potius
3391 2234 3742 2304 intelligentes

2180 2307 2233 2352 et
2277 2308 2515 2356 tenentes
2558 2303 2812 2357 rationem
2856 2319 2955 2372 qua
2978 2304 3172 2356 conditi
3200 2312 3360 2364 sunt,
3395 2303 3740 2356 Conditorem

2181 2383 2276 2452 pro
2301 2380 2441 2452 sorte
2464 2371 2786 2452 litereditatis
2813 2371 2921 2452 sua:
2947 2373 3284 2452 possideant,
3311 2372 3525 2428 laudent
3549 2383 3599 2428 et
3624 2374 3741 2444 glo—

2182 2442 2385 2494 riticent
2419 2442 2469 2494 in
2502 2444 2691 2496 saecula
2716 2443 3049 2498 saeculorum.
3076 2444 3265 2498 Amen.

1057 2575 1180 2658 IN
1215 2554 1661 2658 LIBRUM
1724 2576 2445 2675 PSALMORUM
2488 2589 3113 2676 PROLOGUS
3139 2644 3165 2684 ,

521 2761 780 2826 Augustino
814 2761 864 2810 in
884 2759 1026 2811 editis
1045 2759 1158 2810 olim
1181 2759 1402 2816 tributus,
1427 2757 1515 2808 sed
1537 2757 2587 2842 ngunjugtuumsfiauusc‘r‘ipnsrepertus.
2600 2775 2716 2842 ipsa
2753 2779 2830 2822 est
2866 2770 3019 2822 Basilii
3054 2772 3113 2822 ad
3138 2757 3244 2835 ejus
3276 2773 3676 2822 Commentarium
3696 2771 3749 2821 in

1571 2819 1774 2868 Psalmos
1794 2820 2006 2881 praefatio
2026 2836 2090 2872 ex
2113 2819 2509 2889 interpretatione
2532 2819 2695 2880 Ruﬁni.

593 2965 774 3019 Omnis
799 2963 1069 3032 Scriptura
1110 2961 1653 3032 divinitusﬂinspirata
1674 3001 1689 3024 ,
1721 2962 1858 3016 utilis
1889 2971 1969 3017 est
2010 2963 2076 3018 ad

521 3034 813 3090 docendum
856 3031 1156 3103 (ll’Tim.tn
1178 3075 1192 3098 ,
1226 3031 1335 3102 16).
1367 3031 1474 3086 Hac
1495 3031 1604 3100 ipsa
1627 3031 1692 3085 de
1720 3047 1874 3103 causa
1907 3048 1936 3085 a
1960 3031 2078 3101 Spi-

522 3106 622 3159 ritu
668 3101 870 3158 sancto
891 3102 1184 3168 conscripta
1226 3113 1338 3167 est,
1366 3103 1417 3156 id
1439 3110 1520 3156 est
1539 3143 1553 3166 ,
1577 3109 1633 3154 ut
1662 3101 1819 3154 veluti
1845 3117 1908 3156 ex
1935 3118 2082 3157 com-

523 3175 667 3228 muni
695 3173 920 3242 quodam
942 3173 1179 3226 snnitatis
1203 3173 1362 3237 fonte,
1395 3186 1578 3226 omnes
1607 3170 1756 3242 nobis
1781 3187 1843 3226 ex
1875 3172 1973 3226 hac
1998 3189 2084 3227 re-

526 3244 696 3298 media
717 3241 947 3314 propriis
970 3241 1298 3314 passionibus
1318 3255 1668 3314 assumamus.
1702 3241 1906 3296 Sanitas
1928 3243 2081 3308 enim,

524 3314 695 3383 inquit
713 3311 736 3374 ,⁷
768 3311 1031 3380 compescit
1056 3320 1256 3383 peccata
1300 3328 1502 3383 magna.
1535 3311 1649 3383 Alia
1693 3326 1936 3383 namque
1959 3323 2083 3367 sunt

522 3381 641 3452 qua:
687 3384 966 3453 Propheta:
1016 3381 1260 3453 tradunt,
1293 3381 1398 3436 alia
1439 3397 1556 3450 qua:
1604 3381 1843 3453 historici
1876 3381 2078 3452 (a),lex

523 3451 732 3523 quoque
774 3451 908 3516 alia,
953 3452 1348 3523 proverbiorum
1391 3453 1547 3507 etiam
1595 3451 1891 3523 admonitio
1931 3453 2028 3505 alia
2065 3472 2077 3507 :

525 3521 851 3580 Psalmorum
907 3521 1034 3577 vero
1086 3521 1224 3576 liber
1273 3537 1618 3590 quzecumqne
1664 3521 1806 3574 utilia
1851 3532 1970 3574 sunt
2015 3538 2080 3577 ex

523 3594 768 3648 omnibus
818 3595 1070 3648 continet.
1120 3591 1313 3646 Futura
1363 3591 1630 3659 prmdicit,
1662 3601 1896 3645 veterum
1935 3601 2079 3658 gesta

526 3674 937 3729 commemorat,
964 3663 1130 3733 legem
1159 3662 1458 3733 viventibus
1497 3661 1704 3725 tribuit,
1733 3661 2080 3733 gerendorum

525 3736 709 3791 statuit
733 3734 943 3789 modum
979 3752 992 3789 :
1017 3731 1069 3788 et
1095 3740 1151 3786 ut
1181 3731 1407 3787 breviter
1429 3731 1621 3796 dicam,
1651 3731 1945 3786 communis
1967 3733 2083 3800 qui-

525 3805 646 3859 dam
681 3805 831 3859 boute
875 3805 1126 3859 doctrina:
1150 3803 1423 3858 thesaurus
1449 3810 1562 3866 est,
1593 3810 1714 3867 apte
1741 3801 1958 3870 singulis
1985 3818 2082 3857 υθ-

527 3875 754 3929 cessaria
786 3875 1209 3930 subministratis.
1244 3872 1516 3928 Veteribus
1537 3887 1760 3938 namque
1787 3873 2080 3926 animarum

527 3944 830 3998 vulneribus
871 3946 1016 3998 novit
1051 3943 1282 4005 mederi,
1315 3943 1407 3997 sed
1441 3951 1495 3997 et
1537 3943 1833 3997 recentibus
1864 3943 2081 3996 velocis-

527 4017 717 4066 simum
739 4017 837 4066 scit
864 4013 1115 4068 adhibere
1140 4014 1462 4079 remedium,
1485 4023 1641 4081 atque
1671 4013 1876 4066 intactis
1906 4027 2083 4081 perse-

528 4083 818 4137 verantiam
863 4085 1046 4136 salutis
1071 4082 1350 4148 adhibere;
1379 4083 1471 4137 sed
1510 4093 1564 4137 et
1608 4083 1862 4136 universis
1891 4084 2084 4152 pariter

569 4153 862 4207 assionibus
911 4153 1218 4212 subvenire,
1265 4169 1382 4221 qum
1437 4152 1880 4206 dominationibus
1923 4154 2082 4206 variis

569 4168 862 4207 assminuus
911 4168 1218 4212 subvenire,
1265 4169 1382 4221 qua)
1437 4168 1880 4206 nominationibus
1923 4168 2081 4206 varns

531 4168 788 4277 Ειιιιιωιειε
824 4222 1026 4275 animas
1068 4231 1285 4290 angunt.
1333 4223 1397 4277 Et
1425 4221 1526 4276 hoc
1579 4222 1677 4276 sub
1725 4221 2081 4276 modulatione

529 4291 751 4362 quadam
779 4302 831 4346 et
858 4291 1148 4345 delectabili
1171 4306 1363 4345 canore
1388 4333 1402 4355 ,
1434 4291 1714 4345 lmmanum
1743 4293 1983 4362 animum
2006 4291 2080 4361 (b)

528 4360 594 4418 ad
625 4362 926 4432 pudicitiam
968 4371 1299 4432 provocante.
1331 4362 1588 4427 Quoniam
1615 4361 1824 4430 quidem
1852 4360 2082 4429 Spiritus

527 4429 741 4488 Sanctus
770 4429 1339 4488 videus’obluclantem
1368 4446 1429 4484 ac
1458 4429 1790 4487 resistentem
1821 4447 1848 4484 a
1879 4432 2082 4484 virtutis

527 4503 611 4558 via
639 4503 850 4558 humani
877 4501 1084 4574 generis
1119 4503 1371 4574 animum,
1404 4510 1455 4553 et
1477 4500 1546 4574 _ad
1567 4501 1938 4574 delectationes
1964 4502 2082 4574 vita:

528 4575 694 4643 magis
724 4570 957 4629 inclinari
977 4613 994 4635 .
1025 4571 1178 4643 quam
1217 4570 1284 4625 ad
1315 4571 1518 4643 virtutis
1548 4579 1746 4643 rectum
1780 4573 1879 4643 iter
1900 4572 2027 4641 erigi
2064 4611 2079 4635 ,

531 4640 928 4700 delectabilibns
969 4641 1193 4697 modulis
1235 4640 1510 4694 cantilena:
1548 4641 1652 4694 vim
1695 4657 1803 4696 sua:
1832 4640 2082 4696 doctrinm

527 4715 834 4782 permiscuit
861 4714 930 4782 (c)
959 4731 972 4778 ;
1005 4723 1061 4766 ut
1089 4713 1212 4766 dum
1246 4711 1500 4765 suavitate
1534 4712 1785 4782 carminis
1825 4712 2084 4766 mulcetur

531 4781 738 4839 auditus
760 4824 775 4849 ,
805 4784 967 4846 divini
1013 4782 1272 4837 sermonis
1313 4783 1506 4850 pariter
1534 4781 1728 4835 utilitas
1776 4781 2036 4836 inseratur
2065 4800 2077 4836 :

528 4854 811 4909 secundum
843 4853 1104 4921 sapientes
1128 4853 1380 4916 medicos,
1409 4851 1495 4921 qui
1526 4851 1568 4905 si
1594 4850 1804 4920 quando
1831 4867 1956 4906 usus
1985 4870 2080 4920 po-

529 4925 755 4992 poseerit
799 4931 855 4976 ut
899 4924 1184 4977 ansteriora
1231 4923 1609 4977 medieamenta
1654 4923 1808 4990 tegris
1854 4921 2078 4978 offerant

527 4994 871 5058 mortalibus;
904 5008 969 5046 ne
996 5008 1134 5062 inger
1162 4993 1434 5048 utilitatem
1469 5008 1575 5062 pra:
1611 4992 1914 5048 austeritate
1943 4992 2084 5046 relu-

525 5065 664 5132 giat,
691 5081 780 5119 ora
808 5078 870 5118 ac
899 5066 1224 5116 summitates
1251 5064 1419 5132 poculi
1448 5079 1552 5133 quo
1590 5062 1877 5117 remedium
1909 5063 2080 5130 porri-

525 5146 672 5205 gunt,
703 5134 858 5190 melle
881 5133 1266 5205 circumlinunt.
1295 5133 1576 5203 Propterea
1603 5149 1730 5205 ergo
1757 5133 2080 5205 Psalmorum

525 5203 677 5260 nobis
729 5219 822 5274 per
873 5203 1111 5274 modulos
1136 5215 1274 5274 _apta
1315 5214 1439 5257 sunt
1477 5204 1730 5268 carmina,
1759 5213 1816 5257 ut
1862 5203 1951 5274 qui
1999 5203 2083 5274 vel

525 5283 678 5330 aetate
725 5271 908 5341 puerili
935 5315 948 5334 ,
976 5273 1058 5327 vel
1086 5271 1448 5327 adolescentes
1486 5283 1608 5328 sunt
1636 5271 1905 5338 moribus,
1932 5272 2081 5341 quasi

523 5345 790 5400 cantilena
857 5343 1079 5412 quadam
1143 5341 1426 5412 psallentes
1477 5343 1725 5398 delectari
1785 5344 2082 5398 videantur.

526 5415 728 5472 Revera
754 5411 896 5501 enim
925 5415 1127 5468 animas
1157 5411 1453 5467 illuminant
1496 5428 1558 5468 ac
1587 5425 1837 5470 mentem.
1869 5413 2084 5468 Plurimi

605 5550 654 5604 al
679 5549 815 5604 Alias,
837 5545 1046 5597 historia.

605 5611 654 5674 ὁ)
680 5611 815 5674 Alias.
836 5621 1060 5674 δςηξιιῖηο-
1097 5667 1108 5674 .
1175 5673 1180 5674 ν
1451 5666 1462 5674 .
1504 5665 1514 5674 .
1687 5664 1715 5674 ξ.

605 5565 634 5600 a
679 5550 815 5604 Alias,
837 5550 1046 5597 historia.

605 5613 632 5663 b
680 5611 815 5671 Alias,
836 5621 1039 5660 sensum.
1251 5665 1262 5676 .
1705 5664 1715 5674 .

605 5687 632 5724 c
679 5673 816 5732 Alias,
841 5668 1004 5732 dirigi,
1027 5665 1330 5738 deiectabtles
1352 5665 1566 5718 modulos
1589 5664 1836 5717 contuente
1879 5677 1988 5715 cum
2008 5678 2083 5717 se-

582 5749 598 5786 ι
651 5735 832 5786 octrina
856 5732 1141 5786 nerndsctut.
1605 5742 1620 5758 -

525 5731 600 5788 tia
619 5731 832 5788 doctrina
856 5731 1141 5798 perhdscuit.
1605 5742 1620 5758 ·

2188 2971 2326 3046 enim
2351 2990 2416 3028 ex
2445 2975 2524 3029 his
2552 2977 2637 3046 qni
2665 2977 2717 3030 in
2742 2977 3030 3031 Ecclesiam
3056 2986 3353 3031 commeant
3376 3019 3391 3042 ,
3424 2991 3594 3046 neque
3620 2993 3750 3045 apo-

2185 3043 2368 3122 stolica
2398 3043 2653 3122 przecepta
2678 3046 2829 3122 facile
2860 3056 3079 3122 possunt
3101 3063 3318 3122 ,_neque_
3339 3043 3641 3122 prophetica
3658 3043 3748 3104 vel

2186 3111 2382 3179 liquido
2400 3111 2638 3182 discer‘e,
2665 3119 2743 3171 vel
2771 3111 2890 3173 cum
2916 3117 3194 3172 didicerint
3221 3111 3471 3178 retinere;
3503 3117 3744 3174 Psalmo-

2185 3196 2300 3256 rum
2344 3200 2470 3256 vero
2509 3202 2756 3256 responsa
2799 3197 2853 3242 et
2895 3189 3028 3242 intra
3056 3189 3261 3252 domos,
3294 3188 3557 3241 interdum
3587 3189 3749 3242 etiam

2187 3251 2237 3332 in
2259 3251 2697 3332 _publico‘can'unt
2721 3276 2733 3310 :
2761 3265 2817 3312 et
2835 3259 3148 3332 sicubiqnis
3177 3251 3414 3332 quamvis
3419 3256 3553 3332 _fero
3581 3273 3644 3332 ac
3666 3274 3751 3311 ra-

2187 3321 2457 3402 bidissimo
2487 3325 2664 3382 furore
2695 3338 2950 3402 raptctur,
2979 3329 3021 3381 si
3051 3321 3208 3382 'forte'
3237 3327 3613 3402 fuerit_Psalmi
3642 3369 3656 3391 ,
3691 3339 3750 3402 ut

2187 3393 2256 3463 ita
2286 3393 2526 3456 dixerint.
2553 3393 2870 3452 carminibus
2921 3399 3249 3463 incantatus,
3275 3398 3526 3452 continuo
3572 3400 3747 3454 omnis

2185 3461 2361 3535 rabies
2389 3464 2671 3521 ferocitatis
2699 3468 2812 3535 ejus
2833 3468 3088 3522 abscedit.

2220 3602 2230 3612 ο
2258 3533 2508 3612 l'salmus
2541 3533 2892 3612 tranquillitas
2933 3539 3228 3612 animorum
3272 3545 3373 3612 _est,
3401 3538 3618 3612 signifer
3643 3554 3742 3607 pa-

2185 3605 2282 3678 cis,
2315 3605 2734 3678 perturbationes
2761 3609 2840 3662 vel
2863 3609 3052 3662 ﬂuctus
3075 3605 3744 3678 cogitationumcohibens,

2187 3671 2506 3728 iracundiam
2535 3679 2827 3745 reprimens
2847 3720 2860 3738 ,
2889 3679 3065 3732 luxum
3096 3671 3382 3747 re'pellens,
3409 3679 3747 3732 sobrietatem

2186 3755 2471 3816 suggerens
2495 3787 2508 3807 ,
2541 3748 2820 3800 amicitiam
2851 3763 3176 3816 congregans
3197 3790 3211 3812 ,
3241 3747 3506 3801 adducens
3536 3747 3586 3801 in
3617 3763 3750 3801 con-

2187 3814 2418 3885 cordiam
2467 3817 2856 3885 discrepantes,
2915 3814 3263 3872 reconcilians
3309 3817 3573 3871 inimicos.
3620 3819 3750 3885 Quis

2188 3884 2326 3957 enim
2374 3887 2508 3957 ultra
2540 3884 2807 3942 inimicum
2846 3888 2987 3942 dicat
3009 3904 3130 3942 eum
3151 3931 3166 3949 ,
3199 3905 3318 3943 cum
3346 3902 3450 3957 quo
3496 3884 3656 3941 unam
3683 3889 3750 3942 ad

2190 3953 2351 4026 Deum
2384 3955 2573 4011 Psalmi
2617 3959 2852 4012 emiserit
2881 3958 3100 4012 vocem?
3133 3959 3213 4012 Ex
3259 3953 3376 4026 quo'
3411 3958 3740 4024 intelligitur,

2186 4025 2328 4092 quia,
2355 4027 2490 4094 quod
2521 4030 2752 4082 omnitnn
2799 4029 3055 4083 bonorum
3100 4025 3383 4082 maximum
3425 4037 3539 4089 est,
3578 4028 3750 4081 chari-

2190 4102 2345 4148 tatein
2379 4097 2616 4152 Psaltnns
2661 4099 2953 4159 instaurat,
2998 4099 3420 4167 conjunctionem
3469 4100 3750 4165 quamdam

2187 4179 2284 4287 Fer
2309 4171 2705 4223 consonantiam
2739 4169 2880 4239 _vocis
2905 4167 3168 4231 efliciens,
3201 4179 3253 4222 et
3280 4169 3545 4222 diversum
3578 4182 3749 4236 popu-

2209 4251 2293 4287 ttm
2343 4238 2496 4287 unius
2523 4240 2670 4287 chori
2703 4255 2795 4287 ner
2840 4238 3175 4287 concordiam
3225 4251 3456 4287 consona
3506 4237 3748 4287 modula-

2209 4251 2293 4308 um
2343 4238 2496 4292 unius
2523 4240 2670 4293 chori
2703 4237 2795 4308 per
2840 4238 3175 4293 concordiam
3225 4251 3456 4291 consona
3506 4237 3748 4290 modula-

2189 4305 2331 4359 tione
2377 4305 2717 4362 consociansi
2757 4309 2994 4362 Psalmus
3020 4309 3287 4362 daemones
3314 4308 3482 4375 fugat,
3518 4309 3750 4376 Angelos

2187 4376 2252 4428 ad
2280 4377 2596 4446 adiutorium
2625 4379 2828 4432 invitat.
2848 4379 3064 4434 Scutum
3094 4381 3233 4433 enim
3265 4378 3314 4431 in
3345 4378 3615 4432 nocturnis
3649 4389 3749 4431 ter-

2188 4447 2393 4500 roribus
2421 4490 2436 4512 ,
2468 4447 2881 4518 diurnorumqne
2928 4450 3137 4518 requies
3168 4458 3250 4505 est
3274 4448 3512 4502 laborum
3538 4489 3552 4509 ,
3587 4449 3747 4502 tutela

2189 4517 2364 4584 pueris
2387 4560 2400 4578 .
2428 4519 2708 4586 juvenibus
2751 4517 3145 4581 ornamentum,
3194 4519 3430 4572 solamen
3488 4518 3702 4572 senibus
3729 4559 3746 4580 ,
3777 4529 3787 4538 ‘

2188 4587 2495 4658 mulieribus
2539 4590 2842 4658 aptissimus
2869 4589 3048 4644 decor.
3086 4591 3331 4643 Desertus
3361 4587 3594 4642 habitare
3625 4588 3748 4658 facit

2190 4657 2345 4730 urbes
2369 4699 2382 4720 ,
2409 4657 2746 4716 sobrietatem
2773 4660 2927 4714 docet
2959 4677 2971 4713 :
3004 4659 3370 4730 incipientibus
3412 4659 3634 4726 primum
3663 4657 3746 4711 ef-

2191 4726 2362 4799 ficitur
2390 4730 2709 4786 elementum
2730 4771 2744 4793 ,
2777 4726 3168 4799 proﬁcientibus
3197 4731 3593 4791 incrementum,
3629 4743 3752 4795 pet»

2191 4797 2340 4853 fectis
2364 4801 2551 4855 stabile
2578 4797 2964 4854 firmamentum
2988 4841 3001 4863 ,
3035 4801 3192 4854 totius
3221 4799 3470 4853 Ecclesiae
3499 4813 3600 4850 vox
3626 4811 3748 4849 una.

2190 4869 2428 4924 Psalmus
2473 4873 2836 4926 solemnitatcs
2882 4871 3099 4926 decorat
3139 4888 3151 4924 :
3197 4869 3438 4924 Psalmus
3484 4867 3750 4920 tristitiam

2189 4956 2306 5008 quae
2334 4949 2548 5008 propter
2593 4942 2756 4995 Deum
2802 4950 2916 5006 est,
2965 4941 3133 4994 mollit
3164 4959 3176 4993 :
3210 4941 3449 4994 Psaltnus
3494 4938 3652 5008 etiam
3681 4952 3750 4990 ex

2189 5007 2350 5065 eorde
2381 5011 2585 5080 lapideo
2630 5014 2887 5086 lacrymas
2931 5021 3124 5086 movet.
3154 5010 3398 5086 Psalmns
3427 5007 3748 5086 angelorum

2190 5095 2322 5147 opus
2349 5077 2467 5149 est',
2495 5077 2818 5137 exercituum
2858 5081 3151 5136 caelestium
3214 5079 3482 5149 spirituale
3530 5077 3756 5148 thymia-

2191 5166 2296 5205 nia.
2325 5148 2370 5204 0
2399 5167 2520 5207 vere
2563 5151 2854 5206 admirandi
2896 5151 3128 5220 magistri
3167 5148 3377 5220 sapiens
3405 5149 3697 5220 institutum
3726 5187 3744 5211 ,

2193 5232 2249 5276 nt
2275 5222 2428 5274 simul
2460 5233 2508 5276 et
2551 5233 2762 5276 cantare
2791 5219 3064 5276 videamur
3086 5263 3101 5285 ,
3131 5233 3185 5276 et
3209 5219 3347 5288 quod
3377 5219 3442 5272 ad
3471 5219 3749 5272 utilitatem

2191 5293 2380 5346 anima:
2428 5293 2689 5360 pertinet,
2716 5290 3019 5346 doceamur!
3057 5293 3155 5347 Per
3197 5290 3336 5360 quod
3364 5288 3530 5357 magis
3567 5303 3752 5342 neces-

2193 5365 2329 5417 saria
2371 5363 2608 5416 doctrina
2658 5362 2851 5415 nostris
2887 5363 3148 5416 mentibus
3174 5361 3483 5414 informatur
3516 5375 3528 5410 :
3561 5374 3656 5427 pro
3687 5373 3752 5412 eo

2191 5433 2330 5504 quod
2363 5434 2402 5486 si
2425 5450 2524 5504 qua
2559 5448 2650 5501 per
2675 5433 2778 5485 vim
2824 5441 2877 5484 et
2903 5432 3261 5504 difﬁcultatem
3282 5430 3517 5504 aliquam
3556 5427 3754 5481 animis

2196 5501 2388 5558 nostris
2416 5503 2607 5558 fuerint
2647 5505 2863 5562 inserta.
2901 5505 3152 5557 continuo
3174 5501 3502 5560 dilabuntur;
3531 5513 3592 5550 ea
3622 5513 3750 5552 vero

2194 5591 2312 5644 qua:
2341 5590 2458 5628 cum
2489 5575 2654 5638 gratia
2682 5582 2736 5644 et
2755 5573 3037 5629 dilectione
3063 5573 3411 5640 suscepimus,
3444 5568 3624 5644 nescio
3649 5583 3719 5644 qu

2196 5638 2348 5714 pacto
2376 5645 2540 5714 magis
2589 5643 2821 5698 residere
2853 5647 2901 5698 in
2951 5638 3241 5704 mentibus,
3283 5656 3353 5714 ac
3391 5639 3659 5714 ttietnorize
3687 5638 3732 5690 vi

2196 5709 2676 5771 denturinliairere.
2711 5715 2846 5784 Quid
2886 5726 3060 5770 autem
3089 5725 3188 5780 est,
3218 5711 3357 5783 quod
3388 5726 3493 5766 non
3523 5709 3761 5764 discatur
