4046 6200
479 300 3696 370 Μ

1626 378 2034 506 εᾸΝεΤι
2107 427 2580 502 AURELII

1445 598 2721 766 AUGUSTINI

1592 822 1599 829 ⁶
1638 871 2146 936 HIPPONENSIS
2185 870 2532 934 EPISCOPI

644 1018 2184 1186 ENARRATIONES
2269 1028 2471 1172 IN
2542 966 3520 1229 PSALMOS.

1546 1384 1833 1448 PSALMI
1877 1381 2097 1444 PRIMI
2138 1368 2622 1443 ENARRATIO.
2670 1333 2679 1342 ’

539 1541 592 1595 l.
607 1538 754 1613 [vers.
779 1535 855 1609 1.]
886 1535 1067 1591 Beatus
1082 1534 1156 1587 uir
1177 1533 1260 1604 qui
1285 1549 1383 1587 non
1410 1532 1528 1585 abiit
1552 1531 1606 1583 in
1624 1528 1829 1582 consilio
1853 1525 2034 1595 impio-

470 1647 579 1686 rum
607 1646 623 1685 :
654 1630 720 1685 de
746 1628 967 1683 Domino
994 1634 1179 1681 nostro
1201 1623 1325 1679 Jesu
1348 1622 1578 1686 Christo,
1601 1620 1703 1676 hoc
1748 1626 1833 1674 est
1860 1616 2033 1671 homi-

471 1738 540 1779 tte
591 1723 865 1777 Dominico
890 1719 984 1793 (a),
1014 1716 1376 1787 accipiendum
1407 1722 1507 1770 est.
1538 1713 1719 1768 Beatus
1738 1712 1812 1766 vir
1834 1710 1915 1780 qui
1934 1725 2034 1762 non

469 1819 590 1872 abiit
621 1818 674 1870 in
709 1816 916 1871 consilio
952 1814 1221 1884 impiorum
1245 1827 1264 1865 :
1295 1812 1432 1866 sicut
1468 1808 1625 1863 homo
1668 1798 1910 1862 terrenus
1946 1802 2034 1873 qui

470 1912 621 1964 uxori
646 1906 915 1962 censensit
941 1905 1175 1974 decepta:
1213 1918 1245 1957 a
1276 1910 1540 1971 serpente,
1570 1908 1631 1953 ut
1655 1898 1747 1953 Dei
1772 1903 2036 1967 praecepta

470 1997 785 2069 praeteriret.
810 1993 879 2050 Et
903 1997 955 2050 in
983 1996 1062 2049 via
1089 2001 1401 2066 peccatorum
1424 2007 1524 2045 non
1542 1990 1676 2045 stetit
1706 2004 1725 2043 :
1753 1987 1873 2058 quia
1893 1984 2039 2041 venit

469 2087 678 2159 quidem
722 2087 774 2142 in
810 2087 893 2141 via
930 2094 1286 2157 peccatorum,
1328 2082 1591 2139 nascendo
1616 2081 1751 2136 sicut
1788 2088 2036 2149 peccato-

470 2193 588 2243 res;
635 2178 728 2233 sed
770 2194 876 2232 non
915 2178 1080 2244 stetit,
1127 2177 1250 2248 quia
1296 2191 1418 2231 eum
1463 2190 1569 2229 non
1595 2173 1763 2229 tenuit
1790 2170 2036 2229 illecebra

470 2271 755 2325 saecularis.
791 2270 857 2324 Et
885 2271 940 2324 in
967 2271 1207 2324 cathedra
1232 2269 1523 2340 pestilentia:
1549 2283 1649 2322 non
1672 2267 1842 2321 sedit:
1869 2263 2038 2318 noluit

471 2378 689 2433 regnum
719 2372 985 2418 terrenum
1023 2377 1141 2418 cum
1181 2361 1454 2431 superbia;
1495 2375 1613 2430 quae
1640 2358 1757 2413 ideo
1784 2356 2034 2418 cathedra

473 2453 783 2524 pestilentia:
815 2462 958 2508 recte
992 2452 1315 2522 intelligitur,
1344 2453 1466 2522 quia
1492 2466 1597 2505 non
1621 2449 1736 2505 fere
1761 2449 2037 2519 quisquam

469 2554 554 2600 est
590 2545 677 2614 qui
723 2554 902 2599 careat
943 2560 1122 2598 amore
1167 2543 1470 2599 dominandi
1511 2550 1564 2597 et
1602 2542 1881 2596 humanam
1932 2556 2038 2595 non

470 2644 683 2707 appetat
706 2637 960 2707 gloriam;
985 2636 1284 2705 pestilentia
1299 2644 1381 2690 est
1404 2634 1545 2690 enim
1567 2633 1783 2688 morbus
1798 2633 1901 2687 late
1924 2647 2041 2704 per-

472 2736 707 2798 vagatus,
746 2736 798 2782 et
822 2742 1008 2783 omnes
1043 2737 1134 2782 aut
1165 2742 1302 2798 pene
1334 2740 1520 2782 omnes
1545 2725 1836 2781 involvens.
1863 2725 2041 2794 Quan-

471 2835 627 2888 quam
650 2820 1095 2875 accommodatius
1118 2820 1405 2889 accipiatur
1427 2819 1677 2875 cathedra
1703 2818 2037 2890 pestilentiae,

475 2909 764 2978 perniciosa
808 2909 1066 2976 doctrina,
1119 2910 1271 2980 cujus
1317 2925 1494 2965 sermo
1537 2918 1599 2964 ut
1639 2925 1831 2966 cancer
1875 2909 2042 2980 serpit

475 2999 540 3070 (ll
575 3000 704 3055 Tim.
733 3017 788 3065 ιι,
817 3001 925 3071 17).
972 3001 1169 3057 Deinde
1211 3001 1621 3058 considerandus
1658 3012 1742 3057 est
1764 3000 1895 3056 ordo
1921 3016 2042 3057 ver-

474 3093 682 3159 borum,
709 3093 846 3159 abiit,
873 3094 1025 3158 stetit,
1052 3094 1217 3149 sedit:
1236 3094 1365 3148 abiit
1383 3095 1523 3149 enim
1551 3093 1659 3156 ille,
1677 3109 1794 3149 cum
1821 3094 2041 3149 recessit

474 3201 503 3239 a
535 3185 676 3250 Deo;
709 3186 871 3252 stetit,
899 3200 1018 3241 cum
1048 3185 1339 3240 delectatus
1363 3194 1445 3241 est
1467 3195 1714 3255 peccato;
1735 3184 1890 3250 sedit,
1917 3198 2037 3239 cum

478 3275 531 3330 in
572 3290 666 3330 sua
696 3276 941 3346 superbia
980 3274 1341 3351 conﬁrmatus,
1385 3276 1560 3332 redire
1584 3291 1688 3330 non
1719 3277 1905 3345 potuit,
1936 3275 2038 3332 nisi

474 3380 572 3434 per
596 3382 715 3421 eum
744 3366 1014 3431 liberatus,
1045 3367 1133 3436 qui
1168 3382 1338 3436 neque
1362 3365 1489 3421 abiit
1522 3366 1573 3421 in
1602 3366 1824 3421 consilio
1854 3366 2040 3435 impio-

474 3471 612 3521 rum,
642 3472 741 3511 ncc
767 3457 821 3510 in
849 3458 929 3511 via
978 3464 1307 3525 peccatorum
1350 3460 1514 3521 stetit,
1544 3472 1643 3512 nec
1691 3457 1742 3511 in
1790 3456 2037 3511 cathedra

475 3548 785 3619 pestilentia:
809 3548 964 3602 sedit.

543 3639 595 3693 2.
611 3638 758 3712 [vers.
775 3637 855 3711 2.]
878 3640 981 3694 Sed
999 3640 1051 3693 in
1073 3639 1176 3712 lege
1195 3638 1396 3694 Domini
1416 3640 1509 3712 fuit
1530 3640 1753 3694 voluntas
1771 3641 1898 3711 ejus,
1916 3648 1962 3694 et
1986 3640 2040 3694 in

475 3732 581 3803 lege
607 3733 714 3803 ejus
756 3730 1072 3785 meditabitur
1110 3733 1190 3785 die
1231 3747 1291 3784 ac
1332 3740 1491 3785 nocte.
1528 3730 1677 3785 Iusto
1716 3747 1815 3784 non
1853 3741 1923 3785 est
1959 3731 2042 3784 lea:

475 3839 658 3893 posita,
689 3834 744 3878 ut
774 3825 900 3879 dicit
930 3825 1214 3894 Apostolus
1244 3823 1286 3898 (ι
1314 3823 1448 3878 Tim.
1481 3840 1520 3891 ι,
1548 3824 1642 3896 9);
1673 3824 1765 3879 sed
1791 3823 1932 3878 aliud
1959 3832 2041 3878 est

474 3931 593 3970 esse
614 3917 664 3969 in
690 3917 823 3985 lege,
846 3917 989 3971 aliud
1009 3918 1106 3972 sub
1129 3917 1244 3988 lege
1263 3936 1275 3970 :
1294 3917 1383 3987 qui
1412 3925 1494 3973 est
1512 3917 1564 3972 in
1588 3917 1725 3988 lege,
1750 3916 2038 3972 secundum

477 4006 643 4076 legem
671 4006 803 4079 agit;
839 4007 926 4077 qui
955 4016 1036 4062 est
1056 4008 1155 4061 sub
1180 4009 1317 4079 lege,
1348 4007 1634 4064 secundum
1660 4007 1826 4079 legem
1848 4008 2036 4078 agitur.

477 4096 567 4150 llle
594 4110 720 4165 ergo
751 4096 882 4150 liber
904 4105 1003 4163 est,
1046 4098 1143 4153 iste
1177 4114 1380 4153 servus.
1424 4098 1621 4153 Deinde
1650 4098 1791 4153 aliud
1832 4107 1914 4153 est
1953 4099 2040 4154 lex

475 4201 593 4256 quae
618 4184 881 4250 scribitur,
920 4195 973 4240 et
999 4186 1284 4255 imponitur
1319 4189 1599 4253 servienti;
1635 4188 1777 4244 aliud
1810 4189 1894 4245 lex
1922 4204 2039 4258 qua:

477 4286 652 4332 incute
680 4277 1018 4347 conspicitur,
1041 4277 1108 4331 ab
1131 4293 1196 4332 eo
1220 4280 1307 4348 qui
1331 4294 1434 4333 non
1466 4280 1663 4351 indiget
1686 4280 1891 4334 litteris.
1923 4279 2038 4333 Me-

474 4371 709 4424 ditabitur
733 4370 813 4424 die
839 4387 897 4422 ac
924 4383 1064 4423 nocte
1100 4386 1118 4425 :
1157 4379 1246 4425 aut
1280 4371 1808 4428 sineintermissione
1850 4371 2038 4427 intelli-

473 4462 700 4531 gendum
739 4470 854 4525 est;
893 4470 982 4515 aut
1018 4462 1099 4515 die
1138 4461 1187 4514 in
1217 4461 1413 4524 laetitia,
1440 4472 1580 4517 nocte
1606 4464 1658 4517 in
1687 4463 2036 4517 tribulationi-

475 4553 605 4618 bus;
628 4554 816 4610 dicitur
838 4554 979 4609 enim
1012 4572 1026 4609 :
1051 4554 1304 4608 Abraham
1328 4555 1458 4607 diem
1483 4572 1646 4608 meum
1672 4557 1812 4617 vidit,
1835 4568 1881 4610 et
1900 4557 2038 4627 gaui-

473 4661 559 4699 sus
597 4655 685 4729 est
717 4645 890 4717 (Joan.
932 4662 1058 4712 vnt,
1095 4647 1217 4717 56);
1257 4654 1312 4700 et
1342 4646 1408 4701 de
1449 4646 1783 4701 tribulatione
1809 4648 2034 4702 dicitur:

474 4726 692 4807 Insuper
726 4746 772 4790 et
811 4754 963 4807 usque
989 4738 1056 4791 ad
1092 4748 1283 4794 noctem
1322 4738 1701 4793 cmendaveruut
1741 4740 1757 4770 ¹
1795 4757 1872 4793 me
1899 4757 2039 4795 renes

469 4828 569 4883 mei
597 4825 766 4896 (Psal.
794 4843 879 4891 xv,
907 4830 981 4895 7).

543 4918 595 4973 5.
637 4914 787 4990 [vers.
815 4915 890 4990 5.]
921 4917 984 4971 Et
1012 4920 1100 4973 erit
1127 4930 1361 4994 tanquam
1386 4920 1575 4992 lignum
1593 4921 1726 4989 quod
1758 4921 2036 4993 plautatum

472 5017 540 5063 est
565 5010 836 5063 secundum
856 5010 1091 5065 decursus
1114 5030 1353 5082 aquarth
1376 5030 1394 5068 :
1422 5013 1473 5068 id
1498 5022 1599 5079 εει,
1632 5023 1723 5068 aut
1748 5016 2035 5069 secundum

476 5115 636 5167 ipsam
669 5101 1007 5168 Sapientiam,
1036 5118 1151 5171 qua:
1187 5105 1395 5174 dignata
1439 5116 1520 5160 est
1562 5106 1826 5160 hominem
1870 5108 2039 5161 susci-

475 5208 596 5260 pere
633 5193 696 5245 ad
740 5194 958 5246 salutem
1007 5204 1271 5257 nostram;
1306 5206 1362 5250 ut
1391 5200 1501 5266 ipse
1531 5200 1686 5253 homo
1726 5202 1795 5254 sit
1840 5201 2032 5268 lignum

474 5287 757 5354 rlantntum
781 5286 1066 5340 secundum
1089 5288 1342 5344 decursus
1375 5308 1628 5360 aquarum
1660 5311 1672 5346 :
1704 5303 1875 5363 potest
1894 5295 2034 5349 enim

532 5422 546 5489 ἐ
575 5426 898 5489 Νονειιιμεε..
923 5420 1274 5489 ἰηεξεριιεῃοιι.
1303 5423 1402 5482 Αιιι,
1422 5432 1640 5486 quatuor,
1656 5425 2032 5489 increpawrzmt.

472 5488 688 5549 Attamen
713 5482 829 5530 inl'ra
855 5483 900 5531 in
926 5482 1104 5533 rsahuo
1132 5485 1201 5544 15,
1237 5497 1426 5547 omnes,
1439 5482 1633 5548 praeter
1645 5482 1809 5547 unum,
1836 5489 2033 5549 habent,

467 5544 850 5593 ernendaverunt.

529 5607 606 5672 (λα),
633 5612 724 5672 Hoc
749 5620 794 5656 ιιι
816 5611 1047 5672 tttetract.
1065 5620 1147 5656 xxx
1168 5609 1456 5670 Augustinus
1488 5607 1737 5672 improbat,
1759 5610 1884 5672 quod
1905 5611 2035 5661 chri-

473 5665 824 5735 tumltumimuu
855 5668 1166 5729 Dominicum,
1205 5665 1313 5732 post
1351 5665 1585 5735 quosdam
1624 5665 1743 5724 licet
1763 5665 2029 5725 catholicos

447 5732 721 5791 scriptores,
740 5732 936 5782 dixerit.

2140 1532 2194 1578 et
2222 1523 2322 1578 hoc
2346 1523 2611 1579 intellectu
2640 1525 2824 1596 accipi,
2857 1526 2997 1597 quod
3025 1527 3077 1583 in
3103 1529 3208 1584 alio
3242 1531 3444 1602 psalmo
3469 1533 3660 1593 dicitur
3683 1552 3708 1596 :

2137 1613 2349 1669 Flavius
2392 1614 2489 1670 Dei
2528 1618 2743 1686 repletus
2782 1627 2852 1672 est
2887 1636 3019 1690 aqua
3055 1620 3229 1690 (Psal.
3274 1638 3413 1690 utv,
3446 1626 3556 1695 10).
3600 1629 3712 1687 Aut.

2138 1707 2426 1763 secundum
2465 1708 2716 1779 Spiritum
2749 1721 3007 1777 sanctum,
3047 1716 3334 1772 secundum
3377 1736 3532 1790 quem
3571 1723 3708 1779 dici—

2140 1805 2224 1852 tur
2255 1815 2269 1851 :
2303 1798 2329 1851 1
2337 1816 2423 1867 pse
2456 1817 2541 1854 vos
2577 1801 2844 1871 baptizabit
2872 1804 2922 1856 in
2963 1804 3159 1875 Spiritu
3190 1817 3360 1862 sancto
3388 1810 3593 1881 (Matth.
3626 1830 3704 1881 tu,

2139 1887 2262 1961 il);
2293 1897 2347 1943 et
2375 1889 2502 1966 illud
2527 1906 2539 1941 :
2574 1890 2675 1958 Qui
2697 1892 2819 1959 sitit,
2841 1894 3022 1958 ueniat,
3043 1906 3091 1950 et
3112 1895 3242 1950 bibat
3261 1898 3437 1970 (Joan.
3463 1918 3553 1970 vn,
3579 1904 3704 1975 37);

2138 1988 2189 2035 et
2235 1980 2363 2036 illud
2402 1998 2415 2035 :
2449 1982 2510 2037 Si
2542 1984 2694 2039 scires
2733 1985 2921 2039 donum
2961 1985 3075 2050 Dei,
3112 1997 3162 2042 et
3197 1991 3310 2058 quis
3353 2002 3426 2046 est
3465 1996 3550 2064 qui
3584 2013 3616 2049 a
3661 2007 3709 2052 to

2138 2089 2319 2144 aquam
2353 2074 2508 2144 petit;
2534 2077 2737 2145 petisses
2759 2078 2822 2132 ab
2850 2094 2927 2145 eo,
2954 2088 3000 2133 et
3027 2080 3168 2135 daret
3194 2082 3281 2136 tibi
3311 2100 3491 2153 aquam
3522 2088 3707 2156 vivam,

2138 2164 2271 2220 unde
2293 2166 2378 2237 qui
2404 2166 2575 2221 biberit
2608 2185 2707 2223 non
2734 2170 2867 2224 sitiet
2890 2170 2943 2224 in
2975 2180 3251 2240 internum;
3283 2175 3370 2229 sed
3393 2177 3625 2247 efﬁcietur
3652 2181 3708 2234 in

2140 2275 2197 2313 eo
2224 2252 2338 2329 fans
2364 2261 2762 2335 aquaesalientis
2792 2263 2846 2316 in
2869 2263 3019 2317 vitam
3059 2273 3296 2323 intentam
3320 2267 3339 2336 (
3366 2266 3477 2335 ld.,
3511 2285 3582 2337 tv,
3619 2272 3706 2338 lt),

2141 2352 2229 2419 l5,
2259 2350 2368 2424 ﬂ).
2399 2353 2506 2407 Aut
2540 2354 2815 2408 secundum
2850 2354 3086 2411 decursus
3121 2373 3385 2427 aquarum,
3417 2363 3707 2419 secundum

2140 2444 2451 2516 populorum
2477 2456 2710 2516 peccata,
2741 2448 2861 2518 quia
2888 2458 2942 2503 et
2973 2464 3125 2521 aqua;
3150 2452 3330 2522 populi
3360 2454 3713 2526 interpretan-

2140 2544 2227 2591 tur
2253 2536 2309 2591 in
2347 2538 2663 2608 Apocalypsi
2689 2538 2869 2610 (Apoc.
2897 2556 3021 2607 xvu,
3055 2542 3182 2612 15);
3219 2552 3274 2598 et
3309 2543 3564 2609 decursus
3601 2565 3711 2604 non

2140 2626 2369 2683 absurde
2409 2626 2716 2699 intelligitur
2760 2629 2959 2698 lapsus,
3006 2632 3146 2700 quod
3198 2636 3422 2703 pertinet
3465 2637 3529 2691 ad
3578 2639 3714 2694 deli-

2141 2727 2305 2772 ctum.
2335 2717 2557 2789 Lignum
2587 2734 2713 2791 ergo
2748 2718 2893 2785 illud,
2936 2720 2990 2776 id
3015 2731 3096 2777 est
3135 2723 3383 2782 Dominus
3408 2737 3608 2796 noster,
3639 2730 3712 2788 de

2141 2812 2290 2882 aquis
2331 2811 2764 2879 decurrentibus,
2810 2812 2861 2867 id
2908 2821 2991 2868 est
3043 2815 3252 2885 populis
3298 2820 3665 2886 peccatoribus
3690 2863 3708 2887 ,

2142 2906 2358 2960 trahens
2382 2920 2476 2960 eos
2510 2906 2563 2960 in
2590 2906 2672 2959 via
2699 2905 2751 2960 iu
2795 2906 2999 2961 radices
3022 2907 3312 2978 disciplinae
3335 2924 3464 2975 sum,
3491 2912 3714 2979 fructum

2141 2995 2297 3060 dabit,
2329 2995 2430 3050 hoc
2473 3005 2575 3062 est,
2619 2996 2903 3051 constituet
2947 2996 3241 3065 Ecclesias;
3269 3000 3322 3055 in
3349 3010 3567 3073 tempore
3593 3020 3704 3058 suo.

2141 3085 2195 3141 id
2241 3096 2341 3151 est,
2392 3096 2665 3156 postquam
2721 3087 3035 3142 clariﬁcatus
3089 3099 3170 3144 est
3220 3092 3607 3149 resurrectione
3655 3103 3714 3150 et

2140 3178 2449 3234 ascensione
2469 3179 2520 3233 in
2547 3179 2762 3235 coelum.
2794 3179 2939 3234 Tunc
2959 3180 3099 3236 enim
3119 3180 3316 3252 Spiritu
3339 3194 3526 3241 sancto
3546 3186 3712 3241 misso

2139 3269 2424 3339 Apostolis,
2453 3278 2509 3325 et
2535 3270 2612 3324 eis
2640 3270 2692 3324 in
2733 3270 2920 3325 tiducia
2947 3272 3028 3326 sui
3064 3272 3386 3330 confirmatis
3412 3284 3467 3330 et
3492 3275 3711 3332 directis

2141 3362 2193 3416 in
2220 3363 2460 3433 populos.
2492 3362 2821 3418 fructiﬁcavit
2844 3364 3151 3420 Ecclesias‘.
3181 3365 3249 3419 Et
3277 3367 3455 3439 folium
3478 3369 3589 3439 ejus
3606 3387 3711 3426 non

2140 3453 2332 3507 decidet
2355 3470 2373 3507 :
2402 3453 2452 3509 id
2481 3464 2584 3516 est.
2625 3455 2843 3509 verbum
2870 3456 2984 3525 ejus
3022 3473 3127 3512 non
3168 3458 3270 3514 erit
3315 3459 3554 3526 irritum;
3584 3462 3708 3532 quia

2140 3548 2301 3601 omnis
2319 3564 2435 3602 caro
2461 3550 2672 3617 fumum,
2704 3557 2749 3601 et
2771 3547 2974 3602 claritas
2994 3548 3210 3606 hominis
3236 3560 3290 3604 ut
3308 3551 3403 3621 ﬂos
3429 3555 3585 3623 freni:
3613 3558 3711 3625 [ω-

2139 3655 2260 3691 num
2286 3640 2439 3703 aruit,
2481 3648 2527 3691 et
2557 3639 2652 3708 flos
2671 3639 2873 3704 decidit,
2900 3640 3099 3693 verbum
3126 3650 3290 3695 autem
3316 3641 3520 3697 Domini
3542 3652 3710 3698 manet

2139 3730 2192 3784 in
2215 3740 2455 3783 azternum
2477 3728 2627 3802 (lsai.
2655 3745 2741 3795 XL,
2775 3728 2917 3802 6-8).
2941 3728 3008 3784 Et
3042 3732 3209 3786 omnia
3232 3748 3550 3803 quaecumque
3577 3737 3711 3806 fece-

2139 3822 2205 3876 rit
2245 3820 2671 3893 prosperabuntur
2700 3836 2719 3875 :
2743 3820 2795 3875 id
2824 3830 2925 3890 est,
2952 3836 3298 3894 quascumque
3338 3822 3464 3880 illud
3506 3824 3710 3898 lignum

2140 3913 2406 3977 attulerit;
2429 3928 2545 3982 quae
2564 3911 2740 3967 omnia
2764 3912 3011 3969 videlicet
3032 3914 3336 3985 accipienda
3361 3926 3486 3972 sunt
3505 3917 3710 3975 fructus

2141 4013 2194 4061 et
2222 4004 2368 4071 folia,
2391 4004 2442 4059 id
2468 4012 2550 4059 est
2575 4003 2710 4058 facta
2734 4012 2787 4060 et
2811 4003 2970 4059 dicta.

2210 4096 2263 4151 ι.
2292 4093 2444 4169 [vers.
2471 4093 2550 4168 4.]
2581 4094 2702 4149 Non
2724 4096 2797 4150 sic
2816 4096 2976 4166 impii,
2995 4112 3093 4149 non
3122 4096 3323 4151 sicned
3337 4105 3572 4168 tanquam
3588 4099 3708 4169 pul—

2140 4189 2214 4243 uis
2235 4204 2378 4257 quem
2412 4188 2611 4257 projicit
2634 4197 2805 4241 uentus
2837 4204 2870 4240 a
2894 4188 3021 4258 [acie
3061 4196 3223 4241 terras.
3252 4188 3413 4243 Terra
3455 4188 3542 4245 hic
3570 4193 3710 4247 acci-

2142 4278 2326 4348 pienda
2353 4288 2433 4335 est
2457 4279 2567 4347 ipsa
2597 4278 2853 4333 stabilitas
2881 4279 2931 4332 in
2961 4280 3086 4345 Deo,
3115 4279 3401 4334 secundum
3433 4296 3592 4351 quam
3622 4283 3709 4339 di-

2140 4370 2276 4424 citur
2304 4385 2317 4418 :
2345 4368 2590 4422 Dominus
2617 4385 2733 4438 pars
2761 4368 3063 4423 haereditatis
3084 4385 3223 4435 meat,
3246 4371 3422 4424 etenim
3444 4371 3710 4428 hwreditas

2141 4478 2250 4515 mea
2278 4464 2522 4532 prteclara
2568 4472 2640 4515 est
2680 4462 2802 4516 mihi
2847 4460 3013 4530 (Psal.
3058 4477 3146 4527 xv,
3197 4463 3251 4528 5,
3298 4462 3385 4532 6);
3416 4465 3708 4521 secundum

2141 4552 2277 4608 hanc
2306 4552 2498 4608 dicitur
2537 4574 2551 4609 :
2584 4554 2788 4610 Sustine
2814 4553 3102 4616 Dominum,
3133 4562 3178 4606 et
3206 4552 3408 4608 observa
3446 4555 3549 4609 uias
3576 4557 3709 4624 ejus,

2141 4653 2186 4697 et
2210 4643 2448 4698 exaltabit
2473 4653 2539 4708 te,
2568 4656 2622 4697 ut
2662 4645 2912 4715 possideas
2936 4654 3116 4699 terram
3154 4643 3321 4717 (Psal.
3365 4663 3549 4711 χχχιιι,
3593 4647 3707 4717 54);

2141 4736 2427 4789 secundum
2456 4736 2589 4790 hanc
2613 4737 2807 4792 dicitur
2837 4754 2851 4791 :
2878 4735 3020 4791 Beati
3050 4738 3212 4801 mites,
3242 4739 3358 4807 quia
3382 4740 3477 4809 ipsi
3503 4740 3715 4793 hatred:-

2141 4835 2241 4880 tate
2282 4828 2600 4897 possidebunt
2642 4838 2823 4884 terram
2863 4828 3073 4900 (Matth.
3098 4845 3149 4894 ν,
3187 4830 3262 4901 4).
3294 4829 3590 4886 Similitudo
3615 4846 3714 4885 au-

2142 4926 2246 4972 tem
2289 4917 2408 4971 hinc
2433 4918 2589 4973 ducta
2618 4928 2736 4985 est;
2764 4920 2883 4989 quia
2922 4928 2981 4973 ut
3015 4919 3128 4974 haec
3153 4930 3291 4975 terra
3320 4922 3537 4976 visibilis
3565 4930 3714 4977 exte-

2141 5010 2338 5064 riorem
2369 5010 2632 5065 hominem
2664 5014 2830 5065 nutrit
2871 5022 2924 5065 et
2951 5014 3206 5080 continet,
3244 5014 3311 5067 ita
3343 5014 3429 5068 illa
3456 5023 3590 5069 terra
3625 5016 3710 5069 in-

2144 5103 2362 5157 visibilis
2408 5104 2709 5159 interiorem
2759 5104 3046 5159 hominem.
3094 5110 3138 5159 A
3182 5105 3332 5174 cujus
3378 5114 3533 5160 terrm
3578 5105 3712 5163 facie

2142 5194 2349 5264 projicit
2371 5204 2561 5250 ventus
2586 5195 2825 5263 impium,
2859 5194 2908 5248 id
2937 5203 3019 5249 est.
3043 5195 3306 5265 superbia,
3350 5194 3471 5263 quia
3497 5198 3516 5226 ³
3541 5196 3708 5251 inﬂat.

2140 5287 2307 5356 Quam
2329 5304 2527 5343 cavens
2551 5289 2639 5341 ille
2661 5287 2750 5357 qui
2781 5286 3137 5342 inebriabatur
3165 5287 3230 5339 ab
3259 5288 3498 5342 ubertate
3519 5288 3710 5343 domus

2142 5379 2256 5440 Dei.
2283 5386 2339 5434 et
2366 5387 2596 5435 torrente
2617 5379 2896 5446 voluptatis
2924 5378 3037 5448 ejus
3064 5379 3361 5447 putabatur,
3389 5377 3517 5434 dicit
3535 5399 3554 5434 ε
3588 5380 3710 5434 Non

2140 5468 2300 5522 uariat
2328 5468 2450 5521 mihi
2484 5485 2576 5541 pes.
2594 5467 2838 5537 superbia:
2876 5467 3046 5538 (Psal.
3085 5483 3244 5529 xxxv,
3275 5468 3328 5532 9,
3359 5469 3468 5532 ΓΞ).
3500 5472 3582 5524 Ab
3612 5476 3708 5527 huc

2142 5569 2279 5614 terra
2306 5558 2528 5628 projecit
2552 5558 2797 5628 superbia
2839 5574 2961 5616 eum
2997 5561 3086 5631 qui
3112 5558 3244 5613 dixit
3275 5576 3288 5614 :
3321 5558 3517 5613 Ponam
3546 5564 3711 5615 sedem

2132 5714 2141 5719 .
2204 5674 2222 5705 ι
2245 5680 2420 5721 Decem
2591 5672 2814 5724 Ecclesia.

2202 5737 2223 5767 ³
2244 5734 2428 5798 Aliquot
2446 5742 2569 5794 Μδεη
2593 5748 2717 5797 qua.
