4046 6200
225 330 285 389 69
894 326 950 382 S.
993 325 1351 383 AUGUSTINI
1393 323 1689 382 EPISCOPI
1731 323 1806 377 E1)

1912 323 2122 381 RATIO
2163 326 2224 381 IN
2268 327 2584 387 PSALMUM
2623 328 2686 384 Il.
3390 338 3459 392 ιο

222 460 379 496 ineant
408 444 477 495 ad
509 443 822 513 Aquilonem,
846 455 891 499 et
913 461 995 500 ero
1022 445 1198 500 similis
1228 444 1481 498 Altissimo
1502 442 1651 515 (Isai.
1681 456 1787 506 xxv,

221 535 301 595 εὖ,
334 536 447 601 M).
474 536 553 589 Ab
576 535 731 604 hujus
758 546 912 592 terrae
945 536 1077 593 facie
1104 536 1324 606 projecit
1348 536 1505 589 etiam
1533 549 1653 588 eum
1681 532 1790 603 qui,

219 642 334 679 (·ιιιιι
369 629 732 683 consensisset
766 638 820 684 et
854 637 1119 700 gustasset
1148 628 1214 682 de
1258 627 1522 697 prohibito
1548 626 1707 696 ligno,
1738 633 1797 678 ut

218 730 358 775 esset
385 721 523 773 sicut
550 721 709 785 Deus,
732 721 1004 776 abscondit
1028 736 1085 775 se
1113 736 1145 775 a
1175 720 1308 775 facie
1341 719 1428 773 Dci
1457 717 1603 791 (Gen.
1639 733 1714 781 ιιι,
1741 718 1793 780 6,

218 811 295 880 8).
326 811 480 868 Hane
519 820 718 866 terram
759 813 824 867 ad
855 813 1161 867 interiorem
1201 812 1468 866 hominem
1509 810 1795 880 pertinere,

222 911 272 955 et
310 901 440 956 inde
477 904 723 972 superbia
768 903 1034 959 hominem
1085 904 1289 974 projici,
1324 903 1549 957 maxime
1584 901 1800 971 intelligi

220 1003 400 1060 potest
438 992 491 1046 in
522 1009 587 1047 eo
628 994 769 1064 quod
800 996 1053 1065 scriptum
1089 1005 1170 1049 est
1210 1014 1223 1049 :
1259 994 1392 1060 Quid
1419 993 1640 1063 superbit
1668 1004 1800 1045 terra

188 1140 197 1144 _
224 1092 264 1136 et
296 1084 467 1137 cinis?
495 1085 728 1153 quoniam
747 1088 802 1139 in
830 1086 930 1139 vita
954 1102 1048 1138 sua
1076 1086 1283 1156 projecit
1308 1086 1482 1168 intima
1505 1101 1595 1137 sua
1617 1083 1797 1155 (Eccli.

225 1190 274 1237 ι,
309 1175 366 1240 9,
411 1175 536 1244 10);
571 1175 711 1229 unde
740 1177 881 1230 enim
926 1179 1194 1246 projectus
1217 1184 1316 1243 est,
1352 1193 1454 1230 non
1481 1173 1707 1229 absurde
1744 1188 1802 1227 se

227 1265 421 1317 dicitur
449 1266 758 1333 projecisse.

291 1356 344 1408 5.
380 1353 526 1425 Iners.
544 1354 631 1427 5.]
651 1355 775 1409 Ideo
796 1373 895 1409 non
916 1367 1177 1428 resurgunt
1203 1358 1343 1427 impii
1370 1359 1421 1411 in
1437 1355 1803 1426 judicio:ideo

230 1445 445 1509 scilicet,
474 1448 595 1515 qttia
624 1459 868 1517 tanquam
898 1449 1071 1517 pulvis
1100 1449 1449 1519 projiciuntur
1476 1464 1504 1501 a
1536 1448 1671 1503 facie
1700 1456 1805 1501 ter-

233 1552 320 1588 nc.
354 1537 420 1590 Et
450 1538 581 1590 bene
612 1538 712 1594 hoc
739 1540 816 1593 eis
844 1539 975 1592 dixit
1003 1540 1196 1593 auferri
1238 1540 1377 1608 quod
1427 1539 1640 1607 superbi
1678 1554 1793 1592 am-

234 1628 395 1691 biunt,
427 1628 480 1681 id
504 1638 586 1682 est
608 1640 665 1682 ut
681 1629 940 1698 judicent,
973 1639 1027 1683 ut
1053 1631 1153 1685 hoc
1174 1632 1341 1700 ipsum
1356 1618 1571 1699 'planius
1600 1630 1795 1684 dictum

237 1719 555 1791 intelligatur
598 1721 839 1790 sequenti
882 1722 1142 1776 sententia
1176 1720 1403 1789 :rNeque
1446 1729 1725 1791 peccatores
1754 1720 1805 1773 in

239 1812 441 1863 consitio
454 1814 729 1879 justorum.
758 1811 903 1865 Solet
927 1813 1067 1867 enim
1094 1811 1196 1866 hoc
1222 1810 1379 1866 modo
1406 1812 1573 1880 repeti
1601 1811 1806 1880 planius

236 1902 365 1972 quod
394 1904 641 1971 superius
668 1903 878 1967 dicitur,
911 1914 968 1957 ut
993 1913 1297 1973 peccatores
1321 1904 1677 1973 intelligantur
1704 1904 1806 1957 im-

237 1992 330 2060 pii;
379 2002 435 2045 et
479 1992 620 2061 quod
664 2008 819 2061 supra
851 1993 1045 2047 dictum
1076 2002 1156 2047 est
1179 1994 1232 2046 in
1246 1993 1462 2063 judicio,
1496 1993 1581 2047 hic
1609 1993 1805 2047 dictum

241 2085 305 2137 sit
330 2085 380 2136 in
409 2084 620 2137 consilio
636 2086 913 2154 justorum.
946 2086 1053 2139 Aut
1080 2095 1223 2141 certe
1252 2086 1294 2140 si
1323 2086 1466 2140 aliud
1486 2094 1608 2139 sunt
1633 2086 1802 2155 impii,

241 2176 373 2229 aliud
406 2184 749 2245 peccatores;
778 2184 839 2230 ut
871 2192 1173 2246 quanquam
1202 2178 1373 2231 omnis
1402 2178 1593 2246 impius
1620 2192 1805 2247 pecca-

242 2276 317 2319 tor
340 2268 427 2331 sit,
456 2283 562 2321 non
610 2276 787 2322 tamen
830 2269 1001 2322 omnis
1028 2278 1270 2338 peccator
1308 2269 1377 2323 sit
1414 2268 1623 2337 impius.
1653 2267 1808 2338 [mpii

243 2375 334 2411 non
366 2371 634 2429 resurgunt
662 2361 716 2413 in
738 2360 931 2429 judicio
963 2376 982 2415 :
1021 2361 1072 2415 id
1113 2370 1229 2427 est,
1270 2370 1547 2432 resurgent
1570 2362 1803 2431 qttidem,

242 2448 326 2502 sed
368 2466 471 2503 non
522 2459 579 2504 ut
617 2450 939 2519 judicentur,
966 2453 1087 2523 quia
1126 2452 1233 2522 jam
1284 2454 1454 2521 poenis
1500 2451 1808 2507 certissimis

242 2542 478 2597 destinati
531 2554 685 2608 sunt;
741 2554 1020 2614 peccatores
1065 2554 1240 2600 autem
1290 2560 1394 2600 non
1436 2554 1715 2614 resurgunt
1754 2545 1809 2597 in

243 2635 441 2687 consilio
465 2635 742 2704 justorutn,
772 2636 825 2690 id
849 2646 929 2691 est
947 2646 1007 2691 ut
1027 2636 1285 2706 judicent,
1313 2638 1403 2690 sed
1432 2636 1566 2691 forte
1593 2636 1805 2705 utjudi-

244 2736 435 2790 cetuur,
486 2736 545 2781 ut
589 2728 656 2782 de
694 2728 777 2783 his
817 2728 1013 2783 dictum
1059 2731 1127 2783 sit
1175 2748 1189 2783 :
1248 2730 1644 2802 Uniuscujusque
1681 2748 1810 2800 opus

242 2817 380 2883 quale
396 2819 481 2881 sit,
504 2819 636 2889 ignis
659 2820 885 2889 probabit
906 2837 925 2874 :
950 2822 994 2874 si
1019 2823 1163 2889 cuius
1187 2838 1312 2890 opus
1338 2824 1593 2887 manserit,
1618 2838 1806 2875 merce—

245 2910 345 2960 dem
362 2910 574 2979 accipiet
596 2927 616 2964 :
639 2912 682 2964 si
707 2914 853 2983 cujus
873 2924 1038 2966 autem
1057 2930 1181 2985 opus
1208 2924 1433 2972 exustum
1450 2915 1622 2983 fuerit,
1650 2915 1807 2967 detri—

166 3034 175 3051 .
245 3012 453 3055 mentum
484 3004 738 3072 patietur;
762 3007 871 3074 ipse
890 3014 1054 3057 autem
1074 3007 1239 3059 salvus
1267 3007 1465 3072 erit,sic
1485 3014 1647 3059 tamen
1667 3022 1809 3075 quasi

246 3094 508 3163 perignem
530 3094 569 3165 (Ι
598 3093 715 3148 Cor.
748 3111 822 3159 ιιι,
856 3097 1057 3166 15-15).

310 3184 340 3236 6
366 3181 516 3256 [vers
546 3183 623 3256 6.]
654 3185 905 3249 Quoniam
956 3188 1089 3240 novit
1118 3187 1357 3242 Dominus
1384 3189 1515 3241 viam
1550 3188 1805 3259 justorum

248 3272 337 3343 (ιι).
364 3276 823 3343 Quemadmodum
848 3278 1060 3345 dicitur,
1089 3280 1242 3333 Novit
1271 3280 1495 3334 salutem
1525 3280 1804 3345 medicina,

243 3367 451 3422 morbos
476 3377 653 3422 autem
688 3384 792 3424 non
820 3372 993 3435 novit;
1018 3381 1071 3425 et
1102 3382 1274 3426 tamen
1308 3372 1466 3425 etiam
1500 3372 1666 3426 morbi
1698 3380 1810 3443 arte

244 3456 513 3511 medicina:
550 3470 941 3529 agnoscuntur;
979 3463 1055 3515 sic
1092 3463 1191 3515 dici
1231 3470 1421 3530 potest,
1452 3477 1607 3516 nosse
1634 3463 1813 3516 Domi-

246 3563 365 3601 num
387 3549 526 3603 viam
554 3550 838 3619 iustorum,
869 3553 1004 3605 viam
1026 3567 1154 3607 vero
1179 3553 1458 3622 impiorum
1486 3535 1590 3607 non
1620 3568 1805 3619 nosse;

246 3653 342 3692 non
371 3641 494 3709 quia
523 3635 717 3709 aliquid
752 3642 1004 3696 Dominus
1040 3644 1229 3708 nescit,
1260 3652 1314 3698 et
1340 3652 1513 3698 tamen
1539 3643 1665 3698 dicit
1687 3659 1811 3713 pec-

244 3732 503 3786 caloribus
546 3750 560 3787 :
600 3730 719 3786 Non
748 3734 863 3786 novi
900 3750 983 3787 vos
1011 3732 1220 3801 (Matth.
1250 3751 1339 3797 vn,
1365 3733 1478 3806 2'5).
1502 3733 1531 3787 Ι
1538 3744 1609 3788 ter
1634 3746 1808 3789 autem

246 3810 507 3891 impiorum
536 3824 734 3893 peribit,
763 3840 858 3893 pro
885 3840 950 3879 eo
980 3825 1205 3894 positum
1234 3835 1332 3891 est,
1353 3841 1415 3879 ac
1440 3826 1482 3879 si
1509 3825 1807 3881 diceretur:

248 3913 344 3967 Iter
362 3923 538 3967 autem
567 3915 843 3983 impiorum
878 3932 981 3969 non
1010 3916 1154 3969 novit
1177 3917 1447 3970 Dominus.
1472 3915 1574 3970 Sed
1607 3917 1812 3986 planius

244 4003 436 4058 dictum
482 4017 583 4070 est,
613 4016 669 4059 ut
698 4006 797 4060 hoc
839 4008 906 4060 sit
951 4007 1140 4060 nesciri
1188 4022 1217 4060 a
1264 4007 1501 4070 Domino,
1549 4006 1687 4076 quod
1734 4014 1814 4061 est

260 4098 432 4157 nerirc.
463 4107 515 4151 et
549 4096 650 4151 hoc
680 4099 748 4151 sit
778 4099 907 4153 sciri
932 4114 963 4152 a
993 4098 1236 4163 Domino,
1268 4097 1405 4167 quod
1446 4108 1527 4151 est
1556 4113 1769 4151 manere
1796 4115 1807 4151 :

247 4198 300 4239 ut
326 4186 391 4241 ad
433 4189 704 4243 scientiam
749 4190 841 4245 Dei
882 4205 1000 4245 esse
1042 4192 1318 4260 pertineat,
1364 4190 1428 4244 ad
1468 4190 1812 4260 ignorantiam

245 4292 372 4330 vero
416 4296 515 4332 non
567 4295 719 4345 esse;
764 4283 882 4349 quia
929 4282 1181 4335 Dominus
1224 4282 1350 4336 dicit
1385 4300 1395 4334 :
1430 4283 1538 4353 Ego
1575 4298 1684 4335 sum
1729 4284 1815 4350 qui

244 4383 390 4431 sum;
416 4379 467 4422 et
497 4386 509 4421 :
544 4371 643 4433 Qui
670 4379 772 4433 est,
804 4371 934 4423 misit
958 4388 1035 4424 me
1059 4372 1251 4441 (Exod.
1284 4372 1491 4451 111,14).

724 4580 801 4640 ΙΝ
844 4581 1219 4642 PSALMUM
1262 4582 1317 4641 Il

821 4699 1232 4755 ENARRATIO.

314 4812 365 4864 1.
390 4809 409 4882 [
433 4828 558 4864 vers.
590 4812 641 4875 Ι,
662 4810 743 4884 2.]
778 4812 965 4883 thuid
1003 4817 1309 4885 fremuerunt
1338 4826 1526 4887 gentes,
1559 4827 1604 4871 et
1645 4820 1815 4887 papuli

247 4902 467 4952 meditati
496 4912 613 4953 sunt
637 4902 847 4956 inania?
871 4904 1141 4958 Astitcrunt
1168 4922 1303 4975 reges
1325 4917 1487 4972 terrae,
1507 4918 1551 4962 et
1570 4910 1817 4979 principes

246 5004 575 5046 convenerunt
606 4995 659 5048 in
706 5012 880 5059 unum,
911 4998 1147 5051 adversus
1172 4997 1461 5066 Dominum,
1503 5011 1549 5055 et
1583 5002 1818 5055 adversus

245 5087 495 5141 Christum
524 5091 653 5157 ejus.
699 5089 797 5141 Pro
824 5105 885 5142 eo
911 5089 1105 5143 dictum
1130 5100 1211 5145 est
1238 5094 1430 5159 utquid,
1471 5109 1531 5147 ac
1552 5094 1593 5147 si
1616 5094 1821 5149 dicere-

245 5189 347 5242 tur,
383 5178 578 5232 frustra
606 5198 617 5231 :
649 5195 751 5233 non
782 5180 921 5234 enim
954 5181 1299 5254 impleverunt
1337 5184 1477 5253 quod
1519 5186 1815 5251 voluerunt,

250 5282 297 5324 ιι
323 5272 569 5325 Christus
597 5272 1052 5341 cxstiugucretur;
1096 5273 1286 5328 dicitur
1313 5273 1411 5328 hoc
1441 5276 1578 5328 enim
1610 5276 1675 5329 de
1705 5293 1822 5344 per-

242 5363 578 5416 secutoribus
631 5363 853 5425 Domini,
897 5362 985 5431 qui
1022 5373 1073 5415 et
1113 5364 1164 5417 in
1209 5366 1423 5419 Aetibus
1451 5367 1817 5435 Apostolorum

243 5464 735 5507 commemorantur
763 5454 895 5520 (Act.
920 5468 994 5517 tv,
1025 5453 1137 5523 26).

312 5546 371 5599 2.
417 5543 440 5618 [
465 5563 593 5600 vers.
617 5544 695 5617 5.]
719 5544 1103 5615 Disrumpamus
1123 5547 1317 5601 vincula
1338 5564 1523 5614 eorum,
1545 5557 1589 5602 et
1609 5548 1819 5618 abjiciao

310 5720 387 5779 (a)
426 5719 555 5767 tdem
582 5732 705 5779 vers.
732 5719 763 5767 6
786 5726 1016 5769 tractatur
1037 5716 1224 5768 intrain
1260 5726 1452 5773 [mare
1476 5720 1601 5770 Psal.
1643 5734 1820 5780 χχχιιι,

252 5795 296 5829 ιι.
317 5781 377 5843 9;
408 5790 459 5832 et
482 5796 607 5838 cxu,
634 5793 681 5828 η.
708 5780 740 5830 6

1898 458 2005 494 mns
2031 461 2060 495 a
2088 444 2226 497 nobis
2242 445 2423 515 jngum
2450 446 2688 514 ipsorum.
2712 445 3018 515 Quanquam
3040 457 3093 502 et
3122 450 3286 516 possit
3306 451 3459 507 aliter

1898 532 2135 601 intelligi.
2175 543 2347 589 tamen
2388 537 2561 603 aptius
2602 552 2668 591 ex
2703 553 2885 591 eorum
2931 554 3151 606 persona
3184 543 3458 612 accipitur,

1899 639 2029 692 quos
2052 625 2177 677 dixit
2204 626 2377 679 inania
2406 626 2719 691 meditatos;
2756 640 2810 681 ut
2836 629 2934 683 hoc
2964 630 3050 696 sit,
3078 630 3463 701 Disrumpamus

1900 718 2096 769 uincula
2131 734 2320 785 eorum,
2377 730 2420 771 et
2460 722 2753 790 abjiciamus
2792 740 2821 774 a
2851 723 2989 777 nobis
3010 726 3191 795 jugum
3219 725 3468 794 ipsorum,

1901 806 2085 860 domus
2119 822 2333 875 Operam
2361 819 2415 861 ut
2448 826 2549 863 nun
2583 826 2678 864 nos
2722 813 2917 882 alliget,
2958 829 3127 883 neque
3170 815 3468 884 imponatur

1904 898 2053 951 nobis
2082 900 2365 955 christiana
2392 903 2595 971 religio.

1974 992 2024 1044 5.
2053 989 2072 1061 [
2104 1008 2229 1044 vers.
2257 992 2332 1065 4.]
2360 994 2455 1060 Qui
2481 995 2670 1047 habitat
2698 999 2748 1048 in
2775 997 2909 1050 uelis
2937 997 3156 1051 irridebit
3179 1015 3278 1061 eos,
3301 1009 3345 1051 et
3370 999 3470 1051 Do-

1903 1082 2066 1135 minus
2111 1083 2430 1137 subsonnobit
2471 1103 2570 1138 eos.
2628 1086 2863 1153 liepetita
2901 1088 3157 1141 sententia
3198 1098 3317 1141 est:
3351 1104 3468 1140 nam

1905 1187 1998 1241 pro
2025 1188 2087 1225 eo
2122 1174 2258 1241 quod
2290 1185 2389 1239 est,
2430 1176 2525 1241 Qui
2571 1176 2759 1227 habitat
2804 1178 2854 1229 in
2897 1178 3050 1240 cmlis,
3094 1179 3470 1246 subsequenter

1907 1264 2129 1330 positum
2168 1275 2267 1328 est,
2311 1264 2586 1329 Dominus;
2628 1275 2679 1320 et
2707 1282 2801 1335 pro
2832 1282 2893 1319 eo
2918 1268 3055 1335 quod
3093 1279 3192 1327 est,
3223 1268 3469 1331 irridebit,

1906 1355 2285 1423 subsequenter
2323 1356 2544 1423 positum
2586 1366 2684 1419 est,
2730 1358 3070 1410 subsannabit.
3108 1358 3243 1411 Nihil
3284 1360 3470 1411 horum

1907 1451 2079 1497 tamen
2132 1460 2316 1513 sapere
2366 1455 2572 1514 oportet
2614 1448 2913 1510 carnaliter,
2970 1450 3114 1518 quasi
3163 1460 3251 1501 aut
3294 1450 3471 1503 buccis

1908 1537 2047 1589 Deus
2075 1537 2306 1599 irrideat,
2350 1548 2439 1591 aut
2484 1555 2611 1592 naso
2638 1540 2923 1595 sulisannet
2958 1558 2969 1593 :
3014 1541 3103 1593 sed
3134 1558 3191 1593 ea
3234 1542 3310 1594 vis
3336 1542 3475 1595 acci-

1909 1627 2093 1695 pienda
2122 1638 2221 1691 est,
2246 1644 2399 1696 quam
2425 1628 2512 1681 dat
2534 1631 2727 1683 sanctis
2751 1630 2879 1695 Suis,
2910 1640 2962 1683 ut
2986 1633 3153 1683 futura
3172 1642 3470 1694 cernentes,

1910 1719 1959 1772 id
1989 1729 2067 1772 est
2103 1734 2293 1773 nomen
2321 1719 2515 1775 Christi
2543 1730 2594 1775 et
2637 1722 3049 1775 dominationem
3080 1733 3471 1791 pervagaturam

1910 1810 1959 1862 in
2016 1821 2258 1879 posteros
2304 1820 2357 1865 et
2407 1813 2676 1866 universas
2718 1823 2899 1881 gentes
2948 1816 3299 1877 obteuluram,
3360 1817 3476 1869 illus

1908 1900 2078 1955 inania
2108 1903 2385 1957 meditatos
2413 1920 2530 1959 esse
2571 1906 2893 1974 intelligant;
2938 1907 3046 1959 lucc
3085 1909 3223 1960 enim
3255 1908 3332 1961 vis
3373 1924 3475 1975 qua

1910 1994 2006 2046 ista
2039 1997 2275 2062 praescita
2300 2006 2440 2062 sunt,
2470 1998 2643 2051 irrisio
2677 2000 2765 2052 Dei
2789 2011 2869 2052 est
2896 2011 2947 2053 et
2978 2000 3341 2053 subsannatio.
3374 2001 3475 2069 Qui

1909 2084 2098 2138 habitat
2119 2088 2169 2139 in
2196 2088 2351 2153 caelis,
2379 2089 2600 2141 irridebit
2625 2107 2705 2143 eos
2734 2107 2751 2143 :
2780 2091 2941 2145 cmlos
2969 2092 3009 2143 si
3035 2092 3241 2145 animas
3271 2102 3478 2146 sanctas

1908 2176 2247 2243 accipiamus,
2292 2194 2383 2245 per
2406 2177 2500 2231 has
2523 2194 2634 2241 eos,
2670 2180 2849 2247 utique
2880 2183 3162 2249 prmsciens
3184 2182 3306 2249 quid
3336 2181 3477 2235 fulu-

1909 2278 2024 2317 rum
2057 2265 2143 2329 sit,
2178 2254 2442 2320 deridebit
2473 2268 2609 2321 Deus
2638 2279 2690 2321 et
2714 2270 3075 2322 subsanuahit.

1977 2355 2029 2408 4.
2072 2354 2092 2428 [
2124 2373 2249 2409 vers.
2280 2355 2357 2428 5.]
2391 2356 2527 2409 Tunc
2555 2358 2780 2425 loquetur
2805 2359 2872 2411 ad
2896 2376 2977 2412 eos
3012 2360 3062 2411 in
3091 2362 3166 2412 ira
3195 2378 3306 2427 sua,
3344 2372 3389 2415 et
3428 2363 3481 2415 in

1909 2445 2078 2517 furore
2118 2465 2207 2501 suo
2245 2448 2554 2502 conturbabit
2602 2466 2725 2503 eos:
2772 2450 2978 2519 planius
3014 2452 3153 2504 enim
3197 2452 3482 2507 ostendens

1909 2539 2174 2608 quomodo
2199 2540 2263 2593 ad
2294 2556 2386 2595 eos
2425 2542 2686 2610 loquetur,
2729 2540 2879 2607 dixit,
2919 2541 3230 2595 conturbabit
3269 2559 3388 2605 eos;
3427 2553 3483 2595 ut

1909 2629 1961 2682 in
1987 2630 2063 2681 ira
2092 2646 2210 2693 sua,
2241 2630 2339 2684 hoc
2369 2632 2459 2695 sit,
2492 2632 2543 2682 in
2574 2636 2745 2700 furore
2787 2648 2899 2684 suo.
2934 2631 3068 2685 Iram
3117 2642 3290 2685 autem
3319 2643 3371 2686 et
3398 2633 3482 2685 fu-

1909 2734 2083 2773 rorem
2117 2720 2323 2774 Domini
2358 2722 2447 2775 Dei
2489 2738 2589 2775 uon
2628 2722 3075 2790 perturbationem
3109 2727 3299 2777 mentis
3319 2740 3481 2793 Opor-

1912 2820 1984 2865 tet
2010 2812 2245 2881 intelligi,
2276 2812 2367 2867 sed
2397 2814 2500 2866 vim
2527 2830 2624 2883 qua
2650 2814 2942 2881 justissime
2961 2816 3209 2881 vindicat,
3242 2818 3477 2885 subjeCIa

1910 2900 2011 2955 sibi
2059 2902 2122 2956 ad
2171 2903 2518 2957 ministerium
2563 2906 2804 2960 universa
2860 2910 3160 2962 ereatura'.
3210 2909 3479 2977 Prmcipue

1912 3006 2139 3062 namque
2195 2995 2569 3062 pervidendum
2615 3008 2775 3053 estet
2818 3000 3099 3055 tenendum
3161 3002 3286 3055 illud
3344 3003 3482 3072 quod

1912 3085 2163 3153 scriptum
2190 3095 2269 3140 est
2296 3086 2346 3139 in
2373 3086 2652 3143 Salomone
2669 3096 2695 3141 ἐ·
2713 3090 2787 3143 Tu
2807 3101 2992 3157 autem,
3022 3092 3234 3146 Domine
3259 3095 3475 3158 tirtutis,

1912 3192 2024 3229 cum
2072 3179 2432 3247 tranquillitate
2480 3181 2703 3251 jutlicas,
2754 3193 2797 3236 et
2837 3200 2950 3236 cum
2990 3203 3170 3256 magna
3204 3189 3479 3240 reverentia

1913 3268 2133 3335 disponis
2163 3286 2251 3321 nos
2270 3268 2419 3339 (Sap.
2440 3287 2531 3335 xu,
2558 3274 2665 3343 18).
2709 3274 2785 3329 1ιά
2811 3291 2936 3345 ergo
2969 3277 3056 3329 Dei
3084 3287 3165 3332 est
3191 3288 3361 3333 motus
3392 3280 3479 3348 qui

1915 3358 1970 3411 lit
2001 3359 2050 3411 in
2073 3358 2245 3413 anima
2274 3377 2393 3430 quae
2431 3362 2598 3432 legem
2628 3366 2715 3419 Dei
2765 3368 2929 3432 novit,
2975 3384 3093 3421 cum
3137 3370 3373 3424 eamdem
3407 3372 3481 3423 le-

1910 3466 2029 3517 gem
2063 3451 2202 3504 videt
2235 3470 2262 3504 a
2296 3465 2568 3521 peccatore
2589 3459 2877 3524 prarteriri;
2906 3473 2999 3528 per
3032 3462 3168 3514 hunc.
3204 3462 3342 3515 enim
3373 3478 3487 3515 ιιιις-

1913 3550 2022 3594 tum
2066 3541 2329 3610 justarum
2372 3548 2663 3600 animarum
2706 3549 2866 3603 multa
2918 3552 3264 3607 vindicantur.
3310 3553 3487 3619 Quan-

1913 3648 2065 3702 quam
2113 3635 2275 3702 possit
2325 3636 2398 3689 ira
2429 3637 2516 3690 Dei
2550 3647 2689 3691 recte
2725 3640 2939 3711 intelligi
2964 3645 3119 3696 etiam
3153 3644 3259 3711 ipsa
3297 3647 3486 3699 mentis

1912 3725 2232 3793 obscuratio,
2256 3744 2373 3798 quae
2398 3732 2735 3799 Consequitur
2754 3748 2847 3786 eos
2875 3737 2960 3804 qui
2991 3736 3157 3803 legem
3189 3737 3277 3790 Dei
3309 3748 3481 3789 trans-

1913 3816 2240 3884 grediuntur.

1984 3906 2036 3959 5.
2076 3903 2247 3977 [vers.
2288 3906 2365 3979 6.]
2406 3909 2512 3980 Ego
2542 3920 2707 3963 autem
2742 3914 3037 3965 constitutus
3072 3931 3181 3968 sum
3214 3933 3302 3971 rea:
3338 3919 3398 3970 ab
3433 3937 3489 3971 eo

1915 4012 2063 4063 super
2093 3995 2218 4049 Sion
2248 4006 2459 4050 montem
2481 4010 2707 4053 sanctum
2727 4003 2854 4071 ejus,
2882 4006 3159 4074 prwdicans
3185 4020 3487 4077 pra’ceptum

1918 4084 2156 4138 Domini'
2184 4086 2294 4158 (a):
2344 4103 2407 4142 ex
2448 4105 2665 4157 persona
2700 4092 2863 4160 ipsius
2905 4094 3111 4148 Domini
3152 4098 3317 4151 uestri
3361 4098 3488 4154 Jesu

1916 4175 2107 4231 Christi
2134 4179 2231 4232 ista
2263 4179 2536 4235 manifesta
2560 4193 2701 4236 sunt.
2732 4185 2857 4238 Sion
2882 4195 3078 4251 autem,
3103 4187 3145 4240 si
3169 4190 3486 4256 speculatio-

1917 4283 2059 4333 nem,
2089 4277 2145 4322 ut
2172 4269 2380 4339 quidam
2400 4272 2828 4339 interpretantur,
2854 4278 3129 4345 signiliCat,
3163 4280 3291 4332 nihil
3325 4283 3489 4349 magis

1918 4374 2073 4428 quam
2104 4360 2392 4416 Ecclesiam
2432 4362 2687 4419 debemus
2720 4367 2983 4435 accipere,
3022 4370 3112 4422 ubi
3143 4370 3376 4438 quotidie
3408 4373 3490 4424 in-

1922 4450 2086 4503 tentio
2127 4452 2345 4521 erigitur
2375 4455 2709 4522 speculanda:
2736 4458 2989 4512 claritatis
3024 4460 3136 4525 Dei,
3181 4460 3315 4514 sicut
3347 4464 3491 4529 Apo.

1918 4541 2083 4594 stolus
2112 4541 2235 4595 dicit
2274 4561 2285 4596 :
2330 4543 2440 4598 Nos
2467 4559 2631 4599 autent
2652 4550 2865 4601 revelata
2899 4551 3028 4619 facie
3050 4551 3263 4619 gloriam
3292 4550 3494 4606 Domini

1920 4635 2230 4703 speculantes
2271 4638 2336 4708 (ll
2362 4638 2478 4695 Cor.
2538 4658 2613 4705 ιιι,
2649 4643 2759 4709 18).
2810 4644 2943 4712 Ergo
2993 4644 3089 4697 iste
3141 4659 3330 4699 scusus
3368 4655 3490 4700 est:

1920 4728 2032 4798 Ego
2050 4741 2223 4784 autem
2248 4733 2564 4789 constitutus
2588 4749 2702 4787 sum
2728 4751 2821 4788 rex
2852 4736 2918 4787 ab
2940 4751 3003 4789 eo
3024 4752 3181 4804 super
3202 4736 3493 4795 Ecclesiam

1920 4832 2153 4876 sanctam
2196 4826 2330 4895 ejus,
2381 4844 2536 4896 quam
2575 4838 2806 4882 mootem
2850 4830 3075 4899 appellat
3117 4841 3330 4900 propter
3358 4834 3492 4887 emi-

1921 4916 2149 4968 nentiam
2170 4927 2220 4970 ct
2247 4919 2567 4973 ﬁrmitatem.
2615 4920 2722 4987 ligo
2756 4931 2920 4971 autem
2959 4924 3252 4975 constitutus
3278 4940 3386 4975 sunt
3413 4938 3500 4976 rea:

1922 5007 2098 5059 abeo:
2133 5023 2229 5076 ego
2257 5010 2484 5075 scilicet,
2536 5010 2687 5077 cujus
2725 5011 2924 5064 vincula
2966 5012 3036 5064 illi
3074 5014 3401 5083 disrumpere.
3448 5024 3499 5068 et

1918 5096 2098 5165 jugum
2148 5098 2535 5152 meditabantur
2581 5100 2825 5169 abjicere.
2870 5103 3159 5156 l’raxlicans
3199 5116 3495 5173 pt'atceplnnt

1922 5188 2127 5253 ipsius:
2179 5190 2294 5257 quis
2342 5191 2439 5244 hoc
2490 5206 2592 5244 non
2641 5194 2862 5257 sentiat,
2913 5210 3031 5248 cum
3072 5197 3303 5264 quotidie
3354 5196 3496 5248 facu-

1928 5289 2064 5333 tctur
2084 5281 2106 5332 ?

1995 5374 2045 5427 6.
2089 5372 2236 5446 [verm
2269 5374 2345 5448 7.]
2376 5367 2619 5431 Dominus
2663 5380 2789 5433 dixit
2830 5382 2895 5433 ad
2937 5399 3013 5434 me
3042 5399 3059 5434 :
3097 5380 3255 5434 Filius
3290 5398 3424 5432 nmis
3451 5397 3499 5430 cs

1991 5533 2095 5579 isic
2120 5538 2221 5581 Mss.
2250 5542 2303 5584 At
2328 5534 2456 5593 cdd.,
2480 5534 2737 5594 subiectam
2766 5536 3033 5585 universant
3058 5544 3343 5586 creaturam.

1956 5598 2135 5668 ,³ξὶοκ
2160 5599 2249 5646 hoc
2288 5598 2438 5659 primo
2477 5598 2597 5656 loco,
2628 5597 2841 5647 melioris
2881 5608 3007 5647 noue
3046 5606 3148 5646 Mss.
3194 5600 3327 5657 juxta
3369 5601 3496 5654 LXX,

1928 5659 2161 5815 [lpgtélsiie
2187 5721 2359 5793 eodem
2394 5734 2522 5771 vers.
2549 5720 2580 5768 ϐ
2603 5727 2652 5769 et
2675 5732 2781 5783 seq.
2817 5720 2925 5769 vide
2960 5727 3092 5768 Enar.
3122 5721 3167 5767 in
3193 5717 3308 5766 Psal.
3347 5731 3489 5775 sum,

1931 5796 1980 5832 ῐὶ.
2019 5796 2064 5834 1‘.
