4046 6200
459 246 519 299 τι
1676 244 1714 297 S
1774 243 2127 299 AUGUSTINI
2160 245 2457 303 EPISCUPI
3604 255 3675 310 ’Ν

455 369 528 425 tu,
558 373 650 430 ego
678 358 827 413 hodie
850 356 998 428 genui
1021 365 1066 410 te
1094 355 1189 425 (α).
1217 355 1525 425 Quanquam
1554 355 1712 411 etiam
1743 356 1905 424 possit
1926 357 2013 411 ille

453 448 571 511 dies
588 450 638 503 in
666 447 935 519 prophetia
959 445 1133 501 dictus
1161 446 1344 510 videri,
1383 461 1487 515 quo
1506 445 1657 501 Jesus
1677 446 1915 501 Christus
1935 446 2025 500 sei

453 542 679 597 cundum
722 539 987 595 hominem
1017 547 1170 593 natus
1193 548 1311 598 est:
1345 548 1519 593 tamen
1560 540 1705 593 hodie
1730 540 1849 609 quia
1887 556 2019 609 pra:-

455 636 675 690 sentiam
705 631 985 702 signiﬁcat,
1006 633 1227 702 atquein
1250 632 1542 686 :eteruitate
1573 648 1669 686 nec
1697 633 2017 701 prteteritum

455 725 732 795 quidquam
758 734 860 788 est,
890 724 1039 792 quasi
1060 739 1177 778 esse
1199 723 1447 789 desierit;
1474 739 1572 779 nec
1592 723 1844 788 futurum,
1870 724 2019 795 quasi

456 812 688 867 nondum
706 813 807 877 sit;
834 811 925 867 sed
950 828 1182 882 praesens
1204 821 1425 879 tantum,
1454 814 1574 883 quia
1595 813 1846 883 quidquid
1866 824 2019 868 acter-

452 919 575 958 num
606 911 707 968 est,
735 919 942 974 semper
964 913 1074 969 est;
1096 904 1347 959 divinitus
1371 905 1624 974 accipitur
1651 905 1939 959 secundum
1966 905 2017 959 id

452 996 670 1061 dictum,
702 994 809 1066 Ego
835 996 982 1049 hodie
1001 996 1149 1066 genui
1176 1004 1239 1059 te,
1271 1011 1375 1065 quo
1395 997 1767 1065 sempiternam
1794 1010 2019 1065 genera-

454 1089 649 1142 tionem
690 1087 893 1140 virtutis
934 1096 989 1141 et
1013 1087 1285 1155 sapientiae
1315 1086 1430 1149 Dei,
1471 1087 1558 1156 qui
1604 1096 1685 1140 est
1721 1087 2020 1156 unigenitus

452 1180 637 1245 Filius,
667 1178 797 1233 ﬁdes
816 1178 1173 1232 sincerissima
1200 1185 1257 1233 et
1278 1178 1534 1232 catholica
1563 1176 1831 1247 praedicat.

521 1270 575 1324 7.
618 1268 638 1342 [
664 1285 790 1324 vers.
822 1267 899 1340 8.]
928 1265 1142 1323 Postula
1170 1284 1313 1330 ame,
1342 1277 1388 1321 et
1412 1265 1539 1321 dabo
1559 1268 1647 1321 tibi
1666 1276 1832 1336 gentes
1859 1267 2020 1321 haere-

452 1361 657 1415 ditatem
700 1369 835 1413 tuam
862 1358 958 1429 (b).
1017 1360 1127 1413 lloc
1172 1358 1280 1428 jam
1330 1358 1687 1426 temporaliler
1731 1356 2020 1412 secundum

452 1458 750 1518 susceptum
776 1448 1061 1513 hominem,
1093 1449 1181 1519 qui
1216 1447 1531 1503 sacriﬁcium
1562 1463 1681 1503 sese
1707 1446 1896 1502 obtulit
1925 1462 2020 1517 pro

452 1539 695 1593 omnibus
736 1538 1025 1604 sacriﬁciis,
1077 1538 1165 1608 qui
1208 1538 1367 1593 etiam
1410 1538 1702 1609 interpellat
1730 1552 1828 1609 pro
1867 1538 2019 1593 nobis

453 1630 629 1703 (Rom.
665 1647 775 1697 Vill,
814 1630 939 1703 '54);
986 1642 1042 1685 ut
1066 1631 1131 1685 ad
1161 1639 1323 1685 totam
1365 1631 1530 1702 ipsam
1576 1631 2019 1696 dispensationem

454 1721 816 1790 temporalem,
858 1736 977 1790 qua:
1006 1736 1102 1790 pro
1126 1735 1319 1790 genere
1348 1719 1576 1775 humano
1602 1718 1735 1774 facta
1761 1729 1860 1784 est,
1887 1720 2021 1774 reie-

453 1822 598 1865 ratur
633 1811 772 1881 quod
798 1811 995 1865 dictum
1021 1820 1121 1874 est,
1154 1810 1365 1865 Postulo
1383 1829 1416 1865 a
1440 1828 1548 1876 me;
1576 1821 1635 1865 ut
1661 1812 1864 1867 scilicet
1889 1827 2017 1881 gen-

457 1912 537 1956 tes
578 1903 778 1956 nomini
810 1901 1096 1956 christiano
1132 1901 1460 1971 copulentur,
1494 1911 1652 1972 atque
1678 1902 1749 1955 ita
1786 1918 1816 1955 a
1852 1911 2021 1958 morte

455 1994 797 2060 redimantur,
843 2001 897 2048 et
930 1994 1295 2063 possideantur
1332 2008 1361 2047 a
1403 1994 1530 2049 Deo.
1575 1993 1717 2047 Dabo
1743 1993 1829 2047 tibi
1853 2003 2020 2065 gentes

455 2083 791 2137 hwreditatem
819 2094 975 2147 tuam,
1000 2098 1131 2152 quas
1159 2083 1429 2152 possideas
1461 2082 1526 2138 ad
1556 2098 1736 2138 earum
1776 2083 2017 2150 salutem,

453 2184 507 2228 et
546 2189 663 2243 qum
703 2173 792 2227 tibi
835 2173 1149 2229 fructiﬁcent
1187 2174 1497 2243 spiritualia.
1554 2173 1620 2228 Et
1664 2175 2020 2244 possessionem

453 2277 590 2319 tuam
628 2265 862 2318 terminos
893 2274 1055 2318 terraz.
1097 2263 1240 2319 Idem
1288 2266 1567 2333 repetitum
1608 2274 1690 2319 est
1730 2283 1743 2318 :
1786 2266 2020 2320 terminos

452 2368 614 2419 ten-te,
659 2368 755 2424 pro
786 2368 849 2409 eo
878 2354 1105 2423 positum
1135 2354 1273 2423 quod
1300 2354 1496 2408 dictum
1522 2364 1623 2419 est,
1672 2364 1879 2426 gentes;
1926 2356 2017 2410 sed

454 2446 552 2500 hoc
576 2445 799 2514 planius,
828 2454 887 2499 ut
914 2460 1101 2499 omnes
1127 2455 1310 2516 gentes
1330 2446 1682 2515 intelligamus
1710 2464 1723 2499 :
1749 2447 2019 2516 possessio-

452 2551 561 2588 nem
590 2540 765 2589 autem
795 2544 950 2601 tuam,
975 2550 1071 2606 pro
1094 2548 1160 2591 eo
1179 2534 1318 2605 quod
1331 2535 1527 2590 dictum
1556 2544 1656 2603 est,
1683 2535 2020 2592 hereditatem

452 2637 608 2682 luant.

522 2717 575 2773 8.
604 2715 623 2790 [
651 2732 780 2772 vers.
803 2717 857 2782 9,
878 2716 988 2791 l0.)
1007 2718 1168 2788 Reges
1185 2733 1269 2772 eos
1292 2717 1345 2772 in
1365 2717 1503 2789 virga
1519 2721 1679 2788 ferrea
1698 2734 1718 2775 :
1739 2719 1790 2773 in
1812 2718 2019 2775 inﬂexi-

450 2808 536 2861 bili
559 2806 781 2877 justitia.
809 2807 877 2861 Et
898 2819 1133 2879 tanquam
1160 2824 1244 2862 vas
1270 2809 1414 2880 ﬁguli
1441 2820 1662 2863 conteres
1688 2825 1773 2864 eos
1802 2810 1878 2881 (c)
1907 2827 1923 2874 ;
1964 2811 2016 2866 id

448 2909 551 2967 est,
573 2909 815 2956 conteres
837 2901 890 2955 in
919 2902 996 2956 eis
1022 2910 1261 2956 terrenas
1278 2900 1615 2971 cupiditates,
1639 2910 1692 2955 et
1712 2902 1904 2956 veteris
1920 2902 2017 2957 ho-

450 2992 605 3045 minis
622 2992 875 3047 lutnlenta
893 2992 1118 3062 negotia,
1141 3002 1195 3047 et
1214 2991 1466 3062 quidquid
1478 2993 1544 3048 de
1566 3002 1838 3062 peccatore
1861 2992 1984 3046 limo
2001 2994 2015 3024 ¹

447 3089 774 3136 contractum
795 3090 950 3152 atque
975 3082 1213 3136 inolitum
1239 3089 1338 3137 est.
1364 3082 1429 3136 Et
1459 3099 1612 3147 nunc,
1644 3100 1803 3154 reges,
1829 3082 2018 3137 intelli-

447 3176 545 3244 gite
569 3189 589 3228 :
609 3183 654 3228 et
674 3191 826 3240 nunc,
856 3173 908 3229 id
934 3182 1015 3230 est
1033 3174 1142 3244 jam
1171 3174 1426 3237 innovati,
1458 3174 1566 3244 jam
1597 3175 1837 3229 contritis
1863 3174 2019 3230 luteis

449 3265 786 3335 tegumentis,
835 3265 888 3320 id
939 3274 1021 3320 est
1057 3265 1356 3320 carnalibus
1400 3265 1540 3319 vasis
1581 3265 1778 3319 erroris
1806 3281 1924 3335 qua:
1949 3266 2017 3320 ad

426 3357 767 3425 praeteritam
790 3356 948 3410 vitam
975 3356 1236 3427 pertinent
1262 3372 1274 3408 :
1298 3372 1429 3409 nunc
1448 3355 1826 3426 intelligitejam
1844 3369 2014 3424 reges,

448 3446 502 3501 id
529 3455 631 3512 est,
654 3446 762 3517 jam
795 3446 1030 3501 valentes
1055 3460 1239 3516 regere
1268 3444 1519 3515 quidquid
1549 3446 1600 3500 in
1638 3447 1785 3501 vobis
1821 3444 2015 3501 servile

447 3551 605 3611 atque
644 3540 863 3595 bestiale
912 3548 1023 3605 est;
1072 3549 1126 3592 et
1165 3539 1273 3608 jam
1326 3539 1563 3593 valentes
1608 3554 1859 3608 pugnare,
1908 3554 2013 3594 non

384 3642 388 3646 ‘
448 3634 597 3705 quasi
618 3650 791 3688 aerem
820 3633 1105 3698 caedentes,
1130 3630 1221 3686 sed
1242 3630 1556 3702 castigantes
1577 3642 1749 3685 vestra
1776 3646 2014 3701 corpora,

448 3736 501 3781 et
529 3725 765 3780 servituti
795 3724 1135 3793 subjicienles
1162 3722 1205 3794 (1
1223 3721 1340 3777 Cor.
1368 3738 1440 3788 ιχ,
1465 3721 1556 3788 26,
1573 3722 1681 3791 27).
1706 3721 2014 3784 Erudimini,

449 3832 618 3869 omnes
646 3819 729 3883 qui
760 3815 1006 3883 judicatis
1045 3823 1246 3868 terram.
1297 3812 1407 3867 Hoc
1434 3812 1571 3867 idem
1598 3812 1877 3882 repetitum
1896 3822 2014 3866 est:

450 3906 735 3967 erudimini,
762 3920 860 3975 pro
887 3920 952 3960 eo
971 3905 1109 3975 quod
1134 3905 1331 3981 dictum
1359 3912 1461 3972 est,
1492 3904 1790 3976 intelligite;
1824 3905 1910 3974 qui
1926 3906 2017 3974 ju-

451 3996 630 4049 dicatis
656 4004 828 4049 autem
852 4004 1056 4061 terram,
1096 4012 1193 4066 pro
1221 4011 1285 4052 eo
1310 3995 1449 4066 quod
1484 3994 1681 4050 dictum
1707 4003 1817 4062 est,
1857 4011 2016 4065 reges.

450 4084 757 4155 Spirituales
782 4087 921 4139 enim
951 4085 1209 4155 signiﬁcat
1237 4088 1324 4156 qui
1346 4086 1586 4156 judicant
1615 4094 1805 4139 terram
1840 4101 1854 4137 :
1883 4083 2018 4138 infe-

451 4180 560 4232 rius
594 4177 735 4232 enim
779 4176 929 4230 nobis
967 4184 1067 4241 est,
1108 4176 1359 4246 quidquid
1400 4176 1728 4245 iudicamus;
1767 4173 2016 4244 quidquid

449 4281 625 4324 autem
671 4268 801 4324 infra
840 4267 1165 4338 Spiritualem
1206 4268 1471 4322 hominem
1512 4278 1614 4334 est,
1654 4265 1845 4321 merito
1876 4275 2016 4320 terra

451 4362 768 4425 nominatur,
799 4360 918 4429 quia
952 4367 1160 4413 terrena
1190 4357 1305 4411 labe
1332 4361 1618 4413 sauciatum
1646 4367 1747 4413 est.

521 4453 573 4507 9.
616 4450 784 4525 [vers.
815 4449 925 4522 H.]
958 4448 1152 4504 Servite
1177 4448 1392 4501 Domino
1431 4448 1484 4501 in
1510 4450 1684 4502 timore
1712 4447 1790 4520 (ά)
1815 4463 1833 4501 :
1863 4463 1929 4502 ne
1964 4447 2015 4501 in

451 4544 749 4611 superbiam
775 4551 946 4597 vertat
966 4543 987 4573 ²
1018 4540 1159 4611 quod
1188 4540 1386 4595 dictum
1414 4547 1515 4602 est,
1556 4555 1693 4609 reges
1718 4539 1801 4609 qui
1811 4538 2017 4609 judica-

451 4637 529 4687 tis
546 4645 745 4687 terram.
780 4632 847 4687 Et
874 4632 1115 4688 exsultate
1134 4632 1177 4686 ei
1203 4647 1314 4683 cum
1342 4639 1552 4683 tremore
1575 4644 1592 4681 :
1617 4628 1811 4697 optime
1839 4627 2018 4697 subje-

450 4736 591 4781 ctum
622 4735 702 4779 est
731 4726 993 4790 exsultate,
1047 4739 1115 4779 ne
1148 4722 1213 4777 ad
1246 4721 1513 4777 miseriam
1548 4720 1725 4774 valere
1754 4718 2020 4773 videretur

452 4828 591 4891 quod
644 4819 840 4873 dictum
903 4827 1002 4881 est,
1065 4818 1240 4871 servile
1279 4813 1492 4867 Domino
1542 4812 1595 4865 in
1657 4812 1849 4864 timore.
1915 4810 2019 4865 Sed

455 4924 637 4964 rursus
669 4926 734 4963 ne
760 4910 984 4978 idipsum
1012 4917 1255 4978 pergeret
1274 4906 1323 4960 iu
1352 4903 1660 4960 effusionem
1690 4901 2016 4967 temeritatis,

453 5002 688 5055 additum
724 5010 823 5065 est,
858 5016 972 5053 cum
1017 5009 1257 5061 tremore;
1294 5008 1351 5052 ut
1388 4996 1453 5051 ad
1488 4995 1785 5050 cautionem
1821 4993 2022 5048 valeret

452 5094 993 5160 circumspectamque
1030 5088 1456 5142 sanctiﬁcationis
1500 5084 1815 5141 custodiam.
1846 5083 2018 5138 Etiam
2078 5128 2093 5145 ,

455 5187 530 5241 sic
560 5192 732 5255 potest
759 5183 944 5252 accipi,
996 5180 1065 5234 Et
1088 5198 1217 5234 nunc
1250 5197 1388 5252 reges
1415 5181 1693 5251 intelligite,
1730 5178 1782 5233 id
1822 5188 1924 5243 est,
1956 5178 2021 5232 Et

520 5342 534 5368 ³
557 5332 677 5384 Tres
697 5341 823 5393 Mss,
846 5334 907 5383 de
924 5330 1104 5396 peccati
1124 5328 1254 5380 limo.

519 5401 539 5430 ε
558 5397 691 5454 add,
715 5402 912 5446 vertant.
927 5395 1182 5444 Tredecim
1203 5399 1327 5451 Mss,
1351 5397 1516 5442 vertat.
1536 5400 1681 5452 Unus,
1703 5397 1927 5443 vertatur.

518 5460 592 5523 (ιι)
629 5453 756 5508 Idem
776 5470 903 5523 v_ers.
927 5458 956 5506 7
977 5462 1203 5523 tractatur
1231 5456 1279 5523 in
1305 5460 1439 5523 [ξων.
1610 5469 1690 5512 Lx,
1716 5468 1764 5502 n.
1788 5455 1835 5523 8ζ

541 5513 588 5572 bi
625 5530 755 5570 Vers.
789 5519 820 5567 8
843 5527 1074 5567 tractatur
1096 5518 1213 5565 item
1244 5517 1294 5564 in
1311 5522 1446 5563 Enar.
1471 5513 1588 5564 Psal.
1614 5528 1717 5572 xxx,
1742 5528 1792 5563 u.
1821 5514 1898 5564 50.

542 5526 567 5571 b
625 5530 755 5570 Vers.
789 5526 820 5567 8
843 5527 1074 5567 tractatur
1096 5526 1213 5565 item
1244 5529 1294 5564 in
1311 5526 1446 5563 Enar.
1471 5526 1588 5564 Psat.
1614 5528 1717 5572 xxx,
1742 5528 1792 5563 u.
1821 5526 1898 5564 ou.

542 5526 589 5646 δὲ
626 5584 750 5632 Idem
772 5594 897 5646 vers.
919 5579 949 5629 9
972 5592 1031 5628 ex
1040 5580 1237 5641 plicatur
1258 5580 1309 5627 in
1332 5584 1466 5626 Enar.
1493 5576 1610 5625 Psal.
1638 5590 1763 5637 κων,
1786 5589 1834 5625 n.
1862 5574 1947 5638 18;
1971 5582 2025 5627 et

460 5644 578 5693 t'sal.
608 5661 734 5701 mn,
753 5658 799 5691 ιι.
832 5644 873 5690 1.

520 5707 595 5766 (d)
630 5714 694 5755 De
721 5699 892 5755 eodem
919 5716 1043 5752 vers.
1074 5703 1122 5751 ll
1144 5701 1252 5751 vide
1277 5706 1408 5751 Euar.
1430 5702 1479 5749 in
1503 5699 1620 5750 Psal.
1646 5712 1755 5759 ιτα,
1774 5711 1823 5749 n.
1850 5699 1897 5751 5.

2119 357 2227 427 jam
2250 376 2387 415 nunc
2422 376 2506 415 me
2546 376 2669 432 rege
2694 363 2999 429 constituto,
3031 365 3190 419 nolite
3226 368 3400 423 tristes
3427 380 3568 434 esse,
3595 385 3681 426 re-

2121 468 2213 522 ges
2256 464 2426 518 terrm,
2464 455 2613 525 quasi
2645 456 2837 511 bonum
2861 468 3089 512 vesmnn
3115 458 3262 514 vobis
3302 459 3533 514 ablatum
3573 462 3681 524 sit;

2122 544 2215 598 sed
2240 544 2511 615 intelligite
2540 547 2732 615 potius,
2760 555 2817 601 et
2842 547 3142 602 erudimini.
3177 547 3231 602 id
3256 528 3395 603 e‘nim
3418 550 3566 604 vobis
3591 566 3691 605 cx-

2122 638 2355 707 pedit-ut
2376 640 2471 693 sub
2495 640 2585 694 illo
2613 640 2744 705 sitis,
2770 655 2799 695 a
2821 655 2924 710 quo
2944 641 3239 697 intellectus
3266 651 3322 697 et
3345 642 3570 697 eruditio
3590 658 3687 697 vo-

2122 730 2203 783 bis
2230 731 2401 786 dalur.
2432 731 2497 785 Et
2528 733 2627 787 hoc
2651 733 2797 788 vobis
2821 733 3050 803 expedit,
3074 744 3131 787 ut
3158 748 3264 788 non
3292 742 3492 789 temere
3510 733 3687 789 domi-

2122 823 2352 889 nemini;
2375 823 2468 879 sed
2494 825 2716 879 Domino
2736 826 2966 879 omnium
2988 841 3107 880 cum
3136 826 3324 881 timore
3343 826 3603 889 servistis,
3631 836 3688 880 et

2121 914 2393 969 exsultetis
2436 915 2489 970 in
2523 915 2844 971 beatitudine
2875 917 3168 972 certissima
3212 925 3267 973 et
3306 917 3684 983 sincerissima,

2122 1006 2259 1060 cauti
2295 1014 2349 1061 et
2372 1007 2850 1087 circumspicientes
2870 1022 2939 1063 ne
2962 1008 3029 1063 ab
3053 1023 3116 1063 ea
3142 1023 3238 1079 per
3255 1009 3556 1080 superbiam
3585 1008 3686 1065 de-

2120 1096 2326 1152 cidatis.

2193 1187 2278 1242 10.
2319 1186 2339 1262 [
2366 1205 2491 1243 vers.
2524 1188 2634 1264 12.]
2664 1188 3034 1259 Apprehendite
3057 1188 3396 1259 disciplinam,
3421 1190 3687 1259 nequando

2120 1279 2365 1334 irascatur
2409 1279 2676 1349 Dominus,
2717 1290 2765 1337 et
2794 1283 3008 1352 pereatis
3049 1281 3114 1337 de
3136 1282 3217 1335 via
3236 1283 3378 1353 justo
3412 1296 3431 1336 :
3475 1281 3576 1336 hoc
3601 1291 3686 1337 est

2120 1373 2256 1442 quod
2284 1374 2375 1438 ait,
2420 1375 2697 1446 intelligite,
2737 1384 2784 1430 et
2823 1376 3120 1441 erudimini;
3157 1389 3277 1430 nam
3308 1375 3600 1445 intelligere
3627 1383 3684 1429 et

2121 1466 2336 1532 erudiri,
2371 1468 2471 1521 hoc
2492 1478 2573 1522 est
2604 1463 3000 1539 apprehendere
3022 1469 3369 1540 disciplinam.
3398 1469 3685 1525 Verumta-

2121 1571 2241 1610 men
2268 1558 2318 1610 in
2335 1572 2400 1611 eo
2415 1557 2553 1627 quod
2572 1548 2780 1623 dicitur,
2807 1559 3183 1631 apprehendite,
3210 1560 3339 1614 satis
3359 1559 3685 1629 signiﬁcatur

2120 1648 2423 1718 praesidium
2452 1648 2715 1719 quoddam
2756 1660 2912 1720 atque
2937 1650 3316 1704 munimentum
3344 1665 3462 1705 esse
3488 1650 3683 1705 adver-

2120 1754 2209 1793 sus
2229 1741 2403 1793 omnia
2429 1755 2547 1809 qum
2566 1740 2755 1796 obesse
2776 1750 3007 1809 possent,
3038 1740 3135 1795 nisi
3166 1749 3307 1794 tanta
3333 1756 3456 1795 cura
3486 1755 3682 1811 appre-

2122 1829 2459 1888 henderetur.
2485 1829 2767 1900 Nequando
2803 1841 2977 1887 autem
2999 1833 3243 1887 irascatur
3263 1830 3527 1895 Dominus,
3556 1847 3679 1888 cum

2119 1919 2445 1975 dubitatione
2487 1922 2711 1990 positum
2760 1932 2879 1988 est;
2934 1936 3040 1976 non
3084 1920 3371 1977 secundum
3418 1921 3678 1976 visionem

2122 2010 2417 2080 Prorihetre,
2434 2011 2519 2067 cui
2538 2022 2738 2069 certum
2760 2021 2861 2077 est,
2881 2012 2973 2067 sed
2998 2012 3285 2067 secundum
3312 2028 3405 2068 eos
3425 2013 3567 2082 ipsos
3586 2014 3678 2083 qui

2123 2113 2433 2167 monentur;
2464 2105 2583 2174 quia
2613 2120 2731 2159 eum
2756 2104 3078 2160 dubitatione
3101 2105 3270 2160 solent
3294 2105 3522 2175 cogitare
3544 2106 3679 2160 iram

2122 2183 2236 2260 Dei,
2282 2197 2469 2267 quibus
2498 2211 2602 2252 non
2626 2209 2806 2267 aperte
2834 2197 3118 2253 revelatur.
3165 2196 3275 2253 Hoc
3302 2213 3427 2265 ergo
3455 2197 3553 2252 sibi
3580 2198 3680 2268 ipsi

2119 2286 2315 2343 debent
2362 2288 2539 2344 dicere
2584 2306 2597 2343 :
2652 2288 3124 2359 Apprehcndamus
3180 2289 3532 2361 disciplinam,
3582 2305 3681 2345 ne-

2120 2381 2328 2448 quando
2354 2382 2607 2437 irascatur
2636 2382 2908 2449 Dominus,
2949 2389 3003 2437 et
3028 2396 3300 2450 pereamus
3323 2381 3390 2437 de
3414 2383 3494 2435 via
3514 2382 3677 2452 justa.

2119 2471 2235 2526 Jam
2273 2487 2419 2537 vero,
2467 2463 2713 2526 irascaiur
2754 2472 3005 2527 Dominus
3034 2514 3049 2539 ,
3099 2475 3364 2543 quomodo
3415 2472 3681 2544 accipien-

2118 2562 2243 2617 dum
2267 2564 2335 2618 sit
2360 2578 2514 2633 supra
2541 2564 2737 2619 dictum
2764 2571 2845 2620 est
2876 2563 2972 2637 (a).
3004 2563 3073 2619 Et
3096 2564 3304 2634 pereatis
3331 2565 3392 2617 de
3409 2564 3489 2618 via
3505 2565 3682 2635 justo:

2119 2653 2235 2709 haec
2260 2671 2446 2725 magna
2477 2671 2631 2726 poena
2663 2666 2762 2721 est,
2805 2672 2921 2727 quae
2950 2658 3018 2711 ab
3046 2657 3109 2711 iis
3132 2655 3441 2711 formidatur
3458 2657 3548 2726 qui
3578 2656 3694 2712 ali-.

2118 2746 2241 2815 quid
2270 2746 2562 2803 dulcedinis
2580 2747 2798 2817 justitiae
2827 2758 3203 2818 perceperunt;
3242 2748 3329 2817 qui
3362 2746 3501 2802 enim
3542 2745 3682 2816 perit

2117 2836 2185 2892 de
2209 2838 2290 2891 via
2309 2838 2545 2908 justitiaa,
2570 2853 2688 2895 cum
2714 2854 2900 2910 magna
2924 2838 3134 2894 miseria
3169 2854 3263 2909 per
3288 2836 3401 2894 vias
3429 2838 3681 2909 iniquita-

2119 2928 2186 2981 tis
2211 2929 2424 2984 errabit.

2190 3019 2275 3073 ll.
2318 3018 2339 3091 [
2367 3035 2491 3075 vers.
2520 3018 2630 3092 13.]
2657 3018 2780 3075 Cum
2813 3020 3049 3074 exarserit
3074 3019 3125 3073 in
3146 3018 3278 3073 brevi
3298 3019 3375 3073 ira
3397 3021 3524 3091 ejus,
3550 3019 3682 3075 beati

2118 3125 2287 3163 omnes
2312 3111 2399 3181 qui
2421 3111 2677 3179 conﬁdunt
2701 3111 2754 3183 in
2781 3127 2837 3165 eo
2866 3126 2885 3165 :
2910 3111 2961 3166 id
2987 3118 3087 3179 est,
3115 3126 3234 3166 cum
3260 3110 3486 3166 vindicta
3514 3120 3682 3167 vene-

2119 3201 2208 3267 rit,
2238 3216 2357 3271 quaa
2384 3201 2559 3273 impiis
2592 3212 2646 3257 et
2679 3203 3039 3272 peccatoribus
3081 3212 3423 3273 praeparatur,
3454 3219 3558 3259 non
3585 3218 3678 3259 so-

2118 3294 2223 3349 lum
2268 3308 2362 3351 eos
2409 3312 2512 3350 non
2541 3297 2759 3367 attinget
2786 3297 2873 3365 qui
2903 3296 3171 3351 conﬁdunt
3199 3296 3251 3350 in
3282 3295 3526 3363 Domino,
3581 3297 3678 3351 sed

2117 3386 2274 3440 etiam
2322 3386 2388 3441 ad
2420 3402 2639 3457 regnum
2684 3388 2785 3442 illis
2819 3386 3181 3441 instruendum
3209 3395 3263 3441 et
3287 3384 3678 3440 sublimandnm

2119 3460 2395 3546 proﬁciet:
2420 3478 2535 3533 Non
2577 3478 2717 3532 enim
2748 3477 2919 3532 dixit:
2958 3477 3084 3532 Cum
3103 3478 3339 3549 emat-serit
3366 3476 3420 3531 in
3443 3475 3574 3530 brevi
3601 3477 3681 3530 ira
3734 3507 3749 3516 ο

2117 3570 2245 3639 ejus,
2294 3569 2467 3622 securi
2508 3584 2676 3623 omnes
2702 3568 2786 3637 qui
2813 3567 3070 3635 conﬁdunt
3108 3567 3162 3620 in
3188 3583 3267 3634 eo,
3305 3573 3550 3636 tanquam
3577 3565 3682 3619 hoc

2119 3661 2289 3713 solum
2330 3660 2454 3714 inde
2490 3659 2736 3725 habeant,
2777 3658 2915 3728 quod
2943 3673 3048 3712 non
3078 3659 3387 3728 puniantur;
3434 3656 3524 3711 sed
3553 3657 3683 3710 beati

2119 3751 2269 3814 dixit,
2314 3750 2400 3804 ubi
2438 3759 2516 3805 est
2549 3750 2803 3804 bonorum
2834 3749 3068 3803 omnium
3097 3763 3298 3803 summa
3339 3758 3393 3802 et
3417 3746 3680 3802 cumulus.

2119 3842 2267 3910 Quod
2293 3851 2466 3896 autem
2494 3843 2716 3911 positum
2747 3849 2847 3905 est,
2877 3841 2930 3894 in
2956 3839 3108 3906 brevi,
3140 3838 3243 3894 hoc
3274 3838 3567 3909 signiﬁcare
3593 3852 3683 3891 ar-

2121 3936 2304 4004 bitror,
2345 3936 2465 4006 quia
2497 3934 2827 4004 repentinum
2850 3933 3047 4003 aliquid
3074 3933 3195 3996 erit,
3223 3931 3347 3986 dum
3377 3931 3476 3986 hoc
3503 3942 3683 3985 remo-

2123 4038 2230 4082 tum
2256 4037 2309 4081 et
2339 4027 2492 4097 longe
2516 4026 2750 4081 futurum
2778 4030 3086 4096 peccatores
3111 4021 3504 4079 existimabunt.

2604 4231 2684 4292 ΙΝ
2725 4228 3097 4291 PSALMUM
3140 4228 3225 4289 Ill

2689 4366 3098 4424 ENARRATIO.

2126 4489 2361 4545 Psalmus
2389 4487 2569 4553 David,
2598 4503 2709 4539 cum
2737 4490 2925 4557 fugeret
2952 4500 2983 4536 a
3004 4483 3133 4553 facie
3146 4480 3445 4535 Abessalon‘
3472 4480 3567 4549 ﬁlii
3585 4481 3686 4534 sui.
3756 4477 3761 4480 ’

2195 4606 2245 4658 1.
2288 4602 2458 4676 [vers.
2500 4598 2577 4672 1.]
2627 4599 2775 4653 Hunc
2824 4595 3082 4667 psalmum
3121 4608 3186 4648 ex
3230 4606 3455 4662 persona
3492 4590 3687 4646 Christi

2123 4692 2481 4763 accipiendum
2564 4688 2842 4759 persuadet
2912 4684 3049 4755 quod
3106 4684 3304 4739 dictum
3364 4693 3445 4737 est
3495 4696 3509 4732 :
3581 4680 3690 4751 Ego

2124 4786 2351 4851 dormivi,
2382 4796 2427 4838 et
2449 4799 2677 4838 somnum
2702 4782 2809 4851 cepi
2834 4795 2850 4833 :
2871 4790 2913 4832 et
2942 4777 3217 4837 exsurrexi,
3243 4776 3476 4847 quoniam
3506 4773 3686 4827 Domi-

2126 4895 2218 4931 nus
2247 4876 2481 4945 suscipiet
2509 4890 2603 4927 me.
2637 4872 2799 4941 Magis
2824 4871 2963 4925 enim
2994 4870 3092 4922 hoc
3114 4868 3179 4922 ad
3210 4867 3506 4937 passionem
3531 4874 3585 4919 et
3608 4878 3695 4917 re-

2125 4968 2504 5022 surrectionem
2528 4963 2738 5019 Domini
2764 4952 3118 5031 congruenter
3144 4967 3316 5024 sonat,
3343 4973 3500 5027 quam
3536 4956 3600 5009 ad
3633 4955 3697 5008 il-

2126 5061 2228 5114 lam
2257 5059 2530 5114 historiam
2574 5058 2629 5110 in
2666 5070 2765 5125 qua
2800 5051 2959 5106 David
3004 5052 3252 5105 scribitur
3280 5050 3471 5118 fugisse
3501 5063 3530 5101 a
3563 5047 3696 5102 facie

2128 5152 2373 5207 bellantis
2401 5152 2678 5206 adversum
2706 5163 2763 5202 se
2789 5145 2881 5200 ﬁlii
2901 5146 2980 5199 sui
3000 5145 3068 5217 (ll
3094 5145 3219 5215 Reg.
3241 5160 3329 5207 xv,
3352 5142 3458 5213 l7).
3486 5142 3698 5211 Elquo—

2130 5246 2267 5299 niam
2296 5245 2547 5313 scriptum
2567 5239 2737 5296 estde
2761 5238 3028 5307 discipulis
3053 5236 3279 5292 Christi:
3308 5234 3560 5303 Quamdiu
3584 5250 3698 5285 cum

2128 5338 2198 5391 eis
2225 5346 2297 5391 est
2325 5349 2559 5405 sponsus,
2591 5347 2691 5385 non
2710 5329 2945 5400 jejunant
2967 5329 2987 5359 ¹
3019 5327 3114 5397 filii
3153 5326 3323 5396 sponsi
3374 5322 3583 5395 (Matth.
3620 5338 3695 5388 ix,

2193 5513 2209 5545 ί
2238 5518 2286 5559 tn
2309 5517 2422 5559 ante
2459 5504 2887 5565 excusis,Absalon.
2925 5510 2979 5553 Αι
3002 5505 3050 5552 in
3073 5499 3286 5565 melioris
3309 5509 3434 5551 nota:
3458 5504 3560 5548 Mss.
3588 5493 3697 5546 ubi-

2129 5588 2227 5639 que
2251 5580 2341 5682 ᾒ
2368 5568 2630 5641 abessalon.
2656 5575 2705 5616 In
2727 5575 2885 5617 Graeco
2903 5573 3030 5636 uix,
3059 5564 3311 5614 Abesalt’nn.

2194 5638 2214 5667 ί
2239 5641 2265 5681 Ε
2337 5670 2367 5682 ..
2400 5627 2693 5682 ieiunabant.
2714 5638 2767 5680 At
2801 5633 3178 5682 uss..1e1unant.

2194 5638 2214 5667 ί
2239 5627 2367 5691 ΕΜ..
2393 5627 2693 5694 jejunabunt.
2714 5638 2767 5680 At
2801 5637 2926 5690 uss,
2939 5627 3178 5690 jejunum.

2193 5697 2268 5759 (a)
2298 5692 2460 5760 supra,
2481 5707 2528 5742 u.
2555 5692 2602 5741 4.
