4046 6200
1594 164 1619 189 ο

200 358 264 412 73
1054 398 1063 406 κ
1339 342 1733 397 ΕΝΑΠΒΛΤῘΟ
1773 341 1788 393 l

1895 339 2196 397 ’SALllUM
2227 340 2323 395 ιιι.
2612 317 2616 321 ⁴
2828 356 2835 363 -
3392 356 3463 425 η
3556 374 3557 377 χ

196 469 306 535 ιδ),
358 479 467 519 non
494 463 684 517 mirum
717 462 760 515 si
788 461 928 515 filius
951 461 1063 528 ejus
1088 458 1299 525 impius,
1330 458 1654 525 signiﬁcatur
1684 455 1773 506 di-

193 559 437 628 scipulus
469 555 662 624 impius
705 554 794 631 qui
825 568 943 607 eum
989 550 1219 603 tradidit.
1255 552 1293 602 Α
1338 564 1489 616 cuius
1520 547 1650 602 facie
1690 544 1776 599 Tu-

196 655 341 722 gisse
368 661 673 718 quanquam
714 645 959 699 historice
1002 643 1167 712 possit
1212 642 1399 712 accipi,
1438 639 1647 709 quando
1688 638 1778 691 illo

194 742 510 797 discedente
534 738 756 793 secessit
795 750 911 790 cum
954 735 1162 788 czeteris
1206 735 1257 786 in
1302 743 1568 794 montem;
1602 742 1777 785 tamen

196 831 570 902 Spiritualiter,
598 827 811 898 quando
841 834 1068 880 mentem
1100 824 1249 880 Iuda:
1279 824 1441 878 Filius
1480 824 1591 887 Dei,
1619 822 1668 875 id
1699 830 1782 874 est

202 927 374 977 virtus
403 930 459 975 et
484 919 740 989 sapientia
783 918 895 983 Dei,
944 917 1199 979 deseruit,
1230 930 1346 967 cum
1389 930 1509 969 eum
1540 912 1782 967 diabolus

204 1013 417 1083 penitus
445 1008 661 1071 invasit,
692 1007 746 1060 in
776 1022 841 1060 eo
869 1006 1005 1076 quod
1050 1006 1302 1073 scriptum
1348 1012 1450 1069 est,
1488 1003 1549 1055 Et
1584 1003 1785 1055 intravit

200 1102 437 1157 diabolus
464 1102 518 1153 in
547 1115 634 1153 cor
659 1099 765 1168 ejus
790 1097 971 1169 (Joan.
1015 1113 1126 1161 xm,
1170 1095 1249 1168 ἓ),
1288 1096 1424 1149 bene
1461 1094 1718 1162 accipitur
1751 1110 1781 1148 a

203 1195 339 1247 facie
364 1192 481 1260 ejus
499 1191 769 1245 Christum
792 1189 1023 1258 fugisse;
1040 1204 1140 1242 non
1163 1188 1282 1258 quia
1298 1170 1539 1242 Christus
1564 1186 1780 1241 diabolo

202 1285 386 1346 cessit,
408 1284 504 1338 sed
526 1281 738 1350 Christo
754 1280 1056 1334 discedente
1075 1280 1317 1335 diabolus
1334 1278 1583 1348 possedit.
1600 1279 1769 1345 Quem

202 1379 498 1430 discessum
528 1374 701 1443 fugam
730 1387 851 1427 esse
872 1372 922 1425 in
954 1371 1055 1426 hoc
1079 1371 1278 1438 psalmo
1298 1370 1616 1437 appellatum
1644 1369 1781 1422 cele-

205 1469 380 1520 ritatis
409 1479 568 1519 causa
594 1463 852 1525 arbitror;
880 1462 1031 1532 quod-
1072 1461 1235 1515 verbo
1277 1461 1434 1514 etiam
1486 1460 1688 1513 Domini
1715 1459 1789 1512 si-

206 1556 489 1626 gnificatur
536 1553 797 1607 dicentis:
823 1552 970 1617 Quod
998 1552 1146 1623 facis,
1191 1551 1290 1604 cito
1336 1554 1418 1621 fac
1457 1547 1783 1619 (Ibid.,27).

208 1648 499 1716 Loquimur
524 1645 685 1698 etiam
709 1636 786 1698 sic
813 1645 867 1696 in
890 1641 1291 1716 consuetudine,
1314 1651 1372 1694 ιιι
1391 1640 1627 1695 dicamus
1648 1658 1660 1692 :
1684 1639 1788 1693 Fu-

206 1740 282 1807 git
318 1752 425 1800 me,
457 1734 609 1804 quod"
645 1736 696 1787 in
738 1748 967 1787 mentem
999 1748 1102 1786 non
1132 1732 1308 1795 venit;
1360 1740 1415 1785 et
1458 1730 1526 1784 de
1573 1725 1815 1784 homiue’

207 1828 517 1881 doctissimo
545 1824 805 1877 dicimus:
832 1821 969 1875 Nihil
995 1837 1113 1875 eum
1146 1821 1295 1890 fugit.
1326 1819 1611 1889 Propterea
1650 1819 1790 1879 veri-

212 1929 294 1970 tas
319 1916 451 1986 fugit
476 1925 708 1968 mentem
747 1912 913 1975 .ludae,
959 1927 1080 1965 cum
1120 1927 1239 1965 emn
1270 1911 1534 1964 illustrare
1561 1909 1787 1964 destitit.

213 2008 511 2063 Abessalon
543 2014 742 2070 autem,
765 2004 899 2057 sicut
927 2004 1140 2069 quidam
1168 2002 1594 2070 interpretantur,
1626 2001 1678 2054 in
1708 2000 1789 2053 la-

216 2102 320 2152 tina
346 2098 526 2168 lingua
553 2096 748 2150 dicitur
776 2096 944 2149 Patris
972 2112 1102 2164 pax:
1127 2094 1264 2163 quod
1299 2095 1485 2146 mirum
1516 2093 1678 2147 videri
1698 2107 1791 2161 po-

215 2198 332 2253 test,
354 2188 470 2242 sive
495 2187 549 2241 in
576 2185 794 2240 historia
825 2186 1144 2254 [tegunt-mn,
1172 2201 1289 2236 cum
1320 2184 1510 2236 bellant
1536 2183 1789 2237 adversus

218 2292 414 2349 patrem
444 2280 741 2334 Abessalon
768 2278 1021 2348 gesserit:
1050 2276 1163 2331 sive
1191 2278 1242 2329 in
1270 2276 1483 2329 historia
1511 2274 1641 2328 Novi
1682 2274 1789 2327 Tv-

217 2369 483 2434 stamenti,
515 2384 637 2423 cum
664 2367 886 2422 traditor
913 2366 1123 2420 Domini
1148 2365 1310 2420 ludas
1337 2365 1511 2429 fuerit,
1534 2364 1787 2433 quemad-

219 2461 424 2515 modum
457 2461 637 2513 Patris
667 2474 766 2527 pax
795 2459 958 2528 possit
980 2458 1220 2526 intelligi.
1244 2456 1346 2511 Sed
1374 2466 1427 2510 et
1448 2457 1517 2510 ibi
1548 2457 1637 2526 qui
1667 2456 1789 2510 dili-

217 2562 394 2619 genter
424 2552 626 2620 legunt,
652 2551 830 2605 vident
855 2551 904 2604 itt
925 2550 1012 2603 illo
1029 2549 1167 2604 bello
1189 2547 1348 2602 David
1374 2556 1611 2617 pacatum
1630 2548 1789 2603 fuisse

218 2645 343 2707 tilio,
365 2645 454 2712 qui
473 2645 632 2697 etiam
657 2658 846 2712 magno
868 2657 987 2695 cum
1010 2640 1192 2696 dolore
1215 2641 1418 2710 planxit
1442 2641 1781 2705 exstinctum,

218 2735 399 2789 dicens
422 2753 436 2787 :
467 2735 739 2788 Abessalon
768 2734 903 2800 ﬁlius
924 2750 1079 2795 meus,
1103 2733 1213 2802 quis
1240 2732 1378 2785 dabit
1400 2732 1520 2784 milii
1550 2732 1677 2784 mori
1696 2748 1788 2801 pro

221 2835 265 2877 te
289 2824 354 2894 (ll
376 2824 509 2894 Reg.
538 2841 688 2886 xviii,
711 2824 840 2893 55)?
868 2833 923 2878 ct
951 2824 1003 2878 in
1034 2824 1253 2878 historia
1282 2824 1410 2877 Novi
1436 2823 1786 2889 Testamenti,

222 2916 326 2984 ipsa
368 2917 576 2970 Domini
610 2915 773 2971 nostri
817 2927 957 2969 tanta
1003 2924 1056 2977 et
1100 2924 1205 2969 tam
1237 2915 1473 2969 miranda
1516 2915 1785 2984 patientia,

220 3006 355 3073 quod
379 3022 501 3059 eum
526 2991 724 3059 uimditi
752 3006 966 3075 pertulit
992 3014 1237 3075 tauquam
1267 3006 1485 3071 bonum,
1516 3020 1637 3059 cum
1672 3006 1791 3074 ejus

220 3096 565 3164 cogitationes
584 3111 686 3149 non
706 3098 986 3166 ignoraret.
1009 3111 1126 3151 etim
1148 3086 1385 3149 adhibuit
1403 3095 1467 3149 ad
1490 3096 1790 3150 convivium

221 3188 275 3236 In
298 3199 401 3253 quo
425 3185 666 3253 corp‘iris
707 3196 759 3239 et
803 3186 1072 3254 sanguinis
1116 3186 1193 3237 sui
1236 3185 1491 3254 figuram‘
1518 3186 1792 3256 discipulis

220 3272 608 3327 commendavit
628 3284 683 3328 et
705 3274 918 3328 tradidit
947 3274 1120 3345 (Joan.
1150 3272 1286 3346 xui),
1311 3274 1452 3345 quod
1480 3276 1708 3347 denique
1737 3278 1787 3331 in

222 3364 333 3433 ipsa
363 3365 647 3419 traditione
692 3368 928 3420 osculum
975 3366 1179 3435 accepit
1229 3365 1441 3438 (Matth.
1487 3382 1634 3433 xxvr,
1674 3367 1787 3437 All),

221 3453 354 3509 bene
383 3455 695 3522 intelligitur
724 3454 903 3524 pacem
928 3454 1195 3510 Christum
1225 3457 1531 3512 exhibuisse
1553 3458 1791 3511 tradituri

221 3558 343 3608 SIIO;
374 3546 620 3614 quamvis
645 3546 732 3599 ille
761 3558 864 3599 tam
902 3545 1174 3600 scelerata:
1211 3546 1544 3614 cogitationis
1582 3546 1791 3600 interno

223 3634 361 3687 bello
388 3643 711 3687 vastaretur.
744 3634 810 3688 Et
837 3635 956 3688 ideo
986 3635 1277 3688 Abessalon
1324 3635 1491 3689 Patris
1518 3650 1618 3704 pax
1654 3636 1790 3689 dici-

220 3737 329 3786 tur,
357 3725 479 3792 quia
511 3734 660 3792 pater
686 3725 861 3778 habuit
890 3740 1092 3792 pacem,
1138 3740 1292 3792 quam
1324 3726 1410 3779 ille
1437 3742 1540 3779 non
1586 3726 1787 3780 habuit.

291 3812 344 3865 2.
385 3811 537 3884 [σεῖε.
561 3813 618 3877 2,
659 3811 740 3885 5.]
780 3813 1010 3878 Domine,
1057 3815 1178 3882 quid
1215 3814 1526 3884 multiplicati
1554 3825 1670 3868 sunt
1707 3817 1791 3883 qui

220 3901 605 3969 tribulantﬁte.’
645 3912 749 3956 tam
778 3903 977 3958 scilicet
1006 3893 1332 3971 multiplicati
1374 3912 1515 3970 sunt,
1543 3913 1600 3956 ut
1623 3906 1782 3958 etiam

219 3994 290 4048 de
311 4009 535 4047 numero
562 3994 938 4062 discipulorum
970 4009 1071 4047 non
1100 3993 1324 4048 defuerit
1347 3995 1434 4062 qui
1459 4010 1677 4048 numero
1703 4010 1789 4047 ac-

220 4084 443 4137 resserit
488 4083 936 4152 persequentium.
985 4081 1138 4135 Multi
1178 4082 1441 4151 insurgunt
1489 4099 1636 4151 super
1677 4097 1792 4136 me:

218 4160 368 4225 multi
387 4172 561 4243 dicunt
584 4173 767 4226 animo:
788 4189 943 4226 metu:
966 4172 1087 4226 Non
1111 4182 1180 4226 est
1204 4173 1344 4225 salus
1364 4173 1440 4225 illi
1459 4173 1511 4224 in
1534 4171 1638 4224 fleo
1658 4173 1782 4243 ejus.

221 4242 559 4315 Manifestum
585 4271 670 4317 est
691 4262 828 4330 quod
857 4263 953 4316 nisi
976 4263 1321 4330 desperarent
1348 4242 1787 4325 resurrecturum,

170 4368 180 4419 ε
220 4370 331 4408 non
362 4353 544 4423 utique
564 4352 884 4408 occiderent.
911 4354 985 4407 Ad
1016 4354 1116 4407 hoc
1144 4354 1321 4406 valent
1346 4353 1448 4405 illa:
1476 4367 1660 4406 voces:
1689 4352 1790 4405 lte-

219 4446 435 4497 scendat
458 4444 523 4496 de
543 4442 707 4507 cruce,
738 4445 779 4497 si
809 4444 854 4496 F
857 4446 972 4498 ilius
1017 4444 1107 4497 Dei
1136 4454 1240 4509 est;
1266 4453 1356 4499 et:
1384 4443 1520 4497 Alios
1563 4448 1788 4507 salravit,

158 4530 175 4543 ⁸
215 4534 448 4601 lapsum
469 4550 567 4585 non
590 4543 747 4602 potest
769 4531 879 4601 (Id.
904 4550 1065 4595 xxvii,
1085 4534 1192 4602 42).
1226 4534 1360 4603 Ergo
1377 4549 1474 4588 nec
1501 4533 1657 4588 ludas
1679 4549 1790 4587 eam

218 4624 560 4686 tradidisset,
593 4625 692 4677 nisi
724 4640 785 4678 ex
813 4641 993 4678 eorum
1024 4635 1163 4679 esset
1187 4639 1406 4679 numero
1420 4627 1506 4694 qui
1529 4623 1793 4679 Christum

214 4724 646 4779 contemnerent,
671 4713 939 4768 dicentes:
976 4714 1091 4767 Non
1119 4724 1187 4769 est
1215 4717 1353 4769 salus
1378 4716 1454 4769 illi
1477 4718 1528 4768 in
1549 4716 1649 4770 Deo
1666 4719 1793 4786 ejus.

286 4804 349 4858 3.
392 4800 546 4874 [κη.
597 4800 676 4875 4.]
715 4801 794 4856 Τιι
812 4813 996 4865 autem,
1025 4803 1257 4867 Domine,
1285 4815 1540 4872 susceptor
1555 4822 1690 4858 meus
1705 4823 1755 4859 es
1778 4821 1797 4859 :

210 4891 517 4947 secundum
569 4891 836 4945 hominem
880 4894 1071 4948 dicitur
1094 4894 1227 4958 Deo;
1271 4896 1390 4964 quia
1420 4894 1649 4949 hominis
1675 4910 1796 4949 sus-

210 4982 403 5052 ceptio
431 4989 512 5035 est
540 4981 772 5059 Verbum
822 4998 944 5036 caro
968 4984 1175 5038 factum.
1203 4983 1377 5039 Gloria
1404 5002 1512 5038 mea
1534 5002 1554 5039 :
1577 4986 1795 5054 gloriam

208 5087 373 5127 sitam
412 5071 574 5125 Deum
604 5072 733 5126 dicit
774 5073 929 5127 etiam
984 5074 1089 5137 ille,
1121 5091 1276 5144 quem
1318 5078 1394 5129 sic
1433 5077 1796 5146 suscepit‘Dei

211 5163 483 5223 Verbum,
514 5171 570 5215 ut
594 5162 752 5216 simul
776 5178 895 5215 cum
927 5178 990 5217 eo
1017 5165 1154 5219 Deus
1175 5168 1341 5220 lieret.
1374 5168 1587 5222 Discant
1609 5183 1797 5237 super-

206 5252 285 5314 bi,
344 5252 444 5322 qui
493 5267 597 5305 non
641 5253 867 5308 libenter
913 5253 1131 5309 audiunt
1157 5273 1275 5311 cum
1307 5259 1384 5312 eis
1407 5259 1633 5314 dicitur:
1664 5261 1801 5328 Quid

206 5356 395 5398 auem
429 5344 578 5398 habes
614 5345 748 5416 quod
787 5362 887 5399 non
937 5348 1206 5414 accepisti?
1249 5349 1308 5404 Si
1336 5360 1500 5405 autent
1544 5356 1794 5423 accepisti,

206 5435 339 5505 quid
397 5433 631 5503 gloriaris
658 5436 804 5505 quasi
846 5452 944 5489 non
973 5440 1216 5506 acceperis
1248 5440 1290 5511 (I
1329 5440 1447 5496 Cor.
1482 5458 1552 5508 tv,
1602 5445 1689 5514 '7)?
1732 5446 1801 5500 Et

208 5525 457 5580 exultans
502 5535 654 5592 caput
695 5541 894 5580 meum:
921 5535 1148 5580 mentem
1193 5529 1356 5599 ipsam
1400 5528 1683 5587 humanam
1716 5535 1800 5590 hic

271 5667 291 5696 ι
319 5672 538 5729 (hiatum
581 5664 909 5724 atss.,seilicet
956 5668 1286 5729 Benignianus,
1314 5671 1709 5724 Theoderic'usm
1744 5689 1800 5726 ac

211 5727 519 5775 «terrueris
540 5728 698 5775 artatis
717 5739 777 5774 ex
802 5727 1172 5778 Corbeieusibus
1194 5744 1315 5779 unus
1332 5741 1382 5782 et
1402 5733 1523 5784 alius
1554 5750 1614 5785 ex
1643 5742 1798 5786 hemi-

209 5789 500 5846 gtemsibus.
530 5788 822 5846 mysterium.

499 5867 774 5927 ΡΑτιιοι.
814 5870 1098 5934 XXXVI.

1889 453 2246 520 accipiendam
2301 463 2449 522 puto,
2499 456 2637 523 quod
2682 469 2839 527 caput
2879 460 3067 515 animre
3098 477 3198 516 non
3231 464 3462 521 absurde

1886 545 2198 613 appellatur,
2227 562 2349 614 qua:
2391 546 2460 600 ita
2506 547 2714 617 ltill:l'._Sll
2754 561 2806 604 et
2844 552 3232 617 quodammodo
3259 557 3466 614 cculuit

1887 634 2168 688 excellenti
2198 637 2661 704 supereminentiae
2686 639 2843 693 Verbi
2877 640 3142 696 hominem
3170 648 3452 716 suscipien-

1890 726 1977 791 tis,
2009 735 2065 779 ut
2086 735 2227 778 tanta
2252 727 2514 794 passionis
2546 727 2837 783 humilitate
2866 746 2967 784 non
2993 733 3368 801 deponeretur.

1960 815 2013 869 4.
2055 813 2202 887 [νει-ε.
2263 814 2342 890 5.]
2390 815 2529 870 Voce
2557 835 2669 869 mea
2708 820 2773 871 ad
2818 819 3092 875 Dominum
3138 824 3460 881 clamavi:id

1889 912 1992 970 est,
2034 920 2138 958 non
2181 907 2419 979 corporis
2452 922 2601 973 voce,
2634 925 2752 976 qua:
2790 925 2907 963 cum
2950 914 3167 981 strepitu
3201 918 3456 973 verberati

1890 996 2028 1049 aeris
2057 998 2342 1064 promitur;
2373 998 2467 1051 sed
2494 1014 2621 1052 voce.
2638 1002 2833 1065 cordis,
2856 1019 2970 1070 quae
2990 1005 3292 1059 hominibus
3316 1007 3456 1074 silet,

1892 1088 2001 1140 Deo
2031 1096 2205 1142 autem
2244 1090 2381 1142 sicut
2423 1090 2623 1144 clamor
2669 1101 2839 1145 sonat.
2893 1094 3004 1158 Qua
3049 1111 3178 1150 voce
3219 1096 3460 1155 Snzanna

1890 1178 2132 1232 exaudita
2162 1188 2241 1233 est
2268 1180 2429 1250 (Dan.
2454 1198 2565 1245 xm,
2591 1184 2715 1253 44):
2748 1194 2802 1237 et
2834 1186 2900 1239 de
2929 1203 3029 1256 qua
3060 1204 3188 1244 voce
3219 1191 3330 1259 ipse
3359 1192 3462 1245 Do-

1891 1269 2068 1322 min'us
2095 1272 2354 1339 principit,
2388 1282 2444 1327 ut
2470 1273 2520 1327 in
2550 1275 2805 1328 cubiculis
2846 1277 3056 1341 clausis,
3083 1279 3133 1332 id
3162 1292 3262 1344 est,
3291 1283 3340 1335 iu
3368 1298 3459 1339 se-

1889 1360 2051 1414 cretis
2079 1361 2256 1417 cordis
2281 1364 2394 1416 sinc
2424 1366 2644 1435 strepitu:
2671 1378 2852 1421 oretur
2891 1368 3104 1436 (Matth.
3148 1388 3218 1434 \'l,
3247 1373 3324 1443 6).
3354 1374 3463 1429 Nec

1889 1450 2043 1503 facile
2070 1452 2348 1521 quisquam
2380 1454 2579 1509 dixerit
2600 1456 2697 1511 hac
2730 1474 2860 1513 voce
2888 1461 3063 1515 minus
3087 1464 3248 1529 orari,
3275 1465 3318 1518 si
3345 1467 3466 1520 nul-

1890 1537 1974 1592 lus
1999 1540 2278 1597 verborum
2306 1556 2469 1598 sonus
2499 1545 2747 1600 reddatur
2770 1563 2837 1601 ex
2864 1563 3115 1620 corpore;
3143 1555 3389 1622 quoniam
3410 1565 3464 1609 et

1890 1628 2111 1683 silentes
2135 1645 2256 1684 cum
2285 1633 2337 1686 in
2365 1634 2612 1689 cordibus
2638 1651 2874 1701 oramus,
2901 1641 2944 1692 si
2971 1641 3156 1695 aliena:
3181 1642 3248 1697 ab
3273 1644 3462 1700 ali‘et-tu

1891 1721 2094 1774 orantis
2119 1722 2464 1792 cogitationes
2489 1725 2865 1793 intercurraut,
2896 1731 3125 1784 nondum
3144 1733 3243 1788 diei
3262 1746 3464 1802 potest:
3493 1716 3502 1721 ’

1903 1810 2034 1867 Voce
2058 1828 2168 1867 mea
2189 1814 2257 1866 ad
2284 1814 2554 1870 Dominum
2580 1820 2811 1872 clamavi.
2836 1820 3015 1892 Neque
3044 1823 3144 1878 hoc
3170 1837 3311 1880 recte
3329 1827 3468 1893 ,dici-

1895 1914 1998 1968 tur,
2031 1902 2132 1957 nisi
2161 1919 2282 1958 cum
2313 1906 2425 1960 sola
2454 1909 2648 1973 anima,
2681 1910 2809 1963 nihil
2848 1914 3022 1966 carnis
3068 1915 3304 1985 nihilque
3349 1932 3467 1973 car-

1895 1991 2090 2045 nalium
2135 1992 2483 2048 intentionum
2515 1997 2565 2049 in
2592 1999 2831 2055 oratione
2858 2000 2873 2031 ³
2903 2002 3195 2070 attraheus,
3236 2005 3466 2074 loquitur

1897 2080 2143 2147 Domino,
2194 2085 2281 2137 ubi
2324 2086 2469 2139 solus
2509 2088 2685 2154 audit;
2731 2090 2933 2144 clamor
2972 2100 3146 2147 autem
3179 2094 3335 2149 etiam
3369 2097 3468 2150 isto

1895 2173 2109 2240 dicitur,
2143 2184 2357 2243 propter
2385 2176 2488 2230 vim
2521 2177 2685 2246 ipsius
2731 2180 3057 2237 intentionis.
3104 2183 3172 2236 Et
3210 2187 3464 2240 exaudivit

1894 2278 1972 2317 me
1996 2262 2058 2315 de
2083 2272 2247 2318 monte
2288 2275 2459 2320 sancto
2499 2285 2589 2321 suo
2621 2271 2693 2339 (α)
2720 2288 2734 2323 :
2763 2282 2995 2327 montem
3042 2273 3254 2343 quidem
3294 2277 3466 2346 ipsum

1893 2353 2175 2408 Dominum
2207 2371 2302 2424 per
2344 2357 2659 2428 Prophetam
2699 2361 2895 2416 dictum
2928 2366 3200 2431 habemus,
3233 2378 3291 2421 ut
3331 2370 3466 2424 scri-

1894 2452 2040 2512 ptum
2068 2456 2172 2510 est,
2206 2446 2429 2516 lapidem
2459 2451 2862 2518 prmeisumsine
2885 2456 3126 2511 manibus
3154 2461 3385 2516 crevisse
3412 2463 3463 2516 in

1894 2537 2307 2605 magnitudinem
2336 2541 2529 2594 montis
2553 2541 2711 2612 (Dan.
2736 2559 2791 2606 tt,
2817 2545 2928 2613 55).
2959 2545 3063 2600 Sed
3092 2548 3191 2602 hoc
3215 2549 3282 2603 ab
3303 2552 3465 2619 ipsius

1893 2630 2157 2694 persona’
2183 2646 2285 2683 non
2318 2640 2490 2699 potest
2516 2634 2704 2701 accipi,
2753 2635 2852 2689 nisi
2895 2636 3027 2691 forte
3064 2639 3133 2692 ita
3163 2640 3339 2697 dicere
3366 2658 3463 2698 vo-

1894 2719 2022 2799 luit:
2050 2720 2122 2773 De
2164 2722 2497 2789 memetipso,
2543 2734 2787 2793 tanquam
2828 2725 2892 2779 de
2929 2740 3105 2784 monte
3132 2740 3316 2784 sancto
3341 2747 3458 2797 suo,

1894 2828 1980 2868 me
2019 2813 2302 2878 exaudivit,
2344 2829 2461 2867 cum
2493 2814 2752 2870 habitaret
2783 2817 2832 2870 in
2879 2834 2983 2885 me,
3034 2820 3208 2887 idest,
3254 2823 3305 2877 in
3346 2825 3462 2893 ipso

1893 2914 2093 2957 monte.
2127 2904 2335 2958 Planius
2356 2914 2529 2959 autem
2558 2915 2641 2961 est
2667 2916 2722 2960 et
2741 2908 3055 2975 eiprditius,
3079 2912 3122 2965 si
3143 2913 3461 2983 accipiamus

1893 2994 2177 3050 exaudisse
2207 2996 2369 3050 [leum
2398 2995 2467 3050 de
2497 2995 2698 3066 iustitia
2726 3013 2817 3053 sua
2840 3017 2853 3052 :
2874 3000 3071 3067 justum
3101 3004 3239 3057 enim
3266 3012 3382 3059 erat
3408 3016 3462 3062 ut

1894 3084 2228 3138 innocentem
2262 3084 2514 3150 occisum,
2542 3095 2592 3141 et
2623 3088 2708 3141 cui
2752 3090 3007 3144 retributa
3038 3104 3158 3146 sunt
3185 3094 3320 3147 mala
3366 3112 3461 3164 pro

1893 3174 2068 3238 bonis,
2093 3176 2433 3233 resuscitarct
2452 3191 2480 3227 a
2513 3179 2754 3240 mortuis,
2777 3187 2830 3232 et
2848 3179 3003 3249 digna
3027 3170 3483 3255 persequentibus

1894 3268 2236 3332 retribueret;
2271 3268 2492 3338 legimus
2520 3270 2698 3323 enim:
2725 3269 2933 3326 Iustitia
2973 3286 3059 3328 tua
3105 3277 3231 3331 sicut
3272 3291 3463 3335 montes

1894 3356 1991 3411 Dei
2016 3358 2201 3427 (Psal.
2220 3373 2382 3422 xxxv,
2413 3357 2491 3430 7).

1965 3449 2019 3503 5.
2061 3446 2210 3521 [vers.
2261 3447 2340 3523 6.]
2382 3449 2489 3520 Ego
2519 3449 2747 3517 dormivi,
2778 3462 2824 3505 et
2844 3469 3071 3505 somnum
3096 3458 3205 3525 repi
3232 3458 3464 3527 (b).l\’nu‘

1895 3539 2326 3594 inconvenienter
2351 3541 2696 3597 animadverti
2725 3552 2899 3611 potest
2933 3547 3070 3614 quod
3113 3548 3335 3614 positum
3358 3563 3461 3605 est:

1897 3628 2029 3699 Ego,
2062 3629 2125 3682 ad
2158 3629 2556 3698 significandum
2604 3633 2743 3701 quod
2788 3648 2883 3687 sua
2928 3636 3192 3691 voluntate
3235 3648 3456 3693 mortem

1895 3719 2167 3783 sustinuit,
2196 3720 2484 3774 secundum
2520 3723 2642 3775 illud
2667 3741 2678 3776 :
2707 3721 2980 3792 Propterea
3000 3740 3075 3778 me
3105 3735 3254 3788 Pater
3274 3728 3458 3798 diligit,

1894 3814 2134 3878 quoniam
2165 3827 2254 3880 ego
2284 3828 2415 3880 pono
2462 3813 2681 3877 aniinam
2723 3828 2905 3879 meam,
2956 3822 3009 3867 ut
3048 3819 3227 3869 iterum
3264 3835 3462 3873 sumant

1895 3915 2022 3952 eam.
2054 3897 2218 3952 Nemo
2241 3916 2351 3952 eam
2378 3901 2505 3952 tollit
2533 3919 2564 3951 ιι
2603 3902 2787 3970 meipso
2810 3917 2830 3955 :
2852 3912 3143 3971 potestatem
3177 3906 3332 3962 habeo
3372 3927 3463 3979 po-

1894 3988 2048 4041 nendi
2071 4005 2200 4052 eam,
2246 3998 2290 4041 et
2331 3998 2619 4056 potestatem
2665 3991 2819 4046 habeo
2860 3993 3039 4048 iterum
3081 3998 3310 4054 sumendi
3349 4016 3461 4054 eam

1900 4077 2076 4149 (Joan.
2103 4095 2157 4146 x,
2184 4080 2270 4159 l7,
2300 4080 2423 4150 18):
2453 4096 2555 4132 non
2582 4096 2727 4150 ergo,
2758 4082 2944 4153 inquit,
2981 4102 3075 4142 vos
3100 4104 3185 4143 me
3213 4099 3458 4160 tanquam

1895 4169 2113 4223 invitum
2144 4170 2358 4240 cepistis
2382 4180 2430 4225 et
2461 4172 2746 4236 occidistis,
2768 4174 2860 4229 sed
2889 4192 2978 4248 ego
3002 4180 3234 4248 dormivi,
3259 4193 3304 4236 et
3328 4200 3464 4237 som-

1896 4272 2014 4313 num
2040 4261 2180 4330 cepi;
2206 4271 2251 4314 et
2281 4264 2555 4327 exsurrcasi,
2579 4266 2813 4337 quoniam
2844 4268 3089 4326 Dominus
3112 4276 3346 4347 suscipiet
3365 4294 3460 4333 me.

1896 4349 2152 4404 Somnum
2195 4362 2368 4405 autem
2414 4368 2513 4429 pro
2554 4364 2722 4408 morte
2755 4361 2979 4425 positum
3013 4362 3462 4422 innumerabiliter

1899 4440 2186 4511 Scriptura:
2211 4444 2503 4509 continent,
2537 4447 2675 4501 sicut
2700 4450 2982 4517 Apostolus
3013 4453 3172 4508 dicit:
3207 4456 3345 4524 Nolo
3376 4477 3460 4515 vos

1896 4530 2147 4600 ignorare,
2192 4531 2403 4599 fratres,
2450 4535 2512 4587 de
2548 4536 2611 4590 iis
2653 4539 2739 4608 qui
2787 4540 3129 4610 domuitionem
3171 4561 3464 4617 acceperunt

1902 4622 1943 4693 (l
1981 4622 2154 4684 Thess.
2189 4640 2260 4686 tv,
2306 4624 2414 4696 12).
2459 4626 2567 4682 Nec
2613 4632 2951 4699 quzerendum
2997 4645 3076 4688 est
3104 4650 3202 4691 cur
3229 4639 3463 4694 additum

1898 4715 1985 4777 sit,
2007 4730 2236 4767 somnum
2264 4717 2391 4786 cepi,
2410 4732 2528 4771 cum
2538 4719 2645 4788 jam
2674 4720 2870 4775 dictum
2896 4734 3055 4790 esset,
3087 4726 3328 4795 dormivi,
3352 4733 3465 4785 usi—

1901 4812 2036 4857 tatas
2064 4805 2203 4857 enim
2235 4806 2429 4861 habent
2458 4810 2743 4879 Scriptura:
2788 4813 3149 4880 hujuscemodi
3192 4823 3464 4892 repetitio-

1902 4908 2013 4955 nes,
2042 4894 2175 4946 sicut
2204 4894 2254 4948 in
2281 4897 2512 4951 secundo
2540 4902 2740 4966 psalmo
2757 4906 2947 4959 multas
2963 4908 3307 4966 ostendimus.
3327 4913 3470 4971 Non-

1902 4983 2027 5035 nulli
2052 4997 2225 5036 autem
2243 4986 2453 5040 codices
2480 4987 2694 5052 habent,
2726 4992 2955 5057 dormivi,
2976 5005 3021 5047 et
3043 5009 3306 5067 separatus
3329 5021 3461 5069 sum,

1901 5082 1956 5126 et
1982 5070 2066 5125 alii
2108 5074 2289 5138 aliter;
2330 5078 2596 5145 quomodo
2626 5079 2956 5150 interpretari
3002 5099 3283 5156 potuerunt
3324 5097 3467 5166 quod

1901 5179 2071 5232 grzece
2109 5167 2333 5232 pOSlllllil
2371 5176 2470 5233 est,
2514 5174 2602 5233 ἐγὼ
2638 5174 2683 5223 δὲ
2721 5178 2971 5241 ἐκοιμηθην
3007 5185 3088 5233 καὶ
3128 5190 3327 5239 (amoma.
3357 5184 3470 5241 Νἰξί

1905 5254 2042 5308 forte
2066 5252 2312 5308 darmitio
2330 5259 2621 5324 morientis,
2642 5276 2858 5317 somnus
2886 5281 3060 5322 autem
3090 5274 3278 5327 mortui
3302 5274 3473 5346 accipi

1904 5353 2110 5414 potest;
2137 5356 2194 5398 ut
2219 5345 2466 5401 dortnitio
2488 5354 2556 5403 sit
2583 5367 2682 5420 qua
2718 5364 2969 5410 transuur
2994 5372 3061 5412 au
3085 5376 3352 5433 somnum,
3377 5345 3470 5421 ve-

1965 5476 1983 5507 ί
2008 5474 2194 5538 Aliquot
2215 5483 2319 5527 Mss.
2333 5514 2347 5538 ,
2370 5479 2642 5532 orationem.

1967 5539 1988 5567 ³
2009 5539 2226 5600 Quinque
2259 5548 2378 5589 Mss:
2400 5542 2489 5592 Sed
2512 5542 2599 5593 hoc
2621 5544 2687 5594 ad
2706 5545 2855 5608 ipsius
2879 5560 3143 5609 personam.

1904 5620 2037 5730 nisi)
2070 5621 2337 5728 ι[ξσέθροὰειιι
2362 5638 2488 5675 vers.
2513 5627 2544 5676 ὅ
2568 5629 2677 5678 vide
2716 5636 2851 5679 Enar.
2898 5633 3015 5682 Psal.
3041 5649 3166 5696 xm,
3206 5648 3254 5690 ιι.
3285 5642 3390 5717 '53;
3429 5660 3488 5709 ει

2030 5716 2043 5735 ο
2070 5716 2119 5729 ιιι
2147 5716 2192 5730 -ι
3376 5716 3379 5717 ⁷
3531 5723 3538 5730 ι

1966 5742 2395 5826 (ξ’)ξῆςτιξ-νξνξρ
2417 5757 2643 5826 tractatur
2667 5754 2714 5800 in
2740 5760 2874 5826 gnar.
2909 5757 3026 5806 Psal.
3054 5772 3131 5817 XL,
3166 5776 3213 5809 ιι.
3266 5775 3349 5826 to;
3379 5790 3452 5826 ιη

1908 5817 1954 5852 ιι.
1986 5804 2066 5866 ll;
2091 5818 2153 5866 el,
2179 5819 2225 5854 ιι.
2252 5807 2312 5869 8;
2338 5818 2387 5858 et
2410 5824 2637 5873 cxxxvm,
2664 5828 2709 5862 ιι.
2736 5814 2780 5863 2.
2950 5804 2957 5806 ⁷
3016 5804 3021 5805 ί
3054 5804 3131 5817 Μ’
3166 5804 3213 5809 m
3267 5804 3349 5837 ’ν’
3380 5804 3472 5837 ⁸⁴’¹’

2832 5896 3119 5973 [Τά-οἰδ.)
