4046 6200
2411 126 2439 153 δ

519 325 586 380 75
1488 376 1499 383 ἡ
1739 325 1796 377 S.
1841 319 2204 383 AUGUSTINI
2246 317 2543 377 EPISCON
3689 328 3761 385 7G

520 440 612 492 luti
639 432 1138 507 est'expergefactio
1166 450 1266 506 qua
1312 434 1563 489 transitur
1602 436 1667 488 ad
1699 434 2082 505 vigilationetu.

519 530 597 585 ﬁt:
644 546 737 599 pm
770 529 1010 581 inanibus
1038 527 1300 583 sermonis
1342 520 1692 591 ornamentis,
1745 526 2088 596 repetitioues

522 629 649 677 istas
676 622 725 675 iu
753 620 942 674 divinis
966 619 1115 673 libris
1136 634 1253 673 esse
1279 618 1611 672 arbitremur.
1643 618 1782 672 Bene
1803 633 1928 687 ergo
1950 619 2089 671 acci-
2140 658 2148 667 .

522 717 681 782 pitur,
714 712 821 783 Ego
862 704 1090 775 dormivi,
1121 721 1167 763 et
1196 728 1423 764 somnum
1450 711 1589 778 cepi;
1612 710 1726 780 Ego
1748 726 1831 764 me
1859 709 2087 779 passioui

522 804 758 875 permisi,
782 811 835 857 et
855 818 997 857 mors
1022 814 1300 857 consecuta
1330 811 1429 856 est.
1462 800 1529 854 Et
1554 802 1833 867 exsurrexi,
1855 801 2091 864 quoniam

519 897 768 951 Dominus
806 888 1039 965 susiipiet
1081 912 1178 948 me.
1227 894 1267 947 ll
1293 910 1336 947 lc
1361 894 1527 961 magis
1564 884 2088 946 animadvertendum

522 998 624 1054 cst,
656 987 1097 1057 quemadmodum
1127 988 1177 1039 in
1198 1003 1296 1039 una
1326 986 1586 1039 sententia
1609 994 1662 1040 et
1684 984 1933 1055 prmteriti
1958 996 2090 1038 teut-

523 1081 669 1148 poris
694 1078 910 1131 verbum
934 1078 1124 1147 posoit,
1150 1086 1201 1130 ct
1218 1076 1375 1155 futuri
1397 1094 1409 1129 :
1431 1084 1486 1131 et
1502 1077 1758 1129 exsurrexi
1774 1076 1914 1129 enim
1936 1075 2086 1139 dixit,

522 1171 663 1241 quod
694 1180 773 1225 est
801 1170 868 1224 de
900 1170 1197 1239 praeterito;
1228 1178 1279 1223 et
1305 1169 1556 1239 suscipiet,
1585 1167 1725 1238 quod
1751 1176 1833 1222 cst
1853 1168 1920 1222 de
1947 1167 2090 1220 futu-

523 1278 616 1325 ro;
656 1277 774 1313 cum
807 1276 1081 1329 resurgere
1122 1260 1434 1327 utiquenisi
1482 1259 1570 1313 ilia
1609 1259 1945 1328 susceptione
1985 1274 2088 1312 non

521 1361 722 1422 posset.
751 1350 854 1405 Sed
884 1352 933 1403 in
963 1350 1231 1418 prophetia
1277 1350 1410 1402 bene
1438 1350 1725 1402 miscentur
1751 1348 1923 1402 l‘ulura
1951 1362 2093 1415 prie:

524 1442 713 1507 teritis,
746 1457 850 1512 quo
879 1452 1157 1509 utrumque
1184 1441 1541 1509 signiﬁcetur:
1572 1440 1691 1509 quia
1717 1455 1778 1493 ea
1806 1454 1923 1507 qua:
1961 1453 2085 1491 ven.

524 1532 1084 1602 tura‘prOpbetautur,
1134 1530 1423 1585 secundum
1474 1541 1679 1600 tempus
1723 1530 2088 1613 futuralsuut;

521 1624 811 1678 secundum
863 1623 1134 1677 scientiam
1180 1638 1306 1676 vero
1359 1610 1953 1691 prophetantium,‘jatn
2000 1635 2093 1687 pro

524 1716 673 1771 factis
734 1715 990 1768 habenda.
1042 1714 1325 1769 Miscentur
1373 1727 1580 1782 quoque
1630 1712 1904 1778 priesentis
1955 1720 2088 1764 teut-

527 1809 669 1877 poris
699 1807 879 1871 verba,
908 1822 1023 1875 qua:
1063 1820 1159 1859 suo
1191 1804 1327 1864 loco,
1355 1819 1475 1859 cum
1505 1802 1850 1866 oceurreriut,
1894 1808 2092 1856 tracta~

525 1902 739 1953 buntur.

593 1991 647 2045 6.
674 1972 837 2064 ’[υενε.
887 1990 934 2042 7.
947 2003 965 2061 λ
1000 1987 1117 2041 Non
1149 1987 1327 2041 timebo
1353 1988 1514 2041 millia
1535 1987 1709 2057 populi
1738 1986 2094 2039 circumdantis

523 2102 601 2138 me
622 2100 645 2138 :
663 2085 914 2152 scriptum
938 2092 1015 2135 est
1043 2081 1094 2134 iu
1120 2080 1428 2151 Evangelio,
1455 2088 1647 2149 quanta
1672 2092 1792 2133 eum
1817 2078 2094 2131 multitudo

523 2176 806 2244 patientem
837 2181 891 2227 et
912 2171 1219 2227 crucifixum
1246 2169 1652 2225 eireumstetcrit
1679 2167 1897 2238 (Matth.
1929 2184 2091 2233 xxvtt,

520 2266 611 2328 59,
633 2264 770 2334 etc.).
798 2262 1048 2333 Exsurge,
1078 2261 1307 2327 Domine,
1332 2261 1522 2314 salvum
1544 2276 1623 2314 me
1644 2261 1746 2331 fac,
1781 2258 1913 2313 Deus
1935 2273 2095 2311 meus:

525 2370 627 2408 non
654 2352 935 2407 dormienti
963 2361 1052 2405 aut
1078 2350 1271 2421 jacenti
1319 2350 1512 2404 dicitur
1553 2349 1684 2413 Deo,
1731 2363 1970 2417 exsurge;
2001 2347 2095 2399 sed

523 2447 685 2501 moris
711 2455 791 2499 est
820 2443 1112 2498 diviuarmn
1145 2440 1537 2511 Scripturarum
1588 2454 1829 2509 persona:
1874 2439 1964 2493 Dei
1998 2439 2092 2492 tri-

524 2536 687 2589 liuere
716 2532 854 2603 quod
887 2532 940 2586 in
969 2531 1122 2585 nobis
1147 2530 1299 2595 facit;
1344 2545 1449 2583 non
1479 2528 1691 2599 quidem
1739 2527 1953 2596 ubique,
1998 2529 2092 2581 St‘tl

496 2623 609 2679 'ubi
640 2633 995 2695 congruenter
1023 2621 1123 2677 dici
1169 2630 1362 2693 potest,
1414 2621 1578 2675 veluti
1622 2636 1745 2675 cum
1787 2619 1904 2690 ipse
1948 2620 2091 2690 loqui

521 2716 734 2779 dicitur,
771 2714 984 2785 quando
1031 2714 1146 2783 ejus
1192 2714 1333 2767 dono
1372 2712 1657 2782 loquuntur
1684 2711 1963 2782 Prophctie
2010 2712 2095 2767 vel

524 2808 780 2878 Apostoli,
813 2807 893 2861 vel
925 2806 1121 2875 quique
1151 2805 1315 2859 nuntii
1346 2804 1604 2859 veritatis.
1635 2802 1788 2859 Unde
1819 2802 1943 2856 illud
1975 2812 2090 2857 est:

524 2901 599 2952 An
625 2899 772 2951 vultis
805 2898 1199 2966 experimentum
1225 2896 1451 2964 accipere
1479 2896 1587 2965 ejus
1622 2895 1709 2965 qui
1738 2894 1788 2947 in
1819 2911 1900 2948 me
1927 2894 2094 2963 loqui-

521 3002 601 3044 tur
625 2988 851 3044 Christus
878 2987 943 3061 (ll
987 2987 1102 3041 Cor.
1144 3002 1259 3048 xm,
1301 2984 1391 3058 5)?
1422 3002 1525 3039 non
1565 2987 1705 3039 enim
1732 2985 1823 3055 ait,
1850 2986 1965 3054 ejus
1990 3000 2094 3055 quo

520 3081 847 3136 illuminante
885 3077 1217 3147 autjubeutc
1258 3077 1482 3146 loquor;
1523 3075 1613 3129 sed
1660 3090 1877 3145 prorsus
1922 3076 2089 3144 ipsam

522 3172 842 3225 locutionem
871 3168 944 3222 illi
973 3168 1153 3221 tribuit
1179 3166 1328 3235 cujus
1349 3181 1568 3219 munere
1597 3166 1930 3235 loquebatur.

587 3262 641 3315 7.
683 3259 834 3332 (vers.
886 3257 965 3332 8.]
1005 3259 1250 3325 Quoniam
1290 3267 1341 3310 tu
1383 3258 1673 3329 percussisti
1708 3274 1877 3311 omnes
1915 3258 2093 3313 adver-

517 3364 683 3408 santes
724 3352 847 3405 mihi
888 3352 995 3405 sine
1030 3367 1182 3403 causa
1211 3365 1230 3403 :
1267 3364 1368 3402 nou
1403 3350 1473 3402 ita
1517 3348 1940 3419 distinguendum
1986 3360 2085 3417 est,

514 3447 664 3515 quasi
693 3460 795 3499 uua
827 3432 1084 3500 sententia
1127 3442 1215 3507 sit,
1248 3440 1497 3511 Exsurge,
1529 3439 1768 3506 Domine;
1796 3443 1987 3495 salvum
2014 3459 2093 3496 me

525 3541 626 3607 fac,
660 3535 794 3590 Deus
840 3551 997 3600 meus,
1026 3534 1260 3603 quoniam
1304 3540 1357 3585 tu
1404 3532 1690 3601 percussisti
1718 3548 1886 3586 omnes
1910 3532 2088 3587 adver-

520 3642 680 3685 santes
708 3629 830 3684 milli
853 3627 961 3682 sine
1001 3639 1195 3679 causa:
1222 3639 1324 3678 non
1375 3623 1516 3677 enim
1565 3632 1842 3692 propterea
1887 3625 2087 3677 salvum

520 3709 662 3781 facit.
690 3716 811 3790 quia
844 3717 1105 3791 percussit
1147 3716 1390 3771 inimicos
1418 3716 1565 3784 ejus;
1610 3715 1703 3769 sed
1754 3716 1926 3783 potius
1971 3716 2086 3786 ipso

518 3814 665 3865 salvo
694 3810 851 3876 facto,
882 3810 1002 3864 illos
1033 3808 1309 3879 percussit.
1352 3807 1489 3877 Ergo
1518 3806 1582 3860 ad
1612 3806 1660 3859 id
1689 3808 1827 3875 quod
1854 3809 2090 3877 sequitur

520 3904 774 3973 pertinet;
804 3915 862 3958 ut
910 3904 1008 3958 iste
1049 3904 1117 3956 sit
1160 3917 1368 3965 sensus,
1400 3902 1649 3966 Quoniam
1696 3911 1748 3953 tu
1800 3902 2087 3971 percussisti

518 4011 688 4048 omnes
717 3995 1032 4047 adversantes
1062 3994 1181 4046 mihi
1210 3994 1318 4048 sine
1355 4009 1528 4055 causa,
1576 3992 1747 4046 dentes
1774 4002 2088 4059 peccatorum

518 4068 837 4147 contrivisti;
859 4083 907 4137 id
931 4092 1034 4148 est,
1056 4083 1176 4137 inde
1204 4082 1494 4136 contrivisti
1519 4082 1705 4135 dentes
1727 4091 2083 4150 peccatorum,

516 4176 762 4247 quoniam
793 4174 1097 4244 percussisti
1145 4187 1331 4227 omnes
1362 4173 1701 4227 adversantes
1729 4172 1877 4225 mihi.
1925 4171 2085 4226 Pcena

515 4269 708 4339 quippe
735 4266 1123 4321 adversantium
1163 4275 1261 4326 est,
1294 4280 1393 4334 qua
1436 4265 1625 4318 dentes
1666 4278 1848 4317 eorum
1877 4263 2086 4317 contriti

519 4373 663 4427 sunt,
700 4362 751 4416 id
781 4371 881 4424 est,
926 4361 977 4414 in
1019 4362 1223 4414 irritum
1266 4361 1411 4430 quasi
1452 4361 1505 4413 in
1537 4359 1805 4428 pulverem
1835 4358 2085 4429 perducta

514 4454 673 4508 verba
721 4459 1057 4522 peccatorum
1104 4450 1505 4505 dilacerantium
1552 4448 1847 4503 maledictis
1897 4446 2085 4501 Filium

514 4544 638 4608 Dei;
666 4552 727 4597 ut
752 4544 827 4596 sic
855 4542 1175 4611 accipiamus
1203 4541 1411 4603 dentes,
1442 4539 1602 4593 verba
1648 4538 1924 4599 maledica,
1967 4541 2077 4608 qui-

516 4636 613 4686 bus
664 4633 911 4688 dentibus
967 4633 1097 4687 dicit
1160 4630 1446 4700 Apostolus
1500 4646 1512 4680 :
1568 4629 1629 4681 Si
1676 4639 1842 4682 autem
1892 4632 2088 4683 morde-

514 4717 577 4780 tis
598 4726 824 4791 invicem,
851 4726 1011 4779 videte
1034 4741 1095 4778 ne
1134 4721 1497 4777 consumamini
1527 4720 1587 4773 ab
1612 4720 1816 4773 invicem
1862 4720 2001 4785 (Gal.
2032 4737 2082 4785 ν,

520 4821 630 4889 15).
670 4819 898 4872 Possunt
942 4827 993 4872 ct
1043 4819 1225 4872 dentes
1256 4825 1598 4886 peccatorum
1628 4813 1792 4882 accipi
1826 4815 2086 4883 principes

513 4918 870 4984 peccatorum,
894 4924 1118 4977 quot-un.
1146 4907 1459 4962 auctoritate
1491 4907 1713 4974 quisque
1743 4905 1808 4958 de
1835 4916 2086 4959 societate

515 5012 661 5062 secto
702 4999 988 5055 viventium
1044 5000 1377 5067 przcciditur,
1424 5006 1477 5052 ct
1521 4995 1667 5064 quasi
1718 4994 2085 5062 incorporatur

516 5094 652 5149 male
681 5090 997 5147 viventibus.
1045 5089 1136 5144 llis
1166 5090 1410 5145 dentibus
1452 5088 1703 5142 contrarii
1749 5096 1870 5140 sunt
1899 5087 2084 5141 dentes

515 5185 784 5250 Ecclesiae,
814 5198 1035 5255 quorum
1063 5181 1374 5235 auctoritate
1400 5180 1466 5234 ab
1491 5195 1670 5233 errore
1699 5180 1971 5248 gentilium
1996 5195 2077 5230 va-

515 5279 821 5346 riorumque
851 5276 1151 5344 dogmatuttj
1184 5272 1538 5342 pricciduntur
1579 5272 1875 5332 credentes,
1927 5282 1980 5326 et
2032 5273 2082 5326 in

512 5357 628 5424 eatt’t
658 5384 773 5437 quin
799 5364 993 5420 Cllrisli
1026 5378 1219 5432 corpus
1250 5371 1329 5415 cst
1361 5362 1783 5415 transferuntur:
1818 5362 1900 5414 Itis
1947 5361 2080 5415 dou—

515 5463 655 5517 tibus
679 5460 874 5514 dictum
904 5466 986 5513 est
1008 5456 1164 5511 Petro
1190 5462 1245 5507 ut
1272 5452 1608 5506 manducaret
1639 5461 1859 5505 mactata
1882 5453 2083 5505 aninm-

513 5556 579 5608 lia
609 5554 741 5627 (Act.
773 5568 827 5611 ς.
864 5550 982 5619 15);
1032 5548 1079 5601 id
1121 5558 1224 5611 est,
1270 5543 1557 5600 Occidendo
1585 5544 1634 5597 in
1664 5543 1918 5598 Gentibus
1943 5545 2081 5613 quod

512 5657 680 5704 erant.
706 5655 759 5700 et
787 5634 1184 5700 traustnutaudo
1213 5640 1263 5693 in
1303 5638 1349 5691 id
1379 5636 1517 5707 quod
1562 5637 1674 5704 ipse
1704 5645 1862 5688 esset.
1907 5634 1971 5688 Et
2015 5635 2082 5690 de

515 5740 596 5793 bis
647 5739 880 5798 dentibus
926 5734 1175 5789 Ecclesigr
1207 5731 1427 5786 dicitur:
1463 5727 1642 5781 Dentes
1689 5728 1759 5781 tui
1809 5732 1931 5783 sicut
1957 5745 2078 5799 grea-

2197 436 2513 488 detonsarum
2543 438 2810 490 ascendens
2839 436 2903 489 dc'
2926 437 3161 501 lavacro,
3204 455 3312 504 ante
3348 456 3517 493 omnes
3541 442 3761 508 geminos

2196 527 2417 593 pariunt.
2442 537 2486 578 et
2511 527 2691 580 sterilis
2719 544 2817 579 non
2842 537 2913 580 est
2943 514 2992 579 in
3019 529 3119 581 illis
3146 528 3296 591 (Cant
3342 547 3411 594 tv,
3432 531 3487 591 9.,
3518 542 3562 585 et
3589 547 3661 592 v1,
3680 532 3760 601 ὅ).

2196 616 2258 683 lli
2289 626 2409 671 sunt
2441 617 2527 685 qui
2552 627 2691 671 recte.
2723 619 3047 687 prarcipiuut.
3073 630 3123 672 et
3154 606 3600 690 qneuladuunlum
3629 640 3759 691 prm—

2195 706 2394 774 cipiuut
2419 706 2486 760 ita
2522 708 2728 773 vivunt;
2759 710 2843 777 qui
2885 710 3080 763 faciunt
3105 711 3243 778 quod
3274 711 3469 765 dictum
3510 722 3627 766 est:
3650 712 3760 765 Lu-

2194 807 2334 851 ceant
2358 814 2511 867 opera
2536 809 2694 853 vestra
2720 816 2886 853 coram
2916 802 3213 867 hominibus,
3244 812 3298 855 ut
3326 802 3612 857 benedicant
3652 804 3763 858 Pa-

2196 884 2570 945 trem‘vestrum
2611 893 2696 962 qui
2723 894 2773 945 in
2803 893 2935 947 caelis
2963 903 3033 946 est
3066 894 3281 963 (Matth.
3324 911 3379 957 v,
3422 895 3544 964 16):
3574 896 3762 950 borum

2197 982 2337 1034 enim
2386 982 2697 1036 auctoritate
2725 982 2996 1046 commnti,
3045 984 3150 1038 Deo
3179 999 3272 1050 per
3303 986 3422 1040 illos
3450 986 3680 1057 loquenti
3706 996 3766 1042 et

2196 1074 2434 1141 operanti
2464 1072 2705 1126 homines
2750 1074 2987 1136 credunt,
3033 1084 3086 1128 et
3122 1077 3349 1144 separati
3385 1092 3413 1129 a
3459 1079 3656 1133 szeeulo
3678 1082 3762 1132 cui

2196 1162 2508 1219 conformati
2536 1175 2713 1227 erant,
2746 1167 2796 1219 in
2831 1167 3078 1220 Ecclesia:
3105 1169 3337 1222 membra
3367 1179 3657 1224 transeunt.
3698 1171 3767 1225 Et

2198 1254 2317 1309 ideo
2343 1265 2485 1309 recte
2510 1257 2617 1321 isd,
2655 1272 2748 1325 per
2786 1272 2918 1323 quos
2961 1257 3072 1310 haec
3104 1260 3269 1324 liunt,
3305 1259 3491 1315 dentes
3517 1260 3768 1315 dicuntur

2196 1344 2435 1399 detunsis
2479 1345 2663 1400 ovibus
2707 1347 2938 1409 similes,
2985 1348 3104 1415 quia
3147 1355 3475 1402 terrenarum
3517 1365 3765 1404 curarum

2182 1451 2356 1490 \oncra
2387 1436 2776 1506 deposuerunt,
2818 1447 2873 1491 et
2908 1439 3258 1494 ascendentes
3299 1439 3365 1494 de
3403 1441 3647 1504 lavacro,
3698 1443 3767 1497 de

2196 1528 2431 1582 sordium
2476 1531 2654 1583 sa-culi
2695 1530 2963 1584 ablutione
2990 1531 3008 1562 ¹
3043 1546 3135 1599 per
3174 1541 3560 1587 sacramentum
3589 1534 3766 1604 bapti-

2196 1623 2400 1688 smatis,
2435 1638 2619 1678 omnes
2645 1626 2883 1692 geminos
2911 1625 3135 1694 pariunt.
3165 1625 3467 1693 Operantur
3490 1628 3630 1681 enim
3660 1628 3767 1681 duo

2197 1725 2480 1783 prlecepta,
2508 1713 2575 1767 de
2602 1714 2800 1784 quibus
2819 1715 3012 1770 dictum
3041 1726 3122 1769 est
3157 1734 3170 1769 :
3203 1714 3268 1768 In
3298 1716 3374 1768 his
3406 1716 3601 1771 duabus
3631 1736 3762 1787 prle—

2196 1804 2350 1871 ceptis
2376 1814 2478 1856 tota
2529 1803 2634 1858 Lex
2675 1806 2854 1873 pendet
2908 1816 2953 1858 et
3008 1804 3275 1875 Propheta:
3302 1804 3322 1878 (
3349 1805 3434 1859 Id.
3474 1824 3604 1883 (xm,
3633 1809 3723 1880 40)
3747 1852 3762 1876 ,

2198 1892 2475 1963 diligentes
2502 1894 2662 1947 Deum
2695 1910 2758 1948 ex
2793 1903 2903 1949 toto
2937 1894 3117 1960 corde,
3154 1906 3206 1949 et
3244 1911 3306 1949 ex
3350 1905 3455 1950 tota
3483 1898 3679 1965 anima,
3710 1909 3766 1952 et

2198 1998 2260 2037 ex
2295 1992 2403 2036 tota
2448 1993 2657 2047 mente;
2707 1994 2760 2038 et
2806 1985 3105 2053 proximum
3138 1993 3388 2055 tauquam
3435 1989 3655 2057 seipsos.
3708 1989 3765 2043 lu

2197 2074 2392 2142 quibus
2435 2075 2631 2129 sterilis
2663 2089 2765 2128 non
2794 2085 2911 2140 est,
2956 2077 3203 2145 quoniam
3249 2077 3377 2131 tales
3409 2077 3609 2134 fructus
3640 2081 3765 2134 red-

2198 2165 2329 2218 dunt
2358 2166 2483 2219 Deo.
2516 2166 2812 2221 Secundum
2841 2181 2968 2236 ergo
2996 2166 3153 2225 istum
3176 2167 3494 2222 intellectum
3518 2170 3596 2224 sic
3625 2172 3766 2225 acci-

2200 2256 2447 2325 piendum
2480 2266 2579 2320 est,
2611 2257 2781 2310 dentes
2809 2268 3126 2325 peccatorum
3154 2245 3468 2324 contrivisti;
3494 2260 3544 2313 id
3574 2270 3672 2317 est.
3710 2261 3765 2315 in

2198 2348 2402 2401 irritum
2434 2346 2698 2401 adduxisti
2731 2348 2995 2416 principes
3025 2359 3378 2417 peccatorum,
3421 2353 3766 2419 percutiendo

2197 2456 2385 2496 omnes
2424 2442 2767 2495 adversantes
2804 2442 2930 2494 mibi
2960 2443 3073 2496 sine
3098 2452 3299 2498 causa':
3328 2444 3595 2514 principes
3620 2448 3763 2500 cnim

2197 2547 2318 2584 cum
2343 2531 2630 2583 secundum
2655 2532 3013 2599 evangelicum
3042 2532 3313 2586 historiam
3339 2535 3595 2602 persecuti
3616 2545 3761 2598 sunt,

2198 2637 2316 2674 cum
2350 2621 2628 2675 multitudo
2655 2622 2871 2675 inferior
2901 2622 3211 2675 Itonorarct.

2268 2714 2320 2767 8.
2369 2711 2518 2783 [περι-ε.
2560 2711 2639 2785 9.]
2682 2712 2882 2765 Domini
2934 2722 3003 2767 est
3043 2715 3206 2777 salus,
3250 2725 3295 2767 et
3336 2731 3486 2781 super
3523 2717 3767 2787 papulum

2200 2813 2337 2854 tuum
2358 2803 2626 2855 benedictio
2642 2813 2727 2855 tua
2746 2802 2838 2873 (ll).
2863 2803 2916 2856 ln
2950 2820 3047 2856 una
3066 2805 3321 2857 sententia
3340 2816 3393 2859 et
3410 2807 3653 2875 prteCepit
3670 2806 3774 2860 Ιιιι...

2198 2895 2430 2947 minibus
2457 2895 2578 2963 quid
2610 2896 2921 2959 crederent,
2965 2904 3015 2948 et
3058 2911 3152 2965 pro
3177 2897 3509 2953 credentibus
3547 2902 3716 2979 oravit
3749 2920 3766 2957 :

2180 3004 2339 3055 nam,
2363 2987 2564 3041 Domini
2594 2999 2664 3041 est
2683 2986 2820 3041 salui
2848 3004 2964 3041 cum
2990 2988 3201 3052 dicitur,
3230 2991 3296 3042 ad
3320 2986 3562 3047 homines
3588 3008 3769 3046 sermo

2196 3079 2477 3150 dirigitur;
2521 3095 2615 3133 nec
2644 3081 2710 3133 ita
2742 3082 2978 3147 sequitur
3002 3122 3014 3141 .
3059 3081 3124 3135 Et
3150 3097 3309 3150 super
3336 3084 3579 3153 populum
3609 3098 3767 3137 suum

2198 3171 2493 3225 benedictio
2518 3171 2633 3238 ejus
2653 3212 2667 3233 ,
2702 3180 2757 3224 ut
2785 3180 2950 3225 totum
2979 3170 3278 3227 hominibus
3306 3173 3503 3229 dictum
3534 3175 3601 3229 sit
3624 3192 3637 3240 ;
3667 3178 3767 3230 sed

2196 3261 2261 3315 ad
2290 3263 2458 3331 ipsllm
2507 3262 2669 3315 Deum
2712 3263 2884 3315 oratio
2909 3264 3260 3327 convertitur,
3308 3280 3402 3333 pro
3433 3264 3546 3334 ipso
3573 3266 3768 3335 populo

2195 3353 2277 3408 cui
2303 3353 2500 3407 dictum
2534 3361 2616 3405 est
2644 3371 2657 3405 :
2690 3351 2893 3406 Domini
2927 3362 2999 3406 est
3026 3355 3185 3406 salus.
3232 3356 3365 3421 Quid
3390 3370 3519 3425 ergo
3543 3357 3634 3421 ait,
3663 3359 3766 3411 nisi

2194 3446 2336 3500 hoc?
2388 3446 2553 3500 Nemo
2579 3445 2646 3500 de
2687 3460 2745 3499 se
2781 3456 3100 3514 priesumat,
3145 3428 3389 3515 quoniam
3438 3445 3637 3502 Domini
3678 3460 3765 3504 est

2192 3540 2367 3593 salvos
2393 3540 2563 3592 facere
2583 3538 2649 3593 de
2676 3547 2844 3591 morte
2873 3538 3099 3607 peccati;
3132 3555 3251 3591 nam
3276 3537 3465 3609 Infelix
3481 3556 3571 3607 ego
3592 3541 3763 3606 homo,
3794 3588 3801 3593 .

2192 3630 2300 3699 quis
2334 3645 2411 3681 me
2442 3628 2665 3681 liberabit
2691 3628 2752 3682 de
2780 3645 2990 3695 corpore
3018 3630 3191 3681 mortis
3217 3631 3403 3700 hujus?
3449 3630 3622 3684 Gratia
3647 3631 3767 3694 Dei,

2193 3735 2281 3787 per
2300 3718 2473 3771 .lcsum
2500 3717 2753 3772 Christum
2780 3716 3049 3771 Dominum
3076 3732 3298 3773 nostrum
3326 3720 3497 3789 (Rom.
3532 3737 3603 3775 vn
3625 3763 3640 3785 ,
3668 3722 3764 3783 ει.

2190 3811 2323 3878 9.5);
2354 3820 2406 3863 tu
2437 3818 2610 3863 autem
2636 3851 2650 3872 ,
2692 3809 2912 3863 Domine
2935 3852 2947 3872 ,
2991 3811 3212 3866 benedic
3248 3813 3502 3882 populum
3525 3823 3667 3871 tuum
3695 3815 3769 3869 de

2192 3912 2242 3956 te
2272 3903 2489 3955 salutem
2520 3910 2837 3969 sperantem.

2261 3996 2312 4048 ll.
2347 3994 2526 4047 Potest
2555 4004 2609 4048 cl,
2633 3995 2729 4047 iste
2759 3994 2990 4063 psalmus
3017 3996 3183 4064 accipi
3209 3996 3273 4050 ad
3305 4012 3581 4064 personam
3608 3996 3767 4051 Citri-

2191 4088 2254 4139 sti
2284 4087 2387 4138 alio
2413 4085 2570 4139 modo
2594 4128 2609 4150 ,
2658 4087 2707 4140 id
2737 4097 2856 4151 est,
2891 4097 2945 4138 ltt
2967 4097 3107 4140 totus
3137 4088 3396 4158 loquatur.
3429 4089 3590 4143 Totus
3616 4089 3763 4155 dico,

2190 4192 2307 4229 cum
2339 4192 2565 4245 corpore.
2590 4192 2685 4229 suo
2714 4177 2800 4230 cui
2827 4189 2983 4246 caput
3012 4189 3113 4239 est,
3144 4179 3429 4232 secnrdunt
3449 4181 3767 4251 Apostolum

2189 4269 2275 4337 qui
2308 4268 2434 4321 dicit
2467 4284 2477 4318 :
2517 4266 2617 4319 Vos
2663 4278 2827 4319 autem
2862 4270 2977 4321 estis
3010 4285 3189 4335 corpus
3231 4269 3415 4322 Christi
3455 4283 3501 4324 et
3544 4272 3768 4328 membra

2191 4360 2234 4422 (l
2262 4360 2376 4414 Cor.
2407 4376 2474 4414 ιιιι
2498 4401 2511 4424 ,
2538 4359 2629 4429 9.7)
2658 4378 2671 4421 ;
2717 4375 2843 4421 ergo
2889 4361 2974 4414 ille
3000 4373 3153 4430 caput
3183 4373 3262 4416 est
3308 4364 3461 4433 hujus
3498 4368 3762 4435 corporis.

2193 4453 2413 4521 Propter
2440 4436 2579 4521 quod
2610 4453 2712 4505 alio
2742 4452 2856 4523 locp
2883 4455 3007 4506 dicit
3036 4472 3047 4507 :
3091 4453 3354 4510 Veritatem
3380 4470 3542 4512 autem
3565 4460 3765 4531 fllcien-

2191 4556 2259 4598 tes
2289 4546 2337 4597 ill
2367 4546 2608 4599 charitate
2626 4587 2640 4607 ,
2693 4562 2963 4615 augeantur
2997 4548 3045 4598 in
3075 4548 3163 4600 illo
3203 4566 3291 4617 per
3329 4552 3495 4604 omnia
3514 4593 3529 4618 ,
3573 4555 3658 4621 qui
3686 4566 3765 4609 est

2190 4648 2339 4706 caput
2370 4634 2595 4690 Christus
2615 4678 2629 4700 ,
2659 4653 2720 4689 ex
2743 4653 2840 4705 quo
2872 4647 3025 4689 totum
3052 4654 3232 4706 corpus
3252 4656 3525 4694 connexum
3547 4654 3590 4695 et
3616 4660 3762 4698 (0m-

2191 4737 2393 4791 puctum
2421 4735 2491 4777 est
2531 4724 2743 4795 (Ephes.
2783 4742 2861 4789 tv,
2893 4726 2957 4779 15
2981 4767 2995 4787 .
3026 4726 3147 4794 16).“
3184 4727 3440 4795 Loquitur
3462 4746 3584 4798 ergo
3617 4735 3763 4801 apud

2192 4814 2508 4883 Prophetam
2538 4815 2693 4869 siueul
2719 4815 2952 4869 Eoi-lesia
2983 4826 3037 4871 et
3061 4829 3217 4886 caput
3254 4820 3366 4886 ejus
3391 4861 3403 4878 .
3456 4819 3590 4875 inter
3631 4838 3753 4892 pm-

2189 4906 2349 4957 eellas
2403 4906 2831 4974 persecutionum
2876 4908 3158 4962 constituta
3200 4924 3296 4977 per
3333 4910 3633 4966 universum
3664 4931 3763 4967 or-

2194 4997 2311 5050 bem
2342 5006 2623 5060 terrarum,
2651 4999 2789 5067 quod
2815 4998 2921 5064 jam
2950 4999 3233 5069 contigisse
3260 5000 3457 5053 scimus
3486 5018 3499 5051 ε
3525 5001 3761 5068 Domine,

2187 5090 2308 5159 quid
2331 5089 2649 5157 multiplicati
2685 5090 2905 5158 suntqui
2929 5091 3164 5143 tribulam
3186 5091 3303 5144 me?
3328 5092 3472 5143 multi
3493 5092 3765 5162 insurgunt

2187 5184 2446 5236 adversum
2492 5198 2600 5241 me.
2648 5180 2994 5236 christianum
3034 5198 3226 5236 nomen
3275 5185 3624 5238 exterminare
3659 5200 3764 5238 cu-

2180 5272 2413 5344 pientes.
2466 5274 2611 5327 Multi
2640 5275 2810 5326 dicunt
2851 5275 3035 5328 animle
3068 5292 3190 5330 meo:
3221 5291 3239 5329 :
3270 5273 3387 5329 Non
3411 5286 3485 5329 est
3510 5277 3646 5330 salus
3683 5278 3765 5332 illi

2189 5372 2238 5419 in
2269 5365 2373 5417 Deo
2404 5367 2511 5436 ejus
2536 5382 2555 5417 :
2581 5381 2684 5417 non
2710 5366 2849 5437 ettilp
2880 5366 3037 5421 aliter
3065 5375 3339 5436 sperarent
3365 5382 3519 5436 posse
3548 5384 3606 5423 se
3635 5384 3765 5436 per-

2188 5457 2312 5511 dere
2360 5456 2649 5510 Ecclesiam
2703 5457 2955 5511 latissime
2995 5458 3335 5528 pullulantem
3360 5458 3517 5523 ,‘nisi
3552 5459 3616 5519 ad
3661 5459 3764 5517 Dei

2250 5621 2266 5643 ι
2287 5611 2507 5670 ριιὶιιιμιρ
2533 5615 2655 5658 uss.
2683 5609 2744 5657 (te.
2761 5610 2982 5660 sordibus
3003 5608 3170 5659 aleculi
3184 5607 3349 5659 abluti.

2250 5673 2320 5732 (ll)
2358 5668 2538 5740 influe:
2571 5672 2740 5719 eodem
2760 5686 2887 5721 vers.
2906 5674 2938 5720 9
2965 5672 3068 5720 ride
3092 5678 3225 5719 Enar.
3253 5671 3298 5719 in
3322 5668 3439 5719 Psal.
3467 5683 3584 5727 cxx;
3611 5684 3655 5718 ιι.
3678 5672 3767 5725 16,

2189 5743 2240 5782 et.
2261 5747 2396 5790 ctu,
2425 5748 2470 5779 ll.
2496 5740 2543 5780 θ.
