4046 6200
232 396 298 450 77
1365 378 1490 432 ENA
1504 372 1751 429 l‘leTlO
1792 370 1843 423 ἓ)

1945 366 2212 423 ΞᾸΙᾹΙΙΞΜ
2254 365 2351 429 Νη
3422 371 3488 424 τε

233 523 415 562 curam
446 502 712 573 pertinere
749 516 852 556 non
880 497 1172 554 crederent.
1221 492 1296 546 Tu
1339 505 1503 543 autem
1528 529 1541 549 ,
1578 486 1810 545 Domine.

234 605 492 662 susceptor
535 611 677 649 meus
723 610 818 647 es:
851 595 900 645 in
940 589 1149 644 Christo
1191 588 1408 653 utique;
1461 596 1583 633 nam
1629 580 1690 632 iu-
1723 576 1815 630 illo

237 688 452 741 homine
479 696 535 740 et
577 685 811 751 Ecclesia
837 689 1078 748 suscepta
1106 687 1186 732 est
1212 691 1241 728 a
1266 675 1438 729 Verbo
1463 714 1477 736 ,
1494 670 1659 753 ‘quod
1689 682 1816 723 caro

239 790 439 834 tactum
467 788 553 832 est
576 818 615 841 ,.
638 786 689 830 et
720 774 972 829 habitavit
999 773 1051 825 in
1074 770 1225 824 nobis
1254 767 1428 838 (Joan.
1461 780 1513 827 ι,
1546 764 1664 831 14);
1695 759 1818 828 quia

239 884 293 928 et
318 878 369 926 iu
401 870 708 926 cmlcstibus
738 884 833 923 nos
855 866 1044 919 sedere
1071 864 1194 918 fecit
1214 876 1313 914 una
1342 874 1462 913 cum
1494 853 1816 924 illo(Ephes.

240 981 298 1030 ιι,
331 963 386 1034 6)
416 981 431 1015 :
464 960 796 1032 praecedente
821 957 963 1012 enim
991 956 1181 1023 capite,
1210 951 1445 1006 membra
1470 955 1663 1002 caetera
1692 958 1822 998 con-

240 1066 573 1126 sequentur;
648 1052 770 1122 quis
823 1050 964 1105 enim
1018 1062 1114 1101 nos
1160 1041 1426 1123 separabit.
1473 1054 1503 1093 a
1559 1037 1818 1093 charitate

241 1147 442 1203 Christi
470 1145 645 1217 (Rom.
674 1158 762 1196 vui
784 1181 798 1205 ,
832 1139 969 1211 '55)?
1013 1139 1175 1192 Recte
1211 1149 1338 1204 ergo
1374 1131 1501 1186 dicit
1530 1129 1689 1185 etiam
1719 1126 1825 1181 Ec-

244 1241 409 1295 clesia
443 1257 456 1293 :
492 1237 769 1305 Susceptor
799 1250 941 1287 meus
970 1248 1047 1297 es,
1071 1229 1231 1301 gloria
1252 1242 1397 1290 mea;
1427 1240 1531 1277 non
1552 1224 1693 1276 enim
1726 1217 1826 1272 sibi

247 1332 432 1387 tribuit
473 1328 615 1400 quod
648 1325 898 1390 excellit,
926 1339 1045 1377 cuin
1091 1318 1330 1389 intelligit
1373 1315 1522 1385 cujus
1563 1310 1731 1383 gratia
1775 1318 1829 1362 et

249 1421 612 1480 misericordia
646 1421 766 1499 talis
793 1426 894 1473 est.
923 1415 992 1470 Et
1019 1415 1246 1469 exultans
1270 1419 1421 1480 caput
1447 1405 1827 1499 meum,ipsum

249 1517 453 1571 scilicet
495 1513 584 1582 qui
631 1494 1011 1580 primogenitus
1034 1521 1064 1558 a
1106 1503 1329 1558 mortuis
1358 1496 1598 1555 ascendit
1629 1494 1680 1549 iu
1717 1508 1829 1547 ete-

254 1609 382 1661 luin.
434 1604 564 1658 Voce
597 1618 707 1655 mea
731 1600 799 1653 ad
831 1598 1100 1652 Dominum
1133 1592 1374 1655 clamavi,
1410 1600 1455 1644 et
1480 1585 1730 1642 exaudivit
1754 1598 1833 1635 me

254 1703 317 1753 de
346 1708 515 1751 monte
550 1706 723 1748 sancto
748 1708 859 1747 suo.
918 1690 1042 1744 lltec
1067 1695 1149 1742 est
1169 1685 1338 1741 oratio
1363 1679 1597 1736 omnium
1624 1683 1835 1732 sancto-

259 1805 407 1852 rum,
457 1786 593 1840 odor
630 1782 906 1852 suavitatis
943 1778 1031 1849 qui
1076 1774 1314 1831 ascendit
1338 1774 1389 1827 in
1416 1778 1704 1836 conspectu
1731 1765 1836 1819 Do-

260 1850 562 1944 minisjam
593 1874 732 1928 enim
779 1850 1061 1948 exauditur
1088 1865 1323 1923 Ecclesia
1362 1863 1430 1917 de
1476 1861 1591 1929 ipso
1634 1864 1832 1921 monte,

257 1969 393 2039 quod
441 1968 603 2021 etiam
640 1974 798 2029 caput
832 1961 947 2031 ejus
984 1971 1104 2023 est;
1149 1957 1226 2011 vel
1254 1955 1320 2010 de
1359 1954 1445 2008 illa
1479 1951 1682 2022 justitia
1716 1948 1834 2013 Dei,

260 2078 358 2132 qua
390 2070 445 2114 et
486 2059 780 2113 liberantur
818 2054 971 2110 electi
1003 2053 1148 2120 ejus,
1176 2060 1228 2104 et
1259 2055 1623 2117 persecutores
1649 2055 1836 2097 eorum
1876 2046 1879 2051 '

263 2155 569 2223 puniuntur.
617 2151 769 2203 Dicat
804 2146 1026 2215 populus
1060 2144 1150 2198 Dei
1178 2142 1337 2196 etiam
1376 2136 1501 2193 illud
1534 2155 1547 2190 :
1580 2134 1688 2205 Ego
1716 2135 1837 2187 dor--

271 2244 382 2296 miri
398 2284 415 2308 ,
444 2251 491 2295 et
517 2255 747 2294 somnum
775 2238 919 2307 cepi;
949 2247 994 2289 et
1013 2234 1273 2288 exsurrexi
1294 2273 1308 2296 ,
1330 2231 1567 2302 quoniam
1596 2225 1841 2282 Dominus

265 2335 492 2403 mcipict
532 2347 644 2397 ine,
692 2340 751 2384 ut
776 2327 1089 2396 adjungatur
1131 2333 1186 2379 et
1213 2322 1480 2377 cohaireat
1507 2319 1665 2390 capiti
1711 2334 1838 2383 suo;

272 2428 387 2482 huic
421 2427 565 2480 enim
599 2424 793 2493 p0|i|ll0
833 2421 1029 2475 dictum
1061 2426 1142 2473 est
1176 2436 1188 2470 :
1219 2416 1384 2485 Surge
1414 2413 1497 2483 qui
1540 2412 1728 2467 dormis
1750 2452 1766 2479 ,
1797 2420 1842 2465 et

270 2531 477 2587 exsurge
514 2533 548 2567 a
586 2514 822 2577 mortuis,
863 2521 908 2564 et
947 2508 1243 2578 continget‘
1274 2516 1320 2559 te
1357 2503 1584 2559 Christus
1626 2501 1840 2575 (Epiros.

269 2624 300 2659 ν
318 2651 333 2670 ,
364 2607 449 2677 ii)
472 2624 487 2671 ;
512 2605 789 2675 ‘quoniam
813 2603 878 2655 de
909 2599 1269 2669 peccatoribus
1296 2604 1598 2664 assumptus
1624 2603 1708 2650 est
1731 2637 1747 2660 ,
1776 2593 1844 2648 de

270 2692 807 2767 quibusigeneraliter
830 2692 1026 2747 dictum
1061 2700 1143 2743 est
1173 2707 1186 2743 :
1223 2687 1321 2754 Qui
1358 2696 1526 2739 autent
1567 2685 1839 2749 dormiunt,

272 2801 410 2846 nocte
430 2790 687 2843 dormiunt
716 2785 756 2858 (1
788 2785 963 2839 Thess.
994 2801 1024 2836 v
1044 2823 1058 2847 ,
1091 2785 1167 2853 7).
1200 2782 1364 2859 preat
1387 2780 1547 2835 etiam
1574 2796 1587 2831 :
1624 2777 1744 2831 Non
1778 2777 1843 2830 ti-

274 2881 408 2935 meba
432 2881 594 2933 millia
619 2877 792 2949 populi
811 2876 1167 2930 circumdantis
1192 2889 1271 2926 me
1292 2889 1309 2935 ;
1336 2869 1843 2925 circumvallantium

275 2975 473 3028 scilicet
499 2972 772 3041 gentium,
813 2969 879 3023 ad
917 2967 1355 3037 exstinguendum
1382 2980 1602 3027 nomen.
1646 2964 1689 3018 si
1718 2978 1844 3033 pos-

276 3074 409 3130 sent,
438 3065 759 3129 ubicumque
784 3060 1148 3114 christianum.
1180 3056 1284 3113 Sed
1313 3055 1576 3126 quomodo
1598 3056 1848 3108 timeren-

278 3165 378 3219 tur,
405 3172 530 3209 cuni
554 3166 799 3223 tanquam
826 3154 943 3206 uico
964 3152 1217 3220 sanguine
1246 3158 1534 3219 martyrum
1563 3149 1612 3201 in
1636 3147 1848 3201 Christo

276 3247 428 3300 ardor
468 3244 744 3299 ebaritatis
789 3241 1237 3296 inﬂammaretur?
1286 3238 1551 3309 Exsurge,
1603 3236 1845 3298 Domine,

276 3339 465 3399 saluum
490 3353 569 3389 me
591 3337 705 3404 fac,
732 3333 870 3393 Deus
899 3350 1039 3387 meus
1069 3349 1089 3386 :
1119 3341 1293 3401 potest
1316 3333 1413 3385 hoc
1436 3331 1533 3401 ipsi
1559 3330 1716 3399 capiti
1753 3343 1850 3384 suo

276 3442 469 3497 corpus
495 3427 709 3490 dicere;
758 3426 848 3479 illo
884 3425 1024 3479 enim
1070 3431 1387 3491 exsurgente
1423 3421 1623 3474 salvum
1653 3419 1850 3474 factum

276 3529 377 3579 est,
400 3518 488 3587 qui
517 3516 824 3572 ascenditin
851 3515 1037 3577 altum,
1063 3514 1320 3583 captivam
1343 3514 1451 3582 egit
1469 3512 1846 3581 captivitatem,

277 3608 420 3663 dedit
456 3609 600 3662 dona
649 3607 949 3660 hominibus
991 3603 1161 3674 (Psal.
1191 3620 1363 3669 van,
1404 3603 1495 3673 l9)
1526 3620 1539 3653 :
1574 3603 1673 3657 hoc
1707 3603 1847 3657 enim

279 3699 334 3752 in
357 3698 816 3767 prxdestinatione
845 3712 874 3749 a
900 3695 1157 3765 Propheta
1186 3695 1378 3748 dicitur
1399 3736 1415 3758 ,
1461 3710 1565 3763 quo
1588 3708 1756 3763 usque
1784 3692 1848 3747 ad

279 3799 447 3843 terms
487 3790 768 3843 Dominum
800 3798 1039 3841 nostrum
1063 3828 1077 3849 ,
1123 3786 1210 3841 illa
1247 3786 1315 3840 de
1346 3802 1447 3854 qua
1480 3787 1530 3838 in
1564 3785 1847 3855 Evangelia

275 3881 489 3943 dicitur,
519 3880 709 3935 messis
734 3888 940 3933 matura
971 3878 1179 3950 (Matth.
1214 3894 1268 3931 Ix
1294 3917 1309 3943 ,
1338 3878 1427 3947 57)
1449 3877 1711 3946 deposuit,
1754 3893 1850 3930 cu-

272 3968 364 4038 jus
408 3970 554 4023 salus
602 3978 684 4023 est
734 3971 785 4022 in
830 3969 944 4037 ejus
981 3968 1402 4031 resurrectione,
1445 3968 1662 4036 qui.pro
1699 3967 1852 4021 nobis

273 4062 525 4131 dignatus
549 4070 631 4115 est
659 4063 815 4115 mori.
863 4060 1115 4126 Quoniam
1156 4068 1209 4112 tu
1239 4058 1524 4126 percussisti
1564 4074 1733 4112 omnes
1756 4058 1854 4111 ad-

271 4162 531 4207 versantes
550 4152 672 4204 milii
690 4153 798 4209 sine
817 4168 989 4216 causa,
1015 4152 1185 4204 dentes
1208 4161 1522 4219 peccatorum
1547 4150 1817 4203 contrivisti
1837 4167 1851 4205 :

264 4244 387 4312 jam
437 4254 688 4313 regnante
735 4244 1012 4309 Ecclesia,
1062 4242 1259 4297 inimici
1309 4242 1536 4295 immittis
1580 4241 1853 4295 christiani

270 4336 595 4390 confusione
645 4335 879 4404 percussi
926 4344 1085 4395 sunt,
1143 4342 1198 4388 et
1240 4334 1351 4387 sive
1398 4332 1651 4387 maledica
1697 4332 1853 4387 verba

268 4444 320 4481 ei
349 4442 467 4479 rum
489 4468 503 4493 ,
533 4429 644 4481 sive
677 4427 997 4495 principatus
1018 4467 1032 4487 ,
1066 4425 1117 4478 in
1148 4425 1352 4479 irritum
1383 4423 1613 4477 deducti.
1641 4423 1855 4479 Credite

266 4535 428 4589 ergo,
458 4518 721 4580 homines,
751 4519 888 4587 quod
911 4517 1118 4571 Domini
1136 4526 1205 4571 est
1230 4518 1368 4570 salus
1387 4525 1484 4582 :ct,
1507 4524 1582 4580 tu,
1611 4516 1852 4582 Domine,

266 4610 341 4661 sit
373 4624 530 4675 super
556 4608 798 4678 populum
825 4617 959 4661 tuum
983 4607 1255 4661 benedictio
1286 4616 1393 4659 tua.

358 4700 447 4755 10.
479 4700 665 4754 l'otest
690 4699 849 4753 etiam
873 4699 1232 4770 unusquisque
1254 4707 1491 4752 nostrum
1512 4697 1708 4765 dicere,
1735 4712 1854 4752 cum

264 4791 526 4844 vitiorum
556 4800 609 4843 et
635 4790 978 4858 cupiditatum
1024 4790 1307 4844 multitudo
1325 4775 1667 4845 'tcsistentem
1709 4805 1854 4843 men-

263 4892 387 4935 tem
420 4881 563 4947 ducit
605 4881 655 4933 in
686 4880 799 4949 lege
828 4882 1023 4948 peccati
1051 4879 1066 4934 Ξ
1101 4880 1313 4934 Domine
1335 4919 1351 4945 ,
1402 4880 1513 4948 tuid
1541 4881 1858 4951 multiplicati

258 4984 395 5026 sunt
422 4972 507 5035 qui
530 4971 771 5025 tribulam
799 4988 876 5024 me
898 5012 912 5034 ,
957 4973 1099 5025 multi
1134 4973 1400 5042 insurgunt
1440 4971 1703 5027 aduersum
1736 4989 1815 5026 me
1834 4972 1860 5025 .9

259 5064 341 5117 L‘t
391 5063 641 5131 quoniam
682 5062 1014 5132 plerumque.
1040 5063 1439 5118 eoacvrvatione
1462 5063 1707 5117 vitiorum
1729 5063 1858 5117 sub-

256 5156 420 5224 repit
470 5153 772 5222 desperatio
798 5153 1035 5207 sanitatis
1057 5195 1073 5218 ,
1102 5164 1347 5223 tanquam
1373 5153 1501 5224 ipsis
1527 5154 1669 5209 vitiis
1696 5155 1860 5209 insul-

252 5246 519 5302 tantibos
544 5246 756 5307 animae,
784 5245 869 5298 vel
897 5246 1057 5299 etiam
1085 5245 1294 5298 diabolo
1314 5257 1367 5299 et
1392 5245 1596 5316 angelis
1623 5246 1737 5314 ejus
1764 5263 1859 5316 per

254 5339 471 5393 noxias
495 5339 863 5407 suggestiones
894 5347 950 5390 ut
978 5338 1320 5405 deSperemus
1355 5338 1699 5407 operantibus
1723 5382 1738 5403 ,
1771 5356 1860 5394 ve-

249 5429 493 5484 rissime
533 5429 725 5483 dicitur
755 5447 769 5482 :
805 5427 955 5482 Multi
995 5429 1163 5494 dicunt
1207 5432 1388 5484 aninue
1433 5447 1556 5485 mete
1582 5447 1601 5485 :
1628 5430 1749 5486 Non
1789 5442 1861 5486 est

251 5524 419 5573 salus
460 5520 537 5572 illi
574 5520 623 5572 in
660 5518 763 5572 Deo
791 5521 919 5588 ejus.
964 5516 1042 5571 Tu
1071 5530 1268 5582 autem,
1312 5521 1559 5585 Domine,
1605 5532 1861 5592 susceptor

255 5630 426 5668 meus
445 5629 535 5676 es;
564 5613 676 5668 inec
698 5614 839 5668 enim
868 5628 987 5683 spes
1009 5622 1109 5677 est,
1140 5613 1276 5681 (ιηυᾱ
1308 5626 1546 5671 naturam
1570 5618 1858 5672 humanam

314 5769 347 5877 Σ
389 5764 791 5829 Proepiphausci,
815 5762 1113 5826 illuminabit,
1134 5762 1653 5837 iegehat,eplnqisctui,
1684 5776 1860 5827 contin-

249 5843 364 5895 ges.

1928 481 1976 532 iu
2003 478 2213 532 Christo
2241 480 2255 509 ί
2285 478 2557 545 suscipere
2600 477 2840 548 dignatus
2879 490 2978 534 est.
3032 480 3204 535 Gloria
3247 500 3354 537 mea
3387 502 3405 538 :
3431 502 3497 542 ex

1926 572 2010 624 illa
2041 569 2217 639 regula
2238 610 2254 632 ,
2286 585 2353 623 ne
2383 570 2501 638 quis
2526 569 2621 623 sibi
2667 570 2860 639 aliquid
2907 572 3118 627 tribuat.
3164 572 3231 627 Et
3271 574 3498 629 exultans

1925 670 2074 730 caput
2101 676 2265 712 meum
2297 675 2315 712 :
2344 660 2457 713 sive
2485 659 2653 728 ipsum
2688 661 2774 728 qui
2801 663 3035 715 omnium
3067 672 3305 717 nostrum
3335 677 3495 734 caput

1925 760 2039 813 est,
2068 752 2178 805 sive
2210 750 2617 819 uniuscujusque
2663 760 2896 804 nostrum
2927 753 3203 821 spiritum,
3232 750 3386 823 ’quod
3414 772 3500 810 ca-

1928 853 2021 913 put
2056 852 2138 898 est
2166 843 2355 896 anima:
2387 850 2441 896 et
2468 842 2676 905 carnis;
2720 853 2869 911 caput
2898 844 3036 898 enim
3069 847 3291 900 mulieris
3316 847 3390 900 vir
3410 888 3425 912 ,
3460 860 3505 900 et

1927 928 2095 1003 caput'
2120 933 2214 986 viri
2259 931 2490 987 Christus
2538 930 2585 1001 (Ι
2611 931 2725 987 Cor.
2756 949 2808 987 XI
2834 976 2848 996 ,
2888 935 2964 1003 5).
3020 935 3288 990 Exallatur
3326 947 3505 992 autem

1928 1040 2099 1088 mens,
2126 1041 2246 1078 cum
2266 1025 2373 1094 jam
2396 1025 2497 1078 dici
2525 1034 2714 1091 potest,
2734 1024 2899 1078 Mente
2918 1028 3075 1079 servio
3088 1028 3185 1097 legi
3209 1027 3302 1080 Dei
3327 1028 3503 1098 (Rom.

1928 1132 2027 1179 vn,
2058 1114 2187 1186 25);
2220 1124 2277 1169 ut
2301 1127 2491 1171 canem
2520 1116 2748 1169 hominis
2780 1126 2962 1185 pacata
2996 1118 3350 1186 isnbdantur,
3384 1136 3506 1174 cum

1925 1206 2033 1276 jam
2072 1207 2247 1261 carnis
2284 1208 2673 1262 resurrecuone
2711 1207 3027 1263 absorbetur
3069 1226 3213 1265 mors
3253 1211 3302 1266 in
3335 1213 3510 1267 victo.-

1931 1297 2062 1352 riam
2093 1297 2133 1369 (Ι
2166 1298 2281 1351 Cor.
2311 1314 2404 1361 xv,
2434 1298 2546 1367 54).
2589 1297 2722 1352 Voce
2747 1315 2854 1352 mea
2874 1299 2941 1352 ad
2963 1300 3232 1355 Dominum
3260 1304 3472 1357 clamavi
3493 1320 3512 1356 :

1932 1405 2063 1444 voce
2104 1389 2188 1442 illa
2221 1390 2401 1444 intima
2440 1401 2491 1445 et
2534 1390 2903 1446 intentissima.
2952 1390 3020 1445 Et
3056 1388 3306 1448 exaudivit
3347 1413 3425 1451 me
3450 1398 3513 1449 de

1922 1489 2101 1533 .monte
2128 1490 2301 1533 sancto
2331 1497 2423 1533 suo
2453 1496 2471 1533 :
2499 1479 2566 1534 de
2594 1481 2709 1549 ipso
2749 1496 2842 1550 per
2870 1499 3026 1551 quem
3065 1484 3217 1539 nobis
3242 1487 3509 1552 subvenit,

1932 1578 2105 1639 etquo
2126 1570 2418 1625 mediatore
2446 1586 2543 1625 nos
2570 1572 2803 1627 exaudit.
2829 1573 2937 1645 Ego
2962 1575 3191 1640 dormivi,
3215 1588 3260 1631 et
3279 1595 3512 1633 somnum

1934 1662 2078 1730 cepi;
2118 1670 2166 1715 et
2218 1665 2515 1735 exsurrexi,
2554 1665 2794 1740 quoniam
2835 1664 3081 1720 Dominus
3117 1669 3354 1736 suscipiet
3382 1687 3461 1725 me
3489 1687 3509 1725 :

1939 1755 2053 1823 quis
2087 1753 2189 1809 hoc
2216 1770 2318 1808 non
2366 1764 2539 1824 potest
2570 1756 2807 1811 lidelium
2838 1758 3016 1823 dicere
3039 1801 3054 1826 ,
3103 1763 3344 1817 recolens
3371 1779 3503 1818 mor-

1940 1855 2045 1899 tem
2079 1858 2412 1914 peccatorum
2441 1862 2655 1902 suorum
2681 1891 2696 1913 ,
2743 1859 2795 1902 et
2823 1850 3020 1903 donum
3063 1854 3512 1921 regenerationis?

1941 1934 2063 1989 Non
2105 1936 2284 1990 timebo
2322 1938 2481 1990 millia
2525 1939 2699 2008 pepuli
2731 1939 3088 1995 circumdantis
3117 1959 3212 1997 me.
3265 1942 3516 2014 Exceptis

1957 2026 2042 2081 his
2080 2043 2196 2095 qum
2238 2028 2601 2083 universaliter
2636 2030 2869 2084 Ecclesia
2914 2034 3160 2086 sustinuit
3186 2044 3239 2088 et
3267 2038 3515 2102 sustinet,

1949 2117 2117 2172 habet
2142 2118 2300 2173 etiam
2334 2120 2693 2191 unusquisque
2735 2123 3048 2177 teiitationes
3076 2124 3265 2193 quibus
3291 2127 3520 2182 circum-

1938 2212 2158 2265 Vallatus
2180 2210 2293 2265 lucc
2319 2212 2460 2264 dicat
2491 2229 2504 2265 :
2540 2210 2790 2283 Exsurge,
2820 2213 3066 2279 Domine,
3098 2218 3292 2271 saluum
3315 2216 3395 2272 me
3412 2222 3517 2291 fac,

1941 2301 2081 2357 Deus
2109 2319 2289 2368 meus;
2330 2303 2430 2357 hoc
2458 2312 2558 2368 est,
2589 2304 2697 2359 Fac
2723 2321 2807 2360 me
2835 2320 3139 2377 exsm'gere.
3191 2309 3441 2377 Quoniam
3465 2324 3519 2366 tu

1945 2396 2234 2479 percussisti
2278 2413 2448 2449 omnes
2477 2396 2797 2451 adversantes
2838 2399 2961 2451 milii
3005 2401 3114 2453 sine
3149 2417 3303 2455 causa
3331 2418 3353 2457 :
3378 2414 3523 2460 recte

1945 2478 2498 2557 inprardestinatione
2540 2487 2731 2541 dicitur
2758 2488 2823 2542 de
2849 2488 3135 2574 diaboloct
3158 2494 3358 2562 angelis
3381 2494 3518 2564 ejus.

1946 2577 2035 2646 qui
2073 2592 2178 2629 non
2200 2576 2370 2630 solum
2400 2577 2451 2629 in
2483 2585 2648 2630 totum
2673 2576 2869 2631 Christi
2896 2592 3122 2646 corpus,
3166 2582 3257 2635 sed
3284 2585 3440 2637 etiam
3468 2586 3521 2639 in

1949 2665 2183 2734 singulos
2222 2681 2459 2734 quosque
2489 2666 2732 2735 privatim
2773 2668 3018 2722 sreviunt.
3065 2669 3250 2726 Dentes
3297 2688 3525 2740 peccato-

1945 2772 2057 2808 rum
2083 2755 2355 2808 contrivisti
2384 2771 2402 2808 .'
2434 2756 3372 2829 habetunusquisquemaledicentes
3388 2768 3520 2829 sibi;

1948 2846 2107 2900 habet
2134 2848 2290 2900 etiam
2318 2848 2563 2901 vitiorum
2591 2858 2834 2904 auctores
2860 2862 3111 2909 conantes
3131 2871 3251 2910 eum
3279 2874 3308 2911 a
3328 2859 3524 2916 Christi

1947 2952 2168 3006 Corpore
2192 2938 2497 3006 praecidere.
2520 2939 2623 2995 Sed
2652 2940 2854 2996 Domini
2880 2955 2950 2998 est
2977 2947 3149 3009 salus;
3177 2951 3407 3005 cavenda
3437 2968 3524 3006 δυο

1948 3030 2264 3098 perhia‘est,
2292 3039 2347 3085 et
2374 3029 2652 3086 dicendum
2686 3050 2700 3085 :
2735 3034 2954 3088 Adlnesit
2988 3038 3157 3091 anima
3194 3057 3305 3094 mea
3344 3054 3453 3111 post
3480 3055 3527 3098 ta

1949 3122 1965 3184 (
1981 3120 2119 3173 Psal.
2154 3137 2279 3186 Lxu,
2313 3121 2390 3191 9).
2417 3122 2484 3176 Et
2510 3141 2661 3194 super
2681 3127 2921 3196 populum
2944 3137 3086 3183 tuum
3115 3132 3386 3188 benedictio
3416 3146 3522 3205 tua,

1950 3209 2050 3264 hoc
2078 3220 2160 3265 est
2185 3227 2345 3282 super
2372 3231 2796 3287 unumquemque
2825 3228 3084 3274 nostrum.
3226 3206 3229 3209 ’

1951 3352 3455 3377 ____________

2432 3438 2509 3498 IN
2552 3438 2928 3504 PSALMUM
2959 3444 3045 3503 IV

2513 3556 2924 3615 ENARIiATlO.

2220 3666 2285 3720 In
2307 3669 2457 3737 ﬁnem
2480 3710 2496 3736 ,
2531 3669 2765 3726 Psalmus
2791 3671 3050 3729 Canticum
3076 3675 3258 3729 David.

2027 3783 2075 3835 Ι.
2125 3779 2291 3853 [vers.
2352 3781 2428 3853 1.]
2475 3782 2620 3837 Finis
2665 3784 2813 3855 Legis
2854 3785 3083 3840 Christus
3147 3788 3216 3841 ad
3275 3791 3527 3861 justitiam

1953 3873 2089 3925 omni
2117 3872 2338 3924 credenti
2367 3871 2543 3938 (Rom.
2573 3889 2626 3937 χ,
2657 3872 2713 3945 ι)
2749 3891 2761 3926 :
2794 3875 2877 3928 hic
2915 3876 3054 3930 enim
3098 3878 3217 3933 linis
3240 3880 3525 3949 perfectiu-

1953 3977 2072 4015 nein
2112 3961 2411 4031 signiﬁcat,
2445 3976 2550 4016 non
2591 3966 3071 4033 consumptionem.
3127 3968 3311 4024 Utrum
3351 3983 3525 4029 autem

1954 4067 2111 4107 omne
2132 4054 2394 4109 canticum
2424 4055 2659 4127 psalmus
2682 4056 2769 4121 sit,
2801 4072 2867 4111 an
2896 4059 3072 4127 potius
3096 4063 3271 4117 omnis
3294 4066 3530 4133 psalmus

1953 4145 2247 4209 Canticum;
2291 4160 2357 4200 an
2396 4148 2505 4202 sint
2532 4148 2769 4216 quaedam
2797 4151 2999 4205 cantica
3032 4167 3148 4222 qua:
3174 4170 3278 4209 non
3322 4158 3530 4226 possint

1955 4235 2055 4289 dici
2103 4237 2322 4304 psalmi,
2370 4246 2424 4292 et
2452 4238 2665 4307 quidam
2711 4241 2894 4309 psalmi
2926 4243 3013 4312 qui
3062 4260 3164 4298 non
3197 4248 3399 4316 possint
3426 4250 3533 4304 dici

1957 4327 2191 4394 cantica,
2224 4330 2386 4397 (μιωτί
2417 4338 2612 4399 potest.
2661 4329 2763 4386 Sed
2791 4333 3271 4390 animadvertenda:
3296 4336 3533 4407 Scriptu—

1959 4434 2034 4473 rte
2059 4427 2181 4472 sunt
2200 4460 2213 4482 ,
2244 4435 2309 4473 ne
2348 4419 2483 4475 forte
2506 4420 2781 4476 Canticum
2813 4424 3047 4478 lmtitiam
3076 4419 3306 4482 indicet:
3335 4429 3530 4486 Psahui

1958 4520 2133 4565 autem
2165 4512 2446 4580 dicuntur,
2497 4516 2895 4584 quicantantur
2935 4519 3000 4573 ad
3048 4521 3386 4589 psalterium;
3428 4541 3534 4594 quo

1962 4618 2111 4657 usum
2140 4618 2258 4657 esse
2288 4604 2446 4658 David
2476 4607 2784 4675 prophetam
2816 4609 2865 4662 in
2894 4624 3087 4679 magno
3108 4614 3379 4683 mysterio,
3414 4632 3536 4684 pru-

1961 4694 2038 4747 dit
2063 4693 2282 4748 historia
2318 4696 2360 4767 (l
2391 4695 2517 4750 Par.
2551 4714 2665 4764 xm,
2694 4700 2748 4764 8,
2778 4708 2824 4752 et
2852 4716 2960 4764 xw,
2990 4701 3066 4769 5).
3117 4703 3190 4757 De
3212 4720 3312 4774 qua
3345 4722 3402 4759 re
3429 4724 3534 4762 non

1964 4797 2046 4841 est
2074 4787 2158 4841 hic
2195 4787 2491 4844 disserendi
2534 4792 2715 4855 locus;
2756 4792 2877 4860 quia
2903 4792 3202 4849 diuturnam
3235 4799 3534 4869 inquisitio-

1962 4893 2083 4932 nem
2113 4889 2167 4932 et
2197 4879 2409 4949 longam
2441 4881 2847 4947 diSputationem
2875 4884 3157 4938 desiderat.
3208 4887 3355 4941 Nunc
3397 4891 3536 4943 inte-

1964 4970 2060 5023 rim
2089 4980 2179 5024 aut
2208 4973 2365 5025 verba
2395 4972 2652 5025 Dmninici
2681 4972 2914 5029 hominis
2947 4986 3062 5044 post
3090 4981 3533 5039 resurrcmioucm

1963 5071 2273 5130 exspectare
2295 5062 2566 5127 debemus,
2600 5073 2691 5117 aut
2720 5063 2950 5120 hominis
2971 5066 3020 5120 in
3050 5064 3283 5125 Ecclesia
3312 5073 3536 5129 creden-

1964 5152 2031 5205 tis
2056 5160 2109 5205 ct
2128 5154 2389 5220 sperantis
2417 5154 2467 5207 in
2495 5169 2634 5208 enin.

2050 5242 2102 5296 Ξ.
2148 5240 2294 5314 [vers
2330 5242 2409 5316 2.]
2454 5242 2578 5299 Cum
2620 5246 2934 5327 invocarem,
2980 5253 3233 5306 exaudiuit
3273 5272 3352 5308 me
3395 5255 3531 5310 Deus

1957 5337 2170 5405 justitia:
2202 5352 2369 5391 anew:
2398 5353 2517 5392 cum
2563 5340 2894 5402 invocarem,
2937 5345 3201 5399 exaudivit
3242 5363 3328 5402 nte
3373 5348 3531 5409 Deus,

1966 5428 2136 5498 inquit
2157 5471 2170 5491 ,
2195 5444 2222 5480 a
2247 5444 2353 5498 quo
2381 5442 2461 5484 est
2484 5431 2683 5499 justitia
2715 5448 2850 5487 mea.
2881 5432 2946 5488 lu
2971 5437 3287 5493 tribulatione
3312 5439 3534 5492 dilatasti

1963 5519 2084 5571 mihi
2108 5536 2127 5573 :
2156 5519 2222 5571 ab
2247 5521 2506 5590 angustiis
2545 5523 2769 5576 tristitim
2794 5566 2808 5588 ,
2856 5526 2907 5579 in
2950 5526 3275 5583 latitudinem
3316 5529 3533 5598 gaudio-

1964 5626 2079 5663 rum
2104 5627 2189 5666 me
2209 5610 2431 5675 duxisti;
2464 5612 2728 5668 tribulatio
2750 5615 2889 5669 enim
2912 5627 2966 5670 et
2993 5621 3227 5687 angustia
3249 5619 3297 5670 in
3321 5634 3543 5699 euntem.

2027 5719 2042 5749 ι
2070 5716 2200 5773 ω,
2224 5718 2271 5765 in
2296 5717 2547 5767 (aristam.
2585 5726 2638 5766 Αῐ
2663 5718 2876 5768 nonnulli
2907 5728 3031 5775 Mssa
3067 5722 3115 5770 in
3138 5722 3340 5771 carina.

1966 5853 1998 5902 μ
2026 5781 2045 5809 ¹
2071 5786 2133 5887 Ir;
2169 5779 2472 5829 (lolbertiaus
2505 5780 2675 5829 codex.
2725 5781 2810 5829 Alii
2842 5796 2958 5831 vero
2992 5791 3095 5834 uss.
3122 5794 3173 5832 et
3207 5784 3317 5832 edd.
3349 5786 3527 5852 lerunt,

1971 5853 1983 5867 '
2002 5854 2114 5888 L‘Ct't.
2136 5856 2177 5887 tto
2471 5875 2480 5890 κ
3384 5890 3389 5891 κ

1971 5853 2177 5888 θυσίμων
