4046 6200
492 406 552 464 to
690 384 697 393 ’
1715 404 1767 455 ε.
1811 399 2169 455 Atiucsrttvt
2215 358 2510 453 artseort
3658 400 3728 455 so

484 529 713 581 animam
756 524 982 577 hominis
1011 534 1185 584 opera:
1214 520 1278 574 tis
1309 520 1498 573 malum
1532 518 1703 589 (Rom.
1725 534 1759 572 tt
1781 558 1797 583 ,
1828 518 1902 585 9).
1946 515 2043 584 Qui

486 629 663 671 autem
716 614 841 667 dicit
881 629 892 665 :
928 611 1214 664 Gaudemus
1263 610 1313 662 in
1358 607 1796 672 tribulationibus,
1844 612 2051 660 scientes

489 707 725 773 quoniam
754 703 1006 756 tribulatio
1032 703 1321 772 patientiam
1347 711 1604 767 oneratur,
1638 715 1802 769 usque
1829 699 1891 753 ad
1927 699 2050 752 illud

488 796 575 849 uhi
602 796 674 848 ait
703 812 717 848 :
751 794 998 859 Quoniam
1035 794 1255 845 c/toritas
1284 792 1375 844 Dei
1405 790 1592 857 ili/fusa
1627 801 1697 843 est
1740 792 1790 863 ip
1819 791 2052 844 cordibus

484 885 668 938 nosttis
693 901 781 952 per
810 883 1054 953 Spiritum
1082 894 1327 942 sanctum,
1357 881 1441 951 qui
1484 883 1632 935 datus
1675 890 1745 934 est
1783 879 2047 948 ttobis(ld.

484 993 537 1040 v,
565 978 618 1040 5,
650 977 703 1043 ὅ)
733 1017 747 1039 ,
796 992 899 1028 non
933 974 1090 1028 habet
1117 974 1293 1028 cordis
1317 974 1584 1042 angustias
1607 1013 1621 1037 ,
1668 972 1907 1042 quamvis
1947 988 2041 1024 cx-

490 1068 747 1121 trinsccns
771 1085 799 1118 a
827 1067 1261 1141 persequentibus
1291 1065 1614 1134 ingerantur.
1637 1064 1851 1118 Mutatio
1870 1073 2046 1117 autent

488 1140 727 1228 personat
751 1201 764 1222 ,
808 1158 946 1228 quod
975 1174 1005 1211 a
1034 1159 1213 1223 tertia,
1263 1157 1348 1210 tibi
1384 1157 1457 1211 ait
1481 1198 1494 1216 .
1541 1155 1827 1217 exaudivit,
1876 1155 2052 1208 statim

489 1250 692 1302 transiit
718 1249 781 1301 ad
809 1249 1094 1303 secundam
1117 1291 1131 1313 ,
1175 1249 1260 1303 ubi
1286 1248 1357 1301 ait
1382 1289 1396 1312 ,
1441 1246 1667 1300 dilatasti
1692 1246 1814 1299 milii
1835 1288 1848 1307 ,
1878 1246 1919 1298 si
1948 1261 2052 1297 non

486 1340 760 1393 varietatis
791 1354 853 1393 ac
881 1339 1155 1392 suavitatis
1198 1353 1354 1393 causa
1408 1340 1540 1391 tacta
1581 1346 1694 1401 est,
1739 1336 1928 1389 mirum
1958 1350 2054 1389 cur

476 1433 711 1501 primum
742 1443 988 1500 tanquam
1021 1431 1252 1485 indicare
1290 1430 1454 1483 voluit
1496 1428 1796 1483 hominibus
1834 1427 2052 1482 exaudi-

490 1534 598 1574 ttnn
628 1537 685 1575 se
704 1536 843 1586 esse,
867 1531 926 1576 -ει
949 1531 1130 1591 postea
1144 1521 1468 1590 compellare
1497 1520 1853 1585 exauditm'cm
1877 1535 2050 1573 suum.

488 1594 597 1665 Nisi
639 1602 773 1665 forte
810 1610 1253 1665 cum‘indicasset
1292 1610 1735 1679 quemadmodum
1779 1609 2055 1663 exauditus

486 1703 556 1753 sit
578 1701 629 1753 in
658 1701 767 1770 ipsa
800 1700 1105 1773 dilatatione
1131 1698 1305 1753 cordis
1326 1740 1344 1765 ,
1377 1699 1561 1753 maluit
1587 1714 1705 1752 cum
1734 1699 1840 1753 Deo
1877 1699 2051 1767 loqui;

480 1793 729 1845 utetiam
770 1791 871 1846 hoc
910 1791 1068 1845 modo
1097 1786 1401 1845 ostenderet
1437 1789 1565 1859 quid
1601 1790 1671 1844 sit
1711 1789 1873 1843 corde
1918 1790 2052 1842 dita—

489 1883 608 1943 tari,
640 1883 692 1936 id
727 1890 845 1949 est,
890 1882 1001 1951 jam
1041 1881 1185 1935 cordi
1214 1880 1409 1936 habere
1437 1879 1667 1934 infusum
1706 1880 1870 1934 Deum
1890 1920 1905 1944 ,
1933 1893 2052 1933 cum

472 1987 590 2042 quo
631 1974 953 2027 intrinsecus
982 1973 1337 2040 eolloqttatur.
1387 1971 1540 2037 Quod
1579 1971 1633 2025 in
1672 1986 1897 2042 persana
1939 1971 2054 2039 ejus

487 2068 574 2133 qui
604 2068 828 2121 credens
855 2067 905 2119 in
936 2066 1203 2121 Christum
1234 2065 1561 2137 illuminatus
1585 2075 1705 2129 est,
1748 2075 1892 2118 recte
1919 2063 2056 2117 acci—

494 2157 631 2224 pitur
662 2175 675 2209 :
708 2157 759 2209 iit
789 2157 954 2220 ipsius
990 2166 1162 2210 autent
1197 2156 1452 2210 Dominici
1481 2155 1728 2220 hominis,
1750 2169 1904 2224 quem
1932 2169 2053 2208 sus-

491 2248 631 2315 cepit
668 2248 762 2302 Dei
810 2247 1112 2316 Sapientia,
1154 2262 1263 2300 non
1299 2246 1454 2301 video
1484 2246 1922 2316 quemadmodum
1955 2245 2058 2301 hoc

481 2334 657 2403 possit
695 2351 1019 2406 congruere;
1064 2350 1167 2389 non
1208 2336 1347 2389 enim
1378 2336 1446 2389 ab
1473 2350 1533 2390 ea
1561 2336 1842 2405 aliquando
1870 2336 2054 2390 deser-

489 2437 574 2479 tus
597 2436 694 2480 cst.
721 2425 823 2480 Sed
851 2423 1292 2495 quemadmodum
1321 2424 1432 2492 ipsa
1453 2424 1569 2494 ejus
1592 2424 1894 2495 deprecatio
1915 2467 1929 2486 ,
1961 2440 2055 2477 no-

488 2527 613 2571 strze
659 2518 833 2586 potius
874 2516 1195 2570 inﬁrmitatis
1239 2516 1490 2571 indicium
1530 2524 1651 2582 est;
1701 2516 1778 2571 sic
1806 2518 1963 2571 etiam
1989 2517 2057 2572 de

466 2610 588 2664 ista
618 2610 891 2680 repentina
934 2609 1242 2663 dilatatiooe
1277 2608 1453 2663 cordis
1496 2617 1670 2677 potest
1710 2608 1847 2665 idem
1876 2609 2057 2662 Domi-

482 2716 585 2758 nus
613 2715 707 2771 pro
752 2699 995 2756 (idtlibus
1018 2699 1130 2755 suis
1176 2698 1353 2771 loqui,
1396 2713 1618 2770 quorum
1650 2713 1930 2770 personam
1956 2697 2056 2756 sibi

482 2796 736 2862 imposuit
764 2796 920 2848 etiam
947 2809 1069 2848 cum
1105 2793 1178 2846 ait
1212 2812 1225 2847 ε
1256 2793 1459 2847 Esurivi
1483 2834 1497 2853 ,
1534 2805 1699 2847 etnon
1725 2794 1925 2847 cibastis
1947 2810 2057 2859 me;

488 2888 619 2939 sitivi
641 2928 656 2951 ,
682 2897 734 2940 et
758 2895 931 2956 potum
959 2903 1058 2939 non
1086 2886 1294 2939 dedistis
1319 2886 1445 2939 mihi
1476 2884 1684 2955 (Matth.
1720 2902 1839 2949 xxv,
1870 2886 1982 2954 '55),
2005 2894 2059 2940 et

482 2988 695 3033 ctctera.
725 2980 899 3043 Quare
930 2978 1015 3033 hic
1039 2991 1245 3047 quoque
1266 2985 1439 3044 potest
1456 2976 1653 3041 dicere,
1673 2977 1892 3031 dilatasti
1912 2977 2055 3042 mihi,

422 3110 427 3117 κ
490 3085 585 3136 pro
611 3083 717 3122 uno
739 3084 801 3122 ex
831 3067 1064 3121 minimis
1084 3066 1194 3120 suis
1214 3066 1554 3136 colloquente
1579 3082 1700 3121 cum
1729 3067 1838 3121 Deo
1862 3110 1877 3131 ,
1906 3066 2056 3138 cujus

480 3157 799 3213 charitatem
852 3156 1097 3211 diffusam
1142 3155 1304 3210 habet
1346 3157 1400 3210 in
1447 3157 1607 3211 corde
1662 3173 1756 3226 per
1796 3156 2052 3227 Spiritum

488 3260 751 3309 sanctum,
782 3248 868 3318 qui
895 3247 1052 3302 datus
1076 3255 1159 3301 est
1184 3246 1355 3301 nobis.
1387 3245 1627 3300 Miserere
1655 3247 1751 3301 mci
1770 3290 1784 3314 ,
1806 3258 1853 3302 et
1875 3249 2059 3302 exaudi

484 3338 769 3392 (rationem
798 3355 961 3392 meam
993 3353 1012 3391 :
1034 3353 1132 3392 cur
1148 3338 1337 3391 iterum
1364 3346 1535 3407 rogat,
1563 3353 1682 3391 cum
1701 3338 1809 3407 jam
1827 3355 1884 3392 se
1899 3356 2058 3393 exau-

442 3416 454 3428 ’
482 3430 656 3484 ditum
685 3439 739 3486 et
761 3429 1040 3483 dilatatum
1072 3428 1428 3483 indicaverit?
1477 3429 1558 3482 An
1586 3438 1801 3497 propter
1829 3444 1957 3494 nos,
1992 3433 2059 3485 de

490 3522 678 3589 quibus
718 3520 912 3575 dicitur
943 3536 956 3572 :
991 3518 1053 3574 Si
1100 3527 1264 3572 autent
1300 3518 1436 3589 quod
1472 3535 1572 3573 non
1618 3519 1839 3573 videmus
1882 3538 2057 3591 spera-

488 3627 603 3664 mus
626 3652 640 3676 ,
678 3627 766 3679 per
795 3610 1085 3679 patientiam
1114 3618 1455 3677 exspectamus
1480 3608 1651 3679 (Rom.
1672 3626 1790 3674 vni,
1816 3609 1942 3680 9.5);
1970 3619 2060 3664 aut

486 3712 547 3758 nt
570 3705 621 3757 in
644 3703 735 3758 illo
751 3703 838 3773 qtti
860 3700 1081 3756 credidit
1108 3701 1409 3770 perﬁciatur
1437 3699 1575 3771 quod
1604 3700 1907 3755 inchoatum
1935 3701 2058 3755 est?

560 3798 612 3851 '5.
636 3796 797 3869 [uers.
821 3794 910 3869 3.]
938 3793 1062 3849 Filii
1096 3794 1373 3859 hominum,
1400 3810 1653 3863 aequeque
1673 3811 1849 3865 graves
1873 3795 2058 3849 corde?

491 3887 679 3941 saltem
723 3901 891 3956 usque
933 3886 986 3941 in
1015 3885 1298 3941 adventum
1319 3927 1336 3952 ,
1378 3886 1578 3956 inquit,
1610 3885 1727 3940 Filii
1754 3876 1855 3941 'Dei
1885 3897 2058 3943 vester

494 3991 646 4030 error
674 3975 974 4043 duraverit;
1013 3978 1139 4046 quid
1166 3992 1291 4048 ergo
1318 3978 1454 4031 ultra
1480 3993 1667 4048 graves
1692 3978 1852 4033 corde
1888 3981 2058 4035 estis?

487 4067 714 4135 Quando
742 4066 968 4121 habituri
1000 4068 1155 4122 linem
1188 4068 1546 4144 fallaciarum,
1586 4069 1630 4123 si
1662 4071 1881 4124 veritate
1924 4085 2058 4138 prae-

492 4168 641 4214 sente
681 4159 698 4189 ¹
737 4174 841 4212 non
889 4158 1132 4213 habetis‘l
1181 4158 1369 4229 thuid
1412 4159 1620 4230 diligitis
1663 4162 1965 4225 vanitatem,
2009 4171 2059 4215 et

491 4250 713 4315 qutet'itis
743 4248 1103 4302 mendacium?
1143 4250 1326 4318 utquid
1355 4250 1513 4305 vultis
1556 4250 1690 4304 beati
1721 4266 1838 4305 esse
1866 4252 1933 4306 de
1972 4252 2055 4305 in-

495 4342 674 4397 iimis?
718 4339 841 4396 Sola
881 4340 1073 4394 veritas
1120 4338 1241 4392 facit
1283 4338 1497 4406 beatos,
1530 4356 1593 4395 ex
1635 4356 1736 4411 qua
1774 4357 1895 4395 vera
1936 4352 2057 4396 sunt

488 4435 685 4489 omnia.
704 4434 834 4488 Nam
853 4432 1056 4485 vanitas
1069 4441 1147 4484 est
1164 4431 1559 4497 vanitantium’,
1574 4442 1626 4487 et
1642 4433 1817 4487 omnia
1832 4434 2052 4488 vanitas.

490 4529 619 4595 Quin
666 4525 981 4582 abundantia
1041 4523 1237 4577 homini
1292 4522 1343 4576 in
1384 4523 1528 4577 onmi
1560 4524 1750 4579 labore
1790 4540 1920 4588 suo,
1951 4540 2056 4594 quo

490 4618 603 4686 ipse
642 4618 847 4672 laborat
886 4616 985 4671 sub
1031 4615 1142 4670 sole
1170 4611 1378 4687 (Ecclc.
1412 4629 1463 4679 t,
1486 4614 1540 4675 2,
1567 4615 1674 4681 5)?
1707 4615 1899 4686 thuid
1929 4632 2056 4687 ergo

490 4708 854 4775 temporalium
889 4722 1064 4763 rerum
1110 4720 1293 4760 amore
1331 4704 1681 4760 detinemini?
1721 4708 1904 4777 utquid
1937 4719 2055 4762 tan-

487 4813 645 4868 quam
674 4798 864 4868 prima,
891 4808 1124 4852 extrema
1151 4796 1428 4852 sectamini
1454 4812 1468 4861 ;
1501 4796 1639 4864 quod
1666 4808 1749 4851 est
1773 4799 1975 4852 vanitas
2002 4808 2057 4854 et

489 4889 864 4943 mendacium?
892 4888 1093 4958 Cupitis
1119 4891 1261 4945 enim
1290 4904 1599 4958 permanere
1619 4890 1911 4955 vobiscum,
1933 4908 2053 4963 quae

488 4980 664 5033 omnia
695 4987 970 5033 transeunt
1005 4988 1250 5049 tanquam
1280 4980 1489 5033 umbra.

557 5071 610 5124 4.
645 5067 807 5140 [υθνε.
836 5066 932 5140 4.]
976 5064 1041 5122 Et
1084 5070 1257 5123 scitote
1297 5070 1535 5139 quoniam
1562 5068 1909 5124 admirabilem
1935 5073 2051 5141 fecit

488 5163 736 5216 Dominus
765 5169 991 5227 sanctum
1013 5176 1162 5213 suum
1185 5176 1203 5213 :
1227 5177 1404 5228 quem,
1431 5161 1531 5215 nisi
1556 5176 1676 5216 cum
1705 5177 1859 5232 quem
1886 5166 2051 5218 susci-

491 5255 618 5310 tavit
644 5252 712 5308 ab
740 5252 953 5317 inferis,
980 5259 1035 5306 et
1060 5251 1111 5304 in
1141 5251 1276 5305 creto
1314 5252 1379 5305 ad
1408 5252 1685 5309 dexteram
1728 5253 2050 5309 collocavit?

482 5346 788 5415 lttcrepatur
816 5358 946 5413 ergo
971 5357 1136 5412 genus
1165 5341 1486 5405 humanum,
1519 5353 1574 5397 ut
1601 5344 1667 5398 ad
1698 5359 1816 5399 eum
1848 5362 1906 5401 se
1937 5356 2051 5400 tan-

482 5437 603 5492 dem
634 5436 700 5489 ab
728 5433 883 5501 hujus
926 5432 1105 5485 mundi
1152 5447 1333 5487 amore
1360 5443 1655 5488 convertat.
1685 5434 1788 5490 Sed
1818 5438 1860 5489 si
1892 5453 2046 5506 quem

486 5536 660 5583 movet
701 5523 1004 5591 conjunctio
1042 5523 1408 5591 superaddita,
1452 5526 1591 5592 quod
1621 5527 1722 5588 ait,
1752 5525 1817 5579 Et
1856 5529 2046 5594 scitote,

482 5621 643 5675 1facile
671 5627 754 5673 est
780 5625 839 5670 ut
867 5618 917 5669 in
948 5614 1235 5682 Scriptnris
1275 5615 1660 5670 animadvertat
1703 5615 1859 5684 hujus
1900 5618 2044 5674 locu.

460 5708 475 5727 ’
542 5737 557 5765 ¹
584 5734 841 5784 Duodecim
862 5739 991 5789 Mss,
1014 5732 1057 5781 si
1080 5728 1285 5780 periuriis
1308 5730 1578 5793 prwsentia.

476 5847 512 5864 _.
544 5796 655 5864 fsic
685 5795 894 5864 legimus
914 5807 1037 5864 curri
1055 5790 1323 5864 sanioribus
1347 5800 1452 5843 Mss.
1491 5801 1558 5845 De
1593 5791 1679 5841 hac
1706 5790 1913 5843 lectione
1938 5794 2047 5845 vide

537 5861 682 5904 "'"tct.
706 5854 790 5905 lib.
822 5859 865 5919 l,
883 5870 986 5920 cap.
1008 5856 1059 5919 7,
1077 5868 1125 5903 ιι.
1145 5855 1193 5903 5.
1286 5860 1343 5902 Il.

2164 517 2322 571 tionis
2353 532 2516 584 genus
2550 515 2803 571 familiare
2832 530 2950 569 esse
2977 516 3051 569 illi
3084 516 3273 585 lingua:
3309 532 3407 584 qua
3444 516 3724 584 Propheta:

2163 608 2323 663 iocuti
2351 617 2491 661 sunt.
2524 606 2653 660 Nam
2684 622 2826 677 saepe
2864 608 3065 661 invenis
3097 608 3164 660 ita
3194 610 3466 674 cmptnm’:
3503 607 3568 661 Et
3595 607 3731 660 dixit

2164 699 2415 752 Dominus
2440 696 2506 750 ad
2536 697 2681 749 illum
2704 738 2717 757 ,
2748 697 2815 750 Et
2854 696 3047 751 factum
3076 707 3158 752 εει
3184 697 3397 751 verbum
3431 697 3633 750 Domini
3658 698 3722 751 ad

2159 790 2330 845 illum.
2375 790 2512 857 ane‘
2541 790 2783 859 jnnctura
2831 789 3252 858 conjunctiouis,
3304 803 3424 843 cum
3467 792 3725 842 sententia

2160 899 2268 937 non
2301 883 2630 951 praecesserit
2658 882 2741 935 cui
2771 895 2998 951 sequens
3026 866 3374 944 annectatur,
3418 879 3727 933 mirabiliter

2167 973 2400 1026 fortassis
2431 970 2661 1026 insinuat
2697 972 3045 1040 prolationem
3076 972 3315 1025 veritatis
3353 970 3404 1023 in
3436 985 3565 1023 voce
3604 985 3725 1022 euut
3814 963 3821 977 '

2161 1078 2221 1117 ea
2250 1063 2450 1118 visione
2475 1078 2593 1131 qua:
2618 1064 2674 1116 tit
2716 1064 2766 1116 in
2797 1062 2957 1117 corde
2982 1077 3100 1117 esse
3146 1061 3510 1131 conjunctam.
3544 1059 3724 1127 Quan-

2160 1166 2316 1221 quam
2341 1154 2425 1207 hic
2451 1154 2550 1207 dici
2580 1154 2762 1222 possit,
2792 1153 2931 1222 quod
2962 1154 3201 1223 superior
3227 1153 3508 1216 sententia,
3538 1151 3729 1220 thuid

2161 1245 2372 1315 diligitis
2398 1245 2660 1298 vanitatem
2679 1287 2695 1311 ,
2724 1256 2771 1299 et
2808 1246 3025 1313 quwtitis
3051 1245 3365 1298 mendacium
3390 1246 3415 1298 ?
3458 1245 3529 1299 ita
3561 1246 3725 1313 posita

2160 1347 2241 1392 est
2264 1354 2325 1393 ac
2350 1340 2394 1392 si
2421 1340 2702 1403 diceretur,
2727 1337 2900 1393 Nolite
2931 1338 3149 1407 diligere
3169 1338 3474 1402 vanitatem,
3502 1345 3555 1391 et
3580 1353 3721 1406 quin.

2161 1446 2279 1485 rere
2306 1430 2634 1485 mendacium
2658 1448 2672 1495 ;
2704 1446 2808 1500 quo
2833 1431 2901 1484 ita
2926 1430 3120 1499 posito,
3142 1430 3436 1484 rectissima
3462 1429 3728 1484 locutione

2160 1520 2400 1589 sequitur
2429 1538 2442 1571 :
2470 1520 2536 1573 Et
2569 1522 2741 1574 scitote
2766 1522 3001 1590 quoniam
3028 1519 3375 1573 admirabilem
3402 1520 3519 1591 fecit
3545 1518 3722 1571 Domi-

2160 1628 2257 1665 nus
2286 1621 2515 1666 sanctum
2542 1629 2708 1665 suum.
2740 1610 2843 1667 Sed
2875 1611 3240 1681 interpositum
3271 1611 3555 1679 diapsalma
3586 1618 3730 1664 vetat

2160 1713 2315 1757 istam
2354 1719 2473 1757 cum
2511 1704 2783 1771 superiore
2810 1703 3055 1771 conjungi
3089 1720 3101 1756 :
3135 1703 3245 1756 sive
3272 1701 3411 1756 enim
3455 1700 3728 1755 hebraeum

2159 1792 2377 1848 verbum
2428 1793 2516 1857 sit,
2560 1794 2697 1847 sicut
2739 1792 2950 1863 quidam
3002 1793 3202 1858 volunt,
3253 1807 3358 1862 quo
3405 1790 3731 1861 signiﬁcatur

2160 1883 2312 1947 Fiat;
2345 1884 2454 1939 sive
2477 1899 2728 1954 grtecnm,
2757 1899 2862 1953 quo
2888 1882 3208 1952 significatur
3234 1882 3563 1937 intervallum
3594 1881 3733 1950 psalc

2162 1974 2300 2028 lendi
2323 2015 2337 2040 ,
2372 1984 2426 2028 ut
2454 1974 2654 2044 psaltria
2688 1975 2757 2028 sit
2799 1974 2937 2043 quod
2980 1974 3220 2042 psallitur
3241 2014 3257 2040 ,
3288 1972 3575 2043 diapsalma
3603 1986 3733 2025 vero

2161 2065 2526 2134 interpositum
2559 2065 2610 2119 in
2642 2064 2916 2133 psallendo
2944 2066 3207 2119 silentium
3234 2080 3248 2128 ;
3293 2072 3350 2118 ut
3381 2061 3730 2134 quemadmo-

2160 2153 2286 2208 dum
2308 2155 2628 2224 sympsalma
2654 2155 2848 2210 dicitur
2870 2170 3054 2209 vocum
3080 2155 3346 2225 cepulatio
3371 2154 3422 2208 in
3447 2152 3729 2217 cantando,

2160 2246 2231 2300 ita
2259 2246 2549 2315 diapsalma
2580 2247 2863 2315 disjtmctio
2886 2254 3104 2311 ‘carum,
3137 2246 3224 2300 ubi
3251 2246 3493 2317 quauiam
3520 2246 3734 2314 requies

2160 2336 2436 2407 disjunctte
2475 2339 2884 2393 continuationis
2913 2339 3211 2393 ostenditur
3238 2357 3251 2390 :
3282 2340 3397 2393 sive
3425 2354 3552 2408 ergo
3581 2338 3731 2403 illud,

2161 2426 2273 2489 sive
2300 2426 2399 2481 hoc
2418 2468 2431 2489 ,
2462 2428 2573 2481 sive
2596 2428 2738 2481 aliud
2768 2427 2960 2497 aliquid
2998 2430 3099 2491 sit,
3127 2436 3270 2482 certe
3303 2428 3427 2482 illud
3458 2427 3736 2498 probabile

2159 2524 2273 2581 est,
2308 2532 2410 2569 non
2453 2529 2597 2572 recte
2626 2518 2920 2572 continuari
2966 2529 3018 2571 et
3061 2519 3305 2588 conjungi
3350 2534 3599 2583 sensum,
3645 2518 3736 2572 ubi

2158 2604 2447 2675 diapsalma
2479 2608 2844 2676 interponitur.

2231 2698 2282 2757 5.
2317 2696 2561 2755 Dominus
2587 2699 2819 2771 eraudict
2850 2716 2961 2767 mc,
2987 2700 3106 2755 dum
3150 2699 3424 2755 clamavero
3465 2699 3534 2754 ad
3571 2720 3681 2755 cum
3718 2717 3739 2755 :

2162 2792 2250 2847 hic
2277 2808 2374 2848 nos
2400 2794 2672 2848 admoneri
2701 2794 2889 2857 credo,
2920 2804 2977 2847 ut
3006 2809 3189 2863 magna
3221 2792 3509 2847 intentione
3534 2793 3736 2856 cordis,

2165 2885 2216 2941 id
2237 2897 2339 2953 est,
2369 2887 2580 2941 interno
2599 2895 2650 2941 et
2674 2880 2993 2956 incorporeo
3014 2886 3245 2941 clamore
3264 2886 3515 2940 auxilium
3547 2885 3739 2953 imploo

2162 2991 2342 3030 remus
2373 2976 2463 3029 Dei
2490 2992 2504 3039 ;
2537 2977 2784 3046 quoniam
2815 2977 2951 3029 sicut
2986 2976 3353 3045 gratulandum
3394 2985 3470 3030 est
3504 2975 3571 3030 de
3610 2976 3735 3029 illu-

2164 3067 2453 3121 minatione
2498 3067 2549 3120 in
2580 3066 2678 3120 hac
2710 3066 2849 3130 vita,
2882 3067 2950 3120 ita
2981 3068 3237 3122 orandum
3270 3082 3364 3136 pro
3393 3068 3572 3136 requie
3616 3075 3741 3135 post

2166 3156 2300 3210 hanc
2332 3156 2511 3210 vitam.
2556 3155 2886 3225 Quapropter
2914 3166 3003 3210 aut
3031 3174 3096 3211 ex
3128 3170 3348 3226 persona
3378 3155 3546 3211 ﬁdelis
3569 3171 3739 3210 evan-

2162 3250 2455 3319 gelizantis,
2486 3259 2574 3303 aut
2603 3265 2665 3303 ex
2710 3250 2872 3318 ipsius
2909 3249 3137 3313 Domini,
3163 3249 3239 3303 sic
3265 3248 3626 3318 accipiendum
3652 3257 3741 3303 est

2163 3358 2224 3395 ac
2248 3343 2291 3395 si
2323 3342 2520 3396 dictum
2548 3342 2654 3396 sit:
2685 3344 2936 3397 Dominus
2965 3340 3217 3397 exaudiet
3245 3357 3356 3406 vos,
3384 3342 3508 3396 dum
3538 3341 3739 3395 clama-

2165 3433 2342 3487 veritis
2370 3432 2435 3485 ad
2464 3448 2607 3487 cum.

2234 3527 2285 3580 6.
2307 3523 2469 3598 [υσθυε.
2488 3523 2579 3598 5.]
2604 3523 2911 3588 Irascimini,
2934 3534 2980 3577 et
3007 3523 3159 3577 nolite
3186 3539 3390 3594 peccare
3413 3522 3487 3594 (tt)
3512 3540 3526 3571 τ
3549 3538 3739 3578 occur-

2164 3617 2307 3670 rebat
2329 3599 2487 3670 'enim
2523 3634 2534 3667 :
2569 3615 2698 3683 Quis
2725 3625 2807 3669 est
2834 3615 3024 3685 dignus
3051 3614 3285 3668 exaudiri
3305 3655 3321 3680 ,
3351 3623 3436 3668 aut
3467 3613 3738 3683 quomodo

2165 3722 2267 3758 non
2300 3705 2490 3760 frustra
2518 3706 2713 3759 clamat
2740 3715 2986 3772 peccator
3012 3704 3076 3757 ad
3105 3703 3422 3758 Dominum?
3453 3705 3590 3773 Ergo
3615 3702 3739 3756 Ira-

2161 3797 2359 3850 scimini
2375 3836 2389 3863 ,
2424 3796 2608 3865 inquit,
2636 3805 2683 3849 et
2713 3796 2867 3849 nolite
2892 3812 3136 3866 peccare;
3166 3796 3303 3864 quod
3330 3796 3534 3850 duobus
3563 3796 3739 3850 modis
3778 3810 3783 3819 ‘

2164 3887 2378 3953 intelligi
2410 3895 2582 3956 potest
2608 3903 2624 3940 :
2652 3896 2774 3953 aut,
2806 3886 2973 3940 Etiam
3001 3887 3044 3940 si
3076 3887 3381 3949 irascimini,
3411 3887 3578 3940 nolite
3605 3901 3737 3954 pec-

2161 3992 2321 4043 care;
2372 3977 2422 4030 id
2450 3984 2564 4042 est,
2597 3976 2763 4031 Etiam
2793 3977 2835 4030 si
2874 3977 3039 4047 surgit
3077 3987 3250 4030 motus
3278 3975 3437 4029 animi
3462 4018 3476 4041 ,
3505 3976 3595 4046 qui
3620 3975 3735 4046 jam

2162 4078 2379 4140 propter
2407 4083 2615 4138 poenam
2640 4070 2839 4137 peccati
2874 4084 2975 4122 non
3011 4077 3092 4123 est
3122 4068 3171 4121 in
3206 4075 3497 4137 potestate,
3542 4069 3736 4123 saltem

2162 4163 2209 4216 ei
2241 4178 2345 4215 non
2370 4162 2666 4216 consentiat
2688 4162 2820 4215 ratio
2840 4169 2895 4215 et
2920 4175 3090 4225 mens,
3115 4177 3232 4229 qnze
3260 4160 3398 4213 intus
3422 4172 3737 4230 regenerata

2162 4254 2561 4309 est‘sccundnm
2595 4256 2756 4309 Deum
2779 4296 2792 4318 ,
2826 4266 2883 4308 ut
2928 4263 3102 4307 mente
3146 4255 3437 4307 serviamus
3481 4254 3580 4324 legi
3614 4254 3735 4323 Dei,

2162 4346 2204 4399 si
2236 4345 2408 4399 adhuc
2431 4360 2589 4399 carne
2624 4343 2885 4399 servimus
2914 4343 3011 4412 legi
3044 4344 3241 4412 peccati
3271 4343 3444 4411 (Rom.
3473 4361 3565 4411 vn,
3597 4344 3692 4413 25)
3720 4364 3735 4399 :

2159 4446 2271 4500 aut,
2300 4435 2451 4504 Agite
2475 4433 2833 4503 paenitentiam
2858 4451 2871 4498 ;
2903 4434 2952 4486 id
2979 4442 3078 4494 cst,
3114 4433 3397 4486 irascimini
3426 4435 3579 4489 vobis
3604 4437 3738 4505 ipsis

2160 4526 2225 4580 de
2268 4527 2546 4596 praeteritis
2592 4527 2851 4595 peccatis,
2889 4535 2943 4580 et
2975 4525 3191 4579 ulterius
3237 4541 3457 4595 peccare
3484 4527 3735 4583 desinite.

2164 4617 2291 4683 Qua:
2319 4619 2482 4672 dicitis
2506 4619 2560 4671 in
2583 4617 2814 4671 cordibus
2843 4618 3016 4670 uestris
3040 4632 3059 4671 :
3088 4616 3416 4681 subauditur,
3445 4618 3638 4683 dicite;
3674 4632 3735 4677 ut

2160 4712 2228 4765 sit
2259 4711 2410 4779 plena
2453 4712 2711 4766 sententia
2743 4730 2756 4764 :
2788 4710 2914 4777 Quae
2944 4710 3151 4776 dicitis,
3185 4711 3237 4765 in
3264 4712 3510 4767 cordibus
3537 4715 3732 4769 vestris

2159 4802 2351 4867 dicite;
2385 4802 2434 4855 id
2456 4810 2558 4866 est,
2589 4803 2749 4856 nolite
2769 4817 2889 4857 esse
2918 4804 3137 4870 pOpuluS
3163 4803 3229 4858 de
3258 4820 3362 4872 quo
3387 4803 3582 4858 dictum
3609 4789 3733 4862 est:

2160 4890 2331 4945 Labiis
2368 4907 2446 4945 me
2474 4893 2754 4956 honorant,
2785 4910 2871 4946 cor
2906 4904 3071 4946 autent
3110 4910 3281 4948 eorum
3308 4899 3452 4967 longe
3491 4904 3563 4949 est
3591 4911 3622 4947 a
3652 4911 3733 4950 me

2163 4982 2311 5051 (lsai.
2340 4999 2501 5048 xxrx,
2532 4983 2649 5053 15).
2689 4982 2756 5037 In
2800 4984 3044 5038 cubilibus
3082 4987 3256 5040 vestris
3293 4987 3733 5057 compuagimiui:

2160 5075 2261 5129 hoc
2286 5086 2369 5130 cst
2392 5076 2532 5145 quod
2554 5076 2662 5145 jam
2692 5076 2887 5131 dictum
2914 5085 2996 5131 est
3015 5121 3029 5141 ,
3066 5079 3117 5132 in
3144 5080 3415 5145 cordibus;
3445 5081 3558 5135 haec
3581 5083 3739 5138 enim

2156 5178 2276 5220 sunt
2320 5166 2507 5221 cubilia
2538 5166 2605 5221 de
2632 5169 2823 5237 quibus
2864 5177 2919 5222 et
2946 5169 3202 5224 Dominus
3230 5180 3441 5236 monet,
3488 5181 3543 5225 nt
3588 5172 3738 5227 intus

2155 5273 2369 5311 oremus
2413 5257 2606 5311 clausis
2647 5257 2796 5311 ostiis
2839 5258 3046 5328 (Matth.
3075 5276 3155 5325 vt,
3188 5260 3273 5329 6).
3319 5259 3738 5331 Compungimiui

2155 5362 2327 5404 autem
2348 5391 2364 5415 ,
2401 5359 2489 5403 aut
2517 5349 2584 5402 ad
2630 5351 2952 5418 pmnitcutia:
2998 5352 3232 5407 dolorem
3279 5332 3509 5407 refertur
3533 5397 3547 5419 ,
3579 5365 3636 5409 nt
3669 5374 3775 5417 se,

2157 5443 2320 5510 ipsam
2348 5442 2522 5493 anima
2553 5442 2774 5508 puniens
2802 5455 3153 5513 eompnngat,
3195 5458 3262 5498 ne
3305 5444 3355 5497 in
3399 5445 3490 5499 Dei
3524 5446 3735 5515 judicio

2154 5534 2399 5588 damnata
2430 5528 2769 5601 torqueatur;
2798 5544 2889 5587 aut
2916 5534 2981 5587 ad
3010 5535 3402 5598 excitationem,
3433 5547 3487 5590 nt
3510 5539 3739 5608 evigila-

2155 5643 2271 5682 mus
2313 5626 2377 5679 ad
2418 5624 2694 5679 videndam
2732 5625 2905 5679 lucem
2934 5624 3161 5689 Christi,
3204 5636 3449 5698 tanquam
3494 5631 3743 5689 stimulis

2152 5715 2421 5773 adhibitis.
2478 5715 2727 5771 Nonnulli
2773 5726 2951 5771 atttcm
2998 5732 3103 5771 non
3150 5721 3583 5790 contpuugimiui,
3628 5726 3743 5782 sed

2223 5851 2298 5914 (tt)
2331 5860 2396 5901 De
2424 5850 2599 5901 eodem
2626 5865 2754 5902 vers.
2777 5851 2933 5901 5vide
2960 5858 2991 5899 It
3015 5859 3144 5902 Fnar.
3172 5856 3218 5902 in
3241 5855 3359 5905 t‘sal.
3383 5869 3475 5906 xsv
3496 5856 3503 5862 ’
3521 5872 3569 5906 u.
3594 5858 3645 5908 3.
