4046 6200
248 518 304 574 ε,
1352 501 1743 556 manante
1773 497 1837 552 ιδ
1877 497 2194 553 νδιιιιιιιι
2234 499 2323 553 tv.
3417 506 3485 560 ea

247 627 542 696 aperimini,
591 626 772 680 dicunt
817 621 1000 675 melius
1033 609 1185 688 legi;
1242 617 1488 686 quoniam
1539 617 1590 668 in
1641 617 1811 683 graeco

250 719 502 776 Psalterio
529 725 613 771 est
641 721 950 778 κατανύγητι,
995 711 1133 780 quod
1165 707 1390 763 refertur
1414 706 1477 761 ad
1507 703 1647 760 illam
1678 705 1810 757 dila-

251 815 498 867 tationem
526 809 704 863 cordis
725 849 738 870 ,
771 818 825 860 ut
869 805 1164 874 excipiatur
1190 801 1398 856 diﬁ‘usio
1425 800 1694 853 charitatis
1721 813 1814 868 per

248 904 495 972 Spiritum
531 907 794 953 sanetum.

318 995 368 1046 7.
398 991 560 1063 Iners.
589 990 655 1055 6,
683 986 775 1060 7.]
815 986 1110 1054 Sacri/icate
1143 983 1446 1051 sacri/icium
1475 981 1689 1050 Justitia:
1713 1022 1729 1044 ρ
1769 991 1816 1033 et

251 1093 442 1156 sperate
469 1084 522 1136 in
551 1081 785 1134 Domino.
822 1079 960 1133 Idem
992 1077 1118 1131 dicit
1146 1078 1195 1130 in
1227 1077 1328 1129 alio
1361 1075 1559 1144 psalmo
1588 1091 1601 1126 :
1637 1075 1813 1128 Sacri-

251 1177 420 1244 ﬁcium
444 1174 550 1227 Deo
585 1172 790 1242 spiritus
818 1170 1173 1224 contribulatus
1203 1167 1381 1236 (Psal.
1413 1182 1462 1229 1.,
1502 1165 1613 1235 l9).
1643 1164 1816 1232 Quare

253 1284 354 1322 non
382 1265 612 1320 absurde
641 1264 725 1316 hic
747 1263 1002 1332 accipitur
1032 1261 1198 1329 ipsum
1230 1273 1347 1312 esse
1387 1256 1699 1310 sacriﬁcium
1728 1255 1814 1320 ju-

255 1357 425 1419 stitize,
458 1355 597 1425 quod
630 1354 686 1406 ﬁt
725 1369 820 1422 per
848 1350 1206 1419 paenitentiam
1241 1367 1254 1401 :
1287 1346 1410 1418 quid
1439 1347 1577 1401 enim
1601 1346 1812 1414 justius,

249 1466 406 1520 quam
433 1458 490 1503 ut
517 1449 627 1502 suis
655 1445 1017 1515 unusquisque
1047 1441 1293 1512 peccatis,
1321 1454 1476 1509 quam
1505 1438 1690 1491 alienis
1719 1451 1817 1505 po-

251 1542 352 1595 tius
381 1542 658 1601 irascatur,
687 1551 850 1606 seque
877 1534 1043 1604 ipsum
1073 1533 1295 1602 puniens
1325 1538 1519 1583 mactet
1549 1529 1695 1582 Deo?
1737 1529 1814 1580 An

249 1630 562 1687 sacriﬁcium
600 1625 817 1696 justitiae
856 1639 1015 1694 Opera
1057 1622 1199 1691 justa
1229 1628 1352 1675 sunt
1394 1628 1514 1690 post
1557 1618 1816 1688 pteuiten-

224 1722 420 1795 ﬁiam?
457 1720 588 1774 Nam
628 1727 682 1773 et
715 1715 1079 1786 interpositum
1109 1713 1424 1782 diapsalma,
1457 1726 1560 1764 non
1593 1711 1819 1766 absurde

249 1813 491 1867 fortassis
527 1809 757 1864 insinuat
801 1807 956 1861 etiam
989 1804 1264 1858 transitum
1295 1802 1362 1856 de
1401 1801 1507 1855 vita
1549 1799 1711 1854 veteri
1735 1798 1820 1852 ad

250 1905 410 1958 vitam
443 1917 632 1956 novam
666 1919 680 1954 :
709 1907 768 1953 ut
805 1897 1067 1953 exstincto
1091 1895 1174 1949 vel
1214 1893 1476 1947 inﬁrmato
1512 1907 1608 1962 per
1649 1891 1819 1960 patui-

254 1994 472 2047 tentiam
495 2001 675 2044 vetere
702 1987 933 2050 homine,
958 1984 1269 2040 sacriﬁcium
1294 1983 1508 2051 justitite
1533 1980 1822 2036 secundum

249 2083 710 2154 regenerationem
750 2079 870 2133 novi
907 2077 1136 2131 hominis
1165 2075 1414 2128 offeratur
1442 2072 1578 2135 Deo,
1610 2086 1728 2126 eum
1767 2085 1826 2124 se

247 2176 402 2230 oﬁert
449 2175 560 2241 ipsa
605 2172 779 2224 anima
814 2169 925 2238 jam
954 2167 1153 2231 abluta,
1195 2174 1248 2219 et
1291 2165 1515 2232 imponit
1561 2164 1611 2217 in
1652 2162 1819 2215 altare

251 2266 394 2346 ﬁdei,
429 2265 609 2318 divino
635 2263 783 2331 igne,
812 2260 862 2314 id
890 2268 972 2313 est
992 2301 1006 2323 ,
1033 2257 1230 2326 Spiritu
1263 2267 1445 2310 saneto
1473 2253 1825 2322 comprehen-
1869 2255 1879 2268 ‘

247 2345 460 2419 denda;
510 2365 566 2407 ut
595 2354 694 2406 iste
732 2352 800 2405 sit
835 2364 1053 2411 sensus,
1085 2347 1379 2414 Sacri/ictae
1405 2345 1710 2414 sacriﬁcium
1733 2345 1821 2413 ju-

244 2449 428 2509 stitiaz,
457 2457 504 2499 et
534 2457 733 2514 sperate
769 2445 819 2496 in
851 2441 1069 2509 Domino
1091 2481 1104 2503 ,
1135 2439 1184 2492 id
1216 2449 1298 2492 est
1321 2481 1334 2503 ,
1368 2437 1526 2492 Recte
1557 2437 1714 2490 vivite
1735 2479 1748 2502 ,
1775 2438 1828 2488 et

243 2546 454 2606 sperate
499 2534 696 2588 donum
729 2532 953 2600 Spiritus
995 2530 1195 2592 sancti,
1239 2538 1295 2582 ut
1337 2543 1430 2582 vos
1459 2528 1686 2591 veritas,
1729 2527 1814 2580 cui

246 2628 574 2693 credidistis,
610 2627 852 2680 illustret.

319 2719 374 2772 8.
417 2716 521 2772 Sed
569 2727 740 2769 tamen
781 2713 996 2782 Sperate
1039 2713 1092 2766 in
1139 2709 1390 2772 Domino,
1435 2709 1614 2762 clause
1656 2707 1827 2761 adlme

247 2809 450 2864 dictum
487 2818 587 2861 est.
637 2807 926 2876 Sperantur
963 2813 1140 2857 autem
1179 2817 1330 2871 quze,
1359 2800 1459 2854 nisi
1502 2799 1681 2853 bona?
1724 2798 1828 2852 Sed

247 2901 371 2970 quia
421 2899 785 2968 unusquisque
833 2896 882 2950 id
930 2896 1124 2949 bonum
1166 2895 1277 2946 vult
1315 2908 1344 2944 a
1389 2892 1497 2945 Deo
1545 2891 1828 2959 impetrare

246 2992 389 3060 quod
421 2991 615 3059 diligit,
642 3003 740 3044 nec
776 2987 931 3041 facile
959 2986 1300 3039 inveniuntur
1324 2983 1413 3052 qui
1445 2982 1665 3051 diligant
1691 2979 1828 3033 bona

249 3084 527 3146 interiora,
559 3080 610 3134 id
639 3090 738 3146 est,
766 3079 829 3133 ad
861 3078 1162 3133 interiorem
1196 3075 1458 3129 hominem
1490 3071 1826 3142 pertinentia,

248 3171 371 3244 qui:
399 3174 515 3228 sola
542 3171 807 3242 diligenda
833 3179 973 3235 sunt,
1010 3168 1216 3223 ezrteris
1244 3175 1419 3219 autem
1450 3163 1515 3218 ad
1546 3163 1830 3222 necessita-

249 3277 361 3321 tem
389 3264 666 3329 utendum,
697 3277 804 3316 non
828 3261 893 3315 ad
921 3259 1166 3330 gaudium
1197 3255 1573 3326 perfruendum
1600 3271 1614 3320 ;
1656 3253 1827 3307 admi-

259 3359 502 3414 rabiliter
524 3371 642 3410 cum
685 3354 926 3420 dixisset,
961 3352 1173 3421 Sperate
1211 3351 1263 3402 in
1293 3347 1530 3411 Domino,
1563 3344 1787 3414 subjecit
1815 3361 1827 3397 :

252 3449 409 3503 Multi
453 3449 628 3501 dicunt
657 3462 674 3499 :
704 3445 826 3512 Quis
853 3444 1066 3498 ostendit
1106 3441 1245 3494 nobis
1274 3439 1446 3492 bona?
1487 3437 1585 3503 Qui
1632 3450 1828 3498 sermo,

249 3552 310 3597 et
335 3557 455 3611 qum
485 3537 828 3606 interrogatio
852 3533 1151 3604 quotidiana
1183 3541 1264 3585 est
1292 3530 1524 3583 omnimn
1552 3527 1829 3611 stultorum

250 3642 311 3687 et
351 3609 696 3700 iniquorum;
747 3628 858 3681 sive
902 3640 1083 3694 pacem
1134 3632 1187 3676 et
1231 3619 1662 3690 tranquillitatem
1688 3609 1832 3668 ‘vitte

248 3722 529 3777 saecularis
580 3715 1030 3780 desiderantium,
1079 3724 1130 3768 et
1179 3721 1392 3782 prepter
1437 3708 1830 3779 perversitatem

250 3814 468 3881 generis
513 3809 730 3865 humani
780 3824 883 3862 non
933 3803 1329 3866 invenientium,
1372 3802 1459 3870 qui
1505 3800 1665 3854 etiam
1707 3798 1830 3851 caeci

251 3919 510 3958 accusare
536 3901 732 3954 audent
753 3898 992 3952 ordinem
1020 3910 1219 3956 rerum,
1243 3909 1361 3947 cmn
1387 3891 1604 3944 involuti
1633 3889 1834 3942 meritis

253 3996 366 4049 suis
395 4003 586 4063 putant
617 4002 849 4059 tempora
876 4003 996 4043 esse
1036 3987 1214 4056 pejora
1242 3998 1399 4052 quam
1428 3980 1692 4050 prmterita
1718 3978 1836 4032 fue-

254 4093 418 4148 runt;
451 4083 567 4138 sive
591 4079 661 4134 de
689 4081 798 4148 ipsa
831 4077 1002 4131 futura
1025 4076 1146 4138 vita,
1173 4090 1288 4141 qua:
1317 4071 1467 4124 nobis
1493 4067 1833 4138 promittitur,

253 4176 614 4231 dubitantium
638 4171 718 4226 vel
745 4167 1156 4239 desperantium,
1179 4165 1265 4233 qui
1291 4177 1432 4229 saepe
1456 4160 1637 4214 dicunt
1662 4177 1674 4213 :
1704 4159 1836 4224 Quis

254 4271 406 4320 novit
452 4265 498 4318 si
532 4279 652 4317 vera
699 4269 858 4325 sunt,
890 4268 980 4312 aut
1020 4257 1139 4326 quis
1166 4254 1308 4309 venit
1337 4253 1403 4306 ab
1431 4251 1614 4305 inferis
1654 4259 1709 4304 ut
1737 4251 1836 4303 ista

255 4354 575 4411 nuntiaret?
623 4351 895 4421 Magniﬁce
940 4350 1096 4419 igitur
1123 4356 1176 4401 et
1222 4346 1483 4408 breviter,
1515 4342 1605 4397 sed
1649 4342 1836 4398 intrin-

254 4463 418 4503 secus
447 4443 778 4506 videntibus,
809 4439 1041 4496 osteudit
1066 4453 1184 4508 quae
1223 4437 1358 4489 bona
1399 4433 1679 4504 quaerenda
1710 4434 1833 4498 sint,

255 4536 592 4607 respondens
635 4535 842 4587 illorum
893 4527 1285 4599 interrogationi
1323 4527 1410 4595 qui
1453 4525 1633 4579 dicunt
1669 4543 1682 4578 :
1715 4525 1839 4588 Quis

254 4628 479 4683 ostendit
510 4627 651 4679 nobis
679 4624 850 4677 bona?
879 4623 1144 4690 Stgnatum
1171 4629 1258 4681 est,
1298 4618 1482 4686 inquit,
1514 4618 1564 4670 in
1592 4617 1732 4669 nobis
1763 4617 1839 4668 lu-

257 4739 373 4773 men
402 4719 574 4772 vultus
601 4718 692 4780 tui,
738 4715 968 4768 Domine.
1002 4714 1110 4766 lloe
1141 4711 1318 4764 lumen
1350 4719 1430 4762 est
1471 4718 1636 4762 totum
1667 4707 1830 4761 homi-

256 4814 344 4865 uis
388 4819 446 4864 et
484 4824 672 4862 verum
731 4807 945 4868 bonum,
978 4802 1118 4874 quod
1169 4817 1272 4855 non
1318 4799 1505 4862 oculis,
1539 4798 1630 4853 sed
1663 4809 1840 4852 mente

258 4900 609 4969 conspicitur.
645 4898 916 4966 Signatum
942 4905 1118 4947 autem
1147 4892 1279 4946 dixit
1312 4892 1362 4944 in
1401 4891 1562 4953 nobis,
1597 4899 1838 4957 tauquam

257 4991 519 5044 denarius
549 4988 788 5057 signatur
814 4986 952 5054 regis
991 4983 1216 5052 imagine
1250 4998 1262 5033 :
1299 4981 1457 5033 homo
1495 4981 1633 5034 enim
1675 4980 1842 5032 factus

260 5091 348 5134 est
375 5079 445 5132 ad
486 5078 766 5147 imaginem
798 5084 852 5130 et
879 5075 1274 5128 similitudinem
1305 5072 1396 5126 Dei
1441 5070 1603 5140 (Gen.
1633 5088 1678 5137 ι,
1709 5071 1778 5124 26
1803 5077 1838 5140 ),

260 5188 426 5242 quam
452 5170 718 5241 peccando
743 5169 1011 5237 corrupit:
1043 5168 1236 5220 bonum
1263 5181 1389 5236 ergo
1415 5166 1532 5233 ejus
1555 5177 1635 5219 est
1658 5182 1841 5219 verum

259 5277 427 5334 atque
457 5273 712 5316 mternum
734 5303 749 5325 ,
793 5260 835 5314 si
882 5257 1208 5313 remseeudo
1237 5258 1488 5326 signetur.
1540 5256 1608 5309 Et
1647 5257 1710 5309 ad
1743 5256 1844 5311 hoc

262 5355 431 5409 credo
462 5354 754 5421 pertinere,
790 5349 928 5420 quod
959 5347 1169 5417 quidam
1200 5347 1485 5415 prudenter
1526 5347 1838 5415 intelligunt,

265 5445 396 5498 illud
426 5443 563 5513 quod
589 5442 842 5495 Dominus
863 5441 976 5493 viso
1001 5438 1227 5492 Gtt-saris
1252 5454 1467 5492 nummo
1495 5439 1567 5490 ait
1596 5456 1607 5490 :
1634 5437 1845 5490 Reddite

267 5536 459 5590 (Avari
486 5536 618 5602 quod
648 5533 860 5586 Caesaris
884 5541 986 5597 est,
1017 5541 1064 5582 et
1094 5529 1198 5582 Deo
1223 5530 1356 5598 quod
1385 5529 1476 5583 Dei
1505 5542 1576 5584 est
1629 5530 1839 5600 (Matth.

271 5642 406 5689 xxu,
429 5624 522 5695 21)
545 5641 560 5690 ;
595 5635 838 5692 tanquam
867 5623 908 5674 si
936 5622 1138 5675 diceret
1161 5637 1173 5670 :
1197 5619 1646 5686 Quemadmodum
1670 5619 1846 5674 Caesar

273 5734 301 5768 a
343 5716 494 5770 vobis
539 5715 702 5785 exigit
749 5713 1152 5784 impressionem
1201 5711 1439 5778 imaginis
1481 5727 1624 5776 sum,
1675 5713 1752 5766 sic
1795 5721 1847 5766 et

277 5806 412 5862 Deus
437 5815 550 5874 ;,ut
589 5805 1033 5876 quemadmodum
1083 5802 1154 5855 illi
1195 5801 1431 5855 redditur
1462 5819 1739 5870 nummus,
1770 5805 1845 5857 sic

286 5897 389 5953 Deo
407 5900 585 5954 anima
612 5898 812 5952 lumine
835 5898 1006 5951 vultus
1029 5895 1141 5965 ejus
1165 5895 1414 5948 illustrata
1442 5906 1594 5963 atque
1618 5897 1838 5966 signata.

1886 601 1887 604 ﬁ
1923 612 2112 665 Dedisti
2139 614 2365 666 (mitium
2391 615 2441 666 in
2469 632 2552 667 eor
2578 633 2754 668 mnmn.
2787 617 2896 670 Non
2930 629 3053 687 ergo
3082 618 3210 672 foris
3237 637 3477 688 qureret:—

1918 705 1982 759 da
2013 715 2092 759 est
2118 706 2316 772 lastitia,
2347 707 2520 761 abhis
2549 710 2632 775 qui
2663 710 2831 762 adhuc
2862 727 3045 778 graves
3073 712 3230 766 corde
3255 713 3475 782 diligunt

1920 797 2202 851 vanitatem
2253 808 2307 852 et
2354 811 2596 868 qumrunt
2647 803 3015 868 memiaeinm,
3067 804 3158 857 sed
3208 806 3345 864 intus
3397 807 3479 859 ubi

1920 889 2177 957 signatum
2229 899 2309 942 est
2355 890 2532 943 lumen
2563 891 2733 944 vultus
2772 893 2861 945 Dei
2903 912 2914 945 :
2956 893 3006 946 in
3051 873 3300 949 interiore
3341 898 3481 949 enim

1921 978 2136 1033 luunine
2162 979 2362 1034 habitat
2390 979 2633 1036 (Ihrisms
2667 981 2875 1051 (Ep/tes.
2909 1000 2980 1048 ιιι,
3012 985 3129 1055 l7),
3164 995 3219 1039 ut
3243 987 3314 1039 ait
3340 989 3484 1054 Apo-

1922 1070 2119 1132 stolus;
2164 1071 2228 1124 ad
2278 1072 2449 1138 ipsum
2496 1073 2636 1125 enim
2689 1074 2914 1140 pertinet
2963 1075 3140 1129 videre
3186 1079 3483 1140 veritatem,

1921 1177 2038 1214 cum
2073 1163 2160 1215 ille
2188 1163 2380 1216 dixerit
2413 1181 2425 1220 :
2477 1162 2587 1233 Ego
2619 1182 2727 1217 sum
2753 1167 2931 1220 veritas
2958 1165 3135 1235 (Joan.
3163 1185 3272 1234 le,
3300 1170 3375 1240 6).
3422 1170 3487 1224 Et

1922 1266 2043 1304 eum
2083 1253 2388 1320 loquebatur
2422 1255 2472 1306 in
2502 1255 2754 1323 Apostolo
2780 1257 2985 1311 dicente
3013 1274 3025 1307 :
3056 1259 3133 1310 An
3163 1261 3306 1312 vultis
3340 1276 3488 1328 expia--

1923 1345 2186 1396 rimentum
2232 1347 2339 1416 ejus
2383 1347 2611 1415 accipere
2656 1349 2741 1417 qui
2789 1349 2840 1402 in
2889 1365 2966 1402 me
3007 1351 3220 1419 loquitur
3264 1351 3487 1405 Christus

1925 1435 1999 1501 (11
2028 1434 2143 1488 Cor.
2177 1451 2302 1500 xm,
2337 1437 2445 1503 5)?
2487 1453 2590 1490 non
2624 1439 2670 1492 ei
2719 1439 2846 1492 toris
2893 1441 3111 1509 utique;
3157 1442 3247 1494 sed
3294 1443 3343 1493 in
3377 1443 3489 1508 ipso

1924 1524 2082 1578 eorde
2105 1568 2118 1588 ,
2148 1525 2196 1578 id
2229 1536 2326 1588 est,
2361 1527 2414 1585 in
2448 1527 2535 1580 illo
2566 1528 2719 1582 cubili
2751 1530 2840 1582 ubi
2882 1532 3137 1587 orau’fum
3164 1540 3247 1584 est
3275 1530 3485 1599 (Matth.

1924 1632 1976 1668 vi
1996 1657 2010 1679 ,
2041 1615 2128 1687 6),
2161 1617 2493 1686 loquebatur.

1998 1707 2048 1760 9.
2081 1706 2224 1778 [vers.
2263 1711 2313 1770 8,
2344 1707 2426 1780 9.]
2461 1708 2564 1764 Sed
2587 1709 2827 1764 homines
2857 1712 3163 1778 temporalia
3193 1723 3476 1775 sectantes,

1926 1798 2012 1865 qui
2031 1805 2173 1851 certe
2201 1798 2348 1853 multi
2375 1808 2532 1864 sunt,
2563 1799 2687 1853 nihil
2719 1800 2857 1853 aliud
2877 1811 3134 1855 noverunt
3160 1802 3359 1867 dicere,
3388 1804 3485 1856 nisi

1933 1891 2057 1957 Quis
2084 1893 2294 1945 ostendit
2321 1894 2463 1947 nobis
2489 1895 2615 1946 bona
2636 1896 2659 1948 ?
2684 1911 2800 1948 cmn
2832 1911 2953 1949 vera
2983 1906 3036 1950 et
3059 1908 3201 1951 certa
3231 1898 3367 1952 bona
3409 1901 3494 1952 in-

1930 1987 2008 2032 tra
2036 1983 2348 2050 semetipsos
2368 1983 2550 2036 videre
2577 2000 2678 2037 non
2708 1985 2930 2052 possint.
2962 1985 3140 2055 Itaque
3169 2002 3496 2058 consequen-

1932 2079 2011 2122 ter
2042 2070 2108 2124 de
2128 2070 2208 2124 bis
2247 2074 2541 2126 rectissime
2570 2073 2781 2140 dicitur,
2826 2076 2966 2144 quod
2992 2077 3227 2147 adjungit
3255 2097 3266 2130 :
3297 2080 3338 2132 Α
3368 2091 3493 2132 tein.

1933 2181 2051 2232 pore
2080 2165 2096 2195 ί
2119 2166 2372 2234 frumenti,
2412 2166 2516 2219 vini
2541 2177 2585 2219 et
2630 2169 2726 2220 olei
2759 2169 2837 2221 sui
2874 2169 3191 2239 multiplicati
3217 2181 3349 2224 sunt.
3381 2171 3491 2224 Non

1939 2255 2076 2324 enim
2106 2262 2274 2320 vacat,
2306 2255 2442 2324 quod
2473 2256 2706 2312 additum
2738 2269 2815 2311 est
2835 2299 2850 2323 ,
2879 2260 2957 2312 sui
2984 2275 3001 2312 :
3029 2269 3107 2314 est
3136 2262 3272 2315 enim
3306 2270 3357 2315 et
3388 2261 3498 2313 fru-

1939 2356 2171 2399 mentum
2218 2347 2330 2409 Dei,
2379 2347 2637 2416 siquidem
2678 2359 2759 2402 est
2805 2351 2954 2418 panis
2981 2351 3129 2406 vivus
3158 2353 3242 2420 qui
3269 2352 3332 2405 de
3361 2343 3498 2406 rt’elo

1931 2437 2199 2490 descendit
2229 2437 2402 2508 (Joan.
2433 2455 2509 2502 γι,
2541 2440 2659 2509 51);
2716 2451 2798 2494 est
2822 2451 2875 2494 et
2899 2441 3076 2496 vinum
3107 2443 3218 2508 Dei,
3249 2459 3366 2496 nam
3400 2442 3494 2494 ln-

1934 2529 2269 2594 obriabuntur,
2325 2529 2514 2598 inquit,
2554 2531 2615 2583 ab
2662 2531 2883 2585 ubertate
2931 2534 3108 2586 domus
3162 2543 3262 2586 tua:
3301 2532 3486 2603 (Psal.

1935 2633 2100 2680 xxxv,
2125 2618 2180 2689 9)
2209 2626 2289 2672 est
2313 2629 2366 2672 et
2384 2619 2558 2673 oleum
2581 2621 2691 2680 Dei,
2724 2621 2788 2674 de
2814 2637 2918 2691 quo
2938 2624 3130 2681 dictum
3158 2633 3272 2677 est:
3303 2624 3499 2692 Impin-

1935 2709 2099 2777 guasti
2141 2712 2192 2761 in
2233 2711 2340 2762 oleo
2369 2721 2521 2779 caput
2552 2727 2710 2763 meum
2743 2713 2908 2778 (Psal.
2936 2729 3069 2776 xxn,
3097 2712 3172 2784 5).
3204 2715 3288 2768 Isti
3319 2725 3495 2768 autem

1934 2801 2088 2853 multi
2120 2801 2205 2870 qui
2238 2801 2436 2863 dicunt,
2465 2800 2589 2866 Quis
2615 2803 2825 2855 ostendit
2852 2805 2990 2858 nobis
3007 2805 3178 2858 bona?
3206 2815 3258 2859 et
3279 2821 3494 2877 regnum

1931 2892 2191 2946 eoelorum
2240 2894 2371 2946 intra
2413 2907 2470 2946 se
2512 2909 2630 2947 esse
2682 2911 2784 2947 non
2817 2894 2995 2949 vident
3026 2894 3174 2968 (Luc.
3206 2912 3336 2962 xvu,
3381 2896 3494 2968 21),

1931 2997 1963 3036 a
1991 2992 2208 3053 tempore
2234 2983 2490 3052 frumenti,
2543 2986 2643 3038 viui
2687 2996 2732 3039 et
2761 2987 2854 3039 olei
2879 2988 2956 3039 sui
2998 2987 3315 3056 multiplicati
3356 2999 3492 3042 stmt.

1936 3074 2048 3130 Non
2076 3071 2220 3141 enim.
2253 3077 2618 3144 multiplicatio
2649 3092 2862 3146 semper
2885 3078 3178 3132 ubertatem
3207 3080 3498 3148 signiﬁcat,

1935 3174 1988 3220 et
2031 3181 2134 3221 non
2182 3167 2491 3236 plerumque
2536 3169 2877 3239 exiguitatem
2923 3188 2938 3224 :
2988 3186 3106 3224 cum
3141 3172 3314 3226 dedita
3365 3183 3500 3225 tem-

1935 3258 2208 3328 poralibus
2271 3258 2626 3326 voluptatibus
2693 3261 2864 3313 anima
2935 3273 3144 3329 semper
3187 3253 3503 3315 exardescit

1934 3349 2252 3418 cupiditate,
2310 3363 2407 3403 nec
2448 3340 2626 3408 satiari
2679 3358 2872 3419 potest,
2925 3361 2978 3404 et
3021 3352 3294 3421 multiplici
3342 3362 3499 3420 atque

1936 3455 2231 3495 aerumnosa
2276 3440 2592 3510 cogitatione
2636 3441 2897 3507 distenta,
2930 3443 3150 3512 simplex
3193 3445 3386 3497 bonum
3426 3445 3504 3496 vi-

1937 3531 2066 3586 dere
2095 3546 2197 3585 non
2237 3533 2445 3598 sinitur;
2474 3533 2642 3603 qualis
2671 3542 2754 3587 est
2787 3534 2871 3588 illa
2896 3534 2960 3586 de
2987 3550 3087 3603 qua
3114 3534 3304 3588 dicitur
3333 3553 3344 3588 :
3375 3534 3501 3587 Cor-

1939 3639 2031 3690 pus
2057 3624 2204 3687 enim,
2235 3623 2369 3694 quod
2396 3625 2752 3695 corrumpitur,
2779 3636 3016 3696 aggravet
3046 3627 3299 3692 animam,
3343 3637 3388 3678 et
3415 3628 3503 3678 de-

1939 3717 2109 3785 primit
2147 3725 2344 3770 terrena
2398 3716 2694 3770 inhabitatio
2754 3734 2951 3770 sensum
3005 3719 3163 3768 multa
3205 3718 3500 3787 cogitantem

1944 3805 2095 3876 (Sap.
2147 3822 2226 3868 ιιι,
2278 3805 2386 3875 l5).
2419 3806 2563 3859 Talis
2613 3807 2784 3860 anima
2831 3806 3198 3875 temporalium
3247 3807 3521 3861 bonorum-

1944 3897 2251 3950 decessione
2303 3905 2356 3951 et
2403 3897 2764 3958 successione,
2797 3895 2849 3949 id
2889 3907 2999 3959 est,
3044 3912 3072 3949 a
3117 3907 3351 3966 tempore
3394 3898 3504 3950 fru-

1939 3988 2140 4052 menti,
2170 3987 2276 4041 vini
2331 3995 2386 4041 et
2433 3986 2534 4042 olei
2586 3986 2688 4049 sai,
2744 3986 3213 4041 innumerabilibus
3244 3988 3502 4056 completa

1940 4079 2393 4148 phantasmatibus
2439 4079 2514 4133 sic
2563 4079 2902 4147 multiplicata
2948 4089 3061 4145 est,
3109 4087 3165 4133 ut
3201 4096 3303 4134 non
3342 4083 3506 4150 possit

1940 4185 2096 4240 agere
2125 4169 2261 4239 quod
2294 4178 2610 4239 praeceptum
2639 4179 2716 4224 est
2745 4185 2763 4223 :
2789 4169 2981 4225 Sentite
3009 4171 3070 4224 de
3107 4170 3321 4224 Domino
3351 4171 3400 4224 in
3421 4173 3505 4225 bo-

1942 4261 2111 4325 nitate,
2143 4261 2257 4314 etin
2279 4260 2594 4328 simplicitate
2618 4261 2782 4315 cordis
2810 4262 3014 4330 quwrite
3066 4261 3209 4315 illam
3251 4262 3411 4328 (ΜΛ,
3430 4263 3521 4330 1);,

1943 4353 2041 4408 ista
2091 4353 2230 4408 enim
2276 4351 2632 4420 multiplicitas
2681 4352 2750 4406 illi
2800 4353 3116 4422 simplicitati
3163 4353 3501 4406 vehementia

1943 4425 2161 4498 adversa
2191 4452 2290 4496 est.
2321 4442 2389 4495 Et
2415 4439 2536 4496 ideo
2564 4443 2676 4496 istis
2701 4443 2896 4497 relictis
2924 4442 3011 4512 qui
3035 4443 3181 4495 multi
3207 4450 3348 4504 sunt,
3374 4441 3507 4494 mul-

1945 4535 2158 4604 tiplicati
2210 4534 2410 4588 scilicet
2454 4535 2818 4602 temporalium
2871 4535 3154 4602 cupiditate
3196 4541 3248 4586 et
3292 4533 3502 4595 dicunt,

1947 4626 2070 4688 Quis
2097 4625 2307 4678 ostendit
2352 4625 2491 4678 nobis
2538 4624 2703 4679 bona?
2749 4641 2865 4695 qum
2909 4642 3011 4678 non
3042 4625 3208 4677 oculis
3239 4623 3384 4687 foris,
3414 4625 3509 4690 sed

1945 4718 2083 4769 intus
2129 4715 2304 4768 cordis
2351 4716 2682 4785 simplicitate
2726 4715 3004 4785 quaerenda
3033 4724 3183 4781 sunt,
3229 4716 3306 4767 vir
3337 4715 3505 4769 ﬁdelis

1945 4806 2172 4860 exsultat
2221 4817 2270 4859 et
2313 4805 2438 4860 dicit
2476 4825 2488 4860 :
2524 4806 2585 4859 In
2619 4823 2759 4874 pace,
2815 4806 2865 4857 in
2894 4805 3111 4874 idipsum
3154 4807 3461 4858 obdormiam
3491 4852 3506 4870 ,

1946 4907 1990 4951 et
2041 4916 2267 4952 somnum
2312 4901 2528 4969 capiam.
2587 4900 2745 4952 Recte
2784 4897 2922 4951 enim
2977 4909 3218 4965 speratur
3253 4914 3283 4952 a
3317 4899 3509 4954 talibus

1946 4989 2244 5042 onmimoda
2281 4990 2471 5042 mentis
2492 4988 2802 5042 abalienatio
2839 5003 2868 5040 a
2898 4991 3205 5043 mortalibus
3242 4991 3398 5044 rebus
3450 5001 3506 5046 et

1949 5081 2282 5135 miseriarum
2307 5083 2484 5136 savculi
2514 5082 2664 5150 huius
2691 5083 2905 5147 oblivio,
2933 5099 3049 5152 qua:
3081 5085 3292 5139 nomine
3319 5085 3511 5140 obdor-

1949 5174 2183 5228 mitiouis
2209 5183 2262 5227 et
2286 5173 2454 5227 somni
2485 5173 2734 5226 decenter
2762 5182 2814 5227 et
2837 5175 3140 5243 prephetice
3168 5175 3504 5245 signiﬁcatur,

1949 5263 2034 5316 ubi
2067 5278 2268 5315 summa
2303 5278 2397 5331 pax
2429 5261 2572 5315 nullo
2597 5263 2819 5316 tumultu
2850 5261 3170 5330 interpellari
3196 5273 3384 5332 potest;
3404 5265 3508 5319 Sed

1949 5353 2047 5406 hoc
2068 5353 2174 5422 jam
2205 5369 2308 5406 non
2341 5361 2548 5407 tenetur
2573 5354 2623 5405 in
2654 5353 2751 5408 hac
2776 5354 2900 5419 vita,
2930 5355 3019 5409 sed
3046 5366 3164 5423 post
3192 5355 3328 5409 hanc
3348 5357 3503 5409 vitam

1953 5445 2268 5514 sperandmn
2319 5454 2418 5498 est.
2461 5444 2572 5498 Hoc
2621 5445 2778 5498 etiam
2824 5447 2934 5513 ipsa
2982 5445 3143 5499 verba
3195 5448 3508 5506 ostendunt,

1949 5553 2064 5605 qua:
2097 5536 2252 5590 futuri
2279 5546 2401 5590 sunt
2430 5537 2684 5605 temporis
2712 5554 2725 5589 :
2757 5552 2862 5590 non
2889 5537 3027 5590 enim
3057 5537 3250 5591 dictmu
3273 5546 3374 5602 est,
3402 5546 3510 5596 aut,

1949 5627 2249 5682 Obdomtivi
2290 5637 2344 5682 et
2375 5645 2616 5681 sonmmn
2643 5629 2794 5696 cepi;
2828 5638 2933 5692 aut,
2970 5627 3254 5681 Ohdormio
3281 5635 3334 5680 et
3362 5639 3502 5676 son:-

1950 5734 2073 5770 num
2101 5720 2280 5789 Cupio;
2316 5718 2407 5772 sed
2425 5761 2438 5783 ,
2466 5718 2788 5772 Obdormiam
2815 5727 2858 5769 et
2881 5735 3107 5771 somnum
3133 5717 3347 5776 capiant.
3367 5714 3514 5768 Τιιιιε

2016 5845 2032 5877 ³
2060 5854 2143 5894 Pro
2163 5847 2255 5917 apo
2280 5847 2477 5908 Itarpod,
2495 5850 2727 5956 aii-netu,
2761 5845 2976 5906 legebat,
3001 5844 3090 5906 apo
3121 5843 3305 5902 ltuiroti,
3332 5857 3360 5891 α
3399 5851 3514 5893 τίω-ε

2016 5920 2064 5956 re
2095 5922 2108 5956 :
2134 5924 2201 5956 sic
2227 5917 2367 5956 ctam
2384 5918 2533 5956 tiasste
2574 5922 2697 5955 erus.

1953 5920 2064 5968 pore
2095 5922 2108 5956 ἰ
2134 5924 2201 5957 Sic
2227 5917 2367 5956 ctam
2384 5917 2697 5956 Cassiodorus.
