4046 6200
550 499 618 554 εδ
1778 473 1833 525 s.
1875 466 2134 525 AUGUS’l

2277 463 2572 521 ertscopt
2974 518 2998 539 ,
3728 461 3794 522 ει

551 604 890 676 corruptibile
930 601 1032 657 hoc
1075 598 1320 654 induetur
1350 590 1739 658 incorruptione
1763 627 1778 649 ,
1809 592 1865 639 et
1901 580 2124 637 mortale

544 699 654 754 'ltoc
681 674 925 751 induetur
954 687 1380 746 immortalitate;
1415 693 1539 736 tunc
1582 674 1954 759 alisorbebitur
1979 686 2122 726 mors

553 790 606 844 in
642 786 912 841 victoriam
942 783 982 852 (Ι
1018 780 1136 836 Cor.
1166 793 1263 843 xv,
1299 774 1412 844 54).
1444 772 1555 827 Hoc
1597 777 1680 824 est
1704 765 1845 821 unde
1887 763 2079 818 dicitur
2109 780 2123 799 ε

548 880 611 935 Si
641 888 802 932 autem
830 874 962 945 quod
1007 888 1107 925 non
1137 868 1359 922 videmus
1379 878 1659 933 speramus,
1704 875 1791 928 per
1832 854 2125 927 patientiam

547 980 892 1036 exspectamus
920 966 1095 1034 (Rom.
1128 978 1241 1025 VIII,
1274 960 1389 1028 9.5).

626 1062 708 1116 10.
764 1058 913 1132 [vers.
964 1053 1081 1127 10.]
1124 1054 1455 1121 Quapropter
1502 1050 1855 1115 eongrttenter
1884 1038 2122 1092 ttltimum

552 1127 783 1206 atncclil
811 1191 823 1212 ,
864 1157 916 1202 et
945 1145 1069 1201 dicit
1099 1162 1111 1195 :
1149 1141 1397 1209 Quoniam
1426 1149 1497 1203 tu,
1528 1136 1738 1188 Domine
1761 1175 1775 1196 ,
1805 1127 2127 1199 singulariter

547 1248 604 1300 in
634 1258 721 1312 spe
746 1240 973 1294 habitare
994 1235 1157 1307 fecisti
1182 1250 1278 1286 me.
1310 1231 1403 1285 llic
1426 1244 1527 1282 non
1555 1228 1715 1287 dixit,
1758 1222 1970 1283 Facies;
2008 1218 2121 1282 sed,

554 1310 764 1389 Fecisti.
796 1330 851 1383 ln
884 1345 987 1397 quo
1015 1342 1141 1397 ergo
1176 1326 1285 1393 jam
1319 1323 1414 1375 ista
1463 1333 1585 1390 spes
1613 1326 1728 1381 est,
1759 1314 1860 1368 erit
1889 1310 2125 1382 profecto

548 1425 707 1477 etiam
738 1420 877 1490 quod
910 1426 1170 1487 Speratur.
1195 1414 1257 1467 Et
1281 1413 1414 1467 bene
1439 1411 1528 1473 ait,
1558 1405 1879 1478 singulariter
1905 1418 1925 1455 :
1954 1407 2126 1469 pote~t

554 1516 693 1569 enim
718 1513 905 1568 referri
935 1512 1187 1565 adversus
1217 1508 1334 1561 illus
1365 1503 1559 1557 multos
1588 1500 1698 1569 qui,
1742 1491 2071 1565 multiplicati
2094 1507 2124 1545 a

555 1619 793 1694 tptttpore
821 1591 1079 1658 frumenti.
1096 1600 1200 1654 vini
1225 1607 1279 1653 et
1306 1596 1406 1651 olei
1436 1594 1538 1659 sui,
1562 1592 1744 1645 dicunt
1773 1608 1785 1641 :
1817 1586 1940 1652 Quis
1961 1594 2123 1637 osten-

554 1676 786 1753 ditnobis
827 1696 996 1750 bona?
1025 1694 1162 1765 perit
1186 1691 1327 1747 enim
1365 1688 1478 1741 h:ec
1508 1681 1893 1751 tnttltiplicitas,
1934 1685 1989 1731 et
2011 1676 2123 1729 sin-

555 1792 808 1861 gzularitas
828 1798 1035 1844 tenetur
1068 1788 1118 1840 in
1149 1784 1367 1847 sanctis,
1396 1781 1462 1834 de
1484 1777 1674 1848 quibus
1712 1773 1904 1827 dicitur
1934 1770 1987 1823 in
2016 1769 2124 1823 Ac-

534 1885 692 1937 tibus
729 1880 1099 1951 Apostolorum
1140 1895 1153 1931 :
1205 1872 1547 1929 Multitudinis
1595 1876 1763 1920 autem
1819 1861 2123 1916 credentium

552 1985 659 2028 erat
683 1975 851 2027 anima
887 1988 985 2026 una
1011 1980 1057 2024 et
1090 1985 1177 2023 cor
1210 1982 1366 2020 unuut
1411 1962 1543 2035 (Act.
1573 1976 1650 2025 tv,
1674 1956 1787 2025 52).
1821 1954 2126 2024 Singulares

553 2082 681 2136 ergo
722 2075 775 2119 et
827 2063 1125 2132 simplices,
1157 2059 1209 2114 id
1258 2067 1377 2121 est,
1425 2054 1614 2109 secreti
1648 2067 1674 2104 a
1705 2046 2040 2105 multitudine
2065 2059 2126 2097 ac

554 2160 704 2213 turba
757 2156 1081 2211 nascentium
1132 2166 1307 2206 rerum
1354 2164 1416 2203 ac
1454 2145 1788 2201 morientium
1814 2184 1828 2206 ,
1861 2146 2126 2193 amatores

554 2250 864 2305 aeternitatis
893 2257 947 2302 et
976 2244 1189 2299 unitatis
1234 2255 1352 2296 esse
1379 2239 1633 2293 debemus
1654 2279 1668 2302 ,
1705 2234 1747 2287 si
1780 2232 1870 2285 uni
1915 2229 2027 2284 Deo
2074 2238 2126 2281 ct

559 2340 784 2397 Domino
812 2348 992 2391 nostro
1017 2334 1259 2402 cupimus
1283 2329 1561 2384 inhaerere.

932 2454 2097 2485 ______________...___....__.

1023 2548 1103 2609 ΙΝ
1147 2544 1523 2608 PSALMUM
1568 2542 1623 2601 V

1149 2664 1567 2722 ENARBATIO.

630 2788 681 2841 l.
707 2783 869 2857 [vers.
897 2780 979 2854 l.]
1012 2780 1217 2835 Titulus
1246 2778 1440 2834 Psalmi
1476 2787 1555 2831 est
1583 2795 1595 2831 :
1627 2775 1725 2829 Pro
1753 2790 1810 2828 ea
1831 2788 1942 2843 qua:
1971 2773 2130 2823 Incre-

556 2878 762 2929 ditatem
789 2873 990 2943 accipit.
1015 2871 1332 2940 lntelligitur
1362 2884 1488 2938 ergo
1513 2867 1770 2925 Ecclesia,
1800 2881 1915 2935 qm-
1937 2860 2129 2931 accipit

548 2948 920 3019 'hrreditatem
952 2961 1114 3015 vitam
1145 2969 1395 3014 :eternam
1441 2974 1534 3026 per
1578 2956 1856 3009 Dominmn
1889 2962 2127 3006 nostrum

556 3055 739 3109 Jesum
775 3052 1042 3107 Christum
1065 3092 1080 3115 ,
1111 3058 1169 3103 ιιι
1198 3048 1466 3121 possideat
1496 3049 1665 3116 ipsum
1698 3046 1885 3108 llrum,
1914 3041 1999 3096 cui
2028 3041 2127 3095 ad-

556 3146 766 3204 imerens
802 3143 953 3197 beata
981 3143 1051 3201 sit
1093 3140 1382 3197 secundem
1413 3139 1541 3193 illttd
1574 3158 1585 3192 :
1618 3137 1757 3190 Beati
1802 3137 1943 3187 mites
1968 3176 1982 3199 ,
2013 3134 2130 3203 quia

558 3239 656 3309 ipsi
680 3236 969 3291 Inereditate
998 3233 1318 3305 possidebunt
1339 3242 1518 3309 terram
1552 3228 1760 3300 (Matth.
1791 3244 1842 3287 ν,
1875 3227 1949 3297 4);
1973 3242 2128 3295 quam

560 3326 796 3381 terram?
822 3326 920 3381 nisi
960 3325 1026 3379 de
1051 3339 1150 3394 qua
1179 3323 1372 3377 dicitur
1450 3321 1579 3391 Spes
1624 3337 1730 3372 mea
1760 3336 1809 3372 es
1853 3329 1925 3383 tu,
1968 3318 2130 3386 portio

561 3437 672 3473 mea
700 3420 750 3472 in
782 3429 911 3472 terra
938 3416 1202 3472 viventium
1238 3413 1256 3485 (
1280 3412 1423 3468 Psal.
1453 3428 1590 3471 ωειλ,
1626 3411 1703 3480 6);
1731 3420 1783 3462 et
1810 3407 1932 3462 illud
1960 3408 2130 3461 inani-

562 3512 747 3566 l'estius
779 3529 792 3562 :
822 3508 1071 3563 Dominus
1110 3522 1228 3577 pars
1270 3502 1577 3557 hwrcditatis
1602 3517 1726 3556 nica:
1752 3509 1796 3553 et
1841 3499 2010 3552 colicis
2037 3499 2133 3550 mei

564 3602 733 3674 (I’sal.
775 3617 866 3666 xv,
908 3599 989 3668 5).
1019 3598 1222 3653 Dicitur
1257 3604 1311 3651 et
1335 3594 1618 3649 hterctlitas
1644 3592 1732 3646 lici
1764 3589 1993 3645 vicissim
2030 3590 2131 3643 Ec-

561 3693 718 3745 clesia
762 3686 1050 3744 secundum
1092 3686 1222 3740 illttd
1271 3704 1284 3738 :
1320 3685 1532 3739 Postula
1559 3700 1590 3735 a
1621 3700 1725 3746 me,
1781 3693 1827 3734 et
1874 3680 2001 3734 a'abo
2047 3678 2136 3732 tibi

563 3792 728 3850 gentes
749 3781 1087 3834 Itazreditatem
1117 3788 1251 3830 tuam
1279 3774 1450 3845 (Psal.
1483 3791 1541 3835 ιι,
1572 3772 1651 3844 8).
1684 3774 1820 3841 Ergo
1854 3770 2136 3825 lia-reditas

566 3882 744 3925 nostra
776 3872 911 3925 Deus
941 3871 1152 3935 dicitur,
1182 3871 1303 3937 quia
1331 3867 1442 3936 ipse
1465 3880 1560 3919 nos
1590 3864 1749 3933 pascit
1779 3874 1832 3917 et
1860 3862 2094 3917 continet
2119 3879 2132 3914 :

566 3975 616 4017 et
649 3961 932 4015 luerrditas
963 3961 1057 4013 Dei
1086 3960 1330 4022 dicimur,
1362 3958 1482 4025 quia
1529 3957 1641 4025 ipse
1686 3970 1782 4007 nos
1811 3952 2138 4006 administrat

570 4065 623 4110 et
652 4054 802 4123 regit.
833 4053 1164 4120 Qttapronter
1197 4066 1296 4104 vox
1330 4049 1582 4117 Ecclesia:
1611 4056 1693 4102 est
1720 4047 1769 4098 in
1806 4046 1904 4099 hoc
1934 4045 2139 4114 psalmo

506 4186 509 4193 ι
569 4159 771 4204 versatae
809 4147 873 4201 ad
907 4144 1291 4209 lneroditatcm,
1319 4155 1369 4197 ut
1399 4154 1451 4197 et
1480 4142 1589 4212 ipsa
1618 4139 1709 4193 ﬁat
1733 4137 2011 4191 ln‘creditas
2037 4140 2141 4191 Da-

567 4241 719 4300 tnini.

642 4336 696 4387 2.
746 4331 893 4404 [υενε.
941 4325 1019 4400 2].
1084 4323 1244 4378 Verba
1285 4340 1391 4375 mea
1419 4323 1639 4389 exaudi,
1670 4320 1923 4375 Domine:
1956 4326 2137 4372 vocata

573 4429 779 4481 invocat
812 4424 1113 4483 Dominum,
1158 4426 1214 4471 ut
1260 4415 1448 4471 eodem
1492 4416 1783 4485 opitulante
1815 4420 2140 4483 pertranseat

573 4517 859 4586 nequitiam
885 4512 1062 4568 saeculi
1085 4510 1262 4578 hujus,
1295 4516 1346 4561 rt
1365 4507 1428 4561 ad
1459 4523 1577 4561 eum
1598 4506 1889 4574 perveniat.
1916 4502 2143 4573 Intellige

574 4610 839 4662 (tumorem
871 4621 1036 4659 meum
1066 4619 1084 4657 :
1114 4602 1247 4657 bene
1289 4597 1521 4652 ostendit
1549 4596 1664 4663 quis
1692 4596 1790 4649 iSte
1829 4595 1896 4648 sit
1921 4593 2139 4657 clamor,

576 4715 733 4770 quatn
767 4698 985 4751 interior
1010 4696 1077 4750 de
1105 4693 1282 4749 cordis
1307 4690 1462 4745 cubili
1506 4688 1620 4742 sine
1651 4687 1870 4755 strepitu
1905 4687 2142 4755 corporis

565 2469 911 2483 —-—I——_-

578 4789 853 4860 perveniat
872 4787 939 4842 ad
958 4788 1140 4849 Deum;
1164 4780 1588 4856 quandoquidem
1613 4793 1714 4830 vox
1737 4777 2027 4846 corporalis
2052 4792 2154 4828 att--

578 4876 740 4945 ditur,
791 4878 1078 4947 Spiritualis
1121 4887 1295 4930 autem
1346 4871 1673 4940 intelligitur.
1704 4869 2012 4938 Quanquam
2044 4865 2145 4918 hoc

576 4973 648 5026 sit
673 4971 831 5026 etiam
860 4968 1109 5024 exaudire
1139 4969 1247 5029 Dei,
1282 4980 1385 5019 non
1412 4977 1542 5016 aure
1569 4959 1790 5023 carnali,
1846 4958 1940 5013 sed
1981 4957 2144 5026 maje—

581 5061 734 5117 statis
759 5060 1060 5130 prwsentia.
1972 5039 1982 5049 ’

648 5154 715 5208 53
735 5151 885 5224 [vers.
923 5147 1004 5220 5.]
1030 5146 1242 5200 Intende
1261 5146 1370 5197 voci
1395 5144 1749 5199 obsecrationis
1776 5158 1897 5196 mea!
1920 5158 1938 5195 :
1968 5140 2016 5194 id
2044 5149 2143 5199 est,

576 5250 652 5305 illi
683 5247 820 5311 voci,
848 5260 1003 5313 quam
1027 5252 1082 5296 ut
1103 5241 1241 5295 Deus
1263 5240 1517 5305 intelligant
1548 5238 1714 5306 petit;
1738 5252 1855 5306 qum
1880 5234 2050 5305 qualis
2079 5234 2147 5287 sit

578 5346 685 5415 jam
717 5337 1020 5400 insinuavit,
1043 5350 1161 5389 cum
1190 5332 1321 5386 dixit
1344 5350 1356 5383 :
1384 5330 1617 5399 Intelligo
1645 5330 1914 5382 clamorem
1954 5344 2142 5380 meum.

580 5433 792 5491 Intende
813 5431 921 5484 voci
940 5425 1293 5483 obsecrationis
1311 5439 1449 5485 metu,
1479 5421 1588 5475 Rea:
1607 5438 1742 5475 meus
1761 5431 1807 5473 et
1831 5420 1964 5474 Deus
1986 5438 2145 5474 meus.

580 5523 832 5597 Quamvis
855 5531 908 5576 et
936 5519 1098 5574 Filius
1126 5518 1281 5582 Deus,
1310 5524 1363 5570 et
1388 5515 1542 5568 Pater
1567 5514 1723 5572 hens,
1745 5521 1795 5566 et
1818 5511 1973 5565 simul
1994 5514 2151 5567 Pater

584 5628 638 5671 et
663 5616 826 5671 Filius
875 5628 1009 5667 unus
1041 5612 1211 5674 Deus;
1242 5618 1295 5662 et
1342 5608 1383 5661 si
1414 5608 1800 5673 interrogentur
1840 5602 1909 5658 de
1953 5602 2149 5672 Spiritu

584 5717 788 5771 sancto,
815 5704 945 5759 nihil
974 5701 1110 5756 aliud
1143 5696 1564 5767 respondendum
1591 5678 1690 5758 est,
1726 5693 1827 5747 nisi
1849 5692 1986 5760 quod
2016 5695 2153 5748 Dens

588 5802 688 5859 sit;
719 5810 914 5855 etcum
943 5797 1097 5851 simul
1133 5795 1379 5847 dicuntur
1408 5793 1560 5845 Pater
1591 5796 1641 5843 et
1665 5786 1828 5841 Filius
1855 5786 2153 5857 et~Spiritu<

591 5900 841 5957 sanctus,
902 5892 1029 5945 nihil
1075 5888 1211 5942 aliud
1252 5882 1644 5955 inti-liigendutn
1693 5892 1772 5935 cst
1820 5896 1973 5949 quam
2020 5897 2155 5935 unus

2974 518 2998 539 σι

2235 577 2406 639 Dens;
2450 591 2622 635 tamen
2662 595 2834 649 regem
2886 579 3075 634 Filium
3126 579 3295 635 solent
3343 580 3605 653 appellare
3650 579 3793 636 Scri-

2231 684 2420 740 pturm.
2444 673 2743 727 Secundum
2771 690 2896 743 ergo
2923 674 3047 728 illud
3070 674 3208 744 quod
3236 676 3433 729 dictum
3465 686 3563 737 est,
3594 673 3694 726 Per
3718 691 3794 728 me

2230 764 2333 816 itur
2356 766 2423 817 ad
2456 763 2655 818 Putrem
2682 764 2859 835 (Joan.
2889 782 2994 829 xlv,
3024 765 3098 835 6),
3119 778 3260 820 recte
3286 767 3475 834 prium,
3501 765 3608 819 Rex
3633 783 3790 827 mens.

2230 867 2282 911 et
2309 857 2518 921 deinde,
2555 856 2686 910 Deus
2717 873 2869 911 meus.
2917 857 3024 911 Nec
3075 867 3246 911 tamen
3295 857 3456 922 dixit,
3506 856 3760 911 lntcndite
3794 876 3806 916 ;

2229 945 2342 1005 sed,
2364 946 2591 1000 Intende
2620 964 2639 1001 :
2666 964 2766 1001 non
2795 949 2932 1002 enim
2964 948 3094 1001 duos
3124 959 3218 1001 aut
3247 958 3352 1001 tres
3382 948 3512 1001 deos
3554 948 3685 1001 fides
3711 963 3797 1000 ca-

2230 1036 2421 1092 tholica
2450 1039 2726 1107 pra-dicat,
2757 1038 2850 1092 sed
2882 1039 3044 1108 ipsam
3070 1040 3376 1092 Trinitatem
3405 1055 3565 1092 ttmnn
3601 1038 3758 1091 Deum
3782 1056 3795 1091 :

2230 1145 2334 1182 non
2364 1139 2415 1182 ιιι
2444 1129 2626 1182 eadem
2656 1130 2890 1184 Trinitas
2926 1132 3078 1182 simul
3109 1132 3268 1199 possit
3315 1130 3796 1199 :tliquananatcr,

2228 1219 2507 1288 aliquando
2536 1219 2718 1284 Filius,
2742 1220 3021 1290 aliquando
3046 1220 3269 1289 Spiritus
3299 1230 3510 1274 sanctus
3538 1221 3667 1286 dici;
3687 1223 3798 1276 sic-

2229 1320 2284 1371 nt
2329 1311 2589 1365 Saliellius
2630 1312 2848 1366 credidit
2876 1329 2891 1375 ;
2923 1312 3013 1365 sed
3043 1322 3100 1366 ut
3127 1313 3281 1367 Pater
3309 1314 3514 1367 nonnisi
3547 1313 3722 1380 Pater,
3747 1324 3801 1368 et

2230 1401 2393 1455 Filius
2420 1403 2626 1455 nonnisi
2658 1403 2841 1468 Filius,
2868 1416 2915 1457 et
2941 1403 3167 1472 Spiritus
3204 1415 3419 1459 Sanctus
3447 1406 3653 1461 nonnisi
3680 1405 3798 1475 Spi-

2229 1498 2362 1549 ritus
2412 1507 2660 1559 sanctus,
2705 1506 2758 1550 et
2804 1496 2914 1550 lane
2953 1497 3183 1552 Trinitas
3214 1500 3421 1552 nonnisi
3455 1515 3591 1553 unus
3638 1500 3793 1554 Deus.

2228 1584 2358 1652 Quia
2384 1596 2436 1639 et
2471 1602 2591 1639 cum
2626 1586 2848 1639 dixisset
2894 1578 3217 1656 Apostolus:
3251 1588 3333 1642 E1:
3372 1607 3468 1658 quo
3495 1592 3682 1658 omnia,
3711 1608 3799 1661 per

2227 1693 2369 1761 quem
2396 1678 2593 1743 omnia,
2634 1677 2685 1729 in
2710 1694 2806 1746 quo
2832 1679 2999 1731 omnia
3026 1677 3199 1748 (Rom.
3232 1696 3307 1745 ιι,
3337 1680 3453 1750 '56),
3483 1681 3815 1736 Trinitatem'

2229 1767 2394 1836 ipsam
2420 1768 2714 1824 insinuasse
2734 1770 3005 1836 creditur;
3037 1787 3133 1827 nec
3175 1784 3350 1829 tamen
3381 1773 3639 1843 subjecit,
3667 1774 3799 1844 Ipsis

2228 1858 2390 1929 gloria
2417 1876 2430 1923 ;
2461 1859 2551 1914 sed
2573 1901 2587 1924 ,
2624 1858 2731 1930 Ipsi
2756 1862 2937 1931 gloria.

2299 1950 2350 2002 4.
2381 1946 2402 2021 [
2431 1966 2555 2003 vers.
2583 1949 2663 2022 4.]
2706 1950 2956 2015 Quoniam
2984 1952 3051 2005 ad
3096 1963 3142 2005 te
3165 1954 3314 2007 orabo
3335 1996 3348 2015 ,
3385 1952 3612 2018 Domine,
3653 1972 3805 2011 mane

2228 2042 2464 2094 exaudies
2504 2058 2668 2096 vocem
2698 2059 2855 2096 meam
2887 2059 2906 2095 :
2933 2044 3055 2113 quid
3098 2045 3197 2099 sibi
3228 2046 3339 2099 vult
3375 2047 3514 2114 quod
3554 2048 3801 2115 superius

2228 2131 2394 2195 dixit,
2420 2133 2603 2184 exaudi
2625 2174 2639 2197 ,
2672 2135 2816 2201 quasi
2852 2134 2901 2187 in
2934 2134 3253 2202 persentise
3279 2118 3510 2191 exaudiri
3540 2151 3755 2207 cuperet
3780 2179 3800 2202 ,

2229 2239 2368 2277 nunc
2396 2239 2522 2277 vero
2547 2225 2707 2288 dicit,
2737 2242 2883 2278 mane
2911 2227 3168 2290 exaudies,
3195 2244 3320 2294 non,
3348 2230 3537 2284 exaudi
3563 2248 3577 2295 ;
3608 2240 3696 2293 et,
3728 2234 3801 2284 ad

2230 2324 2277 2367 te
2302 2314 2452 2369 orabo
2477 2357 2490 2376 ,
2524 2331 2628 2369 non
2649 2356 2664 2381 ,
2710 2316 2774 2370 ad
2805 2326 2853 2371 te
2882 2332 3014 2383 oro;
3046 2329 3099 2373 et
3129 2315 3382 2390 deinceps
3406 2362 3418 2381 ,
3452 2338 3598 2374 mane
3622 2326 3806 2377 astabo

2230 2408 2316 2459 tibi
2338 2418 2381 2459 et
2410 2407 2600 2467 videbo,
2632 2424 2757 2472 non,
2781 2418 2896 2461 asto
2937 2418 2991 2462 et
3022 2409 3214 2464 video?
3244 2409 3352 2464 Nisi
3395 2412 3527 2466 forte
3557 2413 3808 2481 superior

2230 2497 2344 2564 ejus
2369 2499 2537 2550 oratio
2587 2499 2752 2566 ipsam
2803 2498 3189 2553 invocationem
3220 2502 3236 2531 ¹
3269 2501 3501 2555 ostendit
3531 2520 3543 2554 :
3569 2503 3808 2572 caligans

2231 2596 2405 2642 autem
2434 2590 2570 2643 inter
2597 2590 2855 2657 procellas
2884 2588 3038 2658 hujus
3075 2590 3275 2653 surculi,
3307 2592 3465 2646 sentit
3492 2607 3548 2646 se
3579 2609 3679 2647 non
3726 2595 3813 2648 vi-

2233 2679 2358 2732 dere
2377 2678 2513 2749 quod
2541 2680 2700 2748 cupit,
2733 2690 2786 2734 et
2812 2692 2985 2735 tamen
3036 2697 3254 2750 sperare
3290 2700 3393 2736 non
3422 2683 3646 2739 (καθ-ἰιιίιε
3677 2702 3814 2755 Spes

2232 2770 2371 2826 enim
2413 2786 2530 2840 qua:
2556 2771 2781 2836 videtur,
2809 2787 2910 2825 non
2948 2781 3029 2826 est
3067 2789 3187 2842 spes
3220 2774 3398 2846 (Rom.
3432 2792 3537 2832 rm.
3569 2776 3684 2845 24).
3715 2778 3813 2831 ln-

2235 2862 2419 2931 telligit
2456 2873 2635 2916 tamen
2665 2878 2831 2932 quare
2863 2880 2963 2917 non
3012 2865 3224 2930 videat,
3274 2868 3391 2935 quia
3436 2868 3667 2923 nonduin
3698 2886 3815 2926 nox

2233 2963 2445 3021 peracta
2491 2962 2592 3016 est,
2625 2952 2675 3006 id
2707 2964 2789 3007 est
2814 2957 3044 3009 tenebrat:
3073 2971 3203 3024 quas
3233 2966 3444 3025 precata
3475 2973 3814 3016 meruerunt.

2234 3046 2369 3099 Dicit
2394 3061 2536 3116 ergo,
2570 3045 2822 3113 Quoniam
2840 3047 2907 3100 ad
2936 3056 2981 3101 te
3009 3050 3182 3114 orabo,
3208 3049 3435 3113 Domine,
3467 3052 3515 3104 id
3547 3062 3647 3119 est,
3674 3068 3809 3123 quo-

2235 3141 2374 3193 niam
2419 3149 2594 3193 tantns
2619 3155 2679 3194 es
2701 3139 2767 3194 ad
2792 3156 2947 3210 quem
2977 3141 3160 3203 orabo,
3193 3160 3338 3195 mane
3364 3145 3598 3199 cxaudies
3638 3163 3821 3202 vocem

2233 3246 2414 3283 meam.
2464 3229 2579 3285 Non
2631 3230 2717 3283 ille
2746 3245 2826 3296 es,
2855 3233 3057 3300 inquit.
3092 3234 3180 3302 qui
3227 3235 3397 3302 possis
3444 3236 3608 3291 videri
3633 3238 3700 3291 ab
3732 3241 3824 3293 eis

2234 3337 2458 3390 quorum
2482 3322 2550 3381 ab
2571 3321 2740 3375 oculis
2770 3338 2874 3375 nox
2905 3332 3242 3392 peccatmmn
3286 3326 3513 3379 ttntulutn
3545 3330 3775 3384 recessit
3805 3349 3820 3384 :

2237 3425 2447 3483 peracta
2475 3430 2601 3485 ergo
2626 3415 2824 3469 erroris
2860 3416 2962 3470 mei
2997 3428 3183 3477 nocte,
3225 3427 3278 3471 et
3304 3418 3696 3475 discedentibus
3737 3435 3829 3478 te:-

2237 3505 2414 3559 nehris
2443 3520 2574 3575 quas
2623 3504 2750 3558 mihi
2797 3506 3026 3574 peccatis
3058 3508 3186 3562 meis
3238 3507 3334 3561 Ieci
3362 3550 3374 3571 ,
3408 3511 3654 3564 exaudies
3713 3528 3827 3564 vo-

2235 3612 2350 3651 cetn
2372 3613 2562 3651 meam.
2591 3595 2697 3651 Cur
2722 3612 2849 3667 ergo
2868 3599 3110 3667 superius
3137 3616 3239 3651 non
3262 3601 3354 3663 ait,
3382 3602 3662 3665 ex:nnlies;
3690 3606 3822 3670 sed,

2236 3696 2460 3750 exaudi?
2488 3698 2566 3749 An
2600 3706 2873 3765 postquam
2896 3696 3157 3757 clamavit,
3189 3698 3391 3759 exaudi,
3422 3708 3476 3752 et
3506 3716 3607 3752 non
3646 3715 3832 3755 exau-

2237 3788 2345 3841 dita
2394 3797 2510 3851 est,
2544 3788 2709 3842 sensit
2755 3788 2877 3856 quid
2908 3789 2927 3818 ²
2964 3798 3203 3856 oporteat
3252 3789 3477 3843 transire
3537 3799 3590 3843 ut
3645 3794 3832 3861 puSsit

2238 3879 2515 3933 exaudiri?
2557 3880 2635 3932 Att
2662 3889 2715 3932 et
2745 3880 2985 3947 superius
3016 3880 3259 3933 exaudita
3294 3888 3409 3946 est,
3451 3881 3543 3933 St‘d
3576 3882 3830 3937 nondum

2244 3989 2302 4026 se
2353 3972 2596 4042 intelligit
2640 3972 2978 4036 exauditam,
3033 3973 3151 4042 quia
3206 3973 3437 4026 nondum
3472 3973 3613 4028 videt
3651 3989 3678 4026 a
3708 3991 3835 4044 quo

2241 4066 2485 4120 exaudita
2516 4075 2630 4123 est:
2661 4077 2711 4119 et
2761 4065 2899 4135 quod
2932 4080 3069 4119 nunc
3101 4066 3192 4130 ait,
3224 4082 3368 4119 mane
3407 4066 3660 4130 cxaudies,
3713 4067 3840 4125 hoc

2242 4156 2463 4227 intelligi
2501 4157 2681 4218 voluit,
2724 4174 2877 4208 manu
2907 4156 3190 4223 intelligam
3218 4172 3299 4209 me
3326 4173 3445 4210 esse
3470 4156 3788 4217 exauditam
3809 4161 3840 4215 2

2242 4248 2416 4317 qualis
2440 4257 2521 4300 est
2545 4246 2641 4301 ista
2672 4246 2887 4310 locutio,
2916 4248 3167 4315 Exsurge.
3190 4246 3405 4299 Domine
3428 4245 3594 4317 (I’sal.
3625 4263 3701 4311 nt,
3738 4251 3842 4318 7),

2246 4341 2294 4394 id
2326 4348 2426 4402 est,
2463 4338 2542 4393 fac
2570 4354 2654 4391 me
2683 4354 3004 4401 exsurgere;
3037 4338 3129 4392 sed
3163 4338 3261 4391 hoc
3286 4339 3351 4391 de
3380 4340 3783 4396 resurrectione
3819 4341 3845 4373 ³

2242 4431 2435 4486 Christi
2489 4431 2762 4497 accipitur.
2799 4429 2929 4482 lllud
2959 4439 3106 4491 certe
3143 4446 3244 4481 non
3297 4439 3466 4496 potest
3497 4440 3637 4484 recte
3662 4430 3852 4487 alita-l-

2246 4523 2434 4592 accipi,
2468 4521 2645 4575 Tentat
2675 4538 2759 4575 vos
2789 4521 3032 4574 Dominus
3062 4520 3193 4573 Deus
3218 4531 3391 4581 vester,
3428 4531 3481 4573 nt
3504 4522 3628 4574 sciat
3656 4523 3705 4573 si
3736 4525 3850 4577 di-

2244 4615 2399 4684 ligitis
2420 4631 2536 4693 eum
2558 4612 2728 4683 (Deut.
2763 4630 2871 4669 xm.
2898 4615 2977 4679 5),
3003 4613 3099 4666 ιιίδί
3129 4624 3185 4664 ιιι
3212 4628 3303 4663 vos
3333 4628 3425 4679 per
3447 4613 3587 4667 illum
3602 4613 3853 4679 sciatis,

2247 4720 2301 4762 et
2328 4707 2715 4774 vobismetipsis
2744 4707 3103 4759 manilestetur
3128 4715 3378 4775 quantum
3407 4706 3457 4759 in
3489 4721 3606 4776 eius
3632 4721 3856 4766 amore

2247 4800 2598 4870 proieceritis.

2321 4895 2372 4948 5.
2404 4891 2548 4963 [vers
2598 4889 2917 4961 5-8.].Mane
2936 4888 3106 4942 astabo
3124 4889 3228 4954 tibi,
3256 4899 3301 4942 cl
3322 4888 3491 4942 videbo
3514 4890 3592 4959 (a)
3613 4894 3867 4948 :astubo

2248 4986 2370 5053 quid
2402 4992 2502 5044 est,
2528 4980 2626 5035 nisi
2651 4998 2752 5033 non
2768 4979 2991 5047 jaeebo?
3017 4981 3139 5050 quid
3161 4991 3242 5035 εδει
3261 4988 3434 5033 autem
3458 4980 3596 5033 aliud
3620 4981 3867 5053 jacere,

2251 5076 2350 5129 nisi
2381 5076 2430 5127 in
2462 5083 2596 5127 terra
2623 5073 2915 5142 quiescere,
2948 5072 3086 5141 quod
3118 5082 3201 5126 est
3230 5073 3278 5124 in
3326 5082 3483 5125 ιρι-ιρι
3505 5072 3556 5126 is
3577 5073 3871 5140 volupta-

2254 5167 2787 5221 tibus—beatitmlinem
2807 5182 3044 5236 qumrere
3066 5166 3089 5219 ?
3110 5165 3315 5229 Astabo,
3342 5165 3537 5233 inquit,
3561 5175 3606 5218 et
3626 5167 3878 5225 videbo:

2252 5273 2355 5312 non
2383 5268 2611 5326 estergo
2632 5257 2990 5312 inhmrendum
3012 5258 3263 5321 terrenis,
3294 5257 3335 5309 si
3373 5256 3616 5309 volumus
3658 5257 3882 5316 Berlin

2253 5349 2455 5412 videre,
2504 5348 2592 5417 qui
2640 5348 2837 5401 mundo
2866 5349 3025 5402 corde
3056 5346 3397 5411 conspicitur.
3440 5346 3694 5412 Quoniam
3728 5367 3881 5406 non

2255 5442 2389 5497 Dens
2420 5440 2588 5495 volens
2633 5441 2939 5510 iniquitatem
2970 5450 3023 5493 tu
3068 5456 3137 5493 cs.
3175 5438 3292 5492 Non
3342 5438 3579 5491 habitabit
3597 5439 3777 5508 juxta
3828 5451 3904 5497 te

2320 5641 2334 5672 ί
2362 5638 2491 5696 είιίι,
2518 5635 2816 5705 iocationem.
2846 5635 3205 5684 Athilbertiaus
3240 5631 3391 5681 codex
3412 5634 3588 5693 aliique
3621 5632 3775 5682 muli.
3794 5646 3908 5691 ιι-ίς

2257 5712 2384 5753 noue
2409 5709 2531 5755 διες..
2554 5697 2905 5746 ὺιι-οεαιίςνηρηι.
3156 5702 3165 5711 ·

2324 5767 2341 5793 ³
2369 5762 2533 5809 Plures
2554 5767 2679 5814 Mss,
2709 5761 2852 5819 quod.

2325 5827 2344 5856 ³
2367 5823 2495 5875 Edd.,
2518 5823 2598 5871 scd
2623 5820 2664 5869 si
2684 5813 2769 5867 the
2787 5819 2846 5867 de
2859 5819 3213 5868 resurrectione.
3230 5813 3455 5878 Particulo
3472 5815 3513 5861 si
3529 5816 3659 5862 abest
3678 5828 3706 5857 a
3747 5826 3913 5878 διεδ.

2327 5886 2398 5948 (tt)
2434 5886 2559 5931 tdetn
2578 5896 2703 5931 vers.
2787 5890 3000 5931 tractatu:
3026 5882 3072 5926 in
3094 5887 3123 5926 tl
3150 5886 3283 5927 lnar.
3311 5877 3431 5931 l'sal.
3457 5889 3594 5933 XXVI.
3616 5892 3664 5926 ιι,
3688 5882 3769 5930 ξς,
