4046 6200
391 221 460 278 δε
1277 203 1283 215 ‘
1519 217 1913 274 ENARRATIO
1957 217 2019 272 IN
2059 219 2380 275 PSALMUM
2420 219 2481 273 ιν.
3244 186 3256 195 ’
3536 206 3539 209 ’
3583 230 3656 287 se

358 332 646 403 Amth’guus
668 370 683 398 ,
713 347 867 395 neque
898 329 1253 401 permanebunt
1280 328 1453 399 injusti
1480 340 1595 384 ante
1626 334 1797 384 oculos
1836 316 1963 384 tuas.

396 423 560 476 Odisti
598 437 773 475 omnes
796 422 881 492 qui
911 432 1180 491 operantur
1216 420 1528 490 iniquitatem
1551 463 1565 483 ,
1598 409 1775 492 perdes
1800 439 1969 476 omnes

391 516 476 583 qui
502 515 778 580 loquuntur
803 513 1135 566 mendacium.
1177 510 1349 566 Virum
1391 515 1697 583 sanguinum
1740 527 1783 566 et
1826 514 1971 567 dolo-

392 622 503 658 sam
549 603 920 677 abominabitur
977 603 1263 657 Dominus:
1295 605 1579 674 iniquitas,
1641 605 1967 674 malignitas,

390 697 724 771 intetttlaeitun
750 738 766 763 ,
797 697 1154 762 homicidium,
1204 696 1378 761 dolus,
1419 708 1471 751 et
1494 696 1747 767 quidquid
1782 696 1970 765 hujus-

393 789 534 842 .uotli
560 797 663 853 est,
692 789 803 857 ipsa
834 804 938 842 nox
962 797 1065 854 est,
1097 804 1201 858 qua
1230 797 1534 847 transeunte
1558 788 1786 842 iitmane
1811 799 1865 841 ut
1896 787 1968 840 vi-

388 882 579 934 deatur
600 879 759 933 Deus.
786 876 1014 933 Causzun
1041 896 1167 949 ergo
1187 881 1433 947 exposuit
1457 895 1619 950 quare
1648 896 1801 934 mane
1827 888 1969 932 asta-

392 974 489 1034 bit.
516 982 570 1026 et
594 973 824 1038 videbit,
852 973 1090 1042 quoniam
1112 990 1211 1026 non
1245 971 1379 1027 Deus
1405 974 1574 1026 volens
1613 972 1927 1043 iniquitatem
1950 1014 1963 1037 ,

390 1060 583 1136 inquit,
607 1078 661 1119 tu
686 1083 756 1118 es.
785 1065 840 1119 Si
874 1066 1015 1119 enim
1057 1066 1196 1120 Deus
1225 1076 1368 1120 esset
1394 1065 1483 1135 qui
1517 1066 1675 1120 vellet
1716 1063 1965 1134 iniquita-

391 1170 531 1224 tem,
565 1168 743 1227 posset
763 1157 921 1211 etiam
941 1159 1008 1211 ab
1037 1157 1227 1226 iniquis
1257 1156 1461 1218 videri;
1496 1166 1677 1209 utnon
1704 1170 1861 1209 mane
1887 1154 1968 1207 vi—

390 1249 629 1311 deretur,
661 1250 709 1301 id
746 1261 847 1311 est,
879 1264 1000 1302 cum
1034 1247 1323 1317 iniquitatis
1352 1261 1453 1300 uox
1482 1246 1867 1315 pertransierit.

462 1344 515 1395 li.
558 1339 679 1394 Non
706 1339 942 1394 habitabit
957 1342 1105 1409 juxta
1136 1350 1181 1392 te
1206 1339 1455 1409 malignus
1477 1353 1496 1389 :
1525 1336 1576 1391 id
1597 1346 1680 1391 est
1702 1378 1717 1402 ,
1764 1351 1866 1390 non
1892 1335 1970 1389 sic

392 1433 594 1488 videbit
624 1446 678 1486 ιιι
709 1433 924 1486 Ιιςυτεειι.
977 1432 1097 1485 Ideo
1124 1431 1362 1498 sequitur
1385 1471 1399 1493 ,
1427 1444 1583 1500 neque
1612 1427 1967 1499 permanebunt

391 1527 708 1598 injustiante
749 1525 919 1578 oculos
964 1536 1114 1586 tuos;
1160 1525 1280 1593 quia
1326 1522 1467 1577 oculi
1513 1535 1734 1586 eorum,
1786 1519 1839 1573 id
1887 1528 1969 1574 est

391 1633 546 1673 mens
563 1633 747 1671 eoruin
782 1615 1150 1669 reverberatur
1169 1614 1286 1668 luce
1317 1614 1551 1667 veritatis
1572 1623 1788 1682 pr0pter
1815 1620 1966 1666 tene-

392 1711 518 1765 bras
566 1719 939 1781 peccatorum,
994 1723 1217 1778 quorum
1268 1704 1652 1761 Consuetudine
1708 1704 1965 1773 fulgorem

388 1813 551 1858 rectas
602 1800 964 1870 intelligentia‘
1016 1799 1279 1854 sustinere
1323 1814 1427 1851 non
1468 1806 1707 1867 possunt.
1744 1797 1885 1866 Ergo
1915 1805 1970 1850 et

387 1895 476 1963 qui
508 1892 691 1947 vident
714 1890 1026 1960 aliquando,
1056 1890 1107 1944 id
1133 1898 1244 1952 est,
1292 1889 1383 1959 qui
1410 1892 1590 1943 verdm
1630 1887 1963 1957 intelligunt,

390 1997 564 2040 tamen
595 1985 769 2039 adhuc
794 1983 971 2052 iniusti
1001 1992 1142 2045 sunt,
1176 1997 1278 2035 non
1306 1982 1373 2035 ibi
1397 1970 1712 2051 pei'manent
1741 1979 1967 2033 amando

388 2094 447 2133 ea
478 2093 599 2147 qua:
637 2086 884 2131 averttmt
911 2091 940 2128 a
972 2091 1134 2137 vero;
1182 2083 1376 2143 gerunt
1418 2075 1558 2128 enim
1605 2087 1783 2126 secum
1817 2085 1965 2124 suam

387 2178 629 2231 noctem,
664 2167 714 2219 id
740 2175 841 2231 est,
873 2181 975 2220 non
1008 2166 1177 2218 Solum
1207 2164 1663 2224 consuetudinem,
1684 2162 1776 2216 sed
1805 2161 1964 2215 etiam

384 2274 624 2325 amorem
658 2257 925 2326 peccandi.
971 2256 1098 2323 Qua:
1126 2272 1231 2310 nox
1262 2256 1305 2310 si
1349 2254 1649 2329 transierit,
1699 2255 1749 2308 id
1778 2265 1889 2320 est,
1921 2255 1963 2308 si

386 2364 611 2418 peccare
637 2349 972 2411 destiterint,
1019 2356 1071 2401 et
1104 2348 1215 2415 ipse
1255 2361 1407 2400 amor
1442 2357 1600 2416 atque
1638 2344 1965 2401 consuetudo

385 2444 558 2512 fugata
589 2439 774 2502 fuerit,
810 2442 867 2492 lit
892 2454 1084 2502 mane;
1118 2440 1187 2492 ita
1221 2446 1404 2492 utnon
1431 2437 1602 2505 solum
1632 2437 1959 2506 intelligant,

382 2533 479 2587 sed
504 2534 667 2586 etiam
692 2529 985 2584 inhaereant
1010 2529 1237 2584 veritati.

459 2623 509 2675 7.
553 2621 720 2675 Odisti
750 2623 765 2652 ⁸
794 2637 965 2675 omnes
992 2622 1075 2686 qui
1104 2629 1375 2690 operantur
1398 2618 1706 2690 iniquitatem
1737 2633 1755 2671 ε
1783 2616 1963 2671 odium

383 2716 478 2769 Dei
500 2729 564 2769 ex
598 2715 685 2769 illa
713 2712 981 2768 locutione
1010 2710 1408 2783 intelligendum
1435 2721 1536 2777 est,
1568 2725 1669 2780 qua
1697 2710 1806 2764 odit
1838 2724 1962 2778 pec-

378 2817 535 2861 cator
574 2808 798 2877 quisque
824 2807 1123 2861 veritatem.
1156 2804 1378 2859 Videtur
1406 2803 1547 2857 enim
1591 2802 1730 2872 quod
1777 2810 1830 2858 et
1874 2802 1962 2855 illa

380 2898 493 2951 odit
522 2912 655 2968 quos
677 2897 728 2951 iu
756 2912 815 2951 se
842 2911 1058 2951 manere
1082 2912 1187 2950 non
1212 2895 1369 2950 sinit:
1395 2909 1500 2948 non
1524 2903 1700 2947 autem
1727 2903 1960 2955 manent,

378 2989 469 3057 qui
492 2984 611 3042 eam
638 2987 900 3043 sustinuere
937 3001 1045 3041 non
1095 2985 1291 3040 valent.
1344 2984 1536 3040 Perdes
1564 3000 1733 3039 omnes
1766 2984 1852 3053 qui
1881 2982 1962 3037 lo—

378 3089 602 3147 quuntur
650 3079 965 3132 mendacium
989 3096 1003 3129 :
1027 3076 1129 3132 hoc
1168 3077 1308 3131 enim
1358 3086 1441 3132 est
1488 3076 1698 3132 veritati
1745 3084 1960 3130 contra.

380 3171 539 3225 rium.
571 3168 684 3233 Sed,
702 3185 773 3224 ne
801 3169 922 3239 quis
949 3177 1097 3238 putet
1120 3168 1350 3239 aliquam
1375 3167 1722 3223 substantiam
1754 3166 1837 3221 vel
1869 3182 1962 3219 na-

381 3272 554 3317 turam
580 3262 787 3316 veritati
808 3276 929 3317 esse
954 3262 1309 3325 contrariam,
1351 3260 1606 3331 intelligat
1633 3260 1698 3314 ad
1740 3259 1789 3314 id
1820 3258 1961 3330 quod

389 3371 496 3408 non
535 3362 617 3409 est
659 3355 924 3423 pertinere
952 3352 1282 3407 mendacium
1304 3392 1320 3417 ,
1352 3366 1457 3405 non
1484 3353 1551 3405 ad
1582 3350 1634 3405 id
1680 3350 1821 3422 quod
1857 3360 1958 3405 est.

380 3447 442 3503 Si
490 3449 632 3504 enim
672 3448 774 3503 hoc
823 3448 1016 3502 dicitur
1060 3438 1200 3517 quod
1248 3455 1363 3511 εει,
1411 3460 1593 3500 verum
1645 3444 1871 3507 dcitur;
1915 3444 1960 3498 si

382 3547 568 3594 autem
625 3539 726 3594 hoc
766 3538 960 3594 dicitur
1001 3537 1139 3608 quod
1173 3553 1277 3591 non
1321 3545 1433 3603 est,
1489 3535 1817 3591 mendacium
1856 3543 1957 3590 est.

381 3631 537 3697 Ideo,
594 3631 799 3701 inquit,
867 3628 1060 3686 Perdes
1116 3645 1288 3685 omnes
1332 3629 1418 3698 qui
1454 3628 1728 3697 loquuntur
1757 3627 1962 3680 menda-

380 3724 556 3790 cium;
629 3724 750 3794 quia
809 3721 1117 3778 recedentes
1181 3721 1248 3777 ab
1300 3736 1366 3791 eo
1416 3720 1554 3790 quod
1610 3728 1735 3784 est,
1791 3717 1856 3772 ad
1910 3717 1962 3772 id

374 3816 517 3885 quod
557 3831 664 3871 non
705 3825 788 3872 est
831 3815 1161 3871 declinantur
1183 3816 1205 3846 ³
1229 3855 1242 3868 .
1270 3813 1429 3868 Multa
1462 3812 1673 3884 quidem
1718 3811 1962 3864 videntur

377 3924 475 3978 pro
534 3910 707 3964 salute
767 3918 859 3963 aut
910 3907 1192 3963 commodo
1240 3908 1497 3975 alicujus,
1564 3921 1667 3960 non
1721 3905 1957 3969 malitia,

378 4001 473 4057 sed
514 4002 840 4072 benignitate
869 4001 1171 4065 mendacia,
1219 4002 1373 4071 quale
1426 4001 1633 4055 illarum
1686 3999 1736 4053 in
1777 3998 1960 4053 Exodo

378 4093 722 4147 obstetricum
776 4108 893 4162 qum
945 4092 1207 4147 Pharaoni
1274 4091 1462 4146 falsum
1527 4092 1961 4146 renuntiaverunt

383 4181 585 4255 (Exod.
617 4200 631 4236 ι
658 4224 672 4247 ,
706 4183 831 4254 i9),
855 4193 912 4238 ut
954 4182 1183 4237 infantes
1230 4184 1454 4237 liliorum
1484 4181 1642 4237 israel
1671 4197 1775 4236 non
1804 4198 1960 4237 neca.

382 4284 582 4328 rentur.
613 4275 713 4329 Sed
737 4277 894 4329 etiam
922 4274 1020 4329 ista
1044 4290 1147 4329 non
1176 4291 1254 4340 re,
1284 4274 1377 4329 sed
1405 4274 1580 4329 indole
1600 4274 1620 4306 ³
1643 4274 1957 4341 laudantur;

380 4369 627 4437 quoniam
653 4370 740 4438 qui
767 4376 969 4423 tamum
995 4371 1093 4422 hoc
1115 4369 1272 4422 nuulo
1295 4367 1620 4422 mentiuntur
1638 4409 1652 4433 ,
1678 4366 1961 4421 merebun-

384 4473 472 4516 tur
496 4461 780 4532 aliquando
806 4462 874 4516 ab
902 4462 1046 4516 omni
1087 4461 1363 4515 mendacio
1394 4460 1627 4514 liberari.
1654 4458 1782 4512 Nam
1816 4459 1867 4511 in
1895 4458 1961 4513 iis

379 4555 471 4625 qui
522 4554 739 4624 perfecti
788 4564 945 4617 sunt,
993 4568 1091 4608 nec
1134 4554 1230 4607 ista
1267 4552 1537 4607 mendacia
1591 4552 1956 4616 inveniuntur;

295 4636 309 4648 ’
377 4646 570 4716 quibus
589 4644 782 4700 dictum
805 4654 918 4700 est:
941 4644 1021 4700 Sit
1033 4646 1084 4698 in
1103 4661 1187 4698 ore
1204 4653 1396 4710 vestro,
1420 4641 1535 4705 Est,
1561 4653 1635 4697 est
1652 4659 1672 4707 ;
1690 4659 1807 4707 non,
1829 4657 1960 4695 non:

377 4736 621 4807 quidquid
644 4737 860 4807 amplius
884 4749 994 4802 est,
1021 4752 1051 4788 a
1081 4735 1214 4789 maio
1254 4747 1326 4789 est
1349 4736 1366 4806 (
1391 4734 1575 4790 Matth.
1605 4750 1671 4799 ν,
1700 4735 1766 4789 57
1784 4735 1823 4805 ).
1853 4734 1961 4790 Nec

381 4829 649 4882 immerito
674 4829 780 4882 alio
804 4827 923 4882 loco
947 4827 1198 4895 scriptum
1220 4836 1303 4882 est
1331 4845 1344 4880 :
1377 4826 1448 4880 0s
1472 4826 1606 4894 quod
1626 4827 1859 4879 mentitur
1877 4841 1962 4879 oc-

376 4921 728 4974 ciditam'mam
754 4920 908 4990 (Sap.
933 4936 968 4983 I,
992 4919 1074 4989 ll)
1099 4936 1113 4983 ;
1140 4934 1206 4973 ne
1223 4919 1342 4989 quis
1366 4918 1649 4973 arbitretur
1673 4915 1960 4986 perfectum

378 5023 433 5065 et
462 5011 789 5081 spiritualem
836 5010 1103 5064 hominem
1134 5024 1228 5079 pro
1269 5011 1367 5063 ista
1401 5009 1680 5079 temporali
1711 5009 1816 5062 vita
1842 5049 1856 5068 ,
1904 5009 1955 5061 in

375 5103 529 5173 cujus
551 5114 722 5159 morte
750 5120 852 5155 nun
879 5102 1134 5156 occiditur
1157 5102 1329 5156 anima
1347 5143 1361 5163 ,
1392 5102 1503 5156 sive
1527 5117 1620 5155 sua
1642 5143 1656 5167 ,
1684 5102 1795 5155 sive
1824 5101 1959 5154 alto.-

380 5201 521 5260 rius,
553 5197 746 5251 debere
775 5196 1006 5249 mentiri.
1037 5195 1139 5250 Sed
1162 5195 1409 5266 quoniam
1437 5194 1578 5248 aliud
1600 5204 1683 5248 est
1712 5193 1957 5256 mentiri,
1999 5260 2013 5272 .

378 5289 521 5343 aliud
552 5304 731 5342 verum
763 5287 1059 5351 occultare;
1089 5288 1344 5357 siquidem
1372 5286 1516 5340 aliud
1541 5295 1623 5340 est
1664 5284 1851 5338 falsum
1879 5283 1957 5336 di-

378 5396 534 5445 cere,
566 5378 705 5433 aliud
737 5392 920 5433 verum
967 5385 1174 5441 tacere;
1205 5378 1247 5430 si
1272 5377 1390 5447 quis
1421 5377 1555 5431 forte
1583 5376 1663 5430 vel
1707 5376 1772 5428 ad
1805 5376 1956 5428 istam

445 5496 460 5525 '
490 5501 537 5543 tn
564 5494 704 5543 editis
727 5506 739 5541 :
766 5488 939 5549 odisti,
961 5487 1167 5539 nomine.
1190 5496 1237 5537 Αι
1261 5501 1286 5537 a
1301 5494 1406 5537 Mss.
1421 5487 1561 5538 abest
1581 5499 1693 5546 vos,
1715 5483 1925 5544 Domum,

442 5557 463 5586 ι
486 5557 622 5613 aliti,
645 5556 904 5605 declinant.
927 5559 981 5601 At
1152 5549 1471 5613 declinantur,

446 5619 465 5647 "
490 5606 625 5673 t-‘diti,
663 5617 712 5666 in
735 5616 861 5666 dolo.
904 5615 1071 5662 Verius
1100 5606 1281 5675 aliquot
1296 5619 1421 5675 Mss.,
1445 5609 1623 5662 ituiole.
1669 5607 1836 5659 Cmtfer
1872 5606 1955 5657 lib.

375 5679 445 5729 dc
465 5680 723 5741 Mendacio,
838 5678 868 5728 ὅ
889 5684 940 5727 ει
965 5675 1039 5725 Π.

2082 331 2340 386 visibilem
2372 341 2597 387 mortem
2627 347 2730 387 non
2761 335 2868 390 vult
2894 334 3162 392 hominem
3203 339 3426 409 prodere
3448 384 3463 405 ,
3497 359 3654 412 para-

2080 430 2161 474 tus
2187 436 2306 476 esse
2344 421 2497 476 debet
2527 437 2708 476 verum
2737 424 3031 490 occultare,
3075 442 3178 481 non
3210 429 3396 484 falsum
3437 431 3646 501 dicere;

2077 526 2130 568 ut
2153 530 2324 585 neque
2351 516 2536 584 prodat
2560 533 2732 587 neque
2761 521 3060 587 mentiatur,
3098 538 3163 577 ne
3190 524 3394 579 occidat
3418 527 3649 581 animam

2075 621 2224 658 suam
2254 623 2346 674 pro
2374 623 2598 676 corpore
2623 609 2856 665 alterius.
2888 609 2942 667 Si
2973 624 3149 668 autem
3181 617 3279 670 hoc
3305 619 3535 672 nondum
3561 635 3653 690 po-

2077 706 2211 762 test;
2247 700 2327 753 rel
2353 701 2463 755 sola
2497 700 2651 771 hujus
2673 704 3001 759 necessitatis
3030 707 3220 762 habeat
3246 711 3518 766 mendacia
3546 754 3561 779 ,
3597 723 3654 768 ut

2075 790 2340 845 etiam'ab
2386 793 2534 856 istis,
2563 795 2606 847 si
2648 795 2757 849 sola
2786 799 3172 865 remanserint,
3207 801 3412 856 liberari
3445 790 3652 858 nterea?

2075 889 2189 945 tur,
2217 892 2271 935 et
2300 881 2527 951 Spiritus
2569 886 2738 940 sancti
2765 887 2929 941 robur
2953 888 3194 958 accipere
3219 933 3233 956 ,
3267 908 3370 961 quo
3399 894 3649 964 quidquid

2075 973 2475 1042 perpetiendum
2518 984 2601 1030 est
2628 992 2723 1045 pro
2763 981 2986 1034 veritate
3015 991 3339 1037 contemnat.
3386 985 3497 1039 Duo
3527 996 3651 1041 sunt

2076 1063 2291 1116 omnino
2319 1080 2514 1134 genera
2558 1067 2953 1123 mendaciorum
2986 1071 3036 1123 in
3077 1072 3265 1141 quibus
3310 1090 3412 1127 non
3463 1092 3650 1148 magna

2075 1154 2225 1223 culpa
2256 1168 2368 1219 est,
2409 1158 2500 1211 sed
2543 1167 2718 1213 tamen
2764 1177 2866 1214 non
2908 1175 3031 1215 sunt
3055 1163 3169 1217 sine
3202 1166 3382 1234 culpa,
3415 1182 3534 1221 cmn
3560 1180 3650 1223 aut

2068 1244 2349 1315 jocamur,
2389 1257 2475 1301 aut
2516 1259 2577 1307 ut.
2615 1252 2876 1319 prosimus
2921 1255 3221 1310 mentimur.
3254 1256 3382 1311 Illud
3422 1261 3649 1328 primum

2074 1340 2126 1388 in
2152 1335 2412 1405 jocando,
2444 1339 2569 1393 ideo
2597 1356 2698 1394 non
2739 1352 2818 1397 est
2848 1345 3349 1411 perniciosissimum
3380 1350 3504 1419 quia
3543 1368 3645 1405 non

2072 1425 2241 1493 fallit;
2270 1431 2412 1482 novit
2438 1431 2579 1484 enim
2605 1431 2694 1487 ille
2722 1435 2804 1486 cui
2835 1434 3029 1489 dicitur
3051 1477 3065 1501 ,
3093 1437 3200 1506 joci
3224 1454 3384 1493 causa
3417 1455 3533 1495 esse
3572 1442 3652 1496 di-

2072 1529 2235 1576 ctum.
2268 1521 2570 1578 Secundum
2602 1536 2777 1581 autem
2807 1528 2924 1581 ideo
2953 1512 3130 1584 mitius
3154 1543 3234 1585 est
3256 1573 3271 1598 ,
3298 1534 3418 1603 quia
3460 1535 3651 1589 retinet

2073 1615 2379 1670 nonnullam
2400 1616 2842 1673 benevolentiam.
2872 1621 3004 1676 Illud
3034 1640 3158 1678 vero
3184 1626 3325 1695 quod
3355 1642 3457 1681 non
3488 1626 3648 1682 habet

2072 1704 2267 1775 duplex
2304 1722 2426 1774 cor,
2478 1725 2576 1764 nec
2604 1710 2935 1766 mendacium
2962 1713 3172 1783 quidem
3200 1715 3481 1771 dicendum
3520 1728 3644 1773 est:

2073 1805 2316 1867 umquam
2338 1840 2353 1863 ,
2382 1800 2525 1854 verbi
2550 1802 2746 1870 gratia,
2776 1803 2817 1855 si
2857 1803 2939 1857 cui
2986 1804 3189 1873 gladius
3212 1807 3644 1874 commendetur,

2072 1900 2119 1943 et
2156 1890 2425 1958 promittat
2449 1907 2507 1945 se
2534 1892 2860 1947 redditurum
2884 1909 3003 1949 cum
3031 1895 3116 1951 ille
3140 1897 3228 1966 qui
3251 1898 3644 1953 commendavit

2072 1982 2409 2049 poposcerit;
2439 1983 2483 2036 si
2529 1983 2664 2040 forte
2711 1985 2944 2055 gladium
2982 2002 3136 2042 suum
3182 1996 3386 2058 repetat
3427 1988 3643 2055 furens,

2071 2071 2418 2127 manifestum-
2442 2083 2524 2129 est
2552 2084 2675 2130 tunc
2698 2092 2802 2130 non
2841 2092 2960 2132 esse
2985 2076 3311 2133 reddendum
3330 2120 3344 2144 ,
3378 2094 3443 2135 ne
3471 2080 3553 2134 vel
3585 2095 3644 2135 se

2071 2164 2276 2220 occidat
2303 2167 2384 2220 vel
2426 2166 2588 2234 alios,
2636 2168 2807 2224 donec
2844 2169 2892 2223 ei
2940 2170 3137 2239 sanitas
3179 2171 3503 2226 restituatur.
3553 2173 3647 2226 llic

2071 2256 2189 2311 ideo
2220 2274 2324 2311 non
2358 2257 2518 2313 habet
2545 2259 2739 2329 duplex
2764 2276 2887 2323 cor,
2914 2261 3034 2330 quia
3077 2261 3163 2317 ille
3198 2262 3280 2316 cui
3307 2264 3646 2317 commenda-

2046 2356 2153 2421 Itus
2179 2357 2261 2403 est
2287 2350 2492 2419 gladius
2515 2393 2530 2417 ,
2573 2367 2691 2405 cmn
2740 2351 3076 2420 promittebat
3104 2369 3162 2406 se
3190 2351 3515 2407 redditurum
3550 2370 3643 2422 pei-

2068 2444 2256 2507 sccuti,
2287 2457 2389 2494 non
2411 2443 2674 2511 cogitabat
2694 2443 2953 2498 furentem
2981 2458 3138 2513 posse
3160 2453 3420 2513 repetere.
3452 2444 3643 2498 Verum
3672 2472 3678 2483 ι

2069 2544 2244 2587 autem
2289 2537 2571 2589 occultavit
2611 2545 2666 2590 et
2697 2536 2982 2601 Dominus,
3026 2552 3144 2591 cmn
3193 2536 3462 2606 discipulis
3507 2555 3642 2591 tton-

2068 2624 2192 2677 dum
2221 2624 2423 2679 idoneis
2449 2626 2580 2679 dixit
2603 2644 2617 2680 :
2649 2624 2817 2679 Multa
2844 2626 3001 2680 habeo
3022 2626 3156 2680 vobis
3176 2626 3369 2693 dicere,
3401 2627 3488 2681 sed
3509 2644 3643 2681 nunc

2070 2732 2167 2769 non
2215 2717 2418 2785 potestis
2443 2727 2643 2786 portare
2669 2716 2760 2771 illa
2790 2716 2976 2789 (Joan.
3008 2734 3127 2785 ενι,
3164 2718 3291 2787 i2);
3334 2729 3389 2773 et
3432 2728 3645 2787 aposto-

2068 2807 2150 2862 lus
2182 2807 2372 2862 Paulus
2400 2824 2520 2863 cum
2546 2808 2658 2863 ait:
2689 2806 2811 2864 Non
2842 2810 2983 2879 potui
3010 2811 3148 2877 loqui
3169 2811 3304 2864 vobis
3326 2813 3469 2881 quasi
3493 2813 3647 2880 spiri-

2068 2903 2319 2971 tualibus,
2363 2904 2450 2958 sed
2490 2905 2634 2969 quasi
2673 2905 2956 2959 carnalibus
2997 2895 3192 2977 (lCor.
3223 2921 3309 2971 ιιι,
3357 2906 3445 2976 1).
3494 2905 3644 2960 Unde

2067 2994 2405 3050 manifestum
2447 3006 2529 3051 est
2572 3012 2676 3050 non
2707 3011 2826 3051 esse
2851 2995 3168 3066 culpandum
3193 3037 3209 3063 ,
3239 2997 3523 3067 aliquando
3553 3014 3644 3052 ve-

2067 3101 2183 3140 rum
2233 3095 2427 3141 tacere.
2482 3086 2692 3141 Falsum
2743 3096 2917 3141 autem
2966 3086 3183 3153 dicere,
3229 3103 3333 3142 non
3377 3086 3643 3143 invenitur

2066 3194 2375 3235 concessum
2408 3196 2525 3235 esse
2554 3180 2815 3249 perlectis.

2136 3271 2189 3326 8.
2232 3269 2405 3324 Virum
2426 3272 2725 3342 sanguinum
2752 3282 2797 3325 ct
2825 3272 3055 3325 dolosam
3084 3271 3447 3326 abominabitur
3472 3271 3644 3326 Denti-

2067 3376 2181 3415 nus.
2204 3362 2401 3415 d’otest
2427 3361 2512 3416 hic
2539 3374 2681 3417 recte
2712 3362 2874 3417 videri
2909 3363 3185 3433 repetitum
3217 3363 3358 3433 quod
3387 3365 3461 3418 ait
3486 3380 3643 3434 supc-

2066 3453 2173 3505 rius
2207 3469 2218 3503 :
2256 3452 2418 3506 Odisti
2447 3470 2617 3508 omnes
2657 3454 2743 3523 qui
2779 3464 3053 3521 operantur
3077 3455 3420 3525 iniquitatem,
3467 3457 3644 3526 perdes

2065 3560 2235 3597 omnes
2254 3545 2341 3614 qui
2365 3543 2636 3614 loquuntur
2660 3544 2973 3598 utendaciam
2998 3560 3017 3609 ;
3044 3554 3099 3598 ut
3140 3546 3303 3598 cirum
3340 3546 3644 3616 sanguinum

2066 3635 2130 3689 ad
2157 3643 2460 3703 operantem
2492 3635 2817 3705 iniquitatem
2845 3635 3043 3690 referas
3062 3677 3079 3701 ,
3104 3635 3334 3688 dolosam
3371 3645 3547 3690 autem
3574 3635 3642 3690 ad

2064 3724 2396 3779 mendacium
2423 3744 2435 3780 :
2461 3725 2613 3779 dolus
2642 3726 2785 3780 enim
2812 3733 2923 3788 est,
2956 3740 3074 3778 cum
3097 3725 3236 3778 aliud
3262 3725 3469 3794 agitur;
3495 3725 3641 3780 aliud

2065 3816 2360 3869 simulatur.
2395 3815 2458 3869 Et
2484 3825 2607 3884 apto
2632 3817 2796 3869 verbo
2810 3818 2945 3869 'usus
2971 3815 3215 3884 estquod
3245 3816 3349 3881 ait,
3382 3815 3644 3871 abomina-

2064 3907 2233 3971 bitur;
2277 3908 2450 3962 solent
2473 3907 2613 3962 euim
2652 3906 2939 3960 abominati
2978 3906 3115 3969 dici,
3157 3906 3520 3961 exhteredati:
3558 3908 3642 3961 liie

2065 4010 2240 4054 autem
2283 4000 2517 4070 psalmus
2556 4015 2646 4068 pro
2688 4015 2746 4051 ea
2773 4007 2856 4052 est
2896 4014 3010 4067 qua:
3045 3998 3385 4052 [nereditatem
3421 3999 3639 4069 accipit,

2064 4107 2183 4160 qua:
2229 4090 2437 4160 subjicit
2481 4088 2885 4158 exsultationem
2928 4088 3041 4159 spei
3085 4102 3224 4153 Siue,
3266 4087 3448 4143 dicens
3481 4107 3493 4141 :
3528 4088 3639 4160 lt‘go

2064 4196 2231 4240 autem
2256 4186 2309 4239 in
2345 4182 2663 4237 multitudine
2688 4180 3019 4234 miserationis
3052 4190 3152 4234 tua:
3171 4220 3186 4244 ,
3226 4181 3439 4235 introibo
3467 4184 3520 4245 in
3544 4184 3639 4235 do-

2064 4295 2202 4332 mum
2245 4287 2403 4331 tuam.
2448 4272 2515 4327 In
2555 4271 2869 4327 multitudine
2897 4271 3269 4339 miserationis,
3312 4271 3536 4327 fortasse
3588 4273 3638 4326 in

2066 4366 2402 4424 multitudine
2431 4363 2700 4419 hominum
2729 4361 3080 4433 perfecturum
3109 4370 3163 4416 et
3190 4362 3459 4416 beatorum
3490 4362 3661 4443 dicit,“

2064 4458 2254 4529 quibus
2281 4458 2470 4513 civitas
2512 4456 2601 4510 illa
2630 4454 2924 4521 constabit,
2969 4471 3125 4524 quam
3155 4469 3294 4507 nime
3324 4454 3549 4522 parturit
3587 4465 3644 4510 ct

2064 4551 2313 4622 paulatim
2357 4550 2492 4621 parit
2531 4549 2781 4604 Ecclesia.
2826 4548 3077 4602 Homines
3113 4556 3288 4601 autem
3319 4548 3512 4602 multos
3551 4565 3638 4604 re-

2062 4654 2342 4713 generatos
2384 4653 2542 4714 atque
2590 4642 2878 4711 perfectos,
2911 4650 3056 4693 recte
3101 4637 3203 4713 dici
3249 4640 3639 4695 innititudinem

2064 4735 2417 4791 miserationis
2455 4732 2547 4787 Dei
2584 4733 2704 4802 quis
2742 4740 2932 4799 negat,
2965 4744 3084 4781 cum
3133 4728 3404 4785 verissime
3440 4730 3638 4785 dictum

2064 4827 2133 4883 sit
2164 4844 2176 4879 :
2213 4826 2345 4894 Quid
2369 4835 2441 4879 est
2477 4825 2655 4890 homo,
2703 4822 2837 4891 quod
2878 4837 3065 4874 memor
3102 4838 3154 4875 es
3190 4823 3336 4889 ejus;
3380 4833 3467 4876 aut
3505 4822 3641 4890 ﬁlius

2067 4920 2280 4973 homims
2301 4961 2316 4984 ,
2344 4918 2459 4988 quia
2484 4916 2655 4970 visitas
2677 4931 2787 4967 cum
2812 4910 2831 4985 (
2859 4912 3000 4967 Psal.
3045 4929 3132 4967 vut
3155 4956 3169 4979 ,
3197 4915 3230 4967 5
3251 4915 3308 4983 )?
3335 4913 3559 4971 Introibc
3582 4912 3638 4963 in

2066 5012 2269 5065 domum
2300 5020 2437 5063 tuam
2463 5027 2476 5063 :
2507 5019 2750 5076 tanquam
2780 5006 2911 5075 lapis
2930 5048 2945 5072 ,
2987 5006 3146 5061 credo
3170 5049 3184 5071 ,
3230 5008 3281 5060 in
3317 5007 3640 5073 aedilicium,

2065 5103 2260 5157 dictum
2302 5110 2401 5155 est.
2434 5099 2566 5165 Quid
2595 5099 2745 5175 enim
2773 5097 2914 5152 aliud
2953 5098 3143 5152 domus
3187 5100 3275 5152 llei
3313 5116 3470 5170 quam
3502 5111 3636 5155 tein-

2064 5197 2206 5266 plmn
2239 5196 2327 5250 Dei
2356 5207 2436 5249 est
2456 5237 2469 5258 ,
2501 5194 2567 5248 de
2593 5210 2698 5264 quo
2725 5193 2921 5248 dictum
2953 5202 3070 5249 est:
3100 5194 3356 5263 Templum
3382 5194 3637 5248 enimrDei

2063 5296 2292 5340 sanctum
2316 5297 2410 5350 est,
2435 5286 2567 5357 quod
2586 5289 2704 5339 cstis
2728 5302 2813 5340 vos
2834 5288 2851 5356 (
2873 5285 2891 5338 Ι
2913 5284 3027 5339 Cor.
3061 5303 3111 5340 ut
3135 5328 3150 5351 ,
3177 5288 3271 5356 Π)
3293 5289 3316 5336 ‘l
3339 5286 3487 5354 cujus
3512 5284 3641 5338 mdi-

2066 5380 2166 5435 licii
2198 5380 2330 5450 lupis
2369 5380 2635 5449 augularis
2662 5390 2743 5434 est
2774 5380 2860 5433 ille
2905 5377 3130 5449 (Ephes.
3179 5396 3248 5445 ιι,
3293 5378 3432 5448 20),
3480 5382 3638 5447 quem

2064 5473 2295 5542 suscepit
2317 5482 2576 5526 cozeterna
2607 5471 2745 5525 Patri
2782 5468 2959 5524 Virtus
2986 5478 3040 5523 et
3062 5471 3314 5539 sapientia
3347 5468 3459 5521 Dei.

2134 5566 2187 5621 9.
2229 5564 2461 5619 Adorabo
2505 5564 2572 5617 ad
2609 5563 2848 5634 templum
2885 5572 3112 5617 sanctum
3157 5574 3329 5625 tuam,
3373 5561 3424 5612 in
3459 5559 3636 5614 timore

2065 5670 2150 5713 tuo
2170 5675 2187 5714 .'
2228 5658 2294 5711 ad
2330 5656 2567 5728 templum
2595 5656 2728 5710 sicut
2759 5669 2921 5726 prope
2972 5653 3220 5722 templum
3263 5650 3655 5721 intelligimus;
