4046 6200
453 246 515 297 ετ
734 218 749 227 “
1662 234 1718 285 s.
1759 227 2119 287 AUGUSTINI
2142 228 2453 324 .EPISCUPI
3594 238 3674 290 ut!

452 376 555 413 non
583 359 722 412 enim
766 359 869 421 ait,
901 354 1144 409 Adorabo
1172 352 1223 405 in
1269 349 1462 417 templo
1504 356 1688 402 sancto
1728 355 1848 411 tuo,
1894 344 2011 406 s‘ed,

416 429 683 503 ‘Adorabo
729 447 796 499 ad
843 442 1359 511 templum-sanctum
1410 450 1567 491 tuum.
1618 434 2012 506 Intelligendum

450 539 608 591 etiam
639 546 719 590 est
748 550 851 589 non
893 534 959 587 de
1008 531 1357 602 perfectione,
1397 527 1491 583 sed
1533 527 1600 581 de
1641 539 1919 595 progressu
1946 524 2015 577 ad

455 629 827 699 perfectionem
854 602 1047 679 dictum
1076 637 1231 689 esse;
1278 632 1332 675 ut
1374 620 1500 674 illud
1537 617 1913 688 perfectionem
1942 615 2012 669 si-

454 718 664 785 gnificet
683 712 709 779 ,'
729 714 953 768 Introibo
981 717 1031 766 in
1059 714 1260 766 domum
1289 720 1442 763 tuam.
1475 707 1579 763 Sed
1619 715 1676 762 ut
1701 710 1801 759 hoc
1828 718 2016 774 prove-

455 812 583 871 niat,
614 810 758 879 prius
777 808 1016 871 adorabo,
1041 804 1225 875 inquit,
1251 805 1319 856 ad
1346 801 1583 871 templum
1603 809 1827 853 sanciunt
1847 807 2018 860 tuum;

456 910 511 955 et
536 896 761 953 fortasse
793 897 861 951 ob
887 897 988 951 hoc
1013 895 1245 960 addidit,
1286 894 1340 946 in
1365 893 1540 945 timore
1574 901 1693 955 tuo,
1738 888 1878 957 quod
1908 902 2017 940 ma-

455 1007 615 1060 gnum
645 999 726 1046 est
751 988 1050 1060 prmsidium
1077 985 1481 1056 procedentibus
1525 981 1588 1035 ad
1619 980 1861 1035 salutem.
1890 977 2019 1032 Cum

456 1092 633 1136 autem
654 1081 874 1150 quisque
901 1077 1214 1146 pervenerit,
1243 1074 1333 1129 (iet
1353 1073 1407 1127 in
1434 1087 1503 1127 eo
1519 1070 1656 1141 quod
1681 1069 1877 1124 dictum
1900 1077 1981 1122 est
2005 1085 2019 1122 :

460 1176 813 1226 tionsumntata
838 1168 1033 1222 dilectio
1061 1169 1197 1238 [oras
1235 1165 1383 1217 mittit
1411 1163 1637 1217 timorem
1666 1160 1720 1232 (Ι
1744 1159 1899 1213 Joan.
1932 1174 1983 1218 tv
2004 1198 2019 1218 ,

460 1263 528 1317 18
553 1265 570 1329 )
594 1304 607 1325 ,
639 1278 740 1315 non
767 1260 905 1314 enim
936 1259 1118 1312 timent
1137 1258 1246 1326 jam
1274 1256 1500 1311 amicum
1527 1254 1544 1286 ί
1570 1295 1584 1318 ,
1614 1252 1802 1323 quibus
1824 1251 2020 1305 dictum

461 1364 542 1408 est
575 1372 587 1406 :
620 1352 740 1406 lam
776 1368 875 1405 non
922 1351 1086 1403 dicant
1124 1365 1208 1403 vos
1249 1363 1441 1411 servos,
1486 1345 1573 1400 sed
1616 1345 1801 1398 amicos
1830 1341 2018 1410 (Joan.

464 1459 569 1505 xv,
617 1443 762 1514 15),
792 1457 912 1496 eum
954 1442 1017 1495 ad
1049 1441 1098 1494 id
1128 1439 1263 1509 quod
1309 1438 1746 1508 promissumest
1788 1432 2024 1505 perducti

463 1536 676 1590 fuerint.

538 1626 623 1680 l0.
666 1624 828 1697 [vers.
857 1624 890 1678 9
914 1666 928 1689 ,
981 1621 1108 1695 10.]
1139 1622 1351 1675 Domine
1370 1662 1383 1679 ,
1411 1621 1568 1673 deduc
1594 1636 1672 1672 me
1691 1619 1743 1671 in
1772 1628 1858 1671 tua
1872 1619 2023 1689 justi-

468 1718 537 1769 tia
566 1724 767 1785 prapter
790 1715 1015 1767 inimicos
1045 1728 1177 1765 ntcos
1204 1728 1222 1765 :
1249 1711 1377 1765 satis
1404 1711 1486 1764 hic
1512 1709 1794 1763 declaravit
1819 1709 1868 1761 in
1895 1723 2024 1778 pro-

467 1806 694 1862 fectione
720 1822 778 1860 se
801 1819 946 1869 esse,
994 1804 1043 1858 id
1072 1813 1152 1858 est
1180 1804 1232 1856 in
1259 1812 1501 1871 provectu
1527 1799 1591 1854 ad
1621 1786 1992 1868 perfectionem
2010 1840 2024 1863 ,

454 1898 701 1951 dumdum
724 1896 774 1949 in
800 1895 909 1965 ipsa
935 1892 1291 1963 perfectione,
1321 1891 1529 1961 quando
1551 1900 1607 1943 ut
1631 1889 1917 1943 deducatur
1936 1904 2028 1943 ex-

469 1997 633 2056 optat.
666 1984 731 2038 In
760 1995 845 2038 tua
864 1984 1064 2053 justitia
1092 1992 1264 2037 autem
1287 2024 1299 2045 ,
1332 1997 1434 2034 non
1481 1982 1530 2033 in
1561 1996 1621 2034 ea
1667 1995 1782 2047 quae
1826 1979 2031 2033 videtur

471 2076 788 2131 hominibus.
815 2074 945 2128 Nam
977 2082 1028 2127 el
1056 2073 1249 2126 malum
1296 2086 1389 2139 pro
1419 2070 1554 2122 malo
1583 2069 1805 2123 reddere
1827 2109 1841 2133 ,
1882 2068 2031 2136 justi-

469 2168 542 2221 tia
569 2168 803 2231 vidi-tur,
830 2166 922 2220 sed
949 2180 1050 2218 non
1084 2173 1163 2218 est
1190 2163 1304 2231 ejus
1329 2162 1395 2216 de
1423 2177 1527 2229 quo
1554 2161 1750 2215 dictum
1779 2168 1862 2215 est
1888 2177 1901 2212 :
1934 2159 2032 2225 Qui

475 2260 593 2328 facit
619 2259 740 2311 oriri
756 2258 910 2311 solent
934 2273 1079 2310 suum
1103 2272 1255 2324 super
1280 2254 1432 2308 bonos
1455 2263 1498 2307 et
1528 2253 1685 2306 malos
1710 2254 1726 2320 (
1747 2251 1930 2307 Matth.
1964 2267 1994 2302 ν
2010 2293 2041 2327 ,ι

471 2348 580 2418 45)
607 2365 622 2411 ;
650 2348 772 2417 quia
797 2355 988 2402 etcum
1018 2345 1164 2421 punit
1189 2345 1325 2399 Dens
1352 2353 1673 2412 peccatores,
1706 2358 1807 2395 non
1839 2341 2030 2396 malum

473 2432 624 2497 suum
656 2440 733 2492 eis
760 2438 937 2502 infert,
969 2437 1061 2491 sed
1090 2436 1238 2489 malis
1275 2451 1454 2490 eorum
1480 2449 1571 2489 eos
1597 2434 1809 2488 dimittit
1838 2451 1851 2487 :
1881 2432 2028 2497 Ecce,

472 2531 666 2598 inquit,
697 2530 929 2597 parturiit
956 2528 1284 2592 iniustitiam,
1326 2526 1548 2594 concepit
1576 2525 1828 2588 laborem,
1860 2534 1905 2579 et
1943 2541 2030 2594 pe-

474 2624 601 2692 perit
620 2621 929 2692 iniquitatent
955 2635 974 2673 :
1003 2620 1168 2673 lacum
1203 2618 1399 2686 aperuit
1425 2627 1469 2671 et
1497 2615 1670 2682 e/Todit
1698 2633 1811 2670 eum
1834 2656 1848 2681 ,
1877 2624 1923 2669 et
1950 2616 2033 2668 in-

473 2713 593 2764 cidit
632 2713 687 2766 in
725 2716 917 2783 foveam
954 2727 1104 2781 quam
1146 2719 1380 2779 operatus
1416 2720 1527 2763 est:
1550 2718 1857 2761 convertatur
1887 2708 2037 2761 dolor

382 2852 390 2867 ,
474 2809 582 2870 eius
607 2805 659 2859 in
689 2813 838 2875 caput
858 2805 967 2877 ejus
990 2848 1004 2871 ,
1031 2813 1076 2859 et
1105 2802 1157 2859 in
1177 2803 1402 2858 terticent
1429 2803 1536 2875 ejus
1561 2802 1795 2876 iniquitas
1815 2801 1922 2875 cjur
1946 2801 2038 2859 de;

473 2899 671 2951 scendet
699 2899 717 2967 (
743 2898 886 2951 Psal.
917 2914 989 2952 vn
1011 2939 1026 2963 ,
1075 2898 1235 2954 l5-l7
1260 2897 1299 2969 ).
1339 2898 1468 2951 Cum
1507 2914 1633 2968 ergo
1682 2899 1827 2966 punit
1855 2898 1993 2953 Dens
2016 2940 2032 2962 ,

476 2998 534 3041 ut
554 2988 713 3057 iudex
743 2988 893 3057 punit
916 3002 1008 3042 eos
1032 2987 1120 3056 qui
1151 2989 1316 3057 legem
1346 2998 1690 3055 pnetereunt,
1726 3004 1827 3040 non
1851 2988 1930 3042 eis
1957 2990 2038 3040 in-

475 3077 653 3131 ferens
691 3076 756 3130 de
794 3077 970 3146 seipse
1017 3076 1248 3140 malum,
1272 3077 1364 3129 sed
1396 3077 1447 3129 in
1490 3076 1538 3129 id
1581 3075 1718 3143 quod
1766 3076 2039 3143 elegerunt

476 3182 570 3221 eos
608 3167 877 3237 expellens
904 3168 968 3222 ad
994 3166 1356 3235 complendum
1396 3182 1650 3219 summam
1683 3166 2033 3220 miseriarum.

479 3257 648 3309 llomo
692 3265 866 3310 autem
910 3271 1031 3311 eum
1078 3257 1272 3309 malum
1314 3271 1409 3325 pro
1461 3256 1598 3309 malo
1643 3256 1848 3321 reddit,
1900 3258 2039 3309 malo

475 3356 601 3399 voto
645 3345 694 3401 id
725 3346 874 3411 facit;
914 3354 969 3401 et
1006 3345 1076 3401 ob
1106 3346 1205 3400 hoc
1246 3345 1387 3414 prior
1415 3346 1527 3414 ipse
1554 3345 1721 3399 malus
1749 3356 1863 3411 est,
1911 3344 2034 3399 dum

484 3437 670 3505 punire
696 3436 803 3489 vult
832 3434 1049 3490 malum.

551 3530 636 3583 11.
682 3529 856 3600 Dirige
889 3529 941 3582 in
967 3536 1227 3598 conspectu
1255 3535 1340 3580 tuo
1362 3528 1455 3580 iter
1495 3543 1674 3580 meum.
1704 3525 1848 3581 Nihil
1876 3528 2042 3581 manl-

482 3617 664 3673 fcstins
691 3629 797 3681 est,
844 3633 999 3688 quam
1041 3618 1096 3672 in
1139 3626 1347 3686 tempus
1389 3632 1509 3671 eum
1540 3615 1910 3671 commendare
1938 3632 2041 3685 quo

414 3754 415 3759 η
482 3708 726 3777 proﬁcit;
758 3708 857 3762 hoc
900 3716 982 3764 est
1006 3709 1145 3763 enim
1173 3708 1273 3762 iter
1297 3706 1572 3777 quodnon
1615 3717 1873 3761 terrarum
1914 3696 2043 3762 locis

482 3801 779 3870 peragitur,
824 3799 920 3856 sed
962 3799 1234 3856 affectibus
1279 3800 1593 3853 animorum.
1626 3797 1712 3852 ’1η
1748 3808 2040 3868 conspectu,

484 3890 653 3959 inquit
681 3931 696 3956 ,
727 3901 811 3944 tuo
845 3890 1005 3962 dirige
1030 3892 1124 3945 iter
1160 3907 1322 3944 meum
1347 3906 1365 3944 :
1392 3890 1439 3944 id
1468 3901 1549 3944 est
1572 3931 1586 3954 ,
1615 3891 1704 3945 ubi
1736 3891 1909 3944 nullus
1938 3889 2045 3944 ‘ho-

484 3982 683 4034 min-um
713 3980 873 4045 videt,
895 3982 1082 4049 quibus
1107 3980 1425 4037 credendum
1454 3996 1557 4034 non
1585 3989 1667 4036 est
1690 3980 2041 4047 laudantibus,

485 4083 577 4125 aut
602 4072 1051 4137 vituperantibus;
1082 4087 1184 4124 non
1216 4073 1356 4138 enim
1401 4072 1508 4124 ullo
1550 4071 1705 4125 modo
1735 4081 1954 4140 possunt
1978 4071 2045 4126 de

484 4161 657 4215 aliena
678 4159 997 4213 conscientia
1022 4159 1259 4227 judicare
1278 4202 1291 4225 ,
1340 4161 1392 4214 in
1435 4175 1538 4229 qua
1566 4161 1666 4214 iter
1692 4160 1934 4231 dirigitur
1974 4160 2041 4216 ad

488 4252 676 4306 Deum.
726 4249 850 4304 ldeo
891 4249 1130 4316 subjecit,
1168 4249 1415 4313 Quoniam
1436 4266 1535 4303 non
1581 4260 1652 4305 est
1681 4250 1732 4304 in
1766 4266 1852 4305 ore
1873 4266 2043 4304 eorum

482 4347 702 4409 veritas,
747 4344 934 4413 quibus
964 4342 1145 4413 utique
1182 4344 1535 4412 judicantibus
1574 4361 1679 4399 non
1705 4355 1787 4400 est
1828 4345 2047 4401 creden-

483 4436 607 4490 dum
631 4479 644 4501 ,
687 4446 741 4492 et
770 4435 888 4491 ideo
925 4435 1064 4489 intro
1089 4435 1152 4488 ad
1179 4435 1551 4490 conscientiam
1591 4446 1645 4491 et
1670 4437 1735 4493 ad
1776 4438 1871 4494 Dei
1913 4453 2045 4493 con-

485 4538 721 4596 spectum
768 4526 1175 4599 confugiendum
1216 4536 1314 4582 est.
1363 4526 1463 4582 Cor
1512 4545 1681 4581 eorum
1717 4546 1899 4583 vanum
1936 4540 2044 4584 est:

483 4619 749 4689 quomodo
790 4634 919 4690 ergo
966 4628 1138 4688 putest
1178 4632 1297 4673 esse
1343 4618 1394 4671 in
1445 4633 1538 4673 ore
1586 4634 1766 4673 eorum
1816 4621 2047 4686 veritas,

484 4726 710 4780 quorum
752 4726 845 4765 cor
891 4712 1086 4765 fallitur
1125 4712 1192 4766 de
1241 4719 1456 4781 [siccato
1503 4718 1557 4765 et
1597 4726 1751 4780 pruna
1803 4713 2049 4781 peccati?

486 4803 635 4859 Unde
663 4813 974 4859 revocantur
1002 4804 1241 4863 homines
1270 4804 1354 4857 illa
1401 4817 1530 4858 voce
1562 4821 1575 4857 :
1611 4802 1797 4873 thuid
1845 4803 2051 4875 diligitis

484 4898 750 4950 vanitatem
767 4906 855 4959 ,κει
879 4898 1099 4966 quivi-itis
1127 4897 1439 4969 mendacium
1469 4894 1650 4967 (Psal.
1681 4912 1733 4951 tv
1754 4940 1767 4961 ,
1802 4896 1863 4967 3)
1888 4898 1911 4951 ?

563 4986 643 5040 l2.
685 4983 846 5057 [vers.
898 4984 1021 5057 11.]
1075 4986 1378 5057 Sepulcrum
1418 4996 1591 5055 patens
1641 4996 1714 5042 est
1751 4998 1922 5058 guttur
1966 5005 2052 5042 eo-

488 5088 642 5129 rum:
667 5072 734 5130 ad
777 5077 1075 5132 voracitatis
1127 5079 1561 5148 significationem
1617 5080 1807 5136 referri
1845 5089 2048 5151 potest,

485 5178 703 5240 propter
737 5184 893 5237 quam
940 5170 1248 5239 plerumque
1283 5170 1522 5228 homines
1563 5174 1862 5230 adulatione
1907 5192 2053 5230 men-

487 5261 704 5314 tiuntur.
734 5259 801 5312 Et
824 5259 1130 5317 mirabiliter
1154 5260 1282 5315 dixit
1308 5302 1321 5326 ,
1351 5272 1525 5332 patens
1564 5265 1886 5334 sepulcrum;
1916 5282 2050 5336 quo-

489 5351 626 5405 niam
656 5364 864 5417 semper
903 5349 1068 5403 inhiat
1102 5351 1189 5405 illa
1236 5353 1527 5419 voracitas,
1576 5371 1679 5408 non
1711 5365 1767 5409 ut
1811 5357 2051 5424 sepulcra

487 5459 605 5513 qua:
642 5441 865 5510 receptis
893 5440 1237 5496 cadaveribus
1264 5443 1589 5498 muniuntur.
1631 5445 1812 5500 Potest
1841 5454 1895 5499 et
1923 5446 2048 5501 illud

488 5535 739 5606 intelligi,
784 5533 923 5605 quod
961 5534 1237 5589 mendacio
1282 5545 1335 5589 et
1371 5536 1558 5610 blanda
1601 5538 1902 5594 adulatione
1948 5548 2053 5595 tra-

547 5646 568 5675 ⁸
585 5647 881 5701 Gatianeusis
902 5646 1072 5707 codex,
1098 5644 1254 5697 amici.

2122 338 2253 395 bunt
2289 341 2339 394 in
2368 357 2423 395 se
2452 356 2583 411 quos
2605 342 2668 395 ad
2702 352 2911 412 peccata
2942 349 3200 409 illectaut,
3227 358 3279 401 et
3304 362 3396 402 eos
3427 357 3677 417 tanquam

2121 434 2370 487 devorant
2395 450 2512 489 cum
2553 436 2603 489 in
2649 451 2795 490 suam
2833 438 2991 491 vitam
3020 448 3349 493 convertunt.
3378 438 3530 505 Quod
3557 442 3678 509 qui-

2123 524 2219 580 l-us
2247 527 2499 595 contingit
2523 526 2767 595 quoniam
2795 538 3011 596 peccato
3040 529 3332 583 moriuntur
3357 533 3373 562 ‘
3391 572 3406 593 ,
3441 539 3585 584 recte
3606 531 3680 585 illi

2121 630 2149 668 a
2198 616 2384 683 quibus
2421 617 2769 682 inducuntur,
2810 619 3049 688 sepulcra
3092 620 3317 689 patentia
3354 620 3479 675 dicti
3526 632 3681 686 sunt;

2121 707 2241 776 quia
2272 717 2325 761 et
2354 708 2448 778 ipsi
2478 708 2863 777 quodammodo
2902 712 3171 765 exanimes
3200 723 3321 765 sunt
3369 713 3529 766 vitam
3573 727 3681 766 non

2125 800 2365 852 habendo
2405 801 2663 865 veritatis,
2693 810 2745 855 et
2789 813 3022 856 mortuos
3068 803 3119 857 in
3158 819 3217 857 se
3256 803 3512 873 recipiunt
3549 818 3685 874 quos

2124 890 2299 944 verbis
2328 891 2667 947 mendacibus
2701 905 2755 947 et
2791 910 2926 949 vano
2959 895 3117 951 corde
3148 898 3490 965 interemptos
3529 899 3580 953 in
3624 914 3688 955 se

2104 990 2454 1055 'eonvertunt.
2488 982 2694 1055 Linguis
2716 986 2819 1038 suis
2845 986 3016 1040 dolose
3043 988 3252 1057 agebant
3270 1030 3283 1049 ,
3313 989 3363 1042 id
3391 998 3472 1042 est
3494 989 3688 1059 linguis

2125 1075 2315 1155 malis:
2343 1090 2461 1128 nam
2489 1076 2589 1130 hoc
2617 1078 2821 1131 videtur
2847 1077 3175 1147 signiﬁcare,
3220 1095 3339 1134 cum
3382 1080 3508 1135 dicit
3546 1084 3683 1147 suis,
3728 1083 3743 1110 ‘

2125 1166 2246 1220 mali
2271 1167 2410 1220 enim
2434 1168 2598 1220 malas
2624 1168 2816 1222 habent
2838 1168 3058 1238 linguas;
3091 1167 3142 1223 id
3170 1179 3272 1230 est,
3304 1171 3439 1225 mala
3467 1171 3690 1242 loquun-

2128 1267 2243 1323 tur,
2275 1273 2393 1311 cum
2430 1259 2713 1328 loquuntur
2744 1259 2945 1313 dolum.
2989 1260 3189 1328 Quibus
3218 1262 3487 1317 'Dominus
3522 1264 3687 1318 dicit:

2130 1347 2389 1415 Quomodo
2429 1351 2630 1419 potestis
2654 1350 2781 1405 bona
2824 1352 2993 1421 loqui,
3025 1369 3137 1406 cum
3169 1355 3278 1408 sitis
3321 1356 3440 1408 ntali
3464 1356 3686 1428 (Matth.

2128 1438 2358 1508 xu,‘5i)
2392 1447 2415 1493 ’ί

2199 1528 2511 1582 15.ι.1ηάίεα
2551 1531 2699 1595 illos,
2739 1529 2875 1587 Deus
2909 1547 2928 1587 :
2964 1530 3196 1585 decidant
3238 1549 3269 1586 a
3309 1535 3691 1605 cogitationibus

2128 1619 2250 1671 suis.
2298 1618 2576 1686 Prupbrtia
2608 1631 2717 1686 est,
2750 1635 2851 1675 non
2883 1621 3180 1676 maledictio
3208 1639 3221 1675 :
3251 1640 3354 1676 non
3380 1623 3519 1678 enim
3547 1637 3693 1694 optat

2131 1717 2189 1762 ut
2224 1708 2461 1774 eveniat,
2492 1711 2582 1764 sed
2628 1711 2797 1765 cernit
2822 1711 2947 1781 quid
2974 1724 3281 1767 eventurum
3308 1713 3410 1769 sit:
3437 1716 3697 1782 contingit

2131 1813 2356 1868 namque
2379 1800 2501 1865 illis,
2531 1816 2633 1854 non
2659 1800 2779 1870 quia
2802 1800 3006 1854 videtur
3031 1811 3273 1871 aptasse,
3302 1802 3397 1857 sed
3419 1804 3540 1873 quia
3563 1806 3695 1860 tales
3714 1784 3732 1797 ’

2131 1899 2252 1943 sunt
2268 1900 2322 1944 ut
2343 1891 2530 1943 tnerito
2552 1892 2835 1961 contingat.
2850 1889 2938 1946 Sic
2952 1892 3091 1945 enim
3111 1901 3166 1946 et
3185 1892 3323 1961 quod
3349 1905 3526 1963 postea
3540 1894 3694 1959 dicit.

2133 1977 2387 2033 Lmtenlur
2435 1997 2604 2034 omnes
2668 1982 2753 2051 qui
2800 1992 3005 2050 sperant
3032 1982 3085 2034 in
3123 1990 3194 2046 te,
3230 1997 3323 2049 per
3362 1983 3695 2053 prophetiatn

2132 2071 2290 2134 dicit;
2312 2074 2559 2141 quoniam
2582 2074 2754 2128 cernit
2776 2088 2899 2128 esse
2924 2073 3210 2129 lzctaturos.
3235 2072 3323 2129 Sic
3346 2090 3439 2143 per
3464 2075 3697 2144 prophe-

2133 2164 2258 2216 tiam
2288 2164 2482 2218 dictum
2511 2175 2593 2219 est
2610 2206 2624 2227 ,
2649 2164 2827 2219 Eccita
2853 2166 3119 2234 potentiam
3157 2174 3291 2218 tuam
3315 2176 3361 2219 et
3387 2166 3496 2219 veni
3520 2164 3694 2234 (Psal.

2135 2271 2319 2312 LXXII.
2348 2257 2403 2325 5)
2425 2271 2454 2319 ;-
2481 2256 2725 2324 quoniam
2755 2255 2963 2310 videbat
3009 2270 3127 2311 esse
3171 2266 3469 2311 venturum.
3519 2257 3699 2324 Quan-

2133 2360 2290 2414 quam
2314 2346 2472 2413 possit
2499 2346 2656 2399 etiant
2687 2345 2791 2399 hoc
2818 2343 2975 2399 modo
2998 2346 3160 2415 accipi
3188 2345 3328 2416 quod
3357 2347 3553 2401 dictum
3579 2359 3659 2402 εει
3678 2385 3699 2413 ,

2134 2433 2363 2487 decidant
2389 2451 2421 2485 a
2447 2428 2823 2503 cogitationibus
2867 2434 2971 2487 suis
2994 2476 3008 2499 ,
3042 2443 3099 2488 ut
3147 2437 3313 2505 magis
3348 2436 3482 2490 bene
3517 2436 3585 2490 ab
3632 2450 3701 2490 eo

2134 2534 2369 2593 Optatum
2408 2523 2654 2579 credatur
2673 2567 2687 2591 ,
2715 2526 2839 2579 dum
2867 2525 3062 2580 cadunt
3087 2540 3117 2579 a
3148 2525 3550 2595 cogitationibus
3589 2528 3700 2580 suis

2136 2617 2306 2680 malis,
2338 2616 2388 2669 id
2416 2627 2517 2682 est,
2541 2624 2597 2673 ut
2618 2616 2725 2685 jam
2756 2632 2862 2671 non
2888 2617 3118 2685 cogitent
3142 2618 3302 2671 mala.
3331 2616 3435 2672 Sed
3460 2626 3597 2697 vetat
3620 2617 3699 2673 sic

2138 2710 2353 2779 intelligi
2392 2709 2532 2779 quod
2556 2711 2812 2780 sequitur,
2833 2710 3031 2779 expelle.
3050 2724 3173 2772 eos;
3203 2709 3345 2763 nullo
3370 2709 3511 2763 enim
3542 2710 3703 2763 modo

2140 2809 2308 2875 potest
2335 2800 2386 2858 in
2416 2802 2605 2856 bonam
2633 2809 2830 2875 partem
2856 2800 3021 2873 accipi
3048 2841 3063 2865 ,
3094 2815 3210 2852 cum
3237 2800 3458 2869 quisque
3482 2800 3703 2869 expelli-

2138 2904 2226 2951 tur
2253 2912 2281 2949 a
2314 2897 2442 2951 Deo.
2469 2896 2803 2965 Quapropter
2828 2911 2920 2963 per
2948 2887 3275 2964 prophetiam
3314 2890 3510 2944 dictum
3534 2934 3551 2951 ,
3592 2906 3699 2949 non

2137 3003 2233 3057 per
2280 2986 2696 3041 malevolentiam
2726 2985 3064 3054 intelligitur;
3104 3000 3223 3040 cum
3252 2985 3350 3039 hoc
3375 2985 3574 3040 dictum
3599 2986 3699 3046 sit.

2137 3077 2276 3148 quod
2308 3077 2604 3131 necessario
2629 3076 2819 3130 talibus
2839 3084 3150 3130 evenuirum
3180 3085 3293 3139 est,
3320 3075 3405 3143 qui
3434 3076 3485 3128 in
3513 3089 3703 3144 pecca-

2141 3168 2208 3221 tis
2229 3181 2346 3235 qute
2372 3175 2656 3219 memorata
2685 3174 2808 3220 sunt
2850 3181 3190 3234 perseverare
3235 3166 3514 3235 voluerint.
3554 3163 3704 3218 Deci-

2140 3259 2260 3308 dant
2286 3270 2412 3324 ergo
2452 3272 2483 3308 a
2510 3256 2886 3325 cogitationibus
2908 3258 3040 3320 suis,
3070 3256 3268 3310 dictum
3311 3268 3425 3321 est;
3457 3256 3705 3311 decidant

2140 3339 2504 3399 accusantibus
2530 3360 2587 3400 se
2613 3346 3014 3415 cogitationibus
3042 3347 3170 3411 suis,
3200 3328 3555 3401 testimonium
3583 3362 3704 3415 per-

2144 3435 2356 3490 bibente
2397 3436 2718 3491 conscientia
2761 3450 2887 3503 sua,
2931 3437 3067 3491 sicut
3112 3437 3393 3503 Apostolus
3428 3435 3592 3491 dicit:
3637 3435 3705 3489 Et

2141 3525 2499 3595 cogitationum
2530 3526 2887 3580 accusantium
2937 3542 3023 3578 seu
3052 3525 3455 3594 defendentium,
3492 3525 3546 3579 in
3571 3542 3706 3579 reve-

2143 3614 2326 3668 latione
2338 3615 2469 3685 justi
2478 3615 2663 3685 judicii
2684 3614 2776 3667 Dei
2804 3613 2822 3686 (
2849 3615 3092 3679 Iiwn._tt,
3128 3616 3222 3679 15,
3252 3614 3382 3685 16).

2213 3706 2300 3760 14.
2330 3705 2618 3759 Secundum
2661 3706 3027 3759 multitudinem
3064 3706 3371 3774 impietatunt
3390 3722 3566 3760 eorum
3612 3723 3703 3760 ea:-

2144 3799 2273 3867 pelle
2291 3812 2375 3852 cos
2398 3814 2419 3852 :
2447 3797 2498 3853 id
2523 3806 2623 3863 est,
2642 3797 2795 3868 longe
2821 3812 2914 3852 eos
2940 3798 3182 3867 expelle;
3212 3798 3313 3852 hoc
3336 3806 3418 3853 est
3452 3798 3594 3852 enim
3619 3815 3706 3852 se-

2145 3890 2363 3943 cundum
2398 3890 2765 3944 multitudinem
2805 3889 3328 3958 impietatumeorum,
3383 3900 3441 3942 ut
3480 3889 3707 3943 multum

2145 3981 2491 4051 expelluntur.
2523 3980 2877 4052 Expelluntur
2922 3995 3051 4050 ergo
3082 3980 3227 4049 impii
3270 3980 3337 4033 ab
3363 3980 3448 4033 illa
3482 3978 3708 4036 haeredi-

2147 4081 2254 4128 tate
2281 4087 2399 4142 qua:
2436 4071 2775 4141 intelligendo
2814 4080 2868 4125 et
2904 4071 3133 4125 videndo
3162 4071 3325 4125 Deum
3370 4068 3704 4138 possidetur;

2146 4164 2283 4219 sicut
2305 4164 2644 4234 expelluntur
2658 4163 2881 4218 morbidi
2903 4164 3036 4218 oculi
3056 4162 3256 4231 fulgore
3280 4163 3429 4228 luris,
3456 4177 3577 4217 cum
3606 4164 3709 4218 illis

2147 4271 2209 4311 ea
2237 4270 2392 4325 pana
2419 4266 2500 4311 est
2540 4272 2658 4327 quae
2702 4257 2819 4311 aliis
2843 4256 3041 4311 lauitia.
3070 4254 3184 4309 Non
3232 4270 3359 4325 ergo
3406 4255 3505 4324 ipsi
3552 4272 3710 4311 mane

2148 4352 2413 4417 astabunt,
2441 4361 2496 4406 et
2520 4350 2793 4406 videbunt.
2816 4351 2882 4405 Et
2919 4360 3022 4403 tam
3064 4365 3250 4418 magna
3297 4364 3451 4417 poena
3491 4359 3576 4404 est
3612 4352 3711 4404 ista

2148 4442 2407 4511 expulsio,
2433 4457 2590 4512 quam
2622 4458 2866 4512 magnum
2896 4442 3165 4510 puemium
3192 4449 3276 4496 est
3300 4440 3427 4494 illud
3453 4440 3591 4510 quod
3627 4440 3708 4493 di-

2149 4535 2325 4589 citur:
2357 4533 2489 4588 Mihi
2524 4544 2702 4589 'autent
2750 4534 3007 4589 adlucrere
3054 4531 3161 4586 Deo
3194 4530 3387 4585 bonum
3418 4533 3535 4601 est(
3568 4530 3713 4585 Ρωι.

2151 4641 2313 4690 Lxxu,
2342 4624 2458 4697 28).
2483 4625 2614 4680 Huic
2638 4640 2808 4695 ptume
2835 4625 3155 4679 contrarium
3183 4634 3265 4679 est
3292 4640 3306 4675 :
3338 4622 3482 4677 Intra
3518 4623 3571 4676 in
3590 4638 3714 4691 guu-

2152 4716 2291 4769 dium
2317 4714 2522 4770 Domini
2551 4716 2642 4769 tui.
2694 4715 2826 4782 Quia
2869 4714 2990 4768 huic
3036 4714 3337 4784 expulsioni
3372 4713 3551 4768 simile
3591 4721 3716 4767 est:

2153 4807 2396 4879 Proficite
2430 4808 2575 4863 illum
2623 4807 2677 4861 in
2730 4806 2955 4861 tenebras
3009 4807 3276 4860 exteriores
3328 4803 3558 4877 (Matth.
3591 4802 3730 4872 καί

2151 4900 2241 4966 21,
2272 4901 2383 4965 50).

2226 4994 2311 5048 15.
2342 4991 2594 5057 Quoniam
2611 4991 3061 5044 inamaricaverunt
3089 5000 3154 5056 te,
3182 4990 3408 5045 Domine.
3446 4986 3558 5059 Ego
3590 5004 3720 5055 sum‘

2154 5084 2342 5152 tuquit,
2373 5084 2519 5153 panis
2543 5083 2630 5147 qui
2660 5081 2721 5135 de
2741 5082 2864 5135 ctelo
2889 5081 3123 5135 descendi
3153 5080 3328 5149 (Joan.
3352 5097 3423 5145 Vl,
3447 5079 3534 5150 51)
3588 5096 3601 5130 :
3632 5088 3686 5131 et
3704 5118 3722 5143 ,

2159 5174 2452 5246 Operamini
2478 5191 2643 5229 escam
2669 5189 2781 5242 qua:
2804 5189 2904 5227 non
2923 5173 3262 5243 corrumpitur
3290 5170 3473 5240 (Ibid.,
3492 5168 3605 5240 27):
3638 5181 3723 5232 et,

2157 5264 2382 5327 Gustata,
2408 5275 2454 5319 et
2482 5266 2641 5319 videte
2666 5264 2902 5335 quoniam
2930 5266 3098 5319 suavis
3135 5272 3207 5317 est
3250 5261 3502 5315 Dominus
3549 5260 3722 5330 (Psal.

2155 5374 2338 5423 xum,
2370 5358 2446 5428 9).
2471 5357 2842 5413 Peccatoribu‘s
2880 5367 3057 5414 autem
3091 5354 3240 5426 panis
3282 5351 3522 5407 veritatis
3569 5366 3719 5404 ama-

2156 5466 2246 5506 rus
2273 5459 2391 5514 est;
2418 5448 2559 5503 unde
2598 5464 2659 5504 os
2707 5463 2829 5503 vera
2877 5448 3102 5503 dicentis
3150 5443 3393 5499 oderunt.
3437 5440 3541 5510 Ipsi
3596 5453 3725 5508 ergo

2158 5540 2632 5596 inamaricaverunt
2678 5540 2862 5605 Deum,
2902 5541 2987 5610 qui
3031 5535 3301 5607 peccando
3324 5534 3377 5588 in
3405 5548 3521 5587 eam
3558 5535 3718 5602 πετή-

2224 5654 2239 5684 ι
2265 5661 2465 5711 quatuor
2489 5657 2613 5711 35s.,
2638 5658 2827 5714 peccato
2847 5664 2929 5701 suo
2952 5650 3265 5700 consummato
3287 5644 3571 5693 moriuntur.
