4046 6200
317 336 395 395 89
722 280 727 284 ’
1420 327 1826 385 ΕΝΛΒΒΑΤΙΟ
1859 325 1920 378 lN
1960 325 2273 384 Issenmt
2313 330 2401 387 Vl.
2650 294 2653 297 ’
3278 338 3281 347 ί
3489 344 3561 401 oo

312 443 554 496 tudinem
596 440 942 503 devenerunt,
985 452 1038 495 nt
1083 441 1257 495 cibum
1318 443 1572 506 veritatis,
1600 455 1704 510 quo
1744 453 1885 493 sana:

310 537 511 587 anima:
567 535 819 603 gaudent,
888 547 1129 603 tanquam
1190 533 1401 587 felicum
1463 534 1722 587 sustinere
1780 546 1886 585 non

250 655 261 669 ι
313 626 542 695 possint.

395 716 482 770 iii.
513 713 527 786 [
553 730 683 768 vers.
709 712 829 787 12.]
854 715 916 767 Et
943 715 1170 767 [tutentur
1186 730 1353 767 omnes
1381 731 1466 789 qui
1488 722 1694 783 sperant
1718 712 1771 765 in
1793 722 1839 764 te
1867 727 1881 764 :

312 807 501 876 utique
555 806 631 858 illi
676 806 862 874 quibus
907 806 1236 874 gustantibus
1281 806 1457 859 suavis
1483 814 1566 859 est
1611 798 1882 859 Dominus.

318 897 388 952 In
412 907 651 951 internum
676 898 1009 962 manabunt,
1038 907 1081 950 et
1101 897 1397 951 inhabitabis
1425 897 1476 949 in
1497 898 1565 950 eis
1584 913 1604 957 _:
1623 896 1729 965 ipsa
1757 911 1885 965 ergo

312 988 425 1042 erit
454 996 651 1043 :eterna
674 988 979 1056 exsultatio,
1004 1002 1123 1042 cum
1152 988 1401 1056 templum
1434 987 1523 1042 Dei
1553 988 1683 1041 ﬁunt
1720 987 1882 1053 just:;

310 1088 375 1132 et
395 1078 497 1132 erit
516 1078 768 1148 gaudium
798 1079 1052 1147 ipsorum,
1085 1079 1196 1147 ipse
1219 1078 1387 1133 incola
1412 1078 1427 1110 ¹
1455 1084 1658 1132 eorum.
1685 1076 1754 1131 Et
1772 1078 1882 1148 glo-

312 1171 584 1225 riabuntur
600 1173 655 1226 in
698 1182 745 1225 te
786 1188 954 1227 omnes
972 1173 1055 1241 qui
1079 1172 1290 1240 diligunt
1342 1186 1522 1225 nomen
1559 1182 1700 1225 tuum
1726 1179 1884 1224 :tan-

309 1278 478 1333 quam
506 1279 628 1318 eum
655 1263 807 1318 adest
833 1264 911 1319 eis
936 1264 1001 1317 ad
1032 1264 1306 1319 fruendum
1357 1263 1496 1333 quod
1542 1263 1783 1332 diligunt.
1818 1263 1885 1317 Et

309 1353 456 1409 bene
474 1353 530 1408 in
559 1365 625 1418 te,
654 1362 899 1424 tanquam
924 1354 1251 1423 possidentes
1282 1352 1641 1409 ltmrcditatem
1682 1352 1749 1407 de
1782 1368 1881 1421 qua

311 1445 500 1500 titulus
528 1446 715 1514 psalmi
757 1454 858 1511 est,
907 1461 1027 1501 eum
1053 1454 1107 1499 et
1152 1445 1250 1513 ipsi
1281 1445 1386 1499 sint
1423 1444 1538 1513 ejus
1581 1443 1879 1509 bmreditas,

311 1538 459 1606 quod
487 1537 768 1608 signiﬁcat,
796 1538 1098 1592 inhabitabis
1124 1539 1176 1592 in
1201 1538 1291 1592 eis.
1319 1539 1359 1590 A
1392 1552 1495 1606 quo
1537 1536 1675 1590 bono
1700 1534 1879 1604 probi-

310 1628 507 1684 110111111-
554 1646 689 1700 quos
759 1631 1048 1686 secundum
1121 1630 1508 1685 multitudinem
1554 1628 1879 1699 impietatum

310 1734 495 1774 eorum
520 1720 733 1788 expellit
759 1720 912 1775 Deus.

381 1812 470 1864 i7.
501 1809 523 1883 ι
552 1828 679 1864 vers.
711 1809 829 1883 15.]
863 1810 1110 1876 Quoniam
1147 1820 1199 1866 tu
1226 1810 1481 1866 benedices
1494 1812 1689 1881 justum
1719 1825 1738 1864 :
1768 1809 1881 1865 ba‘c

312 1909 394 1952 est
422 1900 745 1965 benedictio,
788 1901 1004 1971 gloriari
1047 1902 1097 1955 in
1123 1902 1251 1968 Deo,
1302 1911 1357 1956 et
1383 1900 1662 1956 inhabitari
1690 1916 1718 1953 a
1750 1901 1875 1955 Deo.

314 1988 415 2043 ista
445 1991 791 2045 sanctiﬁcatio
818 1992 1126 2047 conceditur
1148 1991 1334 2062 justis;
1365 1991 1457 2047 sed
1504 2002 1558 2046 ut
1585 1988 1880 2061 justiﬁcen—

314 2086 415 2144 tur,
447 2081 697 2149 praecedit
742 2083 965 2146 vacatio,
1010 2098 1128 2153 qute
1158 2097 1261 2137 non
1313 2090 1398 2138 est
1421 2083 1751 2148 meritorum,
1782 2081 1874 2136 sed

310 2172 492 2238 gratia:
522 2171 614 2227 Dei
641 2190 654 2226 :
682 2186 867 2227 omnes
886 2174 1029 2227 enim
1063 2184 1433 2242 peccaverunt,
1464 2182 1518 2227 et
1557 2181 1717 2244 egent
1757 2173 1871 2241 glo-

311 2261 385 2313 ria
431 2260 525 2315 Dei
580 2260 753 2334 (Rom.
782 2278 857 2324 111.
885 2262 997 2332 25).
1038 2262 1181 2331 Quos
1218 2263 1358 2318 enim
1400 2263 1623 2329 vocavit,
1683 2263 1780 2318 bos
1822 2272 1875 2318 et

307 2350 643 2419 justiﬁeavit;
673 2370 809 2424 quos
835 2367 1009 2411 autem
1039 2354 1366 2424 justiﬁeavit,
1394 2355 1492 2410 hos
1515 2364 1569 2411 et
1611 2355 1871 2427 gloriﬁca-

310 2444 383 2496 vit
413 2442 524 2513 (Id.
553 2460 666 2507 vm,
693 2446 807 2515 50).
834 2446 966 2515 Quia
991 2454 1117 2516 ergo
1160 2448 1364 2502 voeatio
1413 2463 1520 2504 non
1562 2449 1868 2503 meriturum

309 2543 629 2598 nostrorum,
698 2535 793 2591 sed
839 2536 1217 2593 benevolentiae
1267 2545 1322 2592 et
1365 2537 1737 2593 misericordia:
1778 2539 1867 2593 Dei

309 2637 412 2692 est,
437 2627 896 2697 snbjeeitdieens:
923 2629 1152 2696 Domine,
1186 2640 1239 2684 ut
1268 2640 1405 2685 scuto
1436 2630 1577 2685 bona:
1600 2631 1870 2685 voluntatis

311 2730 411 2773 tua!
444 2720 698 2773 coronain
730 2736 859 2786 nos;
907 2719 1043 2774 bona
1067 2721 1208 2774 enim
1237 2720 1479 2776 voluntas
1505 2721 1598 2775 Dei
1621 2720 1869 2791 praecedit

309 2808 499 2862 bonam
541 2810 862 2864 voluntatem
889 2819 1142 2871 nostram.
1191 2819 1247 2864 ut
1274 2820 1578 2879 peccatores
1626 2821 1777 2866 vocet
1816 2813 1867 2866 in

307 2901 691 2970 pernitentiam.
741 2903 802 2956 Et
842 2903 949 2970 ipsa
980 2912 1103 2955 sunt
1127 2918 1268 2957 arma
1308 2901 1496 2970 quibus
1540 2912 1869 2972 expugnatur

308 2991 575 3057 inimicus,
605 3002 787 3047 contra
810 3009 965 3067 qut-ut
996 2993 1184 3048 dicitur
1216 3011 1228 3046 :
1263 2993 1389 3058 Quis
1414 2993 1663 3046 accusabit
1686 2992 1864 3046 adver.

304 3100 387 3138 sus
404 3083 588 3138 electos
616 3083 746 3137 Dei?
765 3094 838 3148 et,
860 3084 921 3139 Si
943 3083 1080 3139 Deus
1108 3101 1198 3154 pro
1219 3084 1379 3147 nobis,
1401 3084 1514 3154 quis
1535 3094 1706 3137 contra
1732 3100 1822 3137 nos
1839 3084 1865 3137 ?

308 3177 402 3241 Qui
428 3167 744 3230 wrico'Filio
773 3193 864 3231 suo
894 3194 992 3230 non
1036 3178 1273 3246 pepercit,
1301 3176 1388 3230 sed
1415 3191 1505 3245 pro
1533 3176 1673 3230 nobis
1701 3177 1863 3231 omni-

305 3266 389 3321 bus
412 3268 624 3319 tradidit
642 3269 783 3320 illum
823 3267 1008 3334 (Ibid,
1034 3268 1123 3328 51.
1154 3268 1266 3338 5'5).
1301 3268 1362 3323 Si
1381 3268 1510 3322 enim
1539 3269 1705 3343 adhuc
1752 3285 1865 3321 cum

304 3361 490 3414 inimici
514 3377 748 3419 essemus.
774 3360 999 3414 Christus
1022 3377 1113 3429 pro
1139 3362 1279 3414 nobis
1316 3372 1540 3416 mortuus
1561 3371 1631 3416 est
1707 3361 1863 3415 multo

302 3455 463 3523 magis
488 3452 812 3516 reconciliati,
842 3455 967 3507 salvi
983 3506 991 3520 ,
1011 3455 1193 3508 erimus
1219 3454 1280 3507 ab
1300 3456 1378 3508 ira
1406 3472 1495 3524 per
1536 3456 1700 3526 ipsum
1753 3453 1859 3525 (1d.

300 3557 353 3601 τ.
380 3545 434 3606 9,
460 3544 569 3598 101.
604 3544 713 3597 11110
761 3554 841 3597 cst
874 3545 1270 3600 invictissimum
1298 3555 1523 3609 scutum,
1551 3562 1654 3613 quo
1684 3546 1857 3614 repel-

302 3632 426 3686 litur
454 3634 697 3688 inimicus
723 3634 1143 3703 desperationem
1181 3636 1368 3690 salutis
1398 3651 1684 3707 suggerens
1728 3637 1861 3691 mtil—

300 3725 522 3779 titndine
556 3726 950 3780 tribulationtnn
967 3736 1022 3781 et
1048 3728 1417 3781 tentationum.

373 3818 456 3870 l8.
490 3816 657 3869 Tutus
684 3832 811 3886 ergo
832 3827 1005 3871 textus
1027 3818 1218 3871 Psalmi
1244 3828 1325 3871 est
1353 3819 1521 3873 oratio
1540 3827 1597 3873 ut
1616 3819 1864 3874 exaudia—

300 3914 416 3966 tur;
447 3906 517 3960 ab
543 3924 610 3961 eo
626 3908 765 3976 quod
794 3909 1044 3976 scriptum
1067 3918 1166 3967 est,
1208 3907 1369 3962 Verba‘
1385 3926 1493 3962 mea
1521 3910 1722 3974 exaudi,
1756 3909 1860 3963 Do-

300 3996 452 4057 mine,
486 3997 655 4066 11811110
672 3996 760 4062 ad,
792 3999 901 4052 Rea:
923 4015 1060 4051 meus
1101 4009 1148 4051 et
1179 3999 1313 4053 Deus
1332 4017 1489 4053 meus.
1536 4000 1739 4056 Deinde
1782 4003 1863 4055 in-

299 4090 544 4144 telleetus
562 4106 744 4144 eorum
772 4106 888 4161 quae
927 4091 1218 4158 impediunt
1253 4092 1319 4146 ad
1352 4092 1631 4147 videndum
1675 4094 1859 4156 Deum,

297 4181 353 4235 id
383 4193 484 4245 est,
518 4192 577 4236 ut
622 4197 680 4236 se
708 4183 1005 4237 exauditam
1034 4198 1152 4237 esse
1192 4192 1504 4253 cognoscat;
1537 4184 1602 4238 ab
1631 4200 1694 4239 eo
1722 4185 1859 4254 quod

294 4271 552 4338 scriptum
603 4281 706 4335 est,
755 4271 1002 4337 Quoniam
1050 4272 1118 4324 ad
1160 4283 1207 4326 te
1238 4272 1408 4337 orabo,
1455 4272 1685 4339 Domine,
1719 4291 1863 4328 mane

295 4363 533 4417 mudies
552 4379 716 4416 vocem
741 4380 919 4427 meam,
950 4380 1116 4431 usque
1155 4368 1241 4430 ad,
1280 4363 1451 4418 Virum
1479 4365 1777 4435 sanguinum
1812 4377 1861 4420 et

296 4454 530 4511 delusum
556 4453 925 4507 abominabitur
962 4454 1225 4508 Dominus.
1253 4456 1452 4521 Tertio,
1479 4465 1657 4525 Sperat
1683 4472 1741 4511 se
1766 4457 1861 4511 do-

296 4562 444 4599 mum
492 4546 581 4599 Dei
636 4546 883 4607 l'uturam,
928 4556 982 4601 et
1027 4548 1236 4602 nunc-ei
1269 4550 1687 4619 appropinquare
1714 4551 1765 4603 in
1799 4552 1862 4604 ti-

298 4652 450 4692 more
478 4646 603 4691 ante
629 4639 1136 4692 cnnsummationem
1167 4655 1285 4708 qua:
1331 4620 1542 4709 expellit
1581 4642 1817 4694 timorem
1842 4658 1856 4706 ;

295 4727 368 4779 ab
388 4742 456 4781 eo
493 4727 635 4797 quod
673 4728 925 4798 scriptum
971 4738 1073 4793 est,
1118 4728 1228 4799 Ego
1255 4740 1419 4783 autem
1470 4731 1521 4783 in
1550 4732 1862 4786 multitudine

295 4818 630 4871 miserationis
660 4828 777 4880 tum,
808 4835 971 4888 usque
995 4820 1080 4881 ad,
1110 4822 1341 4875 Adorabo
1365 4823 1432 4874 ad
1478 4822 1715 4892 tentplum
1739 4816 1859 4877 san:

296 4918 349 4961 ct
359 4926 437 4961 11111
458 4919 598 4962 tuum
625 4911 676 4962 in
701 4912 875 4964 timore
889 4921 992 4965 tuo.
1011 4912 1229 4979 Quarto,
1246 4912 1603 4980 proﬁcientem
1625 4930 1683 4969 se
1701 4925 1861 4983 atque

299 5009 697 5068 promerentem
722 5000 857 5054 inter
883 5001 966 5055 1111
987 5002 1096 5071 ipsa
1117 5003 1307 5072 quibus
1333 5003 1570 5072 impediri
1598 5018 1655 5058 se
1680 5008 1858 5070 sentit,

296 5099 418 5143 orat
459 5101 517 5143 ut
542 5091 823 5160 adjuvetur
863 5093 1198 5153 intrinsecus.
1252 5095 1336 5149 ubi
1387 5109 1543 5150 nemo
1590 5096 1858 5159 bntnintnn

295 5180 463 5239 videt.
486 5198 554 5237 ne
573 5192 840 5238 avertatur
856 5185 1006 5238 malis
1024 5185 1212 5254 linguis
1233 5200 1247 5248 ;
1271 5185 1337 5237 ab
1363 5203 1427 5240 eo
1447 5188 1585 5256 quod
1609 5191 1858 5256 scriptum

294 5282 401 5335 est,
435 5271 666 5338 Domine,
693 5274 854 5327 deduc
914 5291 991 5327 me
1014 5275 1065 5328 in
1096 5287 1180 5329 tua
1198 5278 1400 5346 justitia
1447 5290 1650 5347 propter
1695 5282 1860 5335 inimi-

295 5377 384 5415 cos
430 5379 586 5428 meos,
626 5379 792 5433 usque
854 5364 941 5429 ad,
988 5365 1193 5435 Linguis
1246 5368 1353 5420 suis
1406 5369 1577 5422 dolose
1627 5372 1855 5441 agebant.

298 5454 518 5519 Quinto,
574 5455 848 5525 prephetia
895 5465 977 5510 est
1023 5472 1137 5524 quae
1181 5473 1333 5527 ptena
1391 5471 1601 5515 maneat
1647 5463 1855 5533 impios,

295 5545 512 5614 quando
529 5546 702 5613 justus
729 5547 810 5599 vix
837 5548 1010 5599 salvus
1034 5548 1154 5613 erit,
1193 5559 1245 5602 et
1266 5552 1404 5618 quod
1430 5554 1696 5618 pra-mium
1728 5554 1857 5622 justi

298 5635 545 5704 adepturi
571 5637 697 5700 sint,
726 5638 810 5706 qni
846 5637 1016 5691 vocati
1043 5650 1301 5692 venerunt
1323 5651 1376 5694 et
1404 5643 1571 5698 1101100
1601 5647 1854 5715 perduce—

356 5749 373 5776 ι
399 5745 473 5796 sic
495 5747 847 5809 “amantiores
997 5755 1045 5795 .tt
1069 5748 1222 5808 editi.,
1245 5747 1488 5805 iaculatus.

1243 5967 1269 5993 ο

1994 448 2175 492 rentur
2235 440 2454 496 viriliter
2504 444 2675 498 omnia
2723 446 3117 512 sustinuerunt;
3186 452 3252 508 ab
3299 466 3363 507 eo
3414 456 3557 524 quod

1990 531 2242 599 scriptum
2296 543 2397 599 est,
2454 533 2641 589 Judtca
2693 539 2828 605 illos,
2863 538 3021 610 Deus,
3066 558 3232 614 usque
3292 562 3342 600 tn
3392 545 3573 621 linem.

1992 620 2204 676 Psalmi.

3218 767 3551 783 —_~——-

2453 832 2535 893 IN
2578 835 2950 899 PSALMUM
2983 840 3067 902 VI

2546 954 2958 1013 ENARRATIO.

2078 1030 2344 1133 In‘ﬁnem,
2371 1068 2422 1121 in
2460 1069 2654 1139 hymnis
2680 1070 2743 1126 de
2772 1082 2961 1141 octavo,
2992 1075 3228 1133 Psalmus
3265 1076 3453 1133 Dauid.

2064 1181 2108 1233 l.
2135 1178 2154 1252 [
2181 1196 2303 1234 vers.
2336 1181 2414 1255 1,]
2459 1182 2535 1237 De
2576 1194 2763 1252 octavo,
2827 1187 2914 1244 bie
2971 1190 3182 1247 videtur
3229 1193 3552 1262 obscurum;

1988 1285 2106 1325 nam
2143 1280 2328 1327 extera
2380 1274 2433 1328 in
2478 1274 2580 1331 boc
2613 1278 2764 1333 titulo
2805 1281 3162 1337 manifestiora
3191 1296 3333 1342 sunt.
3367 1286 3550 1342 Visum
3634 1324 3635 1327 η
3724 1290 3731 1295 ‘

1985 1373 2271 1419 astantem
2320 1368 2587 1423 nonnullis
2616 1369 2754 1425 diem
2800 1371 2981 1441 judicii
3011 1374 3326 1444 signiﬁcare,
3374 1378 3422 1433 id
3468 1389 3553 1433 est

1984 1464 2191 1522 temg-us
2215 1457 2473 1513 adventus
2516 1461 2725 1517 Domini
2774 1465 2961 1530 nostri,
3002 1481 3109 1535 quo
3163 1479 3416 1525 venturus
3471 1480 3552 1525 est

1979 1546 2217 1617 judicare
2245 1549 2393 1603 vivos
2423 1559 2476 1605 et
2506 1560 2761 1607 mortuos.
2791 1553 2890 1621 Qui
2920 1554 3198 1618 adventus,
3228 1560 3551 1627 computatis

1983 1638 2136 1691 annis
2164 1639 2232 1694 ab
2260 1639 2445 1705 Adam,
2471 1652 2588 1710 post
2613 1634 3101 1713 septem'annorum
3143 1647 3306 1702 millia
3346 1649 3551 1704 futurus

1982 1730 2251 1795 creditur;
2281 1740 2336 1785 ut
2362 1742 2562 1802 septem
2590 1749 2846 1790 annorum
2876 1737 3043 1792 millia
3070 1748 3317 1808 tanquam
3344 1728 3549 1808 septem

1981 1818 2094 1875 dies
2124 1831 2412 1887 transeant,
2444 1823 2634 1879 deinde
2655 1826 2783 1881 illud
2806 1836 3009 1898 tempus
3042 1839 3287 1901 tanquam
3315 1832 3431 1887 dies
3456 1847 3550 1887 oc-

1984 1922 2133 1968 tavus
2161 1914 2428 1970 adveniat.
2461 1918 2561 1972 Sed
2584 1920 2830 1988 quoniam
2856 1920 3058 1976 dictum
3097 1933 3180 1978 est
3219 1940 3248 1977 a
3278 1924 3502 1977 Domino
3530 1942 3545 1977 :

1983 2002 2104 2058 Non
2132 2015 2203 2058 est
2221 2017 2434 2060 vestrum
2456 2009 2584 2063 scire
2603 2019 2825 2080 tempora
2849 2028 2959 2080 qua
2984 2010 3141 2067 Pater
3175 2013 3338 2084 posuit
3374 2016 3425 2068 in
3454 2032 3547 2068 sua

1981 2105 2221 2164 potestate
2246 2099 2381 2165 (Act.
2413 2115 2450 2164 1,
2475 2099 2553 2170 7),
2581 2110 2635 2155 et
2663 2119 2676 2154 :
2708 2100 2785 2155 De
2809 2102 2890 2157 die
2925 2119 3037 2158 vero
3065 2113 3111 2158 et
3134 2104 3224 2159 illa
3248 2105 3372 2158 hora
3403 2123 3546 2157 nemo

1978 2187 2091 2254 scit,
2134 2206 2288 2259 neque
2341 2192 2568 2262 angelus,
2616 2210 2773 2264 neque
2821 2196 2995 2258 uirtus,
3029 2213 3185 2273 neque
3229 2197 3417 2262 Filius,
3449 2199 3547 2252 nisi

1976 2281 2114 2334 solus
2139 2279 2294 2334 Pater
2314 2280 2527 2350 (Matth.
2565 2300 2712 2350 xxrv,
2742 2286 2855 2357 56),
2884 2296 2939 2341 et
2964 2287 3092 2342 illud
3117 2288 3255 2358 quod
3285 2290 3542 2358 scriptum

1977 2380 2078 2434 est,
2106 2384 2349 2438 tanquam
2379 2375 2545 2451 furem
2568 2378 2750 2433 venire
2792 2379 2930 2434 diem
2978 2381 3184 2435 Domini
3210 2381 3250 2453 (1
3282 2382 3457 2436 Thess.
3488 2399 3540 2450 v,

1973 2461 2051 2533 2),
2081 2466 2212 2518 satis
2239 2477 2424 2534 aperte
2448 2469 2680 2523 ostendit
2711 2472 2974 2527 neminem
3000 2473 3098 2527 sibi
3126 2485 3373 2543 oportere
3393 2491 3545 2528 arro-

1973 2569 2099 2624 gare
2128 2556 2403 2612 scientiam
2446 2558 2584 2613 illius
2627 2563 2899 2630 temporis,
2929 2566 3323 2633 computatione
3363 2566 3537 2636 aliqua

1971 2662 2251 2701 annorum.
2310 2649 2368 2703 Si
2406 2652 2546 2725 enim
2587 2662 2708 2723 post
2728 2664 2929 2723 septem
2958 2656 3120 2711 millia
3166 2673 3424 2712 annorum
3452 2659 3541 2712 ille

1971 2735 2086 2791 dies
2110 2749 2366 2795 venturus
2393 2751 2492 2806 est,
2522 2746 2693 2797 omnis
2721 2743 2881 2799 1101110
2912 2754 3085 2814 potest
3117 2748 3271 2802 annis
3316 2763 3539 2816 compn—

1971 2828 2091 2881 tatis
2111 2829 2394 2883 adventum
2426 2832 2544 2898 ejus
2581 2832 2855 2890 addiscere
2888 2836 3015 2890 :ubi
3066 2839 3169 2891 erit
3208 2853 3356 2907 ergo,
3396 2840 3537 2911 quod

1970 2932 2068 2972 nec
2094 2919 2258 2973 Filius
2298 2921 2396 2976 1100
2439 2922 2616 2976 novit?
2659 2924 2809 2992 Quod
2835 2926 3017 2996 utique
3049 2927 3168 2981 ideo
3190 2928 3387 2984 dictum
3431 2942 3535 2991 est.

1968 3009 2088 3077 quia
2112 3025 2205 3078 per
2228 3006 2414 3066 Filium
2445 3013 2690 3070 homines
2729 3016 2829 3071 ltoc
2852 3032 2955 3071 non
2979 3019 3206 3081 discunt,
3249 3035 3351 3073 non
3397 3036 3478 3089 (Illi
3502 3020 3535 3074 d

1967 3100 2105 3167 apud
2156 3119 2213 3167 se
2256 3104 2367 3172 ipse
2397 3120 2499 3159 non
2555 3108 2781 3169 neverit,
2813 3109 3102 3164 secundum
3140 3111 3280 3164 illam
3315 3110 3537 3167 locutio-

1966 3205 2111 3258 nem,
2142 3192 2316 3247 Tcutat
2342 3211 2426 3249 vos
2448 3194 2696 3252 Dominus
2722 3193 2862 3255 Deus
2885 3210 3057 3268 vester,
3090 3211 3142 3255 ut
3185 3203 3310 3256 sciat
3358 3201 3529 3275 (Dent.

1968 3300 2079 3348 11111,
2102 3285 2179 3353 5),
2208 3287 2255 3339 id
2288 3296 2387 3351 est,
2414 3289 2550 3344 scire
2579 3291 2736 3346 faciat
2755 3308 2876 3359 vos;
2921 3302 2995 3361 et,
3031 3294 3277 3366 Exsurge,
3320 3294 3536 3351 Domine

1973 3374 2139 3444 (Psal.
2172 3392 2248 3437 111,
2270 3375 2345 3449 7),
2372 3378 2421 3433 id
2449 3387 2550 3447 est,
2581 3380 2664 3435 fac
2690 3399 2786 3437 1108
2811 3399 3113 3455 exsurgere.
3147 3386 3278 3440 Clin)
3308 3402 3435 3456 ergo
3464 3388 3530 3440 ita

1965 3466 2171 3521 dicatur
2194 3470 2398 3525 nescire
2427 3469 2594 3527 Filius
2618 3472 2760 3529 hunc
2793 3475 2955 3542 diem,
2987 3492 3094 3531 non
3132 3477 3272 3547 quod
3311 3479 3529 3537 nesciat.

1968 3559 2063 3614 sed
2097 3561 2237 3630 quod
2269 3560 2475 3618 nescire
2501 3563 2658 3620 faciat
2682 3583 2774 3622 cos
2800 3568 2992 3637 quibus
3037 3568 3140 3623 hoc
3169 3586 3273 3623 non
3317 3570 3530 3638 expedit

1967 3651 2122 3717 scire,
2153 3652 2200 3706 id
2230 3663 2332 3718 est,
2369 3670 2471 3708 non
2498 3656 2577 3710 eis
2599 3658 2699 3712 1100
2721 3660 2999 3720 ostendat;
3026 3659 3150 3729 quid
3174 3660 3273 3713 sibi
3297 3660 3410 3713 vult
3440 3678 3530 3711 ne.

1964 3741 2077 3795 seio
2105 3759 2220 3811 qua!
2244 3748 2605 3817 prmsumptiu,
2630 3763 2747 3816 quae
2771 3749 2924 3801 annis
2948 3749 3268 3816 computatis
3288 3750 3528 3803 certissi-

1964 3847 2106 3886 mum
2136 3846 2314 3904 sperat
2339 3849 2456 3907 post
2498 3847 2701 3907 septeni
2746 3853 3005 3892 annorum
3051 3838 3212 3893 millia
3242 3838 3381 3893 diem
3429 3839 3527 3893 Do-

1963 3922 2090 3975 mini
2107 3922 2132 3977 ἲ

2033 4011 2084 4066 2.
2120 4013 2224 4066 Nos
2247 4014 2425 4084 igitur,
2457 4016 2596 4087 quod
2625 4017 2832 4073 nescire
2853 4008 2951 4074 nos
2975 4019 3230 4075 Dominus
3254 4020 3440 4082 voluit,
3467 4023 3532 4075 li-

1964 4105 2149 4161 benter
2178 4108 2494 4174 nesciamus,
2525 4120 2578 4164 et
2601 4104 2899 4180 qitmrantus
2925 4112 3048 4179 quid
3077 4112 3202 4168 velit
3221 4112 3318 4169 sibi
3337 4108 3433 4168 iste
3462 4115 3529 4169 ti-

1966 4194 2126 4259 Iulus,
2154 4197 2241 4265 qui
2288 4198 2536 4252 scribitur
2562 4198 2635 4255 De
2672 4209 2862 4285 octavo.
2892 4202 3071 4257 Potest
3096 4202 3330 4272 quidem,
3368 4206 3528 4259 etiam

1963 4289 2103 4342 nulla
2135 4305 2390 4343 annorum
2449 4292 2725 4346 temeraria
2766 4294 3160 4363 supputatione,
3208 4292 3321 4348 dies
3346 4292 3527 4363 judicii

1961 4390 2178 4435 octavus
2214 4381 2451 4449 intelligi.
2481 4381 2620 4452 quod
2656 4382 2763 4452 jam
2793 4390 2914 4453 post
2966 4384 3127 4439 ﬁnem
3170 4384 3324 4453 hujus
3348 4380 3527 4439 81001111

1962 4483 2176 4541 accepta
2203 4480 2400 4528 (Elt'l'lla
2429 4476 2555 4540 vita,
2584 4483 2706 4532 tunc
2741 4492 2843 4529 non
2871 4484 3026 4530 erunt
3053 4476 3242 4530 anima:
3262 4477 3525 4543 justornm

1962 4563 2204 4617 obnoxiae
2255 4567 2617 4634 temporibus:
2650 4575 2703 4622 et
2764 4566 3011 4636 quoniam
3061 4556 3236 4619 omnia
3291 4575 3525 4634 tempora

1962 4664 2164 4722 St‘pletll
2192 4654 2394 4708 dierum
2426 4658 2641 4710 istorum
2689 4657 2999 4724 repetitione
3029 4655 3328 4719 volvuntur,
3382 4667 3527 4710 octa-

1961 4760 2060 4797 vns
2091 4744 2220 4798 forte
2249 4746 2333 4798 ille
2355 4747 2525 4816 dictus
2548 4755 2649 4812 est,
2678 4746 2763 4816 qui
2794 4746 3096 4800 varietatem
3119 4744 3269 4799 istam
3299 4761 3401 4798 non
3434 4745 3525 4800 ba-

1963 4836 2125 4890 bcbit.
2159 4837 2252 4890 Est
2280 4813 2419 4897 aliud
2448 4838 2584 4908 quod
2615 4813 2817 4891 hic—non
2855 4836 3085 4891 absurde
3123 4838 3286 4906 accipi
3334 4848 3525 4906 potest,

1963 4939 2315 4991 curnctavum
2339 4928 2836 4997 dicaturjudicium,
2858 4929 2996 4998 quod
3039 4938 3157 4998 pot
3195 4929 3326 4985 duas
3361 4944 3524 4999 gene-

1964 5019 2196 5073 rationes
2218 5018 2447 5073 l'utumm
2478 5027 2577 5082 est,
2613 5034 2767 5072 unam
2799 5035 2923 5086 qum
2949 5019 3014 5073 ad
3063 5036 3273 5088 corpus,
3304 5019 3524 5072 alteram

1963 5126 2079 5177 qnze
2120 5109 2185 5162 ad
2221 5111 2447 5163 animant
2497 5111 2741 5179 pertinet.
2781 5110 2861 5165 Ab
2890 5110 3054 5189 Adam
3099 5113 3235 5165 enim
3270 5128 3433 5181 usque
3458 5111 3524 5165 ad

1965 5200 2178 5270 Moysen
2205 5215 2371 5267 genus
2400 5200 2690 5253 humanum
2734 5201 2861 5255 vixit
2901 5217 2962 5256 ex
2994 5217 3237 5270 corpore,
3264 5202 3312 5255 id
3338 5215 3412 5256 est
3438 5216 3524 5256 se-

1963 5291 2189 5344 cundum
2232 5306 2443 5345 carnem
2478 5309 2491 5345 :
2523 5292 2608 5360 qui
2639 5282 2796 5346 etiam
2836 5294 3069 5347 exterior
3109 5304 3338 5348 etvetus
3370 5294 3525 5348 11111110

1961 5380 2153 5433 dicitur
2198 5379 2408 5450 (Ep/tes.
2443 5397 2513 5443 Iv,
2541 5381 2655 5450 ΕΞ),
2700 5392 2769 5436 et'
2796 5384 2878 5436 cui
2923 5382 3084 5439 Vetus
3130 5383 3520 5438 Testamentum

1963 5473 2142 5526 datum
2171 5483 2272 5535 est,
2303 5483 2357 5527 ut
2401 5475 2640 5543 quamvis
2679 5474 2959 5544 religiosis,
3012 5486 3184 5529 tamen
3224 5475 3520 5529 carnalibus

1961 5564 2133 5617 adhuc
2175 5564 2565 5632 operationibus
2602 5561 2771 5617 futura
2820 5564 3107 5632 Spiritnalia
3163 5565 3519 5633 praesignarct.

1962 5656 2073 5710 Hoc
2104 5666 2211 5709 toto
2241 5665 2476 5724 tempore
2515 5672 2619 5725 quo
2666 5655 2952 5710 secundum
2993 5672 3184 5724 corpus
3227 5652 3518 5715 vivebatur,

1961 5747 2179 5817 regnavit
2210 5764 2358 5815 mors,
2408 5748 2540 5801 sicut
2589 5749 2869 5817 Apostolus
2913 5750 3016 5811 ait,
3049 5748 3191 5799 etiam
3217 5747 3264 5796 in
3304 5761 3386 5799 ws
3432 5742 3519 5814 qui
