4046 6200
507 321 564 380 9t
899 288 905 299 ’
1731 313 1786 369 ε.
1831 308 2187 370 AUGUSTI?"
2231 310 2523 368 muscam
3666 321 3738 376 9,3

510 454 609 491 non
645 441 982 504 peccaverunt.
1007 426 1261 500 Regnavit
1290 436 1461 482 autem
1485 443 1545 481 ex
1570 428 1911 481 similitudine'
1934 440 2061 495 pra!-

509 544 553 581 ιιι
574 534 601 580 r
620 527 827 579 rationis
854 524 993 584 Adw,
1025 522 1158 576 sicut
1182 521 1317 575 idem
1340 520 1491 583 dicit;
1522 524 1768 591 quoniam
1813 535 1965 589 usque
2004 520 2071 571 ad

518 618 725 688 Moysen
768 614 943 683 (Rom.
972 630 1024 680 v,
1072 613 1158 683 ll)
1200 612 1559 681 accipiendum
1607 621 1706 675 est,
1760 628 1864 680 quo
1908 626 2070 681 usque

509 710 665 778 Legis
695 723 874 776 opera,
905 706 954 759 id
983 716 1062 765 est
1105 707 1385 760 carnaliter
1430 706 1707 760 observata
1758 705 1846 758 illa
1888 720 2069 757 sacra-

512 810 709 860 menta,
734 800 889 852 etiam
930 813 1022 850 eos
1047 798 1330 851 obstrictos
1369 806 1646 850 lt'llllt‘rlllll
1675 785 1803 850 certi
1837 796 2069 866 mysterii

511 891 692 956 gratia,
720 889 806 959 qui
835 889 921 942 uni
952 889 1056 942 Deo
1081 887 1273 941 subditi
1305 897 1483 953 erant.
1519 888 1599 941 Ab
1635 887 1859 940 adventu
1896 894 2069 940 autem

515 981 741 1045 Domini,
770 996 837 1034 ex
879 995 982 1048 quo
1021 977 1085 1032 ad
1130 976 1582 1031 circumcisiOnem
1617 976 1791 1031 cordis
1825 991 1871 1043 ,a
1901 976 2075 1029 carnis

510 1071 913 1124 circumcisione
942 1070 1214 1122 transitum
1249 1077 1350 1133 est,
1382 1067 1514 1122 facta
1544 1067 1749 1121 vocatio
1777 1077 1878 1133 est,
1910 1076 1965 1119 ut
1988 1082 2074 1121 se-

510 1159 741 1214 cundum
772 1159 999 1211 animam
1029 1159 1313 1221 viveretur,
1345 1157 1394 1210 id
1424 1166 1504 1211 est
1532 1156 1821 1210 secundum
1854 1156 2072 1210 interio-

515 1266 630 1305 rem
656 1249 948 1314 hominem,
982 1249 1068 1317 qui
1093 1250 1248 1302 etiam
1272 1262 1439 1302 novus
1464 1248 1623 1301 homo
1645 1246 1859 1315 (Coloss.
1888 1263 1962 1311 ιιι,
1983 1246 2071 1317 10)

517 1350 735 1412 propter
780 1342 1231 1412 regenerationem
1262 1341 1452 1395 dicitur
1488 1356 1797 1410 morumque
1828 1340 2079 1409 spiritua-

516 1432 645 1487 lium
678 1434 1086 1487 innovationem.
1120 1430 1451 1486 Manifestum
1488 1440 1568 1485 est
1595 1439 1770 1485 autem
1795 1430 1860 1485 ad
1888 1444 2079 1499 corpus

515 1524 909 1594 quaternarium
943 1538 1217 1578 numerum
1240 1521 1524 1591 pertinere,
1558 1530 1773 1590 propter
1808 1521 2080 1575 notissima

515 1615 781 1667 elementa
803 1621 1025 1683 quatuor
1050 1598 1240 1683 quibus
1266 1620 1493 1675 constat,
1528 1619 1584 1664 et
1611 1620 1838 1680 quatuor
1861 1610 2083 1679 qualita-

521 1717 622 1770 tes,
655 1706 872 1772 siccam,
902 1705 1190 1769 humidam,
1217 1704 1462 1769 calidam,
1489 1703 1747 1774 frigidam.
1776 1702 1927 1759 Ubde
1950 1719 2080 1772 qua-

521 1809 643 1853 tuor
665 1799 821 1853 etiam
856 1798 1180 1867 temporibus
1199 1796 1615 1858 administratur,
1647 1809 1831 1859 verno,
1875 1803 2081 1859 testate,

520 1900 794 1953 autumno,
830 1888 1022 1942 hieme.
1055 1888 1178 1942 limc
1197 1897 1321 1940 sunt
1347 1887 1640 1940 notissima.
1668 1884 1794 1938 Nam
1842 1885 1907 1938 de
1954 1898 2085 1952 qua-

522 1983 757 2035 ternario
782 1996 1004 2035 utnnero
1024 1979 1260 2048 corporis
1283 1984 1535 2031 tractatur
1554 1977 1723 2041 (etiam
1751 1975 1874 2029 alibi
1915 1975 2084 2028 subti-

526 2072 647 2137 lius,
681 2072 772 2126 sed
800 2071 1075 2125 obscurius
1108 2088 1120 2122 :
1150 2070 1289 2139 quod
1317 2070 1367 2122 in
1406 2067 1508 2122 hoc
1541 2081 1784 2122 sermone
1815 2066 2085 2120 vitandum

522 2173 627 2227 est,
657 2178 811 2233 quem
837 2162 994 2216 etiam
1030 2162 1204 2216 minus
1227 2161 1466 2215 eruditis.
1488 2159 1938 2215 acconunodatum
1970 2175 2088 2214 esse

524 2254 788 2308 volumus.
815 2253 893 2307 Ad
920 2255 1152 2306 animum
1193 2268 1320 2306 vero
1347 2253 1633 2306 ternarium
1663 2265 1936 2306 numerum
1967 2267 2087 2321 pcr-

530 2344 702 2398 tiuere
729 2344 903 2414 potest
944 2343 1184 2413 intelligi,
1219 2360 1283 2398 ex
1329 2359 1394 2396 eo
1425 2344 1564 2413 quod
1606 2344 1882 2412 tripliciter
1926 2345 2089 2398 Deum

527 2434 747 2504 diligere
779 2433 1045 2503 juhemur,
1085 2450 1146 2487 ex
1190 2442 1299 2485 toto
1336 2433 1519 2496 corde,
1558 2447 1625 2486 ex
1668 2441 1773 2486 tota
1808 2432 2000 2497 anima,
2025 2449 2088 2487 ex

525 2537 634 2581 tota
666 2534 841 2582 mente
868 2527 1038 2598 (Deut.
1072 2544 1144 2591 vi,
1175 2527 1246 2590 5;
1282 2526 1462 2578 Matth.
1497 2542 1630 2591 xxu,
1657 2527 1746 2596 57)
1774 2544 1789 2583 ;
1815 2527 1878 2581 de
1896 2527 2091 2597 quibus

528 2620 750 2689 singulis
776 2635 878 2673 non
908 2620 959 2672 in
991 2618 1265 2683 Psalterio,
1299 2618 1389 2671 sed
1416 2618 1468 2671 in
1506 2616 1791 2686 Evangelia
1819 2616 2090 2686 disputan-

526 2712 651 2763 dmu
678 2721 778 2764 est.
822 2709 971 2764 Nunc
1013 2709 1078 2762 ad
1124 2709 1480 2763 testimonium
1525 2709 1740 2763 ternarii
1777 2708 1979 2762 numeri
2026 2708 2091 2762 ad

530 2804 766 2856 animum
799 2802 1128 2870 pertinentis,
1152 2801 1281 2862 satis
1304 2809 1429 2869 puto
1457 2814 1577 2855 esse
1600 2800 1740 2870 quod
1769 2801 1964 2855 dictum
1990 2811 2090 2857 est.

531 2892 764 2947 l’eraetis
786 2892 940 2960 igitur
961 2892 1198 2945 numeris
1222 2891 1461 2960 corporis
1481 2891 1545 2944 ad
1571 2901 1803 2946 veterem
1826 2891 2091 2946 hominem

529 2992 586 3037 et
637 2982 701 3036 ad
751 2981 909 3035 Vetus
952 2981 1345 3036 Testamentum
1405 2981 1805 3050 pertinentibus,
1866 2983 2094 3051 peractis

530 3074 689 3128 etiam
721 3074 953 3127 numeris
972 3073 1132 3126 animi
1162 3073 1229 3126 ad
1258 3089 1448 3128 novum
1475 3073 1743 3129 hominem
1789 3084 1843 3129 et
1883 3075 1947 3129 ad
1986 3074 2093 3129 No-

529 3180 652 3218 vum
683 3164 1075 3218 Testamentum
1105 3164 1304 3229 relatis,
1348 3165 1484 3218 sicut
1526 3167 1823 3233 septenario
1873 3181 2095 3222 numero

533 3264 827 3320 transacto,
872 3254 992 3324 quia
1043 3254 1452 3323 unumquodque
1505 3256 1863 3326 temporaliter
1898 3258 2091 3327 agitur,

529 3346 869 3415 quaternario
896 3345 945 3398 in
963 3358 1176 3414 corpus,
1202 3347 1432 3399 ternario
1460 3346 1509 3400 iu
1539 3346 1770 3402 animum
1789 3348 2091 3414 distributo,

533 3438 709 3491 veniet
727 3446 942 3491 octavus
967 3437 1149 3507 judicii
1177 3437 1307 3501 dies,
1338 3439 1427 3508 qui
1460 3439 1661 3493 meritis
1690 3438 1925 3496 tribuens
1953 3442 2093 3512 quod

531 3527 783 3595 debetur,
794 3528 900 3598 jam
933 3543 1037 3582 non
1062 3527 1125 3581 ad
1151 3543 1312 3598 opera
1345 3531 1674 3600 temporalia,
1701 3531 1791 3587 sed
1839 3533 1904 3587 ad
1934 3535 2092 3587 vitam

530 3627 783 3674 mternam
815 3628 1026 3674 sanctos
1052 3620 1350 3683 transferet,
1378 3620 1567 3691 impios
1591 3636 1717 3676 vero
1746 3621 2014 3678 damnabit
2039 3624 2091 3679 in

526 3721 806 3767 mternum.

601 3806 652 3858 5.
698 3804 845 3877 [rem
873 3801 954 3876 2.]
1001 3802 1169 3871 Quam
1217 3804 1607 3860 damnationem
1660 3813 1921 3875 metuens,
1975 3816 2097 3863 orat

536 3896 767 3951 Ecclesia
808 3897 861 3950 in
910 3896 1011 3952 hoc
1053 3897 1278 3966 psalmo,
1307 3896 1486 3953 dicens
1516 3916 1529 3929 ·
1562 3896 1791 3958 Domine.
1837 3917 1898 3953 nc
1925 3901 1976 3953 in
2018 3905 2094 3954 ira

533 3990 622 4039 tua
650 4003 833 4057 arguas
859 4005 954 4042 me.
997 3988 1131 4053 Dicit
1166 3991 1324 4044 etiam
1367 3991 1652 4060 Apostolus
1700 3992 1828 4046 iram
1872 3986 2092 4062 judicii:

532 4076 865 4131 Thesaurizas
907 4077 1014 4143 tibi,
1057 4080 1243 4149 inquit,
1286 4080 1412 4134 iram
1440 4081 1492 4135 in
1523 4082 1602 4135 die
1628 4082 1719 4135 ira:
1749 4083 1878 4152 justi
1912 4084 2097 4153 judicii

538 4169 634 4224 Dei
659 4169 831 4241 (llam.
861 4185 918 4235 ιι,
950 4170 1034 4240 5);
1062 4171 1113 4224 in
1155 4188 1255 4241 qua
1284 4182 1342 4229 se
1367 4188 1473 4227 non
1505 4174 1617 4228 vult
1658 4176 1827 4243 argui,
1860 4176 2096 4243 quisquis

534 4262 587 4317 in
622 4265 718 4317 hac
744 4263 845 4316 vita
871 4262 1045 4316 sanari
1074 4262 1355 4318 desiderat.
1381 4264 1489 4318 Nec
1515 4267 1567 4320 in
1601 4268 1771 4337 furore
1814 4275 1899 4318 tuo
1942 4267 2098 4320 corri-

532 4355 645 4424 pias
668 4371 747 4408 me
772 4371 790 4408 :
820 4352 1083 4423 corripias,
1111 4354 1286 4408 mitius
1308 4355 1548 4422 videtur;
1581 4357 1645 4411 ad
1675 4357 2095 4413 emendationem

531 4447 675 4501 enim
698 4446 854 4500 valet.
892 4437 1135 4513 Nam‘qul
1175 4445 1428 4514 arguitur,
1453 4446 1502 4499 i‘d
1531 4457 1611 4501 est
1644 4457 1938 4512 accusatur,
1981 4464 2093 4503 me.

533 4538 783 4591 tuendum
839 4546 918 4591 est
958 4536 1063 4591 ne‘
1097 4535 1253 4590 linem
1298 4536 1487 4591 habeat
1531 4537 1943 4594 damnationem.
1995 4538 2095 4593 Sed

534 4632 779 4699 quoniam
834 4629 982 4684 furor
1012 4631 1127 4699 plus
1169 4628 1378 4682 videtur
1415 4642 1534 4683 esse
1576 4645 1731 4699 quam
1781 4631 1876 4694 ira,
1928 4640 2100 4700 potest

536 4735 754 4774 movere
802 4735 895 4772 cur
920 4720 1043 4775 illttd
1084 4719 1221 4790 quod
1266 4727 1348 4774 est
1374 4718 1570 4784 mitius,
1613 4719 1663 4772 id
1708 4730 1789 4774 est
1815 4722 2095 4790 correptio,

536 4826 658 4865 cum
690 4825 755 4864 eo
779 4812 1001 4879 positum
1033 4811 1271 4882 estquod
1298 4819 1378 4864 est
1418 4809 1601 4864 durius
1621 4852 1636 4877 ,
1667 4810 1716 4863 id
1753 4819 1835 4866 est
1861 4828 1979 4866 cum
2023 4814 2100 4867 fu-

540 4915 684 4955 rore.
727 4899 829 4954 Sed
857 4916 955 4971 ego
985 4912 1109 4970 puto
1138 4918 1293 4957 unam
1325 4906 1436 4957 rem
1462 4901 1667 4955 duobus
1696 4902 1870 4959 verbis
1898 4903 2100 4975 signifi-

537 5002 705 5047 catam
735 5008 749 5045 :
782 5008 901 5047 nam
925 4991 976 5047 in
1002 5010 1172 5063 grmco
1201 5004 1361 5064 θυμὸς,
1390 4994 1525 5066 quod
1551 5004 1631 5050 εει
1654 4996 1701 5049 in
1729 4994 1897 5065 primo
1924 5013 2098 5065 versu,

543 5084 643 5137 hoc
664 5083 921 5153 signiﬁcat
950 5084 1087 5153 quod
1116 5091 1249 5156 ὂργή,
1275 5088 1413 5156 quod
1452 5097 1530 5141 est
1567 5087 1619 5142 in
1647 5087 1880 5142 secundo
1912 5104 2098 5154 versu;

543 5176 634 5230 sed
664 5192 780 5230 cum
813 5176 982 5231 Latini
1010 5178 1201 5232 vellent
1223 5181 1378 5233 etiam
1409 5181 1505 5249 ipsi
1531 5183 1551 5213 ³
1580 5181 1685 5235 ddo
1705 5180 1861 5235 verba
1886 5197 2099 5251 ponere,

544 5268 825 5335 quaesitum
846 5276 928 5321 est
950 5267 1072 5336 quid
1099 5277 1239 5321 esset
1268 5269 1494 5323 vicinum
1524 5271 1614 5325 ira:
1636 5313 1650 5336 ,
1682 5280 1735 5324 et
1766 5270 1991 5340 positqu
2023 5280 2103 5325 est

543 5362 711 5415 furor.
746 5357 869 5411 Ideo
897 5358 1036 5411 varie
1065 5357 1274 5410 codices
1306 5357 1501 5413 habent
1524 5379 1535 5413 :
1562 5376 1678 5413 nam
1722 5362 1773 5414 in
1816 5361 1931 5414 aliis
1961 5362 2105 5429 prius

543 5448 808 5503 invenitur
828 5448 924 5514 ira,
942 5448 1132 5502 deinde
1154 5447 1317 5513 furor;
1347 5449 1545 5514 inaliis,
1570 5452 1711 5519 prius
1729 5451 1892 5517 furor,
1915 5451 2107 5509 deinde

609 5628 623 5658 ι
652 5623 783 5685 I-Idd.,
819 5635 878 5673 ne
915 5621 964 5673 in
1000 5620 1162 5686 ﬁnem.
1199 5622 1470 5683 t’rzepositio
1509 5622 1556 5672 in
1593 5625 1733 5672 abest
1762 5634 1789 5671 a
1830 5620 2110 5676 melioribus

546 5694 740 5799 ιιἰξίιιεε
763 5781 779 5810 ,
804 5746 968 5799 vellent
990 5752 1131 5798 etiam
1155 5744 1273 5809 ipsa.

2177 426 2285 487 ira;
2312 426 2360 480 in
2381 427 2499 481 aliis
2526 442 2621 496 pro
2640 425 2817 482 furore
2848 429 3133 500 indignatio
3176 434 3402 501 ponitur,
3453 444 3542 490 aut
3589 436 3739 491 bilis--

2175 515 2279 570 Sed
2308 517 2557 587 quidquid
2587 518 2715 572 illud
2739 529 2840 582 est,
2873 530 3045 574 motus
3067 533 3147 577 est
3166 523 3325 577 animi
3358 540 3648 593 provocans
3671 525 3737 579 ad

2175 622 2387 675 pinnam
2420 602 2741 663 inferendam
2773 629 2785 662 :
2814 612 2901 679 qui
2931 621 3103 667 tamen
3136 623 3327 677 motus,
3357 632 3458 669 non
3491 628 3741 686 tanquam

2176 699 2365 752 animm
2393 699 2501 753 Deo
2547 701 2851 756 tribuendus
2879 713 2979 768 est,
3031 703 3098 758 de
3135 721 3240 774 quo
3284 705 3480 760 di:-tnm
3515 719 3632 762 est:
3663 706 3742 762 Tn

2175 802 2358 855 autem,
2417 792 2631 847 Domine
2681 795 2933 861 virtutum,
2993 812 3105 849 cum
3154 801 3511 865 tranquillitate
3542 801 3744 869 judico:

2179 880 2330 951 (Sap.
2366 898 2459 949 xu,
2492 883 2610 952 18);
2641 884 2780 953 quod
2818 895 2991 939 autem
3034 888 3369 955 tranquillum
3400 900 3500 956 est,
3531 906 3634 946 non
3662 904 3743 945 est

2177 972 2558 1041 perturbatum.
2589 972 2702 1028 Non
2735 990 2860 1045 ergo
2879 975 3019 1029 cadit
3061 977 3111 1030 in
3160 978 3325 1032 Deum
3368 980 3597 1046 iudicem
3630 999 3748 1047 pcr-

2181 1062 2407 1116 turbatio
2432 1080 2445 1128 ;
2479 1063 2571 1117 sed
2599 1063 2738 1133 quod
2762 1064 2811 1117 in
2839 1065 2955 1134 ejus
2978 1066 3103 1120 mini
3137 1070 3232 1123 tris
3254 1069 3327 1133 lit,
3351 1071 3468 1139 quia
3490 1075 3583 1140 per
3606 1072 3748 1142 leges

2178 1154 2292 1225 ejus
2313 1155 2389 1221 fit,
2420 1156 2495 1209 ira
2524 1154 2638 1226 ejus
2658 1155 2869 1211 dicitur.
2904 1157 2962 1211 in
2988 1174 3089 1228 qua
3116 1167 3191 1213 ira
3212 1203 3227 1229 ,
3257 1177 3360 1217 non
3392 1163 3563 1217 solum
3599 1167 3746 1233 argui

2179 1260 2238 1301 se
2261 1260 2367 1300 non
2393 1247 2691 1301 vultanima
2717 1264 2835 1319 qua:
2866 1265 3005 1304 nunc
3029 1261 3165 1317 orat,
3192 1252 3287 1307 sed
3313 1269 3410 1309 nec
3454 1256 3671 1323 corripi,
3694 1255 3746 1310 id

2181 1347 2264 1393 est
2292 1338 2561 1393 emendari
2610 1340 2691 1394 vel
2730 1341 2928 1397 erudiri
2968 1359 2980 1395 :
3031 1358 3152 1397 nam
3197 1345 3249 1398 in
3296 1358 3469 1413 graeco
3498 1351 3750 1417 παιδεύσῃς

2180 1428 2408 1497 positum
2440 1439 2539 1496 est,
2568 1430 2617 1484 id
2643 1441 2723 1485 est
2747 1474 2761 1494 ,
2790 1432 3020 1486 erudias.
3053 1437 3357 1504 Arguuntur
3381 1448 3555 1490 autem
3587 1436 3638 1491 in
3663 1437 3751 1491 die

2177 1521 2358 1591 judicii
2382 1538 2569 1578 ornues
2601 1524 2688 1593 qui
2721 1540 2824 1577 non
2853 1524 3045 1579 habent
3074 1524 3471 1581 fundamentum
3502 1528 3640 1597 quod
3669 1537 3751 1582 cst

2182 1611 2422 1667 Christus
2453 1613 2836 1673 :.cmendantur
2860 1625 3057 1680 autem,
3107 1616 3157 1669 id
3201 1629 3283 1670 est
3315 1626 3625 1686 purgantur,
3655 1618 3746 1686 qui

2186 1705 2310 1759 huic
2345 1705 2685 1759 fundamento
2716 1707 3137 1776 snpermdilicaut
3158 1709 3376 1777 lignum,
3408 1708 3628 1775 lminim,
3652 1710 3753 1762 sti-

2185 1797 2393 1867 pulam;
2424 1795 2797 1851 detrimentum
2825 1799 3276 1867 enimrpatieutur,
3312 1800 3401 1854 sed
3429 1800 3555 1854 salvi
3595 1808 3755 1855 erunt

2187 1894 2432 1955 tauquam
2457 1901 2548 1954 per
2568 1886 2795 1957 ignem(l
2826 1886 2940 1940 Cor.
2972 1905 3044 1951 ιιι,
3072 1888 3181 1960 ll).
3205 1889 3477 1960 Quidergo
3498 1891 3595 1945 iste
3612 1900 3753 1955 orat,

2187 1978 2273 2048 qui
2318 1992 2422 2030 non
2460 1978 2571 2031 vult
2610 1978 2660 2031 in
2694 1978 2769 2033 ira
2800 1979 3002 2033 Domini
3052 1980 3133 2034 vel
3171 1982 3314 2051 argui
3349 1982 3425 2035 vel
3453 1981 3754 2036 emendari?

2188 2066 2342 2135 Quid,
2369 2068 2467 2121 nisi
2495 2076 2555 2122 ut
2580 2070 2833 2123 sanetur?
2857 2069 2946 2123 ubi
2972 2070 3111 2124 enim
3141 2071 3337 2125 sanitas
3372 2082 3473 2136 est,
3489 2087 3586 2126 nec
3610 2086 3758 2126 mors

2190 2161 2467 2215 metuenda
2495 2168 2593 2221 est.
2616 2176 2713 2215 nec
2730 2161 2928 2216 urentis
2955 2172 3044 2216 aut
3070 2164 3296 2217 secantis
3317 2163 3504 2218 medici
3546 2178 3757 2218 manus.

2259 2252 2312 2306 4.
2354 2250 2516 2324 [νει-ε.
2547 2253 2601 2318 '5,
2632 2251 2726 2323 4.]
2753 2253 2999 2322 Sequitur
3028 2255 3222 2324 itaque,
3244 2254 3440 2310 etdicit
3470 2273 3484 2309 :
3518 2255 3759 2310 Miserere

2192 2342 2307 2404 mei,
2357 2340 2602 2407 Domine,
2635 2344 2869 2412 quoniam
2906 2344 3135 2412 inﬁrmus
3167 2361 3278 2399 sum
3307 2361 3470 2399 :sana
3511 2363 3604 2411 me,
3655 2345 3760 2400 Do-

2191 2432 2341 2495 utine,
2359 2432 2593 2500 quoniam
2626 2434 2917 2487 conturbata
2952 2444 3065 2489 sunt
3095 2452 3207 2488 ossa
3233 2452 3360 2503 mea,
3393 2435 3444 2490 id
3475 2446 3555 2491 est
3579 2436 3760 2490 ﬁrma-

2191 2531 2424 2576 mentum
2465 2523 2653 2577 animae
2682 2540 2843 2591 mem,
2875 2526 2956 2580 vel
2988 2525 3270 2591 fortitudo;
3319 2526 3421 2582 hoc
3469 2528 3608 2582 enim
3634 2542 3761 2581 ossa

2192 2615 2505 2684 signiﬁcant.
2538 2615 2671 2670 Dicit
2697 2630 2823 2686 ergo
2849 2616 3019 2669 anima
3072 2615 3436 2672 fortitudinem
3461 2632 3610 2671 suam
3636 2632 3763 2672 esse

2195 2706 2491 2773 turbatam,
2527 2723 2646 2761 cum
2684 2722 2802 2762 ossa
2844 2708 3080 2762 nominat
3111 2726 3124 2761 :
3153 2724 3323 2778 neque
3350 2709 3491 2762 enim
3535 2708 3763 2762 creden-

2194 2794 2318 2849 dum
2348 2804 2447 2859 est,
2479 2796 2618 2866 quod
2647 2795 2835 2852 habeat
2862 2812 2981 2852 ossa
3024 2814 3141 2867 quae
3170 2798 3406 2852 videmus
3436 2798 3486 2852 in
3512 2812 3763 2865 corpore.

2194 2886 2525 2956 Quapropter
2550 2886 2617 2941 ad
2638 2888 3021 2959 expositionem
3042 2888 3268 2957 pertinet
3294 2889 3433 2959 quod
3462 2890 3764 2959 subjicitur,

2195 2976 2263 3031 Et
2288 2980 2456 3033 anima
2486 2996 2594 3034 mea
2623 2980 2819 3033 turbata
2845 2990 2916 3035 est
2937 2980 3122 3045 valde;
3147 2997 3212 3036 ne
3254 2981 3392 3052 quod
3421 2997 3539 3037 ossa
3575 2983 3766 3051 appel-

2195 3068 2341 3135 lavit,
2372 3071 2609 3139 corporis
2637 3070 3073 3146 intelligerentur.
3121 3071 3183 3126 Et
3229 3087 3303 3139 tu,
3330 3071 3560 3135 Domine,
3582 3090 3768 3143 usque-

2194 3162 2334 3230 quo?
2363 3162 2481 3231 quis
2511 3178 2612 3215 non
2637 3163 2886 3233 intelligat
2908 3164 3194 3234 signiﬁcari
3222 3165 3450 3218 animam
3477 3166 3768 3221 luctantem
3824 3164 3833 3169 ’

2195 3267 2314 3308 cum
2337 3253 2535 3309 morbis
2558 3255 2687 3321 Suis,
2717 3253 2804 3308 ditt
2827 3264 3001 3309 autem
3022 3256 3234 3311 dilatam
3260 3271 3289 3309 a
3319 3242 3524 3311 medico
3553 3258 3592 3321 ³,
3618 3265 3678 3311 ιιι
3706 3258 3761 3313 ei

2196 3345 2605 3415 persuaderetur
2643 3346 2694 3400 in
2722 3362 2838 3417 qute
2888 3348 3025 3401 mala
3063 3363 3122 3403 se
3160 3346 3429 3416 peccando
3471 3348 3771 3417 pnccipita-

2196 3436 2373 3490 verit?
2398 3436 2547 3504 Quod
2579 3437 2717 3490 enim
2766 3436 2920 3491 facile
2948 3447 3182 3500 sanatur,
3221 3453 3325 3491 non
3353 3438 3573 3491 multum
3600 3454 3768 3493 cave-

2197 3533 2310 3591 tur;
2339 3542 2402 3581 ex
2429 3525 2741 3581 difficultate
2764 3537 2937 3582 autem
2962 3530 3251 3583 sanationis
3271 3571 3286 3595 ,
3314 3531 3415 3583 erit
3465 3528 3774 3599 diligentior

2196 3614 2431 3670 custodia
2459 3627 2685 3686 receptae
2706 3619 2963 3673 sanitatis.
2986 3618 3100 3673 Non
3119 3634 3249 3689 ergo
3269 3630 3515 3691 tanquam
3537 3620 3773 3676 crudelis

2199 3708 2338 3761 lfeus
2367 3708 2706 3762 :rstimandus
2754 3718 2856 3774 est,
2898 3710 2981 3762 cui
3024 3709 3216 3764 dicitur
3248 3727 3261 3762 :
3301 3710 3365 3763 Et
3405 3720 3479 3775 tu,
3531 3710 3770 3775 Domine,

2197 3813 2445 3866 nequequo
2462 3798 2488 3851 .9
2515 3797 2607 3852 sed
2634 3807 2878 3868 tanquam
2907 3799 3072 3854 bonus
3096 3815 3375 3869 persuasor
3403 3802 3613 3863 animae,
3641 3804 3771 3871 quid

2198 3887 2319 3940 mali
2336 3886 2434 3941 sibi
2449 3888 2557 3958 ipsa
2570 3888 2850 3956 pepererit;
2869 3888 3098 3942 nondum
3115 3891 3253 3944 enim
3272 3898 3376 3943 tam
3394 3891 3778 3959 perfecte'orat

2197 3976 2310 4031 inec
2334 3978 2528 4044 anima,
2555 3987 2609 4031 ut
2632 3979 2678 4032 ei
2701 3978 2800 4033 dici
2830 3980 2993 4047 possit
3022 3996 3034 4032 :
3063 3980 3245 4034 Adhuc
3265 3981 3493 4046 loquente
3517 3991 3564 4035 te
3579 3982 3773 4048 dicam,

2200 4067 2331 4121 Ecce
2348 4069 2521 4122 adsum
2544 4067 2697 4141 (lsai.
2716 4085 2841 4135 cxv,
2861 4069 2974 4140 24).
2997 4071 3161 4126 Simul
3189 4058 3245 4125 ut
3270 4074 3426 4127 etiam
3454 4072 3580 4127 illud
3603 4087 3777 4143 agno-

2199 4169 2330 4224 scat,
2355 4169 2549 4228 quanta
2578 4175 2731 4227 pmna
2772 4160 2945 4229 impiis
2971 4170 3316 4230 praeparatur,
3361 4162 3447 4230 qui
3491 4176 3551 4217 se
3580 4163 3774 4217 nolunt

2199 4260 2509 4305 Convertere
2551 4251 2614 4304 ad
2664 4238 2847 4313 Deum,
2907 4252 2949 4305 si
2994 4261 3190 4305 tantam
3229 4252 3593 4308 difliCttltatcm
3640 4269 3776 4309 con-

2199 4354 2465 4397 vortentes
2503 4343 2802 4411 patiuntur;
2862 4346 2999 4398 sicut
3040 4344 3146 4397 alio
3190 4343 3310 4399 loco
3351 4345 3608 4415 scriptum
3649 4356 3777 4401 est:

2202 4431 2263 4485 Si
2295 4433 2465 4502 justus
2508 4434 2592 4486 vix
2636 4434 2802 4487 salvus
2829 4436 2939 4499 erit,
2969 4444 3197 4505 peccator
3223 4443 3270 4488 et
3292 4434 3476 4504 impius
3513 4436 3595 4490 ubi
3623 4453 3776 4507 pare-

2201 4520 2379 4591 btmt(|
2416 4522 2551 4576 Petr.
2587 4538 2661 4589 Iv,
2698 4522 2809 4593 18)?

2272 4613 2321 4667 5.
2369 4611 2515 4684 [vcrs.
2544 4612 2623 4685 5.]
2666 4613 2977 4678 Convertere,
3028 4615 3261 4681 Domine,
3307 4626 3352 4671 et
3389 4632 3508 4670 erue
3553 4619 3787 4673 animam

2202 4719 2382 4763 meam.
2414 4704 2738 4757 Convertcns
2765 4720 2843 4769 se,
2871 4716 2985 4758 orat
3025 4714 3081 4759 ut
3107 4706 3171 4759 ad
3202 4721 3315 4760 eam
3350 4719 3694 4764 convertatur
3720 4717 3780 4764 et

2206 4796 2363 4859 Deus,
2405 4796 2541 4850 sicut
2576 4795 2773 4850 dictum
2804 4804 2883 4848 est
2912 4815 2925 4848 :
2963 4796 3316 4851 Comertimini
3340 4799 3407 4851 ad
3429 4815 3526 4864 me,
3571 4809 3617 4853 et
3646 4817 3781 4854 con-

2202 4900 2368 4943 vertar
2391 4888 2456 4940 ad
2484 4904 2588 4952 vos,
2625 4888 2744 4941 dicit
2770 4886 3018 4940 Dominus
3047 4888 3063 4955 (
3098 4887 3257 4942 Zach.
3286 4905 3324 4955 ι,
3353 4889 3386 4943 ’5
3414 4890 3457 4958 ).
3489 4891 3568 4943 An
3594 4907 3658 4944 ex
3690 4893 3784 4950 illa

2206 4980 2469 5035 locutione
2490 4979 2876 5049 intelligendum
2896 4988 2996 5040 est,
3011 4978 3321 5045 Convertere,
3350 4979 3581 5048 Domine,
3596 4981 3647 5034 id
3674 4993 3789 5049 est,

2208 5071 2289 5126 fac
2315 5087 2398 5126 me
2418 5072 2675 5135 converti,
2700 5087 2816 5123 cum
2849 5070 2898 5122 in
2928 5070 3037 5139 ipsa
3065 5086 3159 5125 sua
3182 5071 3528 5126 conversione
3557 5070 3792 5126 difficul-

2209 5173 2367 5220 tatem
2393 5164 2731 5232 laboremque
2751 5163 3008 5216 sentiret?
3035 5162 3164 5218 Nam
3192 5163 3423 5235 perfecta
3451 5173 3631 5219 nostra
3646 5178 3792 5218 con-

2208 5256 2384 5311 versio
2410 5262 2647 5324 paratum
2688 5252 2887 5307 invenit
2927 5253 3276 5319 Deum,—sicut
3308 5254 3567 5323 Propheta
3606 5254 3740 5310 dicit
3772 5272 3790 5311 :

2214 5348 2473 5418 Tanquam
2516 5345 2794 5398 diluculum
2837 5355 3066 5415 paratam
3106 5346 3406 5398 inveniemus
3434 5363 3545 5399 cum
3587 5349 3604 5416 (
3635 5346 3791 5401 Osee.

2211 5456 2284 5504 vr,
2313 5439 2367 5501 5,
2394 5452 2492 5489 sec.
2523 5433 2707 5504 LXX).
2736 5434 2993 5500 Quoniam
3024 5445 3080 5488 ut
3107 5450 3227 5490 eum
3257 5439 3644 5498 amitteremus,
3674 5452 3790 5490 non

2213 5531 2326 5601 ejus
2350 5527 2584 5583 absentia
2609 5528 2696 5595 qui
2721 5526 2913 5596 ubique
2942 5528 3119 5592 adest,
3151 5526 3243 5581 Sed
3273 5537 3448 5581 nostra
3475 5528 3598 5583 fecit
3631 5545 3793 5581 ενι-ι·-

2279 5684 2292 5714 ι
2324 5683 2536 5743 Quinque
2559 5687 2685 5735 Mss,
2720 5679 2804 5730 diu
2826 5687 2983 5732 autent
3007 5681 3203 5732 dilatam
3227 5681 3560 5732 nwtlicitaima
3584 5697 3664 5732 nu»
3688 5676 3808 5743 ica,

2282 5748 2300 5775 ²
2326 5744 2486 5793 ιίυιεε
2502 5750 2628 5804 Mssa,
2654 5743 2878 5805 perfecta.
