4046 6200
383 407 468 465 93

388 528 515 576 sio:
553 520 611 574 In
655 522 747 575 hoc
784 524 971 576 mundo
1006 534 1142 586 erat,
1175 522 1368 591 inquit,
1399 540 1441 576 ei
1489 525 1702 575 mundus
1730 539 1816 591 per
1856 536 1969 574 eum

386 618 561 681 [artus
585 625 679 678 est,
713 626 757 668 et
783 608 996 668 mundus
1015 632 1125 667 eum
1169 631 1269 667 non
1290 616 1515 684 cognovit
1547 618 1565 684 (
1595 611 1751 667 Joau.
1778 630 1811 677 ι,
1842 613 1905 667 10

385 704 451 761 Si
475 721 603 776 ergo
633 706 685 759 itt
718 706 819 760 hoc
845 705 1041 758 mundo
1069 714 1202 769 erat,
1229 712 1283 759 et
1310 703 1538 758 tnundd‘s
1573 719 1696 759 cum
1739 720 1845 757 non
1874 719 1965 758 co-

382 798 601 867 gnovit,
652 807 830 850 nostra
877 796 1205 849 immunditia
1237 810 1340 849 non
1386 795 1483 849 fert
1511 793 1626 865 ejus
1674 806 1964 864 aspectum.

391 888 531 942 Dum
562 896 739 942 autem
770 902 866 942 nos
892 888 1267 950 convertimus,
1292 886 1342 942 id
1369 898 1472 951 est,
1503 889 1794 961 mulatione
1822 900 1968 942 vete-

388 979 470 1033 ris
497 964 619 1033 vita:
663 980 1013 1049 resculpimus
1051 981 1297 1049 Spiritum
1326 988 1594 1046 nostrum,
1627 980 1815 1035 durum
1844 996 1965 1033 seu-

387 1072 556 1126 timns
581 1080 633 1127 et
663 1072 978 1127 laboriosum
1009 1072 1074 1126 ad
1095 1073 1432 1127 Serenitatem
1454 1083 1506 1127 et
1532 1073 1959 1141 tranquillitatem

385 1164 591 1217 divina:
643 1163 774 1217 lucis
817 1178 846 1217 a
879 1175 1208 1217 terrenarum
1237 1164 1580 1233 cupiditatum
1617 1165 1838 1234 caligine
1878 1180 1964 1217 re-

386 1257 650 1326 torqueri:
673 1255 739 1309 Et
779 1256 828 1309 in
879 1257 965 1309 tali
1012 1255 1319 1310 difﬁcultate
1356 1256 1601 1321 dicimus,
1650 1254 1958 1318 Convertere,

388 1347 631 1412 Domine,
682 1348 730 1400 id
760 1356 860 1408 est.
909 1348 1097 1416 adjuva
1142 1363 1259 1410 nos,
1292 1354 1352 1402 ut
1386 1348 1688 1417 perﬁciatur
1730 1347 1780 1400 in
1811 1347 1960 1401 nobis

385 1442 692 1505 cimvcrsio,
719 1457 835 1510 qua-
861 1451 912 1495 te
960 1451 1199 1509 paratum
1241 1440 1460 1506 invenit,
1493 1452 1541 1494 et
1587 1440 1863 1495 fruendum
1911 1450 1961 1495 te

388 1532 715 1599 pnebentem
746 1533 1091 1587 dilecmribus
1113 1532 1233 1586 tuis.
1267 1534 1331 1588 Et
1360 1532 1479 1587 ideo
1501 1542 1773 1603 postquam
1804 1533 1956 1598 dixit,

385 1622 700 1691 Convertere,
732 1624 962 1689 Domine,
1008 1626 1229 1692 addidit,
1265 1640 1310 1680 et
1342 1643 1462 1681 eme
1510 1626 1730 1678 animum
1774 1643 1954 1690 meam,

387 1725 640 1785 tanquam
695 1718 1039 1771 inhaerentem
1075 1719 1507 1786 perplexitatibus
1551 1718 1706 1787 hujus
1752 1718 1954 1784 saeculi,

383 1818 443 1860 et
496 1809 676 1877 spinas
725 1809 979 1877 quasdam
1029 1810 1429 1865 dilacerantium
1478 1810 1859 1866 desideriorum
1904 1814 1954 1867 itt

386 1898 498 1965 ipsi
531 1901 877 1954 conversione
920 1901 1223 1968 patientem.
1253 1901 1462 1956 Salvum
1493 1919 1569 1957 me
1612 1905 1715 1975 fac,
1762 1903 1953 1973 inquit,

384 1999 589 2059 propter
614 1991 1001 2046 misericordium
1032 2002 1188 2046 tuam.
1216 1993 1461 2062 intelligit
1481 2010 1582 2048 non
1608 2011 1824 2049 suorum
1847 2011 1957 2063 tne-

385 2082 605 2135 ritormn
659 2097 777 2137 esse
819 2084 960 2153 quod
988 2094 1223 2150 sanatur,
1251 2086 1674 2169 quoandoquidem
1711 2089 1953 2156 peccanti

382 2183 432 2226 el
461 2172 641 2227 datum
670 2186 987 2245 prteceptutn
1017 2179 1376 2245 praetereunti,
1398 2178 1537 2246 justa
1566 2179 1830 2232 damnatio
1856 2171 1961 2233 de;

385 2265 640 2333 bebatur;
673 2284 799 2320 sana
829 2284 913 2322 me
942 2285 1088 2337 ergo,
1117 2270 1303 2339 inquit.
1335 2272 1439 2324 non
1463 2282 1680 2341 propter
1704 2275 1950 2327 meritum

391 2374 591 2422 meum,
616 2361 707 2413 sed
736 2370 946 2429 propter
976 2363 1389 2417 misericordiam
1419 2374 1581 2419 tuam.

453 2450 507 2504 6.
536 2450 685 2523 [vet-5.
715 2451 795 2524 6.]
826 2453 1195 2518 Quoniam-non
1220 2456 1363 2509 estin
1392 2466 1547 2509 morte
1567 2455 1654 2525 qui
1678 2472 1864 2510 memor
1886 2457 1951 2511 sit

384 2543 479 2594 tui.’
507 2542 620 2596 lute
665 2544 755 2612 igit
785 2560 995 2613 quoque
1019 2561 1156 2600 nunc
1183 2563 1300 2600 esse
1328 2558 1531 2615 tempus
1557 2548 1944 2614 conversionis,

384 2634 499 2701 quia
528 2649 646 2688 cum
676 2635 772 2688 ista
802 2637 905 2690 vita
930 2638 1217 2702 transierit,
1241 2651 1345 2689 non
1370 2646 1529 2691 restat
1550 2637 1649 2692 nisi
1675 2638 1950 2693 retributio

381 2727 711 2781 meritorum.
762 2726 827 2780 In
865 2729 1062 2797 inferno
1109 2737 1277 2781 autem
1321 2730 1433 2798 quis
1474 2730 1789 2798 conﬁtebitur
1815 2731 1951 2783 tibi?

366 2816 666 2872 Confessus
706 2828 789 2874 est
840 2821 889 2872 in
924 2820 1129 2873 inferno
1160 2821 1247 2873 ille
1272 2820 1440 2886 dives,
1468 2819 1536 2875 de
1564 2836 1669 2891 quo
1695 2819 1948 2876 Dominus

378 2906 526 2973 dicit,
558 2910 647 2976 qui
691 2910 944 2964 Lazarum
977 2912 1105 2965 vidit
1135 2911 1185 2964 in
1220 2912 1426 2980 requie,
1459 2928 1518 2966 se
1553 2921 1730 2967 autem
1763 2914 1813 2967 in
1840 2922 1947 2968 tor-

378 3000 573 3052 mentis
589 2999 799 3055 dolebat
828 3018 1035 3073 :usque
1074 3003 1209 3058 adeo
1234 3004 1528 3069 confessus,
1556 3015 1613 3058 ut
1641 3006 1797 3059 etiam
1829 3022 1944 3059 nto-
1982 3050 1985 3053 Α

376 3090 491 3142 neri
518 3106 645 3145 suos
673 3090 829 3147 vellet
871 3104 922 3146 ut
970 3108 1028 3147 se
1053 3108 1081 3147 a
1108 3094 1338 3164 peccatis
1356 3095 1693 3166 cohiberent,
1732 3108 1947 3166 propter

374 3192 559 3247 [muas
580 3196 708 3250 quas
730 3183 864 3252 apud
894 3184 1092 3239 inferos
1120 3202 1239 3241 esse
1266 3164 1369 3240 non
1399 3186 1631 3241 creditur
1659 3185 1805 3261 (Luc.
1834 3203 1941 3254 xvt,

372 3269 583 3338 2551).
610 3273 863 3339 Quamvis
891 3291 1019 3345 ergo
1059 3277 1276 3344 frustra,
1330 3276 1606 3332 confessus
1658 3286 1738 3332 est
1770 3289 1943 3333 tamen

373 3361 475 3417 sibi
521 3364 711 3418 merito
755 3366 840 3421 illa
887 3366 1145 3422 accidisse
1189 3377 1488 3433 tormenta;
1528 3368 1738 3439 quando
1784 3370 1940 3423 etiam

372 3467 518 3513 suos.
550 3470 615 3508 ne
660 3455 710 3508 in
741 3456 855 3510 lure
905 3457 1232 3525 inciderent,
1274 3459 1451 3514 doceri
1502 3460 1764 3528 cupiebat.
1805 3461 1939 3523 Quid

370 3561 497 3614 ergo
522 3554 623 3610 est,
672 3545 737 3601 In
775 3550 973 3618 inferno
1022 3560 1187 3604 autem
1227 3552 1337 3621 quis
1379 3552 1695 3619 conﬁtebitur
1722 3552 1846 3604 tibi?
1873 3568 1937 3604 an

371 3638 634 3693 infernum
663 3641 773 3696 vult
805 3642 854 3694 in
882 3644 1043 3711 eiligi,
1068 3659 1171 3712 qtto
1194 3656 1312 3712 pust
1345 3622 1600 3719 judicium
1648 3645 1942 3713 pr;ecipita-

369 3727 567 3784 buntur
592 3731 760 3799 impii,
790 3733 874 3786 ubi
902 3733 1012 3800 jam
1045 3744 1259 3802 propter
1293 3734 1659 3800 profundiores
1698 3735 1940 3789 tenebras

369 3823 571 3877 nullam
604 3824 695 3878 Dei
727 3824 898 3879 lucent
925 3826 1196 3891 videbunt,
1216 3826 1300 3880 cui
1331 3826 1529 3897 aliquid
1559 3827 1940 3882 conﬁteantur?

367 3913 499 3970 Nam
533 3916 631 3971 iste
650 3916 822 3971 adlmc
849 3917 1065 3971 elevatis
1093 3918 1279 3983 oculis,
1298 3918 1535 3987 quamvis
1558 3918 1770 3972 immani
1814 3933 1939 3986 pro-

369 4004 533 4058 fundo
572 4007 904 4075 interposito,
966 4008 1131 4076 potuit
1174 4016 1348 4060 tamen
1381 4008 1560 4061 videre
1601 4007 1853 4061 Lazarum
1887 4009 1937 4061 itt

370 4096 553 4163 requie
580 4100 947 4163 constitutum,
998 4114 1063 4152 ex
1095 4098 1246 4165 cujus
1275 4098 1671 4167 comparatione
1711 4100 1774 4152 ad
1806 4114 1943 4152 con-

372 4185 655 4241 fessionem
706 4199 920 4243 coactus
969 4199 1057 4243 851.
1108 4191 1414 4245 meritorum
1464 4206 1700 4245 suorum.
1758 4190 1941 4245 Ροιρει

376 4278 531 4331 ctiam
579 4278 707 4333 illud
762 4280 1003 4349 intelligi,
1058 4290 1116 4334 ut
1168 4292 1391 4336 mortem
1449 4292 1600 4337 vocet
1644 4294 1937 4351 peccatum,

370 4368 509 4437 quod
536 4379 838 4440 contempta
866 4372 1040 4427 divina
1073 4373 1189 4444 lege
1209 4374 1556 4428 committitur
1584 4391 1598 4426 :
1627 4375 1939 4431 utaculeum

370 4461 557 4515 mortis
585 4472 807 4518 mortem
829 4465 1153 4534 appellemus
1174 4505 1190 4532 ,
1222 4466 1362 4535 quod
1391 4477 1612 4521 mortem
1638 4476 1937 4536 comparet;

368 4553 586 4607 aculeus
611 4555 751 4608 enim
783 4557 988 4622 mortis,
1023 4565 1293 4627 peccatum
1338 4558 1357 4627 (
1393 4558 1410 4612 1
1438 4557 1553 4611 Cor.
1581 4574 1671 4623 xv,
1700 4559 1770 4614 56
1803 4544 1843 4629 ).
1885 4557 1941 4613 lu

368 4660 473 4727 qua
505 4657 675 4702 morte
700 4648 800 4703 hoc
825 4659 1049 4707 estesse
1079 4653 1440 4707 immemorem
1475 4654 1586 4717 Dei,
1624 4654 1792 4725 legem
1827 4656 1941 4725 ejus

370 4744 427 4788 ct
457 4748 718 4807 pratcepta
744 4750 1124 4808 contemnere:
1151 4753 1209 4796 ut
1252 4741 1513 4797 infernum
1540 4746 1731 4799 ἀκλέ-ιιιι
1783 4764 1888 4797 ea-r
1911 4777 1939 4789 -

372 4834 535 4881 tatem
566 4829 746 4896 animi,
779 4848 895 4899 quze
945 4844 1273 4902 peccantem,
1316 4835 1364 4889 id
1389 4845 1488 4900 est,
1515 4837 1825 4893 morientem
1851 4853 1943 4891 ex-

370 4918 501 4987 cipit
523 4927 577 4974 ct
603 4920 848 4985 involvit;
882 4923 1026 4978 Sicut
1049 4942 1149 4978 non
1171 4925 1516 4995 probaverunt,
1548 4928 1732 4997 inquit,
1764 4929 1943 4992 habere

378 5010 538 5065 Deum
569 5014 619 5067 in
650 5016 842 5093 notitia,
871 5017 1007 5070 dedit
1045 5019 1159 5072 illa:
1187 5016 1323 5072 Deus
1362 5020 1413 5072 in
1454 5022 1716 5089 reprobum
1745 5039 1942 5077 sensum

374 5101 551 5172 (Rom.
582 5120 619 5166 ι,
651 5105 768 5172 28).
801 5106 882 5160 Ab
908 5108 1003 5161 ista
1035 5118 1206 5162 morte
1230 5118 1285 5163 et
1322 5109 1388 5162 ab
1412 5108 1515 5164 isto
1542 5111 1749 5167 inferno
1779 5123 1940 5166 tutam

372 5207 434 5248 se
466 5196 686 5263 prmberi
734 5198 907 5250 anima
936 5198 1250 5267 deprecatur
1270 5240 1286 5266 ,
1313 5200 1434 5254 dttm
1479 5204 1690 5256 molitur
1718 5218 1940 5258 conver-

374 5287 578 5340 sionem
611 5287 674 5341 ad
710 5287 894 5353 Deum,
923 5300 975 5343 et
1003 5290 1166 5345 sentit
1189 5290 1549 5346 difﬁcultates.
1762 5280 1765 5285 ’

448 5378 501 5432 7.
534 5379 680 5440 (vers.
702 5377 780 5452 7.]
815 5380 1147 5450 Quapropter
1174 5384 1408 5437 contexit
1445 5383 1629 5439 dicens
1657 5402 1669 5438 :
1698 5384 1943 5439 Laboravi

372 5471 429 5526 in
448 5476 633 5543 gemitu
663 5489 790 5527 meo.
834 5473 897 5529 Et
941 5482 1184 5545 tanquam
1212 5491 1397 5546 parum
1426 5476 1697 5546 profucrit,
1727 5478 1870 5533 addit
1890 5488 1943 5534 et

374 5561 540 5617 dicit:
566 5562 767 5618 Lavabo
794 5580 885 5633 per
905 5567 1125 5634 singulas
1150 5577 1317 5643 noctes
1341 5568 1522 5621 lectum
1552 5585 1734 5621 meum.
1756 5570 1942 5643 Lectus

375 5667 457 5713 est
486 5654 587 5711 hoc
615 5653 731 5711 loco
752 5655 1046 5725 appellatus
1066 5656 1153 5711 ubi
1175 5640 1459 5727 requiescit
1490 5658 1698 5712 animus
1726 5640 1873 5728 a-ger
1890 5668 1943 5713 et

308 5728 319 5737 θ
378 5751 641 5807 inﬁrmus.
666 5748 717 5803 id
743 5758 824 5803 est
851 5748 902 5803 in
922 5748 1191 5817 voluptate
1212 5750 1451 5820 corporis
1472 5762 1525 5805 et
1547 5750 1596 5823 in
1619 5751 1759 5804 omni
1788 5750 1942 5806 dele-

381 5840 614 5901 Ctatione
641 5837 874 5897 seculari
899 5856 913 5906 ;
944 5853 1100 5911 quam
1113 5837 1508 5900 delectationem
1538 5841 1780 5913 lacrymis
1802 5841 1939 5898 lavat

1525 405 1750 462 ΕΝ,Χῆῐῖ
1772 404 1912 461 \TlO
1952 404 2014 459 IN
2057 404 2373 464 PSALML'M
2417 410 2500 465 Vl.
3566 426 3639 482 σι

2076 525 2162 589 qtti
2186 539 2304 579 sese
2328 526 2394 578 ab
2419 528 2501 579 illa
2527 539 2748 581 conatur
2773 530 3067 606 extrahere.
3100 532 3254 589 Videt
3280 536 3421 593 enim
3444 538 3551 607 jam
3579 557 3639 598 se

2075 613 2327 670 damnare
2353 612 2593 672 carnales
2628 624 3079 689 concupiscentias
3098 670 3112 689 ,
3141 634 3194 680 et
3214 636 3386 683 tamen
3408 630 3636 688 delecta-

2076 705 2217 760 tione
2272 716 2478 762 tenetur
2523 710 2798 766 inﬁrmitas
2827 714 2867 777 ⁸,
2915 726 2967 769 et
3017 716 3070 770 iu
3119 733 3179 771 ea
3219 720 3443 776 libenter
3471 725 3634 792 jacet,

2071 799 2210 853 unde
2257 815 2472 869 surgere
2500 804 2599 856 nisi
2629 816 2848 861 sanatus
2877 812 3083 862 animus
3115 826 3215 864 non
3251 824 3436 881 potest.
3483 816 3633 884 Quod

2070 901 2243 944 autem
2269 893 2361 957 ait,
2393 910 2478 962 per
2505 896 2728 965 singulas
2755 909 2940 960 noctes,
2966 899 3065 954 hoc
3093 902 3311 957 fortasse
3336 907 3500 975 accipi
3530 923 3630 960 vo-

2071 979 2184 1044 luit,
2236 982 2373 1052 quod
2424 984 2507 1038 ille
2537 986 2623 1053 qui
2669 988 2853 1054 spiritu
2903 1000 3175 1058 promptus
3219 995 3376 1047 sentit
3403 995 3633 1065 aliquam

2069 1072 2238 1127 lucem
2270 1076 2524 1141 veritatis,
2553 1088 2607 1132 et
2633 1087 2804 1134 tamen
2833 1081 2883 1134 in
2911 1081 3261 1139 delectatione
3283 1086 3437 1155 hujtts
3451 1090 3635 1144 s;eculi

2069 1180 2162 1233 per
2186 1169 2357 1221 carnis
2384 1169 2738 1226 inﬁrmitatem
2765 1173 3048 1243 aliquando
3065 1178 3364 1246 requiescit,
3387 1190 3629 1251 tanquam

2065 1255 2178 1310 dies
2201 1266 2255 1311 et
2293 1269 2472 1313 noctes
2518 1263 2723 1317 alterno
2764 1265 2953 1319 affectu
3001 1268 3208 1337 cogitur
3252 1256 3355 1336 pati
3389 1290 3402 1325 :
3432 1282 3482 1325 ut
3510 1288 3629 1343 cum

2065 1347 2211 1409 dicit,
2259 1346 2428 1403 Mente
2468 1354 2626 1405 servio
2672 1355 2911 1425 legi-Dei,
2943 1368 3189 1427 tanquam
3215 1360 3354 1424 diem
3399 1365 3627 1429 sentiat;

2063 1456 2245 1495 rursus
2270 1458 2389 1497 cum
2416 1444 2561 1509 dicit,
2590 1445 2753 1500 Carne
2779 1434 2942 1503 autem
2979 1451 3076 1522 legi
3107 1454 3296 1521 peccati
3318 1453 3502 1519 (Rom.
3532 1472 3626 1519 vn,

2061 1530 2152 1599 25)
2175 1576 2189 1597 ,
2223 1534 2502 1590 inclinetur
2526 1538 2579 1590 in
2616 1549 2844 1604 noctem,
2875 1540 3043 1596 donec
3067 1545 3354 1599 omnisnox
3376 1557 3626 1612 transeat,

2062 1635 2114 1678 ct
2144 1627 2320 1681 Vt‘ltiat
2349 1645 2483 1681 unus
2513 1630 2624 1683 dies
2653 1631 2719 1685 de
2746 1648 2850 1701 quo
2879 1633 3071 1688 dicitur
3100 1653 3112 1688 :
3150 1635 3300 1690 Mane
3324 1638 3493 1690 astabo
3515 1637 3626 1700 tibi,

2060 1725 2105 1766 et
2130 1716 2300 1769 videbo
2332 1715 2499 1781 (Psul.
2523 1734 2576 1781 v,
2605 1720 2679 1792 3).
2709 1722 2858 1777 Tunc
2878 1724 3016 1776 enim
3035 1726 3262 1791 astabit;
3299 1742 3435 1781 nunc
3454 1738 3626 1781 autent

2056 1807 2215 1875 jacet,
2243 1812 2452 1878 quando
2484 1812 2532 1865 in
2563 1813 2699 1866 lecto
2727 1824 2809 1868 est
2839 1832 2992 1882 quem
3038 1816 3234 1870 Iuvabit
3275 1834 3366 1886 per
3396 1819 3628 1887 singulas

2061 1907 2261 1961 noctes,
2292 1910 2346 1952 ιιι
2370 1902 2527 1955 tantis
2557 1903 2804 1973 lacryntis
2839 1906 3082 1974 impetret
3111 1905 3530 1961 efﬁcacissimam
3558 1909 3624 1961 de

2061 1991 2150 2046 Dei
2212 1994 2569 2049 misericordia
2642 1998 2971 2050 medicinam.
3015 1997 3077 2051 lu
3137 1998 3370 2068 lucrytm's
3416 2010 3623 2052 stratum

2058 2099 2218 2135 meum
2244 2084 2435 2153 rigabo,
2457 2088 2698 2156 repetitio
2716 2097 2797 2142 est
2825 2105 2837 2138 :
2861 2104 2979 2141 cum
2992 2091 3130 2142 enim
3152 2090 3277 2143 dicit
3294 2090 3342 2142 in
3367 2090 3621 2160 lacrgnnr,

2055 2174 2286 2227 ostendit
2316 2178 2759 2243 quemadmodum
2802 2182 3045 2244 superius
3070 2181 3243 2233 lavubo
3269 2180 3489 2244 dixerit;
3525 2182 3623 2237 hoc

2054 2276 2228 2329 autem
2274 2268 2561 2338 accipimus
2610 2281 2856 2331 stratum,
2912 2271 3052 2343 quod
3103 2272 3344 2339 superiu~
3397 2270 3620 2325 lectum:

2053 2373 2349 2427 quanqnatn
2380 2361 2552 2430 rigubo
2596 2361 2820 2419 amplius
2862 2362 2929 2414 sit
2968 2362 3162 2431 aliquid
3210 2379 3366 2432 quam
3415 2363 3620 2426 locabo;

2052 2450 2297 2517 quoniant
2346 2460 2518 2518 potest
2556 2451 2750 2520 aliquid
2786 2453 2834 2505 in
2868 2453 3147 2519 Superlit-ie
3196 2453 3393 2515 lavari;
3436 2455 3620 2522 rigatio

2054 2555 2178 2595 vero
2218 2540 2284 2594 ad
2327 2542 2573 2596 interiora
2624 2553 2859 2612 permeat
2884 2545 2925 2607 ',
2971 2545 3111 2614 quod
3140 2545 3397 2614 signiﬁcat
3437 2544 3615 2600 ﬂetum

2050 2646 2219 2700 usque
2262 2632 2326 2687 ad
2375 2635 2551 2688 cordis
2598 2635 2800 2688 intima.
2851 2636 3167 2704 Tempornm
3219 2654 3345 2691 vero
3373 2640 3616 2702 varietas,

2051 2722 2190 2790 quod
2221 2724 2544 2792 prum-ritum
2572 2726 2764 2793 posuit,
2788 2742 2906 2778 cum
2931 2727 3149 2789 diceret,
3177 2726 3418 2780 Luboravi
3448 2729 3497 2781 in
3527 2746 3617 2797 gl!-

2049 2817 2172 2868 mitu
2199 2832 2306 2869 meo
2329 2831 2349 2879 ,'
2369 2826 2422 2870 ct
2449 2815 2699 2878 futurum,
2746 2834 2864 2871 cum
2895 2818 3117 2877 diceret.
3162 2817 3361 2871 Lavabo
3406 2836 3493 2887 per
3513 2821 3619 2872 sin-

2048 2906 2196 2975 gulas
2227 2918 2393 2959 noctes
2425 2910 2602 2959 lectum
2624 2924 2817 2971 meum;
2849 2924 3031 2962 rursus
3071 2909 3322 2971 fttturttm,
3356 2908 3419 2961 In
3447 2910 3615 2980 lucry-

2050 2998 2143 3050 mis
2188 3006 2397 3051 stratum
2451 3015 2613 3051 meum
2656 2999 2851 3069 rigubo,
2902 2999 3028 3053 illud
3088 3001 3318 3054 ostendit
3363 3000 3488 3067 quid
3516 3002 3613 3055 sibi

2046 3088 2223 3142 dicere
2246 3088 2455 3154 debeat,
2484 3105 2601 3142 cum
2629 3090 2851 3158 quisque
2882 3090 2931 3143 in
2960 3094 3155 3159 gemitu
3186 3090 3377 3144 frustra
3406 3093 3607 3145 labora-

2045 3179 2209 3242 vcrit;
2255 3187 2499 3247 tanquam
2532 3178 2734 3234 diceret
2764 3198 2778 3233 :
2807 3179 2922 3235 Non
2970 3182 3164 3248 profuit
3200 3197 3321 3235 cum
3367 3181 3465 3237 hoc
3492 3183 3608 3247 feci,

2046 3283 2171 3336 ergo
2202 3269 2325 3322 illud
2359 3268 2567 3323 faciam.

2115 3359 2166 3412 8.
2198 3357 2345 3431 [vers
2392 3360 2425 3414 8
2445 3402 2459 3424 ,
2489 3360 2567 3433 9.]
2598 3359 2847 3415 Turbatus
2874 3372 2943 3416 est
2970 3363 3032 3415 ab
3057 3361 3134 3415 ira
3149 3363 3320 3415 oculus
3337 3379 3475 3417 meus
3492 3365 3568 3433 (lt)
3594 3379 3608 3420 :

2045 3460 2219 3503 utrum
2261 3465 2353 3504 sua
2375 3492 2390 3515 ,
2432 3466 2496 3504 an
2531 3452 2661 3515 Dei,
2692 3452 2743 3506 in
2774 3468 2875 3521 qua
2906 3452 3032 3521 petit
3061 3469 3124 3506 ne
3152 3462 3458 3524 argueretur
3480 3496 3493 3515 ,
3524 3465 3615 3508 aut

2043 3540 2441 3619 corriperetur‘t
2470 3542 2571 3597 Sed
2601 3543 2643 3596 si
2675 3543 2759 3596 illa
2790 3543 2930 3598 diem
2952 3543 3133 3613 judicii
3159 3543 3415 3613 signiﬁcat
3434 3586 3450 3610 ,
3475 3560 3609 3614 quo-

2043 3634 2202 3688 modo
2246 3650 2384 3688 nunc
2435 3646 2604 3702 potest
2648 3636 2910 3706 intelligi?
2949 3639 3028 3690 An
3065 3620 3330 3691 inchoatio
3353 3636 3466 3705 ejus
3492 3648 3609 3701 est,

2041 3725 2180 3793 quod
2220 3724 2305 3778 hic
2342 3725 2583 3779 homines
2620 3726 2829 3781 dolores
2854 3738 2908 3781 et
2940 3737 3196 3780 tormenta
3238 3728 3533 3796 patiuntur,
3560 3739 3614 3784 ct

2042 3816 2276 3869 maxime
2320 3816 2566 3869 damnum
2618 3817 2973 3885 intelligentia:
3014 3816 3284 3882 veritatis,
3330 3816 3468 3872 sicut
3501 3818 3611 3888 jam

2042 3909 2449 3961 commemoravi
2497 3909 2634 3978 quod
2675 3909 2874 3963 dictum
2915 3919 2995 3967 est
3032 3928 3045 3964 :
3086 3910 3234 3964 Dedit
3256 3911 3371 3967 illos
3398 3911 3533 3968 Deus
3560 3914 3612 3968 in

2042 4001 2307 4070 reprobum
2350 4017 2547 4053 sensum
2589 4000 2762 4071 (llam.
2802 4018 2859 4068 ι,
2897 4000 2989 4075 28)
3012 4003 3035 4056 ?
3057 4003 3189 4058 Nam
3214 4020 3274 4060 ea
3299 4015 3381 4061 est
3404 4008 3613 4062 caecitas

2042 4093 2267 4157 mentis;
2311 4092 2362 4147 in
2407 4109 2521 4145 eam
2566 4094 2801 4162 quisquis
2843 4095 2996 4149 datus
3041 4094 3223 4162 fuerit,
3269 4096 3335 4152 al:
3365 4095 3614 4153 interiore

2044 4182 2139 4236 Dei
2169 4185 2285 4238 luce
2310 4183 2598 4237 secluditur
2622 4225 2634 4245 .
2669 4185 2761 4238 sed
2794 4186 3022 4240 nondum
3052 4188 3259 4256 penitus
3283 4204 3401 4242 cum
3433 4189 3485 4243 itt
3517 4189 3613 4244 hac

2041 4275 2143 4327 vita
2180 4283 2279 4329 est.
2320 4274 2451 4329 Sunt
2482 4277 2621 4330 enim
2662 4278 2889 4331 tenebrte
2915 4282 3203 4334 exteriores
3231 4279 3438 4351 (Matt/1.
3465 4297 3574 4335 xxv
3593 4323 3609 4347 ,

2043 4366 2131 4438 30)
2155 4409 2170 4431 ,
2213 4384 2329 4437 qua:
2355 4371 2520 4439 magis
2548 4369 2613 4424 ad
2643 4371 2780 4424 diem
2806 4372 2989 4440 judicii
3018 4373 3283 4444 pertinere
3309 4373 3610 4443 intelligun-

2045 4470 2127 4515 tur
2147 4503 2161 4527 ,
2185 4470 2241 4515 ut
2263 4462 2468 4531 penitus
2488 4473 2635 4517 extra
2661 4466 2823 4518 Deum
2849 4466 2946 4529 sit,
2969 4465 3234 4534 quisquis,
3257 4464 3380 4518 dum
3405 4476 3612 4535 tempus

2043 4562 2152 4615 est,
2183 4554 2371 4622 corrigi
2398 4554 2660 4619 noluerit;
2693 4556 2906 4623 penitus
2927 4555 3065 4608 enim
3094 4555 3113 4585 ³
3134 4571 3250 4607 esse
3274 4566 3419 4609 extra
3448 4557 3609 4611 Deum

2043 4643 2168 4712 quid
2188 4654 2295 4707 est,
2325 4644 2421 4698 nisi
2448 4660 2566 4699 esse
2594 4647 2644 4697 in
2668 4660 2872 4699 summa
2900 4645 3175 4699 caecitate?
3196 4645 3452 4713 siquidem
3474 4647 3611 4701 Dens

2044 4734 2244 4788 habitat
2266 4736 2434 4789 lucem
2461 4735 2876 4789 inaccessibilent
2905 4736 2945 4804 (1
2982 4734 3110 4788 Tim.
3138 4752 3187 4790 VI
3211 4779 3224 4797 ,
3258 4736 3341 4807 16)
3367 4779 3380 4800 ,
3410 4752 3513 4798 quo
3535 4741 3607 4791 iu-

2042 4828 2347 4897 gredittntur
2371 4829 2560 4895 quibus
2600 4827 2790 4881 dicitur
2822 4846 2834 4881 :
2871 4828 3012 4880 Intra
3044 4830 3103 4881 in
3129 4830 3364 4898 gaudium
3407 4829 3611 4884 Domim

2043 4920 2114 4973 tui
2150 4917 2354 4990 (Matth.
2400 4934 2503 4972 xxv
2526 4958 2539 4980 ,
2580 4918 2678 4985 21,
2717 4916 2827 4990 25).
2860 4920 3022 4988 liujus
3053 4921 3206 4988 igitur
3232 4920 3324 4974 irm
3351 4921 3611 4976 inchoato
3688 4902 3701 4914 ’

2043 5021 2125 5064 est
2166 5027 2320 5080 quam
2364 5012 2414 5065 in
2462 5011 2558 5065 liae
2600 5012 2701 5064 vita
2744 5011 2933 5078 patitur
2967 5012 3187 5082 quisque
3226 5023 3467 5081 peccator
3497 5031 3510 5067 :
3542 5015 3607 5066 ti-

2046 5117 2196 5156 mens
2238 5103 2411 5169 itaque
2449 5101 2631 5168 judicii
2675 5101 2811 5155 diem
2836 5142 2852 5165 ,
2891 5101 3089 5156 laborat
3114 5112 3167 5156 ct
3196 5103 3423 5174 plangit,
3455 5119 3519 5158 ne
3543 5104 3611 5157 ad

2046 5193 2169 5247 illud
2199 5194 2543 5262 perducatur,
2577 5194 2725 5261 cujus
2748 5194 2950 5247 initium
2977 5204 3078 5248 tam
3104 5196 3449 5262 perniciosum
3474 5210 3610 5248 nunc

2045 5284 2348 5353 experitur;
2388 5295 2441 5337 et
2481 5285 2597 5338 ideo
2638 5302 2738 5339 non
2778 5286 2939 5351 dixit,
2981 5286 3283 5341 Exstinctos
3320 5294 3434 5352 est,
3475 5283 3565 5338 sed
3592 5324 3607 5349 ,

2110 5481 2125 5513 ⁸
2150 5487 2278 5545 Lov.,
2306 5478 2614 5545 inﬁrmitatis.
2644 5487 2695 5528 Αι
2711 5485 2785 5531 Er.
2809 5488 2859 5530 et
2884 5479 3104 5545 plerique
3126 5488 3253 5539 Mss,
3277 5476 3546 5545 inﬁrmitas.

2070 5538 2305 5614 _’AEdiLi:
2343 5538 2608 5606 permanat.
2648 5550 2702 5591 At
2732 5549 2837 5592 Mss.
2877 5538 3050 5606 aliqui,
3096 5538 3336 5606 permeat}
3370 5538 3615 5608 alit,-per-

2044 5610 2175 5655 tinet.

2109 5664 2359 5727 ‘b‘ommlli
2384 5666 2546 5727 probae
2580 5656 2703 5714 notae
2752 5672 2875 5715 iussu:
2911 5663 3104 5727 renitas
3138 5670 3293 5727 autem
3331 5676 3432 5714 esse
3468 5671 3611 5713 extra

2046 5734 2214 5777 Deum.
2243 5726 2324 5789 alii
2350 5726 2466 5775 vero
2488 5739 2595 5775 cum
2620 5726 2780 5789 editis,
2808 5726 2995 5789 venint:
3015 5726 3156 5776 ettim.
3184 5726 3381 5789 [autem]

2108 5790 2180 5849 (τι)
2213 5795 2279 5837 De
2305 5788 2393 5837 bac
2415 5795 2551 5849 parte
2576 5801 2703 5836 vers.
2728 5786 2760 5835 8
2783 5786 2980 5849 consule
3004 5793 3175 5849 I_F.nar.
3213 5786 3329 5836 t'sal.
3357 5786 3522 5846 ixxvt,
3555 5802 3605 5836 ιι.

2048 5853 2095 5902 9.
2119 5847 2190 5900 De
2212 5848 2365 5899 altera
2382 5847 2518 5912 parte
2536 5850 2754 5912 ejusdem
2774 5861 2899 5897 vers.
2918 5847 2949 5896 8
2964 5847 3073 5896 vide
3098 5852 3232 5898 Euar.
3259 5849 3470 5909 t‘sal.cn,
3494 5863 3541 5898 ιι.
3557 5849 3605 5898 9.
