4046 6200
416 345 488 404 95
810 389 817 395 ,
1639 338 1696 393 s.
1737 330 2095 394 suetisrtvt
2136 335 2429 395 nrtscom
3227 317 3233 323 ’
3585 345 3662 402 ao

420 461 671 516 Turbatus
695 469 764 517 est
788 460 850 513 ab
879 460 953 512 ira
983 458 1156 513 oculus
1181 472 1334 513 meus.
1365 455 1419 511 Si
1445 464 1619 508 autem
1646 468 1737 507 sua
1765 452 1840 506 ira
1867 450 1993 505 dicit

419 554 631 607 oculum
672 568 822 606 suum
851 566 966 606 esse
997 550 1290 611 turbatum,
1325 562 1493 617 neque
1523 547 1622 600 hoc
1652 547 1839 599 mirum
1867 555 1946 598 est
1976 561 1988 596 :

419 659 539 698 nam
577 642 698 698 hinc
732 641 949 696 forsitan
1012 640 1207 695 dictum
1235 649 1342 702 est,
1375 636 1496 690 Non
1523 636 1717 690 occidat
1744 635 1820 687 sol
1844 651 1992 704 super

342 741 347 749 '
414 734 730 788 iracundiam
767 746 978 787 vestram
1009 731 1219 802 (Ephes.
1252 747 1301 785 tv
1321 773 1334 794 ,
1365 731 1454 795 26)
1475 772 1487 790 ,
1516 729 1654 799 quod
1684 726 1987 782 interiorem

415 828 581 882 solem
604 868 617 889 ,
641 826 691 879 id
718 836 798 880 est
826 826 1133 895 sapientiam
1158 824 1284 889 Dei,
1314 831 1559 891 tanquam
1590 834 1833 873 occasum
1857 818 1909 870 in
1932 833 1989 872 se

414 921 520 989 pati
566 920 848 974 arbitratur
883 933 1066 984 mens,
1114 932 1229 988 quae
1272 930 1366 970 sua
1412 912 1805 985 perturbatione
1839 911 1986 965 illum

415 1010 593 1066 videre
625 1026 728 1065 non
758 1010 964 1065 sinitur.

483 1100 535 1156 9.
579 1100 857 1157 Inveteravi
893 1102 945 1153 in
984 1100 1210 1154 omnibus
1249 1098 1463 1152 inimicis
1498 1098 1636 1151 meis.
1673 1096 1846 1151 Deira
1874 1104 1988 1150 tan-

416 1199 525 1245 tum
558 1192 794 1255 dixerat,
826 1193 870 1247 si
895 1201 1069 1246 tamen
1092 1191 1156 1246 de
1181 1205 1277 1245 sua
1306 1192 1381 1244 ira
1411 1190 1616 1244 dixerat
1646 1187 1988 1244 :considera-

412 1285 484 1337 tis
507 1294 681 1340 autem
712 1286 929 1356 reliquis
958 1285 1097 1338 vitiis
1119 1326 1133 1351 ,
1167 1283 1364 1338 invenit
1384 1299 1441 1338 se
1466 1281 1711 1337 omnibus
1734 1296 1851 1337 esse
1872 1280 1984 1335 val-

412 1377 599 1432 latum.
629 1377 757 1443 Quae
786 1377 908 1430 vitia
936 1377 1183 1445 quoniam
1215 1376 1408 1430 veteris
1429 1376 1546 1428 vitm
1572 1382 1697 1429 sunt
1716 1383 1768 1428 et
1793 1375 1988 1429 veteris

416 1465 646 1521 hominis
666 1482 769 1536 quo
791 1466 1016 1521 exuendi
1042 1482 1225 1521 sumus
1246 1475 1303 1520 ut
1324 1465 1599 1521 induamur
1614 1459 1983 1538 novolColoss.

416 1572 472 1611 ut
498 1599 513 1622 ,
544 1557 577 1611 9
596 1599 611 1624 ,
642 1557 730 1626 10)
752 1598 767 1623 ,
798 1567 941 1612 recte
968 1559 1164 1613 dictum
1189 1568 1270 1613 est
1292 1599 1307 1622 ,
1339 1556 1635 1612 lnveteravi.
1665 1558 1731 1611 In
1760 1560 1986 1613 omnibus

414 1639 589 1702 autem
631 1648 844 1703 inimicis
888 1651 1041 1715 meis,
1094 1650 1174 1705 vel
1215 1650 1352 1704 inter
1393 1650 1503 1718 ipsa
1546 1649 1669 1704 vitia
1712 1649 1874 1715 dicit,
1903 1654 1983 1704 vel

414 1737 551 1792 inter
590 1737 828 1819 homines
859 1740 945 1810 qui
977 1744 1160 1793 nolunt
1183 1740 1247 1793 ad
1284 1740 1449 1795 Deum
1475 1738 1710 1794 converti
1742 1757 1754 1794 :
1788 1755 1906 1793 nam
1931 1748 1985 1795 et

414 1827 496 1891 hi,
541 1829 698 1882 etiam
735 1830 780 1883 si
818 1830 1059 1884 nesciunt
1102 1833 1149 1893 ι,
1191 1831 1347 1884 etiam
1391 1832 1436 1885 si
1475 1840 1728 1901 parcunt,
1759 1832 1915 1886 etiam
1939 1836 1982 1886 si

416 1916 603 1972 iisdem
645 1919 901 1974 conviviis
938 1930 991 1975 et
1028 1920 1273 1975 domibus
1311 1930 1364 1975 et
1404 1921 1704 1975 civitatibus
1729 1922 1867 1975 nulla
1894 1922 1985 1976 lite

410 2008 757 2079 interposita,
803 2021 855 2066 et
898 2012 1099 2066 crebris
1143 2013 1418 2081 colloquiis
1458 2013 1609 2083 quasi
1652 2014 1985 2067 concorditer

411 2109 660 2167 utuntur,
690 2101 1030 2156 nihilominus
1054 2112 1225 2157 tamen
1257 2104 1543 2157 intentione
1562 2105 1822 2159 centraria
1842 2147 1857 2171 ,
1882 2105 1982 2159 ini-

410 2191 533 2245 mici
577 2202 699 2246 sunt
723 2192 801 2247 eis
830 2194 916 2263 qui
947 2209 1005 2248 se
1038 2194 1103 2247 ad
1141 2194 1302 2250 Deum
1344 2204 1673 2249 convertunt.
1703 2195 1832 2249 Nam
1862 2212 1981 2250 cum

408 2283 495 2337 alii
534 2292 715 2338 amant
737 2293 791 2338 et
814 2294 1068 2355 appetunt
1097 2287 1253 2340 istum
1286 2289 1572 2363 mundum,
1599 2288 1688 2342 alii
1715 2304 1772 2343 se
1798 2296 1984 2357 Optaut

406 2375 475 2429 ab
519 2375 621 2429 isto
668 2376 865 2430 mundo
907 2376 1119 2431 liberari
1143 2419 1157 2441 ,
1188 2378 1306 2447 quis
1334 2393 1436 2432 non
1464 2378 1638 2432 videat
1666 2379 1781 2432 illos
1810 2379 1981 2432 inimi-

312 2521 323 2535 ρ
406 2478 499 2518 cos
526 2480 644 2520 esse
681 2465 838 2521 istis?
874 2483 994 2521 nam
1034 2469 1076 2523 si
1114 2469 1346 2538 pessiut,
1379 2484 1472 2524 eos
1499 2484 1678 2525 secum
1707 2469 1773 2524 ad
1800 2485 1983 2540 pmnas

406 2557 640 2612 trahunt.
684 2558 751 2613 Et
791 2575 1038 2630 magnum
1072 2560 1268 2615 donum
1296 2572 1377 2617 cst
1398 2603 1413 2629 ,
1445 2561 1583 2616 inter
1610 2578 1791 2617 eorum
1822 2562 1981 2619 verba

404 2655 604 2710 versari
642 2654 909 2725 quotidie,
949 2662 1003 2710 et
1043 2672 1146 2710 non
1181 2656 1437 2711 excedere
1465 2655 1530 2711 de
1574 2657 1760 2711 itinere
1787 2658 1983 2726 praeceu

402 2758 613 2818 ptorum
646 2748 738 2803 Dei
770 2765 784 2802 :
811 2763 952 2818 smpe
973 2749 1114 2802 enim
1138 2763 1284 2802 mens
1300 2748 1474 2803 nitens
1492 2764 1706 2819 pergere
1727 2749 1777 2802 in
1793 2748 1979 2813 Deum,

402 2854 658 2894 concussa
698 2839 747 2892 in
779 2839 892 2908 ipso
924 2839 1108 2893 itinere
1139 2839 1365 2907 trepidat
1396 2856 1408 2891 :
1443 2848 1496 2893 et
1522 2840 1827 2908 plerumque
1858 2854 1981 2906 pro-

402 2939 582 3002 pterea
606 2946 710 2987 non
733 2932 915 3002 implet
941 2930 1136 2988 bonum
1161 2932 1481 3003 propositum
1504 2976 1519 3001 ,
1548 2947 1615 2990 ue
1633 2931 1866 2990 oll‘eudat
1888 2946 1981 2985 eos

399 3041 521 3079 cum
563 3026 754 3095 quibus
802 3026 963 3092 vivit,
994 3026 1093 3079 alia
1137 3026 1273 3080 bona
1315 3027 1542 3095 peritura
1582 3036 1633 3081 et
1661 3027 1981 3081 transeuntia

399 3118 681 3187 diligentes
705 3127 862 3185 atque
890 3126 1172 3172 sectantes.
1206 3118 1286 3173 Ab
1308 3118 1388 3172 his
1412 3130 1686 3188 separatus
1707 3130 1787 3174 est
1808 3121 1981 3174 omnis

399 3223 559 3260 sanus
579 3249 594 3273 ,
628 3222 729 3260 non
757 3208 883 3263 locis
903 3248 918 3272 ,
950 3207 1044 3262 sed
1074 3207 1249 3262 animo
1272 3224 1286 3273 ;
1315 3224 1435 3263 nam
1459 3209 1587 3263 locis
1609 3224 1831 3279 corpora
1852 3225 1978 3264 con-

400 3308 663 3362 tinentur,
695 3299 871 3353 animo
901 3310 1074 3354 autem
1102 3300 1250 3354 locus
1279 3312 1361 3355 est
1388 3300 1597 3356 aﬂ‘cctio
1617 3316 1731 3355 sua.

470 3389 556 3444 10.
589 3389 918 3460 Quapropter
947 3399 1065 3459 post
1096 3389 1329 3445 laborem
1358 3401 1409 3445 et
1431 3392 1682 3461 gemitum
1705 3399 1757 3445 et
1783 3391 1980 3447 imbres

399 3482 746 3537 creberrimos
783 3482 1135 3553 lacrymarum
1155 3524 1169 3549 ,
1199 3482 1319 3552 quia
1349 3482 1503 3536 inane
1526 3498 1632 3537 non
1662 3491 1834 3552 potest
1856 3497 1977 3538 esse

397 3572 537 3644 quod
574 3581 680 3627 tam
709 3573 1051 3628 vehementer
1075 3580 1289 3644 rogatur
1311 3573 1377 3628 ab
1402 3588 1467 3628 eo
1496 3574 1583 3643 qui
1611 3572 1728 3628 fons
1753 3582 1837 3629 est
1860 3586 1981 3628 om-

391 3667 541 3722 nium
592 3665 1067 3721 misericordiarum
1097 3708 1113 3731 ,
1170 3665 1549 3737 verissimeque
1602 3666 1799 3722 dictum
1847 3676 1929 3722 est
1950 3708 1977 3740 ,

392 3757 566 3828 Prope
600 3768 673 3814 est
712 3757 961 3813 Dominus
1002 3759 1186 3814 attritis
1228 3758 1377 3814 corde
1414 3758 1585 3832 (Psal.
1614 3775 1779 3816 xxxnt
1801 3801 1816 3828 ,
1846 3757 1978 3843 19)⁹

393 3861 513 3920 post
537 3859 708 3904 tantas
736 3850 1071 3907 diflieultates
1098 3850 1395 3905 exauditam
1424 3866 1482 3906 se
1506 3852 1678 3905 anima
1706 3852 1789 3922 pia
1817 3853 1980 3924 signi-

396 3938 598 4004 ﬁcans,
638 3955 793 4008 quam
835 3941 956 3995 licet
995 3942 1153 3996 etiam
1181 3942 1470 3998 Eeclesiam
1502 3942 1827 4013 intelligere,
1859 3943 1980 3999 vide

392 4016 519 4100 quid
560 4030 798 4099 adiungit
844 4049 857 4084 :
902 4030 1154 4085 Discedite
1193 4050 1224 4085 a
1259 4051 1368 4096 me,
1397 4051 1565 4087 omnes
1589 4035 1674 4104 qui
1703 4035 1980 4103 operamini

391 4122 745 4193 iniquitatem;
786 4122 1020 4190 quoniam
1062 4126 1311 4178 exaudivit
1363 4125 1607 4179 Dominus
1635 4143 1800 4180 vocent
1829 4127 1979 4196 ﬂetus

394 4213 511 4266 mei.
547 4211 640 4267 Vel
670 4211 721 4265 in
751 4211 1024 4282 prophetia
1053 4212 1250 4267 dictum
1277 4226 1386 4279 est,
1415 4217 1661 4284 quoniam
1691 4214 1975 4271 discessuri

391 4310 515 4358 sunt
538 4344 553 4370 ,
578 4302 629 4357 id
652 4310 734 4359 est
756 4343 770 4369 ,
799 4301 1182 4372 separabantur
1200 4319 1231 4358 a
1253 4304 1410 4374 justis
1435 4306 1621 4376 impii,
1648 4322 1769 4362 cum
1789 4304 1976 4378 judicii

391 4396 507 4451 dies
549 4395 790 4461 venerit;
836 4395 920 4449 vel
968 4412 1139 4458 intnc.
1186 4398 1303 4464 quia
1349 4397 1551 4450 etiamsi
1583 4399 1778 4467 pariter
1816 4406 1974 4469 atque

392 4485 591 4570 iisdem.
605 4488 988 4541 conventiculis
1006 4486 1347 4543 continentur
1369 4528 1382 4546 ,
1415 4496 1586 4540 tamen
1616 4488 1666 4541 in
1689 4504 1811 4543 area
1834 4490 1971 4544 nuda

387 4577 495 4649 jam
535 4594 695 4649 grana
737 4588 976 4650 separata
1016 4590 1135 4633 sunt
1165 4595 1194 4632 a
1225 4578 1417 4648 paleis,
1448 4577 1684 4648 quamvis
1711 4580 1850 4635 inter
1872 4596 1971 4650 pa-

392 4670 503 4723 leas
526 4671 725 4726 lateant
756 4689 768 4724 :
801 4672 952 4727 simul
982 4673 1157 4743 itaque
1187 4672 1385 4727 versari
1410 4680 1669 4741 possunt,
1695 4672 1789 4727 sed
1810 4672 1970 4733 simul

335 4804 343 4813 .
390 4770 549 4813 vento
579 4759 772 4815 auferri
804 4776 906 4815 non
934 4771 1173 4834 pOSsuut.

465 4851 552 4905 ll.
609 4849 762 4923 [vcrs.
799 4851 910 4925 10.]
953 4854 1201 4920 Quoniam
1236 4854 1488 4909 exaudivit
1526 4850 1968 4908 Dominusivocem

393 4942 538 5012 ﬂetus
580 4942 711 5009 mei;
755 4945 1008 4997 exaudivit
1051 4944 1294 5001 Dominus
1330 4947 1731 5018 deprecationem
1768 4963 1966 5013 meam;

391 5031 640 5088 Dominus
678 5035 951 5088 orationem
984 5052 1142 5089 meum
1179 5042 1465 5107 assumpsit.
1505 5039 1703 5094 Crebra
1729 5038 1965 5108 ejusdem

392 5128 671 5188 sententia:
717 5129 959 5197 repetitio
985 5172 998 5192 ,
1045 5145 1146 5182 non
1176 5133 1326 5201 quasi
1365 5134 1626 5187 narrantis
1676 5132 1964 5187 necessita-

393 5228 520 5286 tem,
551 5219 645 5275 sed
658 5213 914 5276 allectum
938 5223 1249 5277 exsultantis
1273 5224 1528 5287 ostendit;
1551 5225 1626 5279 sic
1654 5226 1795 5279 enim
1825 5226 1963 5295 loqui

392 5315 679 5383 gaudentes
708 5314 913 5381 solent,
946 5324 1001 5368 ut
1026 5330 1129 5368 non
1157 5314 1234 5368 eis
1257 5315 1481 5369 sufﬁciat
1509 5316 1671 5371 semel
1693 5317 1966 5371 enuntiare

393 5406 533 5475 quod
559 5407 801 5478 gaudent.
829 5406 928 5462 lste
951 5406 1146 5461 fructus
1172 5417 1253 5461 est
1282 5406 1418 5461 illius
1442 5408 1666 5478 gemitus
1692 5410 1743 5463 in
1765 5424 1869 5479 quo
1888 5410 1964 5463 la-

392 5494 630 5561 boratur,
651 5507 705 5553 et
726 5498 930 5552 illarum
957 5498 1308 5568 lacrymarum
1334 5497 1522 5567 quibus
1548 5500 1751 5552 lavatur
1775 5500 1961 5561 lectus,

396 5598 450 5644 et
477 5601 672 5647 stratus
697 5587 884 5662 rigat'm
912 5607 927 5656 ;
956 5592 1202 5661 quoniam
1232 5592 1322 5663 qui
1351 5593 1571 5647 seminat
1598 5592 1648 5648 in
1676 5592 1922 5662 lacrymis
1947 5633 1960 5656 ,

459 5793 475 5823 ⁸
497 5797 569 5841 su:
590 5797 677 5842 his;
719 5794 836 5845 mliti
862 5808 990 5855 vero,
1013 5792 1296 5844 nesciuntur.

2097 450 2146 502 in
2187 451 2376 519 gaudio
2415 461 2573 507 metet
2612 454 2779 524 (Psal.
2820 471 2999 519 cxxv;
3033 457 3117 527 5),
3145 468 3192 511 et
3222 458 3360 513 beati
3387 460 3667 531 lugentem
3734 472 3743 479 ‘

2092 547 2340 615 quoniam
2374 548 2468 615 ipsi
2494 549 2902 604 consolabuntur
2925 549 3135 620 (Matth.
3167 568 3199 604 v
3223 594 3237 616 ,
3266 553 3343 622 5).

2164 636 2249 690 12.
2302 637 2452 711 [vers.
2477 640 2588 709 11.]
2613 640 2917 696 Erubescant
2938 653 2984 696 et
3010 643 3363 697 conturbantur
3381 660 3548 698 omnes
3567 644 3670 698 ini-

2090 728 2204 781 mici
2225 730 2337 782 mei.
2364 730 2622 786 Discedite
2646 748 2673 785 a
2701 749 2804 797 me,
2827 748 3033 794 omnes.
3065 736 3197 789 dixit
3223 735 3498 801 superius;
3528 738 3668 804 quod

2089 820 2246 873 etiam
2288 822 2337 874 in
2378 822 2476 877 hac
2507 824 2637 885 vita,
2670 823 2805 879 sicut
2831 826 3125 895 expositum
3155 828 3414 897 est,lieri
3446 836 3619 897 potest
3653 848 3667 883 :

2086 902 2223 980 quod
2248 922 2421 966 autem
2451 913 2615 978 dicit,
2648 913 2960 970 Erubescant
2981 924 3025 970 et
3045 917 3402 972 conturbentur
3420 934 3564 982 ,.non
3589 919 3670 973 vi-

2091 1004 2191 1058 deo
2235 1006 2673 1074 quemadmodum
2714 1010 2927 1064 evenire
2952 1011 3118 1080 possit
3142 1052 3157 1075 ,
3190 1010 3287 1064 nisi
3316 1010 3409 1063 illo
3435 1010 3519 1066 die
3545 1026 3667 1065 cum

2087 1096 2365 1153 manifesta
2388 1097 2582 1154 fuerint
2604 1100 2866 1170 justorum
2890 1102 3103 1171 praemia
3125 1111 3176 1157 et
3197 1103 3447 1173 supplicia
3476 1108 3669 1173 peccs-

2085 1197 2283 1245 torum.
2326 1191 2454 1246 Nam
2485 1208 2625 1248 nunc
2655 1209 2822 1262 usque
2845 1194 2979 1250 adeo
3007 1210 3112 1249 non
3137 1196 3455 1250 erubescunt
3478 1195 3660 1265 impii,

2086 1289 2143 1334 ut
2169 1281 2318 1336 nobis
2340 1283 2590 1337 insultare
2612 1299 2714 1337 non
2742 1284 2987 1339 desinant
3016 1303 3031 1340 :
3055 1296 3108 1339 et
3127 1272 3436 1356 plerumque
3461 1295 3666 1341 tantmn

2083 1373 2263 1428 valent
2285 1375 2615 1431 irrisionibus
2633 1377 2743 1431 suis
2760 1418 2774 1442 ,
2806 1386 2862 1431 ut
2890 1377 3126 1433 infirmos
3158 1379 3396 1437 homines
3418 1379 3487 1433 de
3507 1380 3662 1433 Chri-

2084 1465 2150 1519 sti
2200 1467 2412 1521 nominc
2458 1468 2772 1524 erubescere
2820 1468 3063 1537 faciant”
3096 1469 3235 1525 unde
3279 1470 3473 1525 dictum
3516 1484 3598 1527 est
3645 1490 3659 1526 :

2088 1554 2325 1624 Quisquis
2350 1574 2428 1611 me
2445 1559 2693 1612 erubuerit
2713 1575 2883 1613 coram
2906 1560 3187 1615 hominibus
3206 1604 3220 1628 ,
3249 1562 3529 1617 erubescam
3547 1580 3663 1616 eum

2082 1664 2254 1701 coram
2281 1646 2440 1703 Patre
2480 1668 2588 1704 meo
2628 1649 2777 1722 (Luc.
2826 1668 2878 1706 Ix
2902 1694 2915 1715 ,
2959 1650 3072 1722 26).
3114 1652 3228 1707 Jam
3273 1669 3397 1709 vero
3423 1655 3661 1725 quisquis

2083 1743 2327 1797 sublimia
2356 1742 2444 1798 illa
2472 1754 2728 1814 praecepta
2761 1745 2981 1813 implere
3007 1746 3257 1811 voluerit,
3288 1757 3345 1800 ut
3367 1746 3656 1818 dispergat,

2041 1832 2045 1840 ’
2083 1834 2172 1889 det
2216 1836 2529 1905 pauperibus
2551 1879 2566 1903 ,
2598 1853 2703 1906 quo
2726 1837 2924 1906 jnstitia
2947 1837 3060 1905 ejus
3086 1848 3294 1892 maneat
3321 1838 3370 1893 in
3401 1848 3656 1893 aiternum

2084 1925 2252 1998 (Psal.
2292 1940 2375 1981 σπι
2397 1967 2412 1992 ,
2455 1924 2541 1999 9),
2579 1927 2928 1997 omnibusque
2957 1930 3065 1981 suis
3092 1928 3249 1981 rebus
3275 1929 3499 1983 terrenis
3523 1945 3656 1983 ven-

2082 2017 2205 2071 ditis
2242 2026 2296 2072 et
2336 2017 2687 2088 indigentibus
2712 2018 2940 2087 crogatis
2961 2060 2973 2081 ,
3002 2018 3269 2073 Christum
3295 2020 3442 2089 sequi
3474 2020 3657 2074 volue-

2082 2113 2182 2173 rit,
2222 2109 2405 2164 dicens
2438 2128 2450 2162 :
2485 2108 2629 2163 Nihil
2663 2110 2923 2164 intulimus
2946 2111 2998 2163 in
3026 2111 3155 2164 hunc
3183 2110 3421 2164 mundum
3442 2154 3457 2176 ,
3488 2127 3657 2165 verum

2082 2218 2169 2254 nec
2198 2205 2398 2272 auferre
2429 2201 2550 2272 quid
2589 2218 2850 2270 possumus
2872 2218 2892 2266 ;
2920 2203 3101 2255 victum
3129 2211 3177 2256 et
3206 2211 3539 2273 tegumentum
3564 2205 3657 2255 lia-

2081 2290 2279 2357 bentes,
2324 2293 2401 2345 his
2441 2292 2659 2345 contenti
2699 2293 2853 2345 simus
2886 2291 2929 2365 (Ι
2960 2291 3091 2345 Tim.
3124 2308 3175 2346 vt
3196 2335 3210 2353 ,
3248 2294 3276 2345 7
3301 2334 3315 2354 ,
3346 2293 3439 2363 8);
3472 2293 3658 2347 incidit

2081 2382 2132 2437 in
2175 2384 2392 2437 istorum
2436 2382 2742 2451 sacrilegam
2780 2381 3140 2449 dicacitatem,
3182 2394 3235 2437 et
3261 2382 3328 2437 ab
3350 2384 3427 2437 eis
3456 2383 3543 2453 qui
3571 2398 3656 2437 sa-

2091 2473 2203 2528 nari
2241 2473 2426 2527 nolunt
2454 2483 2669 2527 vocatur
2692 2465 2941 2535 insanus';
2969 2483 3018 2527 et
3050 2488 3190 2542 saepe
3218 2490 3286 2527 ne
3316 2473 3413 2528 hoc
3440 2485 3656 2529 vocetur

2084 2579 2114 2618 a
2161 2563 2453 2632 deSperatis
2503 2562 2840 2628 hominibus,
2894 2564 3119 2634 trepidat
3166 2565 3339 2620 facere
3382 2576 3434 2619 et
3480 2565 3654 2621 dill‘ert

2080 2655 2218 2724 quod
2260 2654 2493 2709 omnium
2534 2654 2870 2709 ﬁdelissimus
2904 2663 2956 2709 et
2995 2640 3386 2725 potentissimus
3420 2656 3654 2711 medicus
3696 2706 3699 2715 .

2082 2746 2374 2816 imperavit.
2420 2745 2534 2800 Non
2578 2761 2703 2815 ergo
2746 2761 2884 2800 nunc
2928 2746 3010 2799 isti
3057 2752 3275 2815 poSsunt
3300 2747 3650 2814 erubescere,

2080 2838 2269 2908 quibus
2293 2853 2359 2892 ne
2385 2853 2481 2892 nos
2510 2839 2883 2892 erubescamus
2904 2837 3186 2907 optandum
3209 2848 3288 2891 est
3307 2880 3321 2903 ,
3344 2848 3396 2892 et
3415 2853 3443 2892 a
3463 2853 3655 2908 prepo-

2080 2929 2182 2981 sito
2226 2929 2413 2983 itinere
2446 2929 2526 2981 vel
2558 2943 2866 2982 revocemur
2886 2969 2902 2993 ,
2934 2928 3013 2982 vel
3045 2927 3393 2997 impediamnr
3414 2969 3429 2995 ,
3459 2929 3541 2983 vel
3570 2944 3655 2984 re-

2082 3024 2367 3079 tardemur.
2411 3018 2515 3075 Sed
2552 3019 2731 3073 veniet
2773 3027 2977 3087 tempus
3010 3028 3067 3073 ut
3092 3019 3164 3072 illi
3192 3019 3537 3082 erubescant,
3568 3018 3652 3072 di-

2079 3129 2258 3173 centes
2285 3126 2340 3171 ut
2368 3118 2731 3185 scriptumest
2762 3130 2776 3169 :
2812 3110 2881 3168 lli
2903 3121 3016 3169 sunt
3039 3128 3163 3184 quos
3191 3112 3458 3185 aliquando
3480 3110 3654 3166 habui-

2080 3226 2190 3263 mus
2216 3209 2267 3262 in
2296 3208 2451 3261 risum
2481 3218 2525 3260 et
2550 3208 2602 3260 in
2631 3206 3004 3260 similitudinem
3028 3206 3318 3276 improperii
3342 3220 3468 3259 :nos
3488 3206 3655 3259 insano

2079 3300 2175 3354 sati
2192 3340 2207 3365 ,
2233 3299 2385 3352 vitam
2412 3297 2615 3352 illorum
2640 3298 3009 3352 wstimabamus
3036 3298 3281 3351 insaniam
3302 3336 3317 3363 ,
3346 3308 3390 3350 et
3420 3297 3570 3365 ﬁnem
3592 3297 3655 3348 il-

2081 3390 2241 3455 lorum
2277 3391 2384 3446 sine
2414 3391 2601 3445 honore
2630 3405 2651 3445 :
2674 3392 2918 3459 quomodo
2947 3390 3219 3457 computati
3240 3399 3352 3443 sunt
3374 3389 3500 3442 inter
3521 3390 3653 3458 filios

2081 3483 2175 3537 Dei
2199 3528 2212 3550 ,
2235 3495 2281 3538 et
2304 3484 2432 3537 inter
2450 3493 2647 3538 sanctos
2669 3499 2776 3537 sors
2802 3482 2999 3535 illorum
3027 3482 3142 3536 est?
3172 3481 3306 3553 Ergo
3331 3482 3599 3535 erravimus
3622 3498 3653 3534 a

2080 3576 2161 3629 via
2195 3575 2448 3640 veritatis,
2489 3585 2534 3629 et
2565 3574 2784 3643 justitite
2822 3574 2989 3626 lumen
3023 3590 3122 3626 non
3150 3572 3277 3626 luxit
3304 3572 3475 3635 nobis,
3506 3581 3550 3625 et
3576 3572 3653 3625 sol

2080 3683 2180 3720 non
2201 3676 2273 3720 est
2301 3676 2440 3721 ortus
2465 3666 2605 3720 nobis
2638 3682 2656 3718 :
2682 3667 2855 3732 repleti
2882 3681 3050 3720 sumus
3075 3664 3353 3734 iniquitatis
3378 3664 3455 3716 via
3473 3672 3519 3716 et
3541 3680 3653 3732 per-

2080 3756 2311 3823 ditionis,
2341 3766 2387 3810 et
2416 3756 2778 3809 ambulavimus
2801 3754 3092 3809 solitudines
3130 3754 3379 3824 difﬁciles,
3411 3755 3538 3807 viain
3559 3771 3654 3806 nuo

2081 3860 2175 3903 tem
2212 3848 2416 3902 Domini
2452 3849 2805 3927 ignoravimus.
2849 3845 2987 3915 Quid
3010 3848 3150 3902 nobis
3174 3848 3362 3918 profuit
3386 3848 3648 3916 superbia,

2078 3950 2165 3995 aut
2195 3941 2317 4010 quid
2345 3940 2629 3994 divitiarum
2649 3940 2861 4009 jactatio
2889 3940 3097 3994 contulit
3121 3940 3303 3993 nobis?
3331 3939 3653 3993 Transierunt

2078 4036 2246 4089 omnia
2264 4036 2355 4088 illa
2375 4044 2611 4104 tanquam
2638 4033 2815 4087 umbra
2843 4032 2995 4105 (Sap.
3022 4049 3054 4085 v
3073 4075 3086 4098 ,
3120 4033 3263 4103 5-9).
3568 4031 3573 4037 ’

2149 4126 2233 4181 15.
2280 4127 2430 4192 Quod
2456 4135 2629 4179 autem
2654 4126 2746 4189 ait,
2776 4125 3153 4186 Convertuntur,
3185 4133 3232 4177 et
3255 4122 3648 4191 confundantur,

2076 4216 2192 4282 quis
2224 4230 2327 4268 non
2349 4214 2543 4284 judicet
2573 4229 2691 4269 esse
2715 4215 3058 4283 justissimam
3087 4228 3295 4282 poenam
3317 4254 3330 4274 ,
3356 4223 3409 4265 ut
3430 4227 3653 4267 conver-

2076 4292 2278 4360 sionem
2315 4306 2379 4359 ad
2409 4304 2771 4360 confusionem
2804 4305 3029 4358 habeant
3053 4346 3067 4368 ,
3096 4305 3181 4373 qui
3211 4303 3273 4357 ad
3304 4305 3527 4358 salutem
3559 4303 3653 4357 ha-

2073 4398 2201 4453 bere
2228 4398 2550 4453 noluerunt?
2578 4398 2777 4453 Deinde
2806 4397 3039 4462 addidit,
3068 4396 3212 4449 valde
3237 4396 3468 4449 velociter
3489 4412 3508 4461 ;
3528 4411 3647 4448 cum

2072 4491 2211 4547 enim
2233 4490 2340 4560 jam
2367 4489 2636 4559 desperari
2658 4489 2878 4557 cmperit
2897 4487 3077 4557 judicii
3098 4486 3232 4547 dies.
3254 4501 3373 4539 cum
3396 4486 3644 4551 dixerint,

2072 4583 2178 4638 Pax
2199 4623 2215 4648 ,
2254 4592 2378 4636 tunc
2405 4582 2482 4636 eis
2512 4584 2815 4650 repentinus
2841 4580 3014 4633 veniet
3039 4576 3279 4631 interitus
3302 4576 3341 4648 (Ι
3370 4574 3545 4629 Thess.
3574 4590 3643 4641 ν,

2070 4673 2147 4746 5).
2196 4672 2641 4741 Quandocumque
2693 4680 2868 4724 autem
2914 4668 3158 4735 venerit,
3185 4666 3464 4723 celerrime
3502 4666 3646 4720 venit

2069 4766 2207 4837 quod
2230 4765 2538 4834 desperatur
2563 4778 2682 4820 esse
2710 4772 2988 4817 venturum
3015 4779 3027 4813 :
3056 4771 3107 4815 et
3128 4758 3504 4830 longitudinem
3527 4758 3645 4811 vita:

2069 4858 2225 4927 hujus
2264 4872 2367 4909 non
2408 4855 2531 4908 facit
2564 4853 2779 4917 sentiri,
2811 4851 2910 4905 nisi
2940 4866 3063 4920 spes
3091 4850 3336 4914 vivendi;
3370 4865 3490 4903 nam
3517 4846 3644 4901 nihil

2059 4952 2275 5006 Videtur
2309 4963 2427 5003 esse
2461 4948 2685 5001 celerius
2707 4987 2719 5010 ,
2749 4960 2905 5013 quam
2936 4944 3185 5014 quidquid
3213 4944 3261 4999 in
3289 4958 3348 4998 ea
3370 4942 3478 5011 jam
3506 4957 3646 5012 pra:-

2070 5046 2279 5100 teritum
2316 5050 2416 5096 est.
2447 5040 2578 5095 Cum
2606 5054 2733 5109 ergo
2753 5037 2934 5107 judicii
2965 5037 3077 5091 dies
3103 5038 3341 5100 venerit,
3370 5045 3493 5090 tunc
3520 5051 3646 5090 sen-

2069 5139 2198 5192 tient
2235 5143 2539 5207 peccatores
2577 5146 2732 5201 quam
2773 5144 2877 5183 non
2912 5128 2979 5183 sit
3006 5129 3160 5198 longa
3188 5128 3359 5182 omnis
3384 5128 3489 5181 vita
3522 5143 3641 5196 qua:

2067 5226 2254 5282 transit
2278 5242 2292 5291 ;
2323 5233 2426 5279 nec
2448 5222 2667 5276 omnino
2694 5220 2771 5276 eis
2797 5219 2965 5275 videri
2996 5219 3191 5288 poterit
3220 5218 3367 5273 tarde
3393 5217 3607 5272 venisse
3629 5258 3645 5281 ,

2067 5318 2207 5391 quod
2241 5333 2342 5373 non
2371 5313 2791 5369 desiderantibus
2815 5354 2829 5378 ,
2860 5310 2953 5365 sed
2986 5309 3158 5380 potius
3186 5325 3292 5364 non
3312 5307 3648 5363 credentibus

2069 5410 2290 5464 venerit.
2332 5407 2639 5476 Quanquam
2668 5413 2718 5458 et
2744 5401 2872 5456 illud
2901 5401 2987 5457 hic
3016 5401 3179 5471 accipi
3207 5408 3417 5471 potest,
3446 5407 3504 5452 ut
3528 5400 3648 5469 quia

2070 5513 2315 5573 tanquam
2350 5482 2644 5572 gementem
2675 5507 2728 5551 et
2755 5504 2858 5550 tam
2888 5510 3028 5565 sa'pe
3054 5494 3244 5563 diuque
3269 5491 3482 5545 ﬂentem
3511 5491 3649 5545 Deus

2069 5596 2366 5657 exaudivit,
2410 5592 2734 5661 intelligatur
2777 5589 2992 5645 liberata
3023 5603 3051 5640 a
3084 5583 3311 5654 peccatis
3335 5624 3348 5643 ,
3382 5591 3433 5637 et
3462 5598 3650 5638 omnes

2072 5698 2347 5756 perversos
2387 5693 2562 5735 motus
2606 5678 2833 5733 carnalis
2863 5675 3156 5731 all‘eetiouis
3178 5671 3448 5728 domuisse
3468 5713 3480 5731 ,
3512 5672 3650 5725 sicut

2073 5778 2199 5833 dicit
2240 5795 2250 5829 :
2300 5771 2549 5828 Discedite
2589 5787 2620 5822 a
2655 5786 2730 5824 me
2757 5810 2770 5837 ,
2808 5784 2974 5822 omnes
2997 5767 3081 5836 qui
3107 5763 3380 5834 operamini
3407 5761 3645 5830 iniquita-
