4046 6200
344 310 418 364 97

346 441 452 480 tem
473 469 488 492 ,
517 424 756 494 quoniam
781 426 1028 478 exaudivit
1053 421 1290 474 Dominus
1313 437 1475 473 vocent
1494 422 1643 489 ﬂetus
1663 420 1756 472 mei
1764 461 1775 479 ,
1796 415 1934 486 quod

346 535 472 573 cum
506 519 552 572 ei
583 518 920 586 provenerit,
949 531 1050 569 non
1084 517 1270 566 mirum
1300 522 1380 566 est
1405 514 1448 565 si
1470 513 1578 580 jam
1607 512 1675 568 ita
1707 509 1934 578 perfecta

344 619 436 662 est
460 618 514 661 ut
539 617 657 662 oret
686 623 780 676 pro
802 607 1024 660 inimicis
1050 605 1176 657 suis.
1204 603 1381 658 Potest
1403 619 1527 669 ergo
1555 602 1617 654 ad
1651 602 1750 653 hoc
1778 599 1936 668 perti-

345 715 483 754 nere
521 697 659 767 quod
697 696 856 761 dixit,
903 695 1245 756 Erubescant,
1288 703 1332 747 et
1373 691 1740 745 conturbantur
1767 701 1935 742 omnes

349 791 548 844 inimici
593 789 724 852 mei,
769 798 826 841 ut
858 787 923 841 de
950 787 1180 856 peccatis
1211 786 1321 840 suis
1347 793 1503 855 agant
1531 783 1891 852 penitentiam
1912 822 1926 847 ,

351 883 496 953 Quod
523 883 638 936 sine
679 882 986 935 confusione
1015 880 1032 912 ³
1063 891 1115 934 et
1140 877 1539 933 conturbatione
1563 877 1671 930 fieri
1701 890 1803 929 non
1837 889 1931 942 po-

351 983 478 1028 test.
524 973 664 1027 Nihil
707 973 881 1042 itaque
923 971 1139 1040 impedit
1177 974 1252 1024 sic
1285 969 1522 1038 accipere
1559 978 1612 1022 et
1641 966 1766 1021 illud
1791 965 1931 1036 quod

351 1065 593 1135 sequitur
615 1105 630 1128 ,
667 1063 1026 1120 Convertuntur
1055 1072 1098 1114 et
1128 1062 1414 1114 erubescant
1433 1102 1448 1124 ,
1481 1059 1531 1113 id
1559 1067 1668 1123 est,
1705 1073 1928 1112 conver-

353 1169 532 1213 tantur
568 1157 633 1212 ad
677 1158 839 1211 Deum
865 1199 878 1220 ,
904 1167 957 1212 et
980 1157 1291 1211 erubescant
1324 1170 1382 1209 se
1416 1156 1465 1207 in
1494 1139 1756 1222 prioribus
1786 1160 1932 1205 tene-

354 1252 464 1305 bris
500 1265 834 1322 peccatorum
861 1249 1139 1319 aliquando
1165 1249 1414 1318 gloriatos
1440 1265 1453 1308 ;
1483 1248 1617 1301 sicut
1647 1247 1928 1315 Apostolus

362 1340 490 1394 dicit
530 1359 545 1395 :
591 1340 752 1408 Quam
779 1341 910 1393 enim
934 1341 1143 1410 gloriam
1171 1339 1408 1391 habuistis
1434 1337 1704 1406 aliquando
1733 1341 1784 1388 in
1814 1337 1910 1395 his,

355 1431 407 1483 in
427 1433 603 1500 quibus
626 1448 757 1484 nunc
784 1430 1064 1484 erubescitis
1095 1429 1268 1499 (Rom.
1298 1445 1348 1482 vt
1370 1472 1384 1493 ,
1414 1427 1548 1500 2|)?
1577 1428 1725 1496 Quod
1751 1437 1924 1482 autem

357 1522 590 1586 addidit,
621 1524 765 1577 valde
790 1523 1018 1577 velociter
1037 1567 1050 1590 ,
1079 1533 1172 1577 aut
1196 1524 1259 1576 ad
1282 1523 1509 1592 optantis
1537 1522 1779 1575 affectum
1801 1563 1814 1586 ,
1837 1529 1926 1575 aut

352 1614 418 1667 ad
449 1613 643 1667 Christi
673 1615 955 1683 potentiam
987 1614 1317 1669 referendum
1347 1623 1459 1678 est,
1488 1613 1576 1682 qui
1603 1621 1785 1682 gentes
1808 1628 1925 1681 qua:

356 1720 450 1773 pro
489 1703 642 1757 idolis
679 1705 790 1758 suis
832 1704 1277 1773 persequebantur
1302 1705 1590 1758 Ecclesium
1614 1745 1628 1769 ,
1655 1702 1721 1757 ad
1749 1703 1924 1758 Evan-

352 1796 474 1866 gelii
497 1797 655 1850 fidem
678 1805 818 1850 tanta
841 1806 1130 1866 temporqu
1156 1797 1423 1852 celeritate
1448 1797 1722 1851 convertit.

796 2005 878 2066 IN
920 2005 1295 2066 PSALMUM
1336 2006 1449 2066 VII

917 2125 1331 2181 ENARIIATIO.

362 2238 592 2294 Psalmus
621 2240 718 2310 ipsi
747 2238 939 2306 David,
968 2258 1110 2311 quem
1135 2243 1349 2294 cantavit
1379 2241 1592 2297 Domino
1614 2284 1629 2310 ,
1656 2259 1748 2314 pro
1768 2243 1922 2298 verbis

872 2331 1036 2400 :Chusi
1064 2334 1160 2400 lilii
1186 2331 1390 2386 Jemini.

429 2443 480 2494 l.
526 2441 673 2514 [vers
706 2439 782 2516 1.]
813 2442 1035 2495 Historia
1065 2442 1276 2511 quidem
1305 2442 1444 2498 unde
1463 2444 1793 2499 occasionem
1823 2445 1919 2499 ista

358 2532 622 2600 prophetia
646 2532 888 2598 sumpsit.
919 2534 969 2584 in
996 2532 1290 2598 Regnorum
1306 2533 1536 2588 secundo
1555 2534 1686 2589 libro
1704 2534 1767 2604 (ll
1795 2535 1916 2605 Reg.

359 2621 462 2692 xvi)
491 2636 809 2690 cognoscere
836 2621 986 2676 facile
1012 2631 1114 2677 est.
1145 2623 1214 2676 lbi
1237 2625 1375 2677 enim
1399 2623 1556 2678 Chusi
1576 2665 1591 2689 ,
1616 2625 1816 2679 amicus
1837 2642 1921 2678 re-

353 2714 428 2781 gis
472 2713 670 2777 David,
719 2714 994 2767 transitum
1038 2712 1160 2767 fecit
1200 2714 1250 2766 in
1291 2707 1466 2783 partes
1509 2715 1798 2769 Abessalon
1827 2714 1920 2768 lilii

352 2805 461 2873 ejus
494 2805 583 2874 qui
620 2805 872 2860 adversus
904 2817 1105 2875 patrem
1137 2805 1332 2860 bellum
1361 2805 1609 2875 gerebat,
1637 2806 1702 2859 ad
1733 2806 1919 2874 explo-

353 2895 509 2948 randa
549 2896 767 2949 consilia
807 2905 860 2950 et
898 2881 1240 2950 renuntianda
1279 2912 1396 2966 quae
1434 2896 1684 2950 adversus
1717 2906 1917 2964 patrem

353 2988 436 3040 ille
475 2987 792 3043 moliebatur
828 2999 1043 3042 auctore
1069 2983 1382 3058 Achitophel
1402 3030 1416 3055 ,
1445 2991 1533 3058 qui
1560 2989 1824 3044 defecerat
1850 2987 1918 3042 ab

351 3077 575 3132 amicitia
608 3079 768 3132 David
789 3119 804 3143 ,
831 3088 884 3132 et
909 3078 1071 3132 filium
1098 3081 1212 3149 ejus
1239 3080 1488 3135 adversus
1516 3091 1714 3150 patrem
1744 3082 1918 3134 consi-

353 3170 431 3224 liis
467 3171 658 3240 quibus
701 3179 878 3240 posset
922 3172 1229 3226 instrucbat.
1270 3172 1374 3227 Sed
1401 3173 1647 3242 quoniam
1674 3189 1774 3227 non
1803 3174 1916 3242 ipsa

351 3261 565 3316 historia
605 3263 656 3316 in
695 3263 796 3318 hoc
830 3265 1034 3332 psalmo
1059 3265 1437 3319 consideranda
1464 3275 1543 3320 est
1567 3266 1633 3321 de
1659 3282 1756 3336 qua
1785 3267 1912 3321 Pro-

349 3353 503 3421 pheta
540 3354 910 3425 mysteriorum
955 3355 1191 3411 velamen
1222 3357 1540 3424 assumpsit,
1570 3358 1612 3411 si
1641 3359 1914 3422 transitum

348 3443 410 3497 ad
428 3445 694 3499 Christum
715 3445 954 3512 fecimus,
973 3447 1240 3501 auferatur
1252 3448 1486 3502 velamen
1507 3448 1569 3521 (ll
1583 3448 1696 3504 Cor.
1718 3466 1790 3513 ιιι,
1802 3451 1823 3504 i
1835 3451 1912 3521 ϐ).

349 3534 414 3588 Et
453 3537 624 3604 primo
667 3537 897 3605 ipsorum
927 3538 1195 3591 nominum
1226 3539 1654 3608 significationem
1685 3541 1913 3594 interro-

345 3641 530 3695 gemus
555 3627 681 3697 quid
708 3627 804 3682 sibi
833 3630 977 3683 velit.
1003 3629 1113 3683 Non
1136 3629 1274 3684 enim
1299 3629 1576 3685 defuerunt
1603 3631 1915 3698 interpretes

346 3718 430 3786 qui
459 3718 573 3772 lucc
599 3719 712 3787 ipsa
736 3735 840 3773 non
870 3721 1150 3776 carnaliter
1169 3720 1234 3774 ad
1262 3721 1485 3776 litteram
1505 3763 1519 3787 ,
1553 3722 1646 3776 sed
1671 3723 1916 3790 spiritua-

345 3809 462 3865 liter
487 3810 896 3881 investigantes,
925 3811 1192 3868 edicerent
1216 3811 1368 3866 nobis
1396 3813 1532 3882 quod
1561 3812 1717 3867 Chusi
1745 3814 1912 3866 inter-

343 3909 578 3968 pretetur
619 3901 933 3968 Silentium;
976 3903 1167 3957 Jemini
1196 3913 1370 3957 autem
1391 3945 1404 3966 ,
1439 3904 1665 3967 Dexter;
1696 3904 1913 3957 Achito-

343 3991 484 4061 pbel,
512 3991 713 4048 Fratris
743 3994 914 4046 ruina.
937 3992 1136 4060 Quibus
1163 3994 1680 4062 interpretationibus
1704 4010 1911 4048 rursum

342 4084 494 4139 nobis
533 4084 754 4140 traditur
793 4085 880 4141 ille
922 4086 1082 4141 Judas
1111 4087 1372 4152 occurrit,
1405 4097 1460 4139 ut
1484 4086 1770 4142 Abessalon
1799 4086 1913 4156 ejus

342 4175 623 4246 imaginem
646 4185 847 4247 gestet,
879 4179 1165 4233 secundum
1192 4179 1329 4248 quod
1353 4179 1519 4232 Patris
1536 4195 1634 4249 pax
1656 4180 1913 4249 interpre-

345 4275 520 4332 tatur;
559 4269 680 4338 quia
713 4277 927 4338 pacatus
955 4265 1076 4341 erga
1107 4271 1250 4324 illum
1281 4271 1480 4324 exstitit
1505 4280 1652 4340 pater
1673 4315 1688 4339 ,
1719 4289 1910 4342 quam-

340 4356 421 4409 vis
459 4356 572 4425 ipse
609 4358 746 4412 dolis
781 4359 889 4414 suis
919 4359 1110 4414 bellum
1143 4360 1358 4416 haberet
1384 4362 1434 4415 in
1464 4361 1626 4416 corde
1649 4404 1662 4429 ,
1693 4363 1827 4417 sicut
1857 4363 1909 4417 in

340 4447 546 4516 psalmo
567 4451 720 4504 tertio
742 4459 1017 4505 tractatum
1043 4461 1121 4505 est
1145 4449 1239 4524 (η).
1263 4452 1713 4518 Quemadmodum
1735 4465 1908 4508 autem

340 4536 606 4593 invenitur
629 4539 680 4593 in
709 4540 997 4611 Evangelio
1029 4542 1162 4595 filios
1192 4543 1394 4596 Domini
1419 4542 1583 4596 nostri
1609 4543 1733 4597 Jesu
1754 4543 1909 4598 Chri-

339 4629 405 4681 sti
451 4629 620 4683 dictos
665 4646 783 4685 esse
820 4631 1102 4700 discipulos
1133 4631 1339 4704 (Matth.
1370 4648 1452 4695 Ix,
1489 4629 1575 4705 l4)
1596 4675 1610 4699 ,
1640 4633 1715 4687 sic
1742 4633 1793 4687 in
1821 4649 1913 4688 eo-

340 4718 460 4771 dem
501 4719 784 4789 Evangelio
823 4721 1086 4776 invenitur
1125 4723 1281 4776 etiam
1320 4722 1508 4778 fratres
1531 4739 1649 4779 esse
1674 4726 1910 4793 appella-

341 4821 460 4874 tos;
504 4826 784 4880 resurgens
826 4813 966 4866 enim
1010 4813 1260 4866 Dominus
1289 4814 1394 4867 ait:
1430 4812 1564 4868 Vade
1587 4855 1602 4878 ,
1625 4823 1670 4868 et
1696 4815 1775 4869 dic
1805 4818 1912 4886 fra-

339 4904 496 4956 tribus
541 4903 664 4958 meis
710 4903 881 4975 (Joan.
929 4922 1031 4970 xx,
1080 4906 1198 4978 i7),
1240 4916 1292 4961 et
1329 4907 1612 4977 Apostolus
1638 4923 1757 4962 eum
1785 4909 1912 4964 dicit

341 4996 745 5066 primogenitum
788 4998 840 5050 in
882 4999 1058 5051 multis
1100 4999 1346 5052 fratribus
1379 4997 1546 5069 (Rom.
1605 5015 1735 5068 vm,
1782 4981 1933 5072 29):.

339 5077 580 5154 discipuli
607 5101 732 5156 ergo
759 5087 873 5155 ejus
894 5087 1038 5140 ruina
1061 5089 1146 5157 qui
1169 5105 1286 5143 eum
1311 5089 1523 5143 tradidit
1546 5133 1559 5154 ,
1589 5102 1730 5145 recte
1760 5092 1914 5146 intel-

341 5176 522 5245 ligitur
558 5175 760 5231 Fratris
813 5177 998 5240 ruina,
1046 5179 1184 5247 quod
1232 5179 1542 5250 Aehitophel
1578 5182 1913 5250 interpretari

339 5269 589 5324 diximus.
617 5269 779 5325 Chusi
810 5279 981 5324 autem
1002 5309 1016 5334 ,
1044 5270 1181 5339 quod
1210 5271 1582 5339 interpretatur
1611 5273 1911 5338 Silentium,

343 5372 489 5416 recte
514 5363 768 5431 accipitur
793 5363 1045 5415 adversus
1071 5362 1185 5416 illos
1201 5362 1352 5418 dolos
1374 5363 1652 5418 Dominum
1675 5375 1913 5420 nostrum

344 5454 554 5509 silentio
577 5456 856 5509 dimicasse
876 5494 890 5514 ,
920 5453 966 5506 id
995 5461 1076 5506 est
1101 5453 1356 5511 altissimo
1394 5470 1597 5515 secreto
1638 5476 1742 5530 quo
1764 5456 1920 5515 caeci.

1519 300 1910 360 ENARItATlO
1952 298 2014 353 IN
2056 303 2369 364 rsuauru
2412 279 2528 366 vn.
3541 326 3608 382 as

2051 430 2128 473 tus
2161 439 2225 476 ex
2276 437 2421 493 parte
2461 428 2617 482 Israel
2649 431 2660 460 ¹
2692 429 2823 485 facta
2849 441 2951 496 est,
2975 447 3091 487 cum
3116 435 3392 492 Dominum
3423 455 3611 509 perse-

2047 513 2342 594 quebantur
2365 558 2378 582 ,
2411 527 2466 571 ut
2491 519 2756 588 plenitudo
2782 522 3025 578 Gentium
3079 526 3428 597 subintraret,
3451 541 3505 585 et
3531 535 3609 588 sic

2047 603 2219 657 on'mis
2265 605 2417 661 Israel
2462 610 2637 664 salvus
2664 610 2828 665 fieret.
2879 613 2958 667 Ad
3008 617 3107 670 hoc
3161 617 3472 686 profundum
3519 638 3609 676 se-

2045 704 2244 747 cretum
2259 695 2522 767 altumque
2539 700 2802 754 silentium
2816 719 2933 756 cum
2953 707 3176 760 venisset
3195 708 3494 777 Apostolus,
3513 728 3610 766 ex-

2045 781 2293 838 clamavit
2319 789 2463 854 quasi
2494 790 2718 858 quodam
2747 792 2911 861 ipsius
2935 795 3220 850 altitudinis
3249 799 3466 854 horrore
3489 817 3610 870 per-

2043 875 2222 930 culsus
2251 894 2263 929 :
2295 876 2338 931 0
2359 880 2568 933 altitudo
2591 882 2873 936 divitiarum
2895 888 3153 954 sapientia:
3176 900 3220 941 et
3244 891 3462 946 scientice
3489 891 3606 958 Dei,

2042 984 2191 1036 quam
2215 971 2552 1026 insrrutabilia
2580 986 2691 1028 sunt
2709 977 2902 1045 judicia
2931 980 3055 1048 ejus,
3079 990 3124 1033 et
3144 983 3499 1052 investigabiles
3519 986 3611 1038 via:

2041 1061 2198 1132 ipsius
2215 1063 2236 1116 .'
2260 1063 2381 1129 Quis
2401 1066 2529 1117 enim
2552 1069 2776 1136 cognovit
2799 1080 3007 1122 mentem
3029 1070 3247 1140 Domini,
3267 1084 3351 1126 aut
3365 1077 3474 1144 quis
3485 1088 3606 1129 con—

2039 1151 2258 1205 siliarius
2293 1153 2430 1207 illius
2455 1155 2558 1236 fuit
2590 1155 2761 1223 (Rom.
2795 1175 2878 1225 x1,
2921 1159 3008 1225 55,
3055 1159 3216 1232 54))ἳ
3252 1164 3318 1216 ita
3361 1180 3606 1242 magnum

2039 1241 2164 1295 illud
2212 1243 2476 1298 silentium
2523 1263 2624 1300 non
2672 1249 2996 1316 expositione
3022 1253 3188 1321 magis
3214 1256 3414 1322 aperit,
3446 1241 3605 1325 quam

2037 1331 2382 1388 admiratione
2409 1339 2761 1392 commendat.
2790 1340 2899 1394 Hoc
2921 1343 3129 1397 silentio
3153 1345 3406 1401 Dominus
3432 1362 3609 1402 sacra-

2036 1432 2270 1476 mentum
2328 1427 2644 1482 venerabilis
2697 1431 2953 1497 passionis
3003 1433 3311 1500 occultans,
3361 1436 3606 1492 volunta-

2036 1513 2166 1566 riam
2193 1516 2394 1568 ruinam
2423 1517 2625 1578 fratris,
2657 1519 2707 1572 id
2732 1529 2843 1586 est,
2869 1522 3122 1576 nefarium
3147 1526 3317 1579 scelus
3341 1527 3608 1581 traditoris

2033 1607 2146 1672 sui,
2196 1607 2246 1661 in
2277 1624 2384 1662 sua:
2414 1611 2788 1665 miscriCordim
2813 1622 2968 1683 atque
2998 1615 3338 1684 providentia:
3363 1619 3604 1672 ordinem

2033 1703 2225 1764 vertit;
2269 1711 2326 1755 ut
2364 1702 2500 1771 quod
2527 1703 2614 1758 ille
2642 1703 2704 1756 ad
2736 1706 3018 1771 perniciem
3052 1708 3203 1761 unius
3234 1708 3457 1763 hominis
3483 1726 3606 1779 pcr-

2031 1805 2182 1846 versa
2217 1801 2391 1848 mente
2420 1793 2676 1862 faciebat,
2707 1795 2804 1849 iste
2832 1798 2895 1850 ad
2925 1798 3144 1852 salutem
3172 1801 3404 1853 omnium
3435 1800 3606 1855 homi-

2032 1897 2158 1936 num
2210 1883 2425 1952 provida
2474 1883 2851 1952 gubernatione
2901 1887 3182 1940 conferret.
3236 1889 3422 1942 Cantat
3476 1905 3604 1959 ergo

2032 1973 2296 2028 Psalmum
2328 1975 2549 2029 Domino
2588 1976 2757 2028 anima
2783 1975 3032 2046 perfecta,
3062 1993 3178 2048 qua:
3207 1979 3312 2047 jam
3343 1980 3495 2049 digna
3523 1990 3605 2036 est

2033 2081 2190 2119 nosse
2230 2076 2490 2120 secretum
2539 2068 2669 2132 Dei;
2717 2078 2891 2121 caulat
2939 2087 3027 2137 pro
3067 2070 3222 2124 verbis
3260 2069 3449 2138 Chusi,
3481 2074 3604 2141 quia

2030 2159 2225 2213 meruit
2252 2176 2408 2214 nosse
2430 2161 2586 2214 verba
2613 2161 2749 2214 illius
2769 2162 2982 2216 silentii.
3015 2164 3165 2232 Apud
3197 2165 3431 2220 infideles
3460 2167 3602 2220 enim

2030 2261 2083 2305 et
2116 2258 2483 2319 persecutores
2503 2293 2517 2317 ,
2563 2252 2826 2305 silentium
2853 2261 2934 2306 est
2965 2254 3089 2308 illud
3115 2264 3270 2323 atque
3297 2266 3554 2310 secretum
3586 2274 3601 2310 :

2029 2343 2168 2411 apud
2209 2359 2334 2424 suos
2372 2354 2581 2407 autem,
2620 2346 2809 2414 quibus
2843 2347 3039 2401 dictum
3077 2357 3154 2402 est
3181 2390 3196 2414 ,
3224 2346 3341 2401 1am
3369 2367 3466 2402 non
3491 2349 3604 2404 dico

2029 2449 2114 2487 vos
2154 2452 2349 2500 servos,
2400 2436 2517 2505 quia
2563 2453 2731 2490 servus
2783 2440 2936 2491 nescit
2989 2439 3112 2508 quid
3163 2441 3315 2510 faciat
3358 2440 3604 2495 Dominus

2029 2528 2176 2594 ejus;
2214 2543 2298 2580 vos
2326 2537 2491 2580 autem
2519 2529 2624 2581 dixi
2652 2530 2838 2583 amicos
2860 2570 2875 2594 ,
2905 2531 3020 2597 quia
3049 2531 3216 2583 omnia
3237 2548 3348 2600 qua:
3376 2532 3544 2584 audivi
3571 2549 3604 2585 (ι
3655 2596 3661 2600 ,

2028 2617 2187 2671 Patre
2227 2634 2336 2671 meo
2355 2659 2368 2681 ,
2408 2629 2527 2672 nota
2551 2620 2646 2688 feci
2672 2620 2805 2672 vobis
2835 2619 3008 2690 (Joan.
3035 2637 3102 2674 xv
3121 2662 3135 2684 ,
3167 2622 3251 2690 15)
3279 2639 3292 2673 :
3315 2623 3452 2690 apud
3472 2624 3604 2676 ami-

2027 2722 2121 2762 Cos
2163 2723 2290 2777 ergo
2331 2707 2444 2777 ejus
2486 2723 2587 2762 non
2628 2718 2708 2763 est
2734 2709 3034 2776 silentium,
3064 2705 3343 2765 sed'verba
3372 2712 3598 2782 silentii,

2029 2799 2078 2853 id
2118 2811 2220 2865 est,
2239 2799 2373 2853 ratio
2399 2799 2632 2868 exposita
2659 2809 2712 2854 et
2739 2801 3013 2854 manifesta
3043 2801 3185 2855 illius
3210 2802 3421 2856 silentii.
3451 2803 3602 2868 Quod

2027 2892 2291 2947 silentium
2317 2935 2331 2956 ,
2379 2892 2428 2946 id
2456 2899 2538 2947 est
2564 2889 2754 2956 Chusi,
2785 2892 2976 2946 dicitur
3027 2891 3163 2947 filius
3187 2893 3409 2961 Jemini,
3442 2895 3602 2950 id'est

2027 2983 2202 3038 dextri
2257 3002 2270 3037 :
2322 3000 2425 3038 non
2465 2985 2604 3040 enim
2648 2984 3072 3038 abscondendum
3101 2993 3214 3039 erat
3240 2989 3432 3041 sanctis
3461 2987 3600 3057 quod

2027 3089 2124 3145 pro
2162 3075 2265 3130 illis
2301 3084 2507 3144 gestum
2534 3084 2632 3129 est.
2665 3074 2735 3129 Et
2763 3084 2935 3130 tamen
2969 3073 3208 3141 Nesciat,
3240 3076 3442 3145 inquit,
3473 3077 3600 3130 sini-

2024 3177 2129 3222 stra
2157 3167 2277 3238 quid
2299 3167 2450 3238 faciat
2475 3167 2651 3220 dextra
2681 3165 2888 3238 (Matth.
2915 3182 2986 3232 vt,
3010 3166 3090 3235 5).
3110 3167 3264 3222 Canit
3282 3183 3406 3238 ergo
3425 3169 3598 3224 anima

2025 3262 2256 3333 perfecta
2304 3261 2358 3315 in
2401 3260 2709 3329 prophetia,
2756 3259 2840 3314 cui
2875 3267 3134 3314 secretum
3165 3259 3290 3313 illud
3337 3261 3596 3328 innotuit,

2026 3372 2120 3426 pro
2165 3355 2322 3408 verbis
2369 3351 2557 3419 Chusi,
2601 3351 2652 3406 id
2679 3361 2759 3406 est
2789 3365 2882 3421 pro
2908 3351 3206 3421 cognitione
3247 3351 3479 3421 ejusdem
3509 3369 3598 3408 seu

2024 3447 2192 3511 creti;
2246 3444 2386 3514 quod
2439 3453 2700 3498 secretum
2753 3442 2938 3498 dexter
2990 3443 3166 3508 Deus,
3212 3443 3264 3496 id
3311 3453 3393 3498 est
3421 3445 3599 3500 favens

2024 3546 2180 3607 atque
2223 3537 2478 3606 propitius
2520 3535 2605 3600 ei,
2655 3543 2902 3604 Operatus
2944 3544 3065 3589 est:
3095 3549 3258 3604 quare
3293 3535 3392 3590 hoc
3430 3535 3595 3590 silen-

2025 3632 2153 3684 tium
2200 3629 2361 3683 Filius
2404 3627 2574 3683 dextri
2614 3626 2946 3697 appellatur,
2977 3626 3116 3696 quod
3162 3635 3242 3680 est
3283 3625 3470 3689 Chusi,
3503 3626 3596 3694 ﬁlii

2022 3719 2249 3773 Jemini?

2091 3814 2142 3865 ΕΞ.
2175 3811 2323 3884 [υρνε.
2353 3811 2409 3874 2,
2441 3810 2518 3882 5.]
2557 3810 2774 3863 Domine
2804 3809 2939 3861 Deus
2981 3824 3135 3871 meus,
3172 3808 3222 3860 in
3264 3817 3310 3860 te
3355 3809 3591 3885 speravi;

2021 3906 2212 3959 salvunt
2251 3919 2329 3956 me
2368 3907 2450 3974 fac
2473 3919 2534 3956 ex
2557 3901 2784 3954 omnibus
2808 3899 3205 3969 persequentibus
3249 3915 3346 3963 me,
3388 3909 3432 3952 et
3461 3901 3596 3970 eripe

2023 4014 2118 4050 me.
2160 3995 2430 4064 Tanquam
2471 3993 2556 4048 cui
2598 4008 2702 4047 non
2752 4000 2918 4046 restat
2937 3991 3046 4060 jam
3079 3990 3309 4068 perfecto
3336 3992 3356 4022 ⁸
3386 3993 3484 4046 nisi
3513 3991 3594 4046 in-

2021 4087 2172 4141 vidus
2197 4086 2456 4148 diabolus,
2481 4091 2728 4152 superato
2755 4081 2894 4136 omni
2919 4081 3057 4136 bello
3084 4089 3243 4150 atque
3269 4080 3589 4138 adversitate

2019 4181 2287 4244 vitiorum,
2313 4179 2438 4233 dicit
2469 4195 2482 4230 :
2516 4176 2723 4231 Salvum
2752 4191 2831 4228 me
2857 4173 2939 4245 fac
2963 4191 3024 4228 ea:
3047 4173 3274 4227 omnibus
3298 4191 3592 4244 persequen-

2021 4275 2150 4328 tibus
2173 4290 2268 4336 me,
2293 4281 2342 4326 et
2369 4271 2504 4340 eripe
2532 4285 2609 4322 me
2641 4285 2658 4322 :
2696 4267 2958 4338 nequando
2987 4267 3154 4336 rapiat
3179 4277 3231 4320 ut
3264 4267 3339 4320 leo
3364 4269 3585 4321 animam

2020 4381 2201 4419 meam.
2248 4363 2383 4418 Dicit
2426 4359 2710 4430 Apostolus
2751 4377 2762 4412 :
2796 4359 3122 4412 Adversarius
3157 4370 3314 4412 vester
3355 4360 3586 4415 diabolus

2019 4469 2258 4527 tanquam
2300 4455 2376 4509 (eo
2402 4454 2601 4524 rugiens
2628 4451 2823 4516 circuit,
2863 4466 3087 4521 qutercus
3129 4466 3272 4516 quem
3299 4450 3494 4504 devoret
3525 4452 3543 4520 (
3566 4450 3586 4505 l

2021 4548 2163 4602 Petr.
2193 4562 2249 4612 v,
2279 4546 2355 4613 8).
2388 4544 2564 4613 Itaque
2586 4558 2705 4596 eum
2735 4541 2933 4595 diceret
2976 4555 3068 4609 per
3111 4539 3364 4608 pluralem
3395 4553 3584 4596 nume.

2018 4657 2162 4695 rum:
2207 4638 2417 4692 Salvum
2446 4651 2523 4688 me
2562 4636 2642 4705 fac
2683 4648 2743 4687 ea:
2776 4630 3002 4684 onmibus
3032 4630 3428 4700 persequentibus
3471 4647 3584 4696 me,

2017 4732 2334 4803 singularem
2362 4737 2544 4798 postea
2574 4725 2747 4780 intulit
2788 4723 2990 4784 dicens,
3036 4722 3296 4792 nequando
3337 4724 3501 4792 rapiat
3529 4732 3586 4777 ut

2018 4825 2094 4880 leo
2121 4827 2340 4878 animam
2377 4836 2536 4874 meam
2564 4833 2582 4872 :
2607 4833 2712 4872 non
2743 4815 2884 4869 enim
2910 4813 3002 4880 ait,
3032 4811 3310 4882 nequando
3340 4813 3545 4883 rapiant
3569 4855 3586 4880 ,

2017 4918 2190 4972 sciens
2233 4914 2353 4984 quis
2394 4907 2648 4966 restiterit
2689 4905 2948 4967 inimicus,
2999 4911 3052 4958 et
3101 4902 3346 4972 perfecta:
3389 4905 3580 4959 anima:

2017 5008 2360 5062 vehementer
2386 5000 2658 5055 adversus.
2693 4995 2824 5048 Dum
2845 5011 2943 5048 non
2970 5002 3038 5048 est
3065 4994 3150 5063 qui
3168 4995 3399 5060 redimat,
3427 5010 3584 5065 neque

2018 5100 2102 5170 qui
2140 5097 2328 5152 salvum
2360 5091 2510 5164 faciat
2537 5104 2556 5142 :
2583 5086 2633 5142 id
2676 5095 2776 5151 est,
2808 5101 2872 5140 ne
2900 5085 2986 5140 ille
3015 5086 3202 5155 rapiat,
3235 5085 3358 5139 dum
3386 5095 3439 5139 tu
3477 5102 3582 5141 non
3643 5129 3648 5134 .

2019 5189 2238 5246 redimis
2266 5201 2436 5254 neque
2464 5181 2664 5236 salvum
2712 5179 2873 5244 facis;
2907 5179 2950 5232 si
2981 5172 3120 5233 enim
3151 5179 3286 5233 Deus
3307 5193 3413 5233 non
3456 5178 3552 5233 red
3573 5213 3586 5216 -ν

2024 5285 2151 5339 imat
2179 5295 2348 5351 neque
2373 5277 2574 5333 salvum
2607 5275 2778 5337 faciat,
2807 5275 2894 5327 ille
2923 5274 3076 5342 rapit.

2093 5377 2144 5432 '5.
2174 5371 2322 5448 [vei-s.
2351 5372 2404 5434 4,
2436 5368 2513 5442 5.]
2543 5369 2606 5423 Et
2627 5376 2683 5421 ut
2711 5364 3044 5424 manifestum
3075 5366 3141 5418 sit
3163 5365 3270 5434 jam
3298 5363 3583 5434 perfectam

2023 5469 2251 5523 animam
2283 5465 2384 5517 hoc
2411 5462 2606 5524 dicere,
2638 5460 2721 5514 cui
2749 5459 2914 5512 solius
2943 5457 3135 5511 diaboli
3167 5456 3586 5511 fraudulentissi.

1931 5551 1946 5568 ⁸
2026 5576 2125 5613 mm
2152 5555 2351 5610 insidia:
2389 5551 2637 5607 cavenda:
2673 5558 2815 5612 sunt,
2848 5547 2964 5602 vide
2992 5547 3114 5617 quid
3145 5556 3394 5616 sequatur
3430 5562 3444 5598 :
3477 5545 3585 5600 Do-

407 5645 583 5699 =t.ov..
608 5639 910 5704 confessione.
941 5644 1082 5687 AtEt'.
1126 5646 1178 5687 et
1223 5639 1366 5689 ιπεῐυί
1408 5650 1556 5701 prope
1599 5650 1768 5688 omnes
1792 5645 1918 5702 Mss,

350 5707 629 5768 confusione.

409 5760 482 5834 (Et)
496 5767 726 5824 Euarr.in
744 5765 860 5814 t‘sal.
887 5775 953 5822 tu,
974 5774 1023 5808 n.
1047 5760 1092 5808 ί.

2090 5696 2105 5728 ι
2129 5701 2176 5742 tn
2193 5692 2352 5746 editis,
2377 5687 2566 5739 caritas
2583 5686 2633 5734 in
2656 5683 2820 5736 Israel.
2841 5683 2983 5734 Abest
3004 5681 3054 5734 in
3110 5681 3218 5730 Mss.

2090 5760 2112 5791 ²
2131 5763 2248 5806 Tres
2270 5765 2393 5816 Mss,
2410 5755 2698 5817 persecutor.
