4046 6196
438 275 509 331 99
1385 278 1391 283 '
1662 273 1719 330 S.
1757 265 2116 327 AUGUSTI?"
2157 269 2451 329 EPISCOPI

440 391 571 444 mine
600 389 733 445 Deus
773 407 931 455 meus,
974 390 1021 443 si
1057 388 1153 455 feci
1199 389 1353 443 istud.
1384 387 1518 457 Qttid
1564 397 1645 444 est
1673 388 1811 459 quod
1852 396 2005 441 vocat

438 479 615 535 istud?
651 495 718 534 an
762 480 885 549 quia
913 492 1016 531 non
1045 476 1174 533 dicit
1204 491 1395 533 nomen
1437 477 1658 547 peccati,
1707 475 2004 531 universale

439 580 709 641 peccatum
732 566 1124 638 intelligendum
1150 566 1274 623 est?
1304 568 1403 634 Qui
1429 568 1722 623 intellectus
1749 568 1793 621 si
1818 566 2005 636 displi-

436 671 541 721 cet.
572 659 697 716 illud
724 658 1042 728 accipiamus
1066 657 1167 713 dici
1209 658 1348 728 quod
1375 660 1612 737 sequitur
1638 675 1652 711 :
1682 667 1929 725 tanquam
1957 656 2005 711 si

437 752 928 819 interrogassemus,
970 748 1104 816 Quid
1130 756 1212 803 est
1241 751 1339 803 hoc
1362 747 1503 818 quod
1529 748 1681 815 dicis,
1711 747 1889 802 istud?
1914 762 2003 801 re-

434 840 701 911 spondet:
733 841 795 896 Si
813 822 886 896 esi
912 842 1148 910 iniquitas
1188 841 1242 895 in
1283 841 1510 896 manibus
1551 841 1691 895 meis.
1733 839 1851 894 Jam
1877 853 2002 909 ergo

437 930 774 987 manifestum
813 940 896 987 est
934 932 1000 986 de
1027 931 1169 986 omni
1201 940 1414 1001 peccato
1451 931 1575 997 dici,
1608 929 1669 986 Si
1694 929 1892 984 reddidi
1920 945 2002 982 re—

432 1023 755 1077 tribucntibus
780 1022 900 1076 mihi
938 1022 1073 1075 mala
1088 1038 1108 1086 ,°
1135 1021 1273 1091 quod
1300 1038 1404 1075 non
1448 1030 1621 1091 potest
1650 1036 1775 1075 vere
1799 1018 1999 1085 dicere,

434 1114 535 1168 nisi
569 1113 851 1182 perfectus.
883 1112 970 1167 Ait
993 1113 1187 1183 quippe
1214 1112 1468 1166 Dominus
1500 1129 1512 1165 :
1544 1110 1720 1165 Estote
1763 1110 1999 1181 perfecti,

431 1198 559 1258 sicu't
587 1202 740 1256 Pater
756 1211 912 1263 uester
935 1204 1020 1273 qui
1046 1212 1117 1256 est
1142 1201 1194 1255 in
1219 1202 1376 1263 aclis,
1406 1201 1491 1268 qui
1524 1202 1679 1254 solem
1709 1215 1856 1253 suum
1881 1199 2003 1253 oriri

440 1293 561 1356 facit
588 1308 739 1362 super
762 1290 917 1346 bonos
942 1300 988 1346 et
1014 1291 1192 1358 malos,
1220 1299 1267 1343 et
1291 1289 1417 1360 pluit
1442 1305 1593 1358 super
1614 1290 1771 1353 iustos
1789 1298 1837 1342 et
1863 1288 2003 1358 inju—

432 1392 533 1437 stos
560 1383 767 1451 (Matth.
798 1397 854 1448 v,
889 1382 980 1448 48,
1010 1381 1148 1452 45);
1193 1380 1281 1452 qui
1325 1395 1451 1449 ergo
1495 1394 1599 1434 non
1642 1378 1817 1434 reddit
1842 1379 2000 1433 retri-

430 1474 710 1529 buentibus
736 1472 893 1537 mala,
916 1471 1184 1541 perfectus
1203 1480 1306 1525 est.
1331 1471 1460 1525 Cum
1484 1471 1662 1540 itaque
1687 1478 1803 1523 oret
1825 1470 2002 1525 anima

428 1563 658 1637 perfecta
684 1579 778 1634 pro
816 1561 974 1631 verbis
1000 1559 1173 1628 Cltusi,
1214 1562 1312 1629 ﬁlii
1337 1560 1547 1626 Jemini,
1580 1560 1633 1614 id
1667 1568 1747 1616 est
1775 1575 1870 1630 pro
1911 1574 2003 1615 co-

427 1654 664 1723 gnitione
706 1653 849 1708 illius
875 1653 1067 1708 secreti
1093 1662 1251 1722 atque
1274 1652 1489 1718 silenti),
1518 1650 1660 1721 quod
1706 1667 1801 1721 pro
1828 1651 2001 1708 salute

429 1754 608 1800 nostra
639 1756 887 1814 aperatus
911 1753 993 1799 est
1022 1744 1278 1813 propitius
1308 1743 1460 1799 nobis
1484 1752 1539 1798 et
1570 1743 1871 1798 misericors
1897 1743 1999 1800 Do-

427 1838 623 1903 minus,
656 1845 710 1890 ut
752 1836 1002 1892 toleraret
1037 1845 1091 1892 et
1117 1836 1813 1906 patientissime‘sustineret
1848 1835 1999 1893 dolos

430 1924 697 1982 traditoris
721 1926 801 1982 sui
831 1945 844 1981 :
876 1933 1124 1996 tanquam
1168 1926 1292 1982 huic
1318 1926 1564 1997 perfectae
1601 1928 1793 1981 animae
1815 1927 1958 1982 dicat
1978 1968 1996 1995 ,

427 2032 702 2086 exponens
727 2017 983 2071 rationem
1014 2016 1177 2087 ipsius
1204 2018 1396 2074 secreti
1424 2034 1438 2071 :
1465 2016 1577 2088 Ego
1622 2033 1716 2088 pro
1746 2027 1798 2073 te
1838 2018 2000 2087 impio

425 2116 482 2160 et
507 2116 805 2175 peccatore,
834 2114 891 2160 ut
915 2114 1016 2160 tute
1040 2106 1344 2177 iniquitates
1369 2107 1474 2162 mei
1494 2108 1763 2177 sanguinis
1785 2107 2000 2189 edusio-

428 2212 495 2252 ne
540 2198 878 2262 lavarentur,
927 2210 1119 2268 magno
1162 2199 1372 2254 silentio
1415 2209 1470 2254 et
1494 2200 1698 2270 ‘magna
1748 2201 1999 2270 patientia

428 2288 735 2342 traditorem
778 2303 954 2343 meum
999 2289 1211 2358 pertuli,
1257 2305 1434 2345 nonne
1473 2283 1765 2347 imitaberis
1792 2307 1897 2359 me,
1942 2299 2000 2347 ut

423 2388 480 2434 et
507 2389 560 2434 tu
602 2395 706 2434 non
734 2379 925 2435 reddas
952 2380 1088 2434 mala
1112 2396 1211 2453 pro
1237 2382 1429 2436 malis?
1458 2383 1881 2439 animadvertetis
1908 2383 2000 2455 igi-

426 2472 509 2525 tu'r
547 2480 600 2526 et
640 2470 940 2541 intelligens
979 2472 1104 2542 quid
1142 2486 1235 2541 pro
1280 2473 1374 2528 illo
1418 2472 1600 2528 fecerit
1641 2473 1911 2540 Dominus,
1943 2482 1999 2529 et

423 2561 538 2633 ejus
583 2564 828 2633 exemplo
866 2564 931 2616 ad
976 2563 1350 2633 perfectit'mem
1393 2565 1693 2634 proficiens,
1739 2565 1899 2622 dicit:
1935 2565 1998 2622 Si

423 2655 620 2710 reddidi
659 2655 1035 2712 retribuentibus
1074 2657 1198 2711 mihi
1233 2658 1387 2723 mala,
1431 2657 1483 2712 id
1523 2667 1624 2723 est,
1665 2659 1711 2714 si
1742 2675 1847 2714 non
1896 2657 1995 2715 feci

422 2746 564 2817 quod
606 2754 660 2801 tu
691 2744 929 2803 faciendo
967 2747 1210 2815 docuisti,
1261 2748 1486 2803 decidant
1529 2765 1646 2820 ergo
1676 2750 1738 2803 ab
1781 2749 1996 2804 inimicis

423 2838 548 2892 meis
583 2837 769 2893 inanis.
792 2838 858 2893 Et
883 2838 1017 2894 bene
1044 2854 1148 2893 non
1172 2838 1285 2906 ait,
1310 2839 1367 2895 Si
1412 2839 1614 2894 reddidi
1644 2840 1995 2898 tribuentibus

422 2927 553 2983 mihi
596 2928 754 2995 mala,
798 2927 912 2993 sed,
943 2928 1327 2984 retribuentibus
1355 2948 1375 2985 :
1401 2933 1491 3001 qui
1517 2933 1657 2986 enim
1701 2933 1991 2999 retribuit,

419 3020 526 3090 jam
554 3019 752 3091 aliquid
793 3032 1106 3089 acceperat;
1136 3023 1353 3089 majoris
1379 3030 1554 3076 autem
1582 3022 1845 3091 patientia:
1870 3034 1951 3078 est
1974 3066 1991 3092 ,

421 3126 521 3167 nec
547 3112 597 3166 ei
640 3112 774 3166 mala
803 3111 1097 3182 rependere
1124 3112 1213 3182 qui
1258 3113 1492 3182 acceptis
1521 3113 1793 3168 beneﬁciis
1821 3114 1995 3170 reddit

421 3205 557 3258 mala
583 3218 680 3274 pro
722 3204 897 3270 bonis,
925 3219 1082 3274 quam
1107 3204 1151 3258 si
1178 3204 1323 3259 nullo
1346 3215 1467 3259 autc
1493 3215 1709 3275 accepto
1740 3205 1994 3262 beneﬂcio

406 3280 614 3349 nocere
639 3293 912 3358 voluisset,
959 3293 1023 3349 Si
1048 3293 1247 3348 reddidi
1282 3310 1430 3365 ergo,
1459 3295 1646 3365 inquit,
1674 3296 1992 3351 retribueuti—

420 3384 511 3440 bus
536 3385 670 3439 ’mihi
696 3384 850 3452 mala,
890 3384 942 3440 id
983 3394 1084 3452 est,
1111 3385 1156 3439 si
1197 3395 1248 3441 te
1275 3402 1378 3441 non
1406 3386 1636 3442 imitatus
1661 3401 1777 3442 sum
1808 3388 1859 3442 in
1904 3389 1992 3444 illo

400 3456 648 3543 ‘silentio,
678 3476 777 3532 hoc
801 3487 884 3532 est
922 3476 1172 3547 patientia
1201 3486 1287 3532 tua
1317 3495 1473 3549 quam
1504 3493 1601 3548 pro
1627 3495 1712 3534 me
1739 3490 1990 3550 operatus

419 3582 500 3633 es,
529 3567 757 3620 decidant
789 3566 850 3620 ab
888 3567 1103 3621 inimicis
1130 3567 1252 3622 meis
1276 3568 1465 3623 inanis.
1505 3568 1734 3623 lnaniter
1765 3569 1904 3624 enim
1930 3584 1991 3627 se

416 3659 598 3729 iactat,
621 3643 712 3729 qui
738 3673 857 3713 cum
888 3668 941 3712 et
966 3659 1080 3727 ipse
1116 3656 1274 3712 homo
1300 3659 1389 3725 sit,
1421 3659 1563 3728 cupit
1586 3674 1645 3713 se
1682 3658 1749 3713 de
1774 3658 1991 3716 homine

418 3749 685 3806 vindicare
713 3766 728 3805 :
757 3757 813 3806 et
840 3764 959 3806 cum
988 3764 1241 3819 superare
1268 3749 1536 3805 hominem
1567 3749 1735 3819 palam
1763 3750 1987 3821 quaerit,

419 3840 624 3895 occulte
649 3854 679 3894 a
708 3839 918 3896 diabolo
959 3850 1260 3910 superatur,
1310 3838 1481 3894 inanis
1519 3839 1736 3895 effectus
1775 3856 1909 3896 vana
1936 3852 1991 3898 ct

419 3933 644 4001 superba
703 3933 901 3998 laetitia,
929 3936 1067 4004 quod
1097 3934 1245 4005 quasi
1277 3934 1411 3989 vinci
1443 3951 1547 3989 non
1575 3937 1760 4005 potuit.
1787 3934 1989 3992 Intelli-

422 4023 496 4093 git
523 4037 649 4093 ergo
673 4024 772 4077 iste
798 4022 889 4077 ubi
912 4023 1081 4093 major
1118 4026 1206 4078 fiat
1233 4025 1466 4089 victoria,
1494 4035 1549 4080 et
1572 4010 1657 4080 ubi
1684 4026 1842 4082 Pater
1869 4027 1991 4081 red-

420 4111 510 4166 dat
534 4113 622 4181 qtti
648 4111 790 4167 videt
830 4112 884 4166 in
912 4113 1140 4167 occulto.
1184 4114 1261 4169 Ne
1285 4115 1470 4170 reddat
1497 4116 1671 4186 itaque
1694 4118 1990 4173 retribuen-

421 4203 560 4257 tibus
601 4202 756 4266 mala,
786 4201 917 4256 iram
962 4203 1135 4271 potius
1178 4219 1335 4285 quam
1379 4205 1646 4261 hominem
1674 4206 1854 4270 vincit,
1887 4209 1989 4264 illis

417 4296 578 4350 etiam
600 4292 785 4349 litteris
804 4292 1059 4360 eruditus,
1089 4294 1139 4347 in
1166 4296 1354 4365 quibus
1376 4299 1629 4367 scriptum
1655 4308 1737 4354 est
1762 4318 1775 4353 :
1801 4298 1988 4355 Melior

418 4398 489 4442 est
514 4388 599 4457 qui
622 4388 769 4443 vincit
788 4386 1113 4465 iram,'qttam
1127 4386 1211 4455 qui
1232 4388 1367 4456 capit
1387 4388 1635 4443 civitatem
1662 4389 1842 4460 (Prov.
1875 4407 1984 4458 xw,

416 4480 503 4537 32.
536 4497 633 4535 sec.
666 4476 852 4552 LXX).
897 4477 958 4534 Si
983 4476 1182 4531 reddidi
1224 4477 1606 4533 retribuentibus
1649 4482 1772 4535 mihi
1813 4483 1983 4546 mala,

415 4572 643 4627 decidant
669 4588 787 4643 ergo
818 4571 881 4625 ab
925 4570 1141 4637 inimicis
1178 4571 1298 4626 meis
1323 4571 1513 4628 inanis.
1551 4572 1739 4629 Jurare
1779 4575 1989 4632 videtur

416 4663 965 4731 per.exsecrationem,
986 4661 1124 4732 quod
1143 4671 1224 4744 est
1249 4662 1616 4733 graviSsimnm
1642 4663 1984 4734 jurisjurandi

413 4767 600 4822 genus,
644 4769 763 4807 cum
813 4753 973 4807 homo
1012 4753 1179 4809 dicit:
1213 4753 1266 4808 Si
1301 4753 1425 4808 illud
1471 4752 1594 4821 feci,
1629 4755 1752 4809 illud
1798 4759 1982 4826 patiar.

414 4844 517 4900 Sed
544 4843 684 4900 aliud
721 4853 802 4898 est
821 4843 1014 4913 juratio
1057 4844 1109 4899 in
1137 4861 1230 4901 ore
1253 4846 1495 4916 jurautis,
1532 4846 1672 4901 aliud
1704 4847 1753 4900 in
1780 4848 1986 4919 signiti-

414 4938 621 4993 catione
647 4937 1006 5006 prophetantis
1040 4954 1054 4991 :
1086 4937 1173 4994 hic
1211 4940 1354 4993 enim
1384 4937 1512 4994 dicit
1535 4939 1658 5010 quid
1687 4955 1810 4996 vere
1854 4956 1984 4997 con-

414 5028 579 5098 tingat
617 5026 919 5082 hominibus
954 5028 1043 5097 qui
1087 5027 1318 5084 reddunt
1356 5030 1767 5086 retribueutibus
1808 5032 1980 5099 mala;

414 5133 521 5175 non
545 5117 689 5189 quod
724 5117 847 5186 sibi,
891 5128 984 5173 aut
1022 5117 1200 5187 alicui,
1245 5121 1394 5190 quasi
1418 5120 1764 5193 jurejurando
1789 5123 1984 5195 impre-

412 5222 578 5266 cetur.
874 5208 895 5225 "

480 5302 536 5357 4.
562 5299 712 5375 [νοτε.
731 5297 812 5373 6.]
834 5300 1164 5366 Persequitur
1183 5316 1299 5371 ergo
1314 5301 1544 5356 inimicus
1562 5304 1782 5359 animam
1797 5322 1979 5373 meam,

410 5386 458 5446 et
486 5389 890 5459 comprehendat.
925 5389 1116 5444 lterum
1161 5390 1427 5445 inimicum
1465 5392 1715 5461 singulari
1759 5410 1983 5450 numero

414 5486 709 5549 nominans,
733 5484 879 5539 illum
905 5485 1074 5557 magis
1096 5483 1364 5554 magisque
1389 5483 1689 5540 manifestat
1708 5502 1865 5554 quem
1890 5503 1980 5540 su-
2038 5544 2057 5563 ο

415 5575 592 5644 perios
635 5574 776 5628 velut
818 5574 1027 5629 leonem
1075 5572 1374 5644 appellavit.
1419 5572 1537 5641 Ipse
1565 5575 1707 5629 enim
1749 5576 1979 5632 animam

414 5664 786 5733 persequitur;
814 5673 865 5721 et
889 5665 932 5720 si
960 5662 1246 5745 deceperit,
1268 5666 1699 5735 comprehendet.
1728 5665 1859 5722 Nam
1883 5667 1978 5723 lto-

3579 286 3677 339 i00

2112 382 2281 439 mines
2302 398 2465 454 usque
2492 384 2556 439 ad
2576 384 2997 445 interfectionem
3028 393 3264 463 corporis
3289 396 3530 461 savium,
3558 402 3675 453 sni-

2108 490 2247 528 mam
2276 491 2402 530 vero
2433 487 2549 546 post
2592 476 2746 534 istam
2788 481 3045 537 visibilem
3085 496 3307 541 mortem
3336 492 3384 541 in
3414 500 3679 558 potestate

2107 563 2303 620 habere
2333 581 2451 633 ,non
2494 579 2749 636 possunt;
2794 572 3033 628 diabolus
3075 584 3248 630 autem
3297 593 3428 647 quas
3473 581 3676 636 animas

2106 666 2413 722 persecutus
2436 660 2911 729 comprehenderit,
2958 667 3266 734 possidebit.
3314 667 3379 722 Et
3417 675 3676 728 conculcet

2105 747 2158 800 in
2197 750 2414 801 terram‘
2437 751 2587 803 vitam
2626 768 2785 806 meam
2816 770 2836 807 :
2860 755 2908 808 id
2939 766 3020 811 est
3060 759 3439 824 conculcando,
3472 770 3666 818 terram

2106 836 2261 893 faciat
2289 839 2446 893 vitam
2474 857 2665 915 meam,
2706 845 2879 899 cibum
2922 847 3124 902 scilicet
3165 865 3356 915 suum;
3387 867 3491 905 non
3533 856 3673 910 enim

2105 937 2306 984 tantum
2337 931 2440 997 leo,
2464 934 2555 989 sed
2579 937 2736 989 etiam
2776 952 2995 1006 serpens
3025 941 3315 1009 appellatus
3338 953 3439 1002 est.
3481 946 3562 998 cui
3587 945 3672 999 di-

2104 1033 2246 1076 ctum
2273 1034 2392 1078 est:
2419 1025 2627 1080 Terram
2669 1030 3421 1100 manducabis;et‘peccatori
3471 1035 3671 1101 homini

2104 1115 2299 1195 dictum
2326 1127 2426 1179 est,
2456 1117 2611 1173 Terra
2647 1137 2715 1183 es,
2748 1131 2793 1176 et
2817 1122 2869 1176 in
2906 1133 3091 1177 terram
3129 1124 3221 1180 ibis
3255 1125 3406 1194 (Gen.
3444 1142 3519 1193 ttt,
3566 1130 3627 1185 il
3653 1172 3670 1198 ,

2106 1208 2217 1279 i9).
2245 1208 2310 1263 Et
2333 1211 2547 1281 gloriam
2565 1229 2725 1267 meam
2744 1215 2793 1267 in
2816 1215 3065 1285 pulverem
3095 1216 3327 1271 deducat.
3358 1218 3453 1273 Hic
3477 1233 3553 1276 est
3584 1223 3674 1280 ille

2103 1300 2293 1371 pulvis,
2325 1318 2482 1371 quem
2512 1304 2716 1375 proiicit
2755 1315 2943 1360 ventus
2976 1322 3006 1360 a
3031 1306 3164 1364 facie
3197 1319 3372 1377 terras,
3403 1300 3661 1381 supetb‘o-

2101 1405 2218 1444 rum
2247 1392 2451 1448 scilicet
2491 1409 2625 1447 vana
2649 1404 2703 1449 et
2730 1395 2905 1465 inepta
2945 1396 3215 1467 jactantia,
3259 1410 3312 1455 et
3352 1401 3528 1457 inﬂata
3566 1421 3669 1461 non

2102 1481 2324 1536 solidata
2354 1484 2411 1553 ¹,
2461 1492 2708 1555 tanquam
2754 1498 2913 1543 vento
2962 1489 3131 1545 elatos
3180 1493 3412 1561 pulveris
3456 1496 3666 1563 globus.

2102 1571 2265 1627 [tecte
2306 1573 2482 1644 itaque
2523 1574 2614 1630 hic
2651 1577 2822 1644 posuit
2862 1579 3107 1649 gloriam,
3147 1597 3301 1648 quam
3341 1599 3446 1639 non
3476 1588 3585 1641 vult
3614 1589 3666 1644 in

2102 1663 2371 1733 pulverem
2397 1665 2605 1722 deduci.
2650 1666 2772 1723 Vult
2814 1671 2955 1724 enim
2984 1686 3098 1726 eam
3137 1674 3360 1730 solidam
3392 1677 3584 1734 habere
3612 1682 3663 1736 in

2100 1755 2421 1811 conscientia
2454 1773 2631 1812 coram
2662 1759 2790 1826 Deo,
2819 1760 2907 1814 ubi
2946 1762 3089 1817 nulla
3126 1763 3378 1834 jactantia
3415 1777 3533 1833 est;
3569 1770 3670 1838 Qui

2099 1844 2363 1916 gloriatur,
2389 1847 2575 1917 inquit,
2594 1848 2646 1902 in
2661 1847 2878 1905 Domino
2901 1851 3137 1921 glorietur
3155 1853 3198 1926 (Ι
3222 1854 3339 1910 Cor.
3368 1873 3402 1922 ι,
3423 1858 3536 1931 5|).
3566 1859 3668 1916 Ista

2100 1936 2338 1992 soliditas
2386 1939 2437 1992 in
2485 1939 2753 2008 pulverem
2801 1942 3095 2009 deducitur,
3143 1947 3187 1999 si
3228 1961 3322 2015 per
3365 1951 3665 2019 superbiam

2099 2026 2320 2096 quisque
2364 2038 2708 2085 contemnens
2753 2042 2955 2087 secreta
3001 2035 3361 2104 conscientiae,
3406 2041 3494 2093 ubi
3523 2045 3665 2098 solus

2100 2117 2241 2173 Dens
2267 2118 2532 2174 hominem
2579 2121 2782 2189 probat,
2822 2122 2946 2177 velit
2975 2120 3113 2194 apud
3144 2126 3385 2183 homines
3410 2131 3620 2199 gloriari
3647 2151 3664 2195 ;

2101 2206 2224 2262 hinc
2246 2218 2328 2287 est
2369 2209 2508 2278 quod
2537 2211 2661 2265 alibi
2688 2211 2814 2267 dicit
2843 2232 2857 2268 :
2888 2213 3026 2269 Deus
3062 2227 3280 2272 conteret
3316 2235 3431 2273 ossa
3464 2222 3667 2290 placen-

2100 2297 2225 2351 tium
2243 2298 2523 2354 Itominibas
2561 2300 2729 2374 (Psal.
2761 2318 2850 2367 LII,
2878 2303 2952 2374 6).
2991 2305 3093 2373 Qui
3122 2318 3296 2363 autem
3324 2310 3458 2367 bene
3483 2313 3666 2371 didicit

2098 2389 2180 2442 vel
2205 2398 2455 2458 expertus
2492 2401 2576 2445 est
2618 2393 2861 2449 vitiorum
2886 2399 3303 2466 snperandornm
3329 2403 3541 2473 gradus,
3576 2408 3659 2462 iu-

2099 2478 2285 2549 telligit
2322 2477 2422 2534 hoc
2451 2481 2631 2535 vitium
2672 2483 2841 2539 inanis
2867 2485 3070 2556 gloriae,
3100 2491 3180 2544 vel
3209 2495 3403 2561 solum,
3437 2496 3515 2549 vel
3553 2514 3667 2554 nta-

2099 2570 2240 2626 xitne
2263 2572 2552 2626 cavendum
2581 2588 2700 2630 esse
2725 2576 2971 2645 perfectis
2999 2597 3012 2632 :
3043 2597 3148 2651 quo
3174 2585 3342 2653 primo
3369 2589 3506 2643 enim
3539 2592 3664 2646 vitio

2098 2658 2244 2730 lapsa
2281 2671 2362 2717 est
2401 2666 2596 2727 anima,
2635 2665 2735 2721 hoc
2774 2669 3012 2724 ultimum
3042 2672 3220 2728 vincit.
3252 2674 3461 2732 Initium
3498 2693 3664 2737 autem

2098 2753 2258 2806 omnis
2277 2756 2464 2822 peccati
2483 2757 2753 2825 superbia;
2784 2768 2858 2825 et,
2884 2759 3093 2817 Initium
3127 2769 3372 2838 superbit:
3409 2771 3623 2828 [taurinis
3644 2816 3660 2841 ,

2096 2853 2380 2911 apostatare
2407 2862 2439 2899 a
2464 2845 2572 2902 Deo
2597 2848 2779 2920 (Eccli.
2809 2866 2862 2918 Χ,
2893 2852 2977 2919 l5,
3013 2854 3121 2925 14).

2166 2941 2219 2997 5.
2247 2940 2395 3015 [vers.
2437 2941 2515 3017 7.]
2545 2943 2790 3020 Exsurge,
2826 2946 3059 3016 Domine,
3087 2950 3139 3005 in
3166 2951 3247 3006 ira
3274 2962 3381 3009 tua.
3409 2954 3543 3022 Quid
3568 2958 3663 3014 ad-

2097 3030 2200 3085 huc
2227 3034 2326 3086 iste
2354 3047 2510 3103 quem
2543 3035 2827 3103 perfectum
2855 3037 3098 3107 dicimus,
3142 3041 3209 3097 ad
3239 3042 3368 3097 iram
3413 3058 3664 3115 provocat

2098 3123 2300 3177 Deum?
2323 3123 2508 3179 Nonne
2537 3126 2818 3182 videndum
2844 3141 2922 3185 est
2952 3146 3021 3185 ne
3058 3134 3233 3202 potius
3261 3135 3349 3190 ille
3396 3138 3663 3206 perlectus

2094 3215 2182 3277 sit,
2209 3216 2296 3284 qui
2324 3232 2443 3271 cum
2474 3218 2815 3288 lapidaretur,
2860 3223 2998 3278 dixit
3038 3242 3052 3278 :
3094 3225 3328 3293 Domine,
3377 3247 3440 3285 tte
3471 3242 3662 3289 statuas

2093 3305 2195 3358 illis
2233 3306 2326 3360 hoc
2359 3320 2615 3378 peccatum
2646 3310 2775 3384 (Act.
2808 3329 2901 3377 vn,
2932 3316 3067 3384 59)?
3095 3320 3175 3372 An
3205 3328 3260 3374 et
3286 3320 3406 3387 iste,
3433 3339 3535 3379 non
3561 3326 3660 3381 ad-

2094 3410 2278 3451 versus
2304 3397 2543 3453 homines
2561 3401 2675 3456 lucc'
2703 3415 2963 3474 precatur,
2996 3407 3088 3462 sed
3116 3408 3369 3467 adversus
3394 3413 3659 3471 diabolum

2093 3493 2148 3539 et
2171 3486 2387 3557 angelos
2423 3488 2558 3559 ejus,
2598 3506 2823 3561 quorum
2854 3499 3115 3564 possessio
3156 3511 3462 3570 peccatores
3502 3517 3661 3577 atquc

2093 3574 2240 3647 impii
2260 3577 2499 3633 homines
2515 3591 2635 3635 sunt
2654 3581 2814 3637 ‘INon
2836 3599 2964 3655 ergo
2984 3588 3228 3656 serviens,
3248 3593 3341 3646 sed
3361 3574 3661 3653 misericors

2092 3668 2344 3724 adversus
2380 3686 2501 3726 eum
2528 3683 2663 3741 orat,
2705 3676 2940 3746 quisquis
2964 3688 3080 3734 orat
3109 3691 3165 3734 ut
3186 3682 3238 3738 ei
3262 3684 3531 3742 auferatur
3560 3689 3660 3745 ista

2095 3762 2356 3829 possessio
2383 3765 2450 3850 ab
2475 3765 2565 3819 illo
2596 3767 2818 3822 Domino
2837 3771 2924 3839 qui
2945 3770 3202 3840 justilicat
3231 3777 3449 3848 impium
3480 3780 3658 3850 (Rom.

2093 3869 2163 3921 tv,
2204 3856 2300 3925 5):
2327 3836 2447 3911 cuin
2488 3859 2628 3913 enim
2662 3836 2979 3930 justificatur
3004 3863 3249 3935 ‘impius,
3297 3836 3366 3924 ex
3404 3836 3565 3940 impio
3604 3873 3663 3928 lit

2085 3944 2280 4015 justus,
2312 3956 2367 4003 et
2403 3964 2465 4003 ex
2492 3952 2826 4019 possessione
2868 3953 3061 4011 diaboli
3104 3958 3293 4029 migrat
3322 3960 3372 4014 in
3402 3963 3656 4032 templum

2094 4038 2224 4104 Dei;
2254 4050 2308 4094 et
2333 4044 2579 4111 quoniam
2607 4059 2759 4113 poena
2788 4055 2891 4115 est,
2935 4058 2994 4103 ut
3020 4051 3209 4122 cuique
3233 4051 3504 4109 auferatur
3534 4072 3659 4126 pos-

2090 4132 2259 4186 sessio
2286 4133 2337 4187 in
2376 4151 2477 4205 qua
2506 4134 2768 4193 dominari
2809 4138 3092 4207 desiderat,
3124 4144 3260 4199 hanc
3293 4161 3503 4215 paruam
3533 4149 3662 4205 dicit

2090 4222 2222 4277 iram
2269 4224 2360 4279 Dei
2405 4226 2657 4283 adversus
2700 4229 2984 4297 diabolum,
3034 4242 3092 4287 ut
3135 4234 3345 4301 desinat
3387 4241 3661 4307 possidere

2090 4329 2224 4384 quos
2248 4316 2499 4386 possidet.
2526 4317 2774 4392 Exsurge,
2809 4320 3045 4390 Domine,
3067 4324 3118 4378 in
3144 4326 3223 4380 ira
3259 4338 3345 4381 tua
3364 4345 3383 4382 :
3406 4328 3656 4405 Exsurge,

2094 4406 2176 4460 hic
2200 4421 2394 4477 apparo
2418 4408 2567 4475 dixit,
2600 4409 2845 4468 humanis
2873 4413 3117 4472 videlicet
3138 4430 3190 4472 et
3220 4418 3506 4477 latentibus
3534 4440 3659 4479 ter-

2092 4497 2191 4561 bis,
2222 4500 2367 4569 quasi
2402 4501 2540 4556 Dens
2582 4503 2828 4569 dormiat,
2870 4522 2992 4562 cum
3040 4508 3090 4563 in
3118 4512 3339 4567 secretis
3363 4515 3476 4569 suis
3506 4515 3656 4572 inco-

2089 4589 2261 4658 gnittts
2292 4590 2434 4645 latet.
2482 4591 2725 4650 Exaltare
2766 4597 2818 4650 in
2856 4598 3037 4667 ﬁnibus
3062 4601 3380 4657 inimicorum
3410 4623 3647 4662 meorum.

2093 4680 2249 4735 Fines
2273 4681 2405 4737 dixit
2426 4684 2590 4753 ipsam
2624 4690 3032 4756 possessionem,
3065 4691 3153 4746 ubi
3186 4694 3295 4748 vult
3321 4694 3485 4752 Deum
3512 4698 3659 4752 exal-

2092 4775 2188 4827 tari
2218 4774 2408 4844 potius,
2456 4776 2507 4831 id
2545 4788 2627 4833 est
2655 4780 2898 4835 honorari
2925 4792 2979 4838 et
3004 4783 3309 4853 glorificari,
3342 4803 3498 4857 quam
3543 4789 3658 4844 dia—

2091 4866 2287 4930 bolum,
2328 4870 2452 4922 dum
2477 4870 2618 4938 impii
2642 4868 2993 4934 iustificantur
3019 4885 3072 4929 et
3096 4876 3324 4933 .laudant
3353 4880 3538 4934 Deum.
3594 4881 3659 4935 Et

2064 4976 2316 5030 cexsurge,
2362 4960 2577 5015 Domine
2603 4960 2736 5016 Deus
2774 4980 2929 5029 meus,
2958 4965 3011 5019 in
3041 4979 3289 5038 praecepto
3335 4970 3471 5038 quod
3513 4988 3657 5025 man-

2089 5054 2221 5108 dasti
2247 5070 2266 5108 :
2293 5054 2342 5108 id
2383 5065 2485 5118 est,
2531 5058 2650 5124 quia
2702 5058 3049 5113 humilitatem
3080 5062 3396 5131 praecepisti,
3441 5062 3656 5118 humilis

2085 5162 2316 5216 apparo;
2345 5159 2398 5203 et
2426 5156 2479 5202 tu
2507 5140 2649 5216 prior
2673 5150 2831 5221 imple.
2869 5151 3007 5221 quod
3036 5155 3354 5222 praecepisti,
3387 5162 3445 5209 ut
3469 5170 3657 5211 exem-

2087 5239 2176 5310 plo
2204 5231 2291 5294 iuo
2311 5241 2584 5296 vincentes
2605 5244 2925 5310 superbiam,
2955 5259 3058 5299 non
3088 5246 3460 5331 possideantur
3484 5263 3513 5300 a
3545 5248 3658 5302 dia-

2088 5333 2228 5400 bolo,
2256 5335 2344 5404 qui
2370 5335 2621 5390 adversus
2643 5345 2727 5391 tua
2755 5348 3014 5408 praecepta
3039 5338 3338 5408 superbiam
3369 5341 3652 5410 persuasit,

2146 5561 2164 5592 ί
2189 5558 2644 5631 vaticanusheodex.
2669 5559 2720 5631 in
2737 5566 2882 5611 terra.
2903 5563 3072 5612 ceteri
3096 5570 3197 5613 Mss.
3226 5571 3278 5614 et
3306 5563 3420 5614 editi
3438 5598 3453 5625 ,
3492 5563 3541 5614 in
3558 5571 3652 5614 ισ-

2082 5627 2528 5738 ’σῗ²έιιέἰῗῗοῖὶξξ.’
2542 5622 2860 5742 ἕῗνὲξιηὶιεδη
2877 5682 3099 5735 solidata.
