4046 6200
345 309 442 363 «101

343 421 529 473 dicens
559 435 569 469 ς
611 415 661 470 ,11
669 417 928 479 andacute,
972 425 1015 469 et
1048 415 1327 484 aperientur
1357 413 1487 465 vobis
1516 411 1666 477 oculi,
1694 421 1736 464 et
1776 412 1909 463 eritis

343 522 579 578 tonitruum
613 509 683 560 dii
716 507 862 576 (Gen.
894 523 964 568 Ill,
997 506 1073 573 5).

417 601 466 654 6.
503 597 657 668 [t-ers.
689 596 768 669 8.]
811 595 876 648 Et
902 594 1213 664 congregatio
1251 594 1551 664 populorum
1589 590 1912 643 circumdabit

344 705 410 746 te.
451 693 648 759 Duplex
693 690 983 742 intellectus
1010 695 1110 740 est.
1141 684 1656 754 Congregatiocnim
1689 682 1911 751 populn-

343 801 482 845 I‘ttlll,
514 783 626 837 sive
653 781 977 834 credentium
1002 821 1016 842 ,
1044 779 1152 830 sive
1181 770 1602 846 pcr~cquontium
1630 783 1802 842 potest
1825 789 1914 826 ac-

342 877 466 944 cipi,
498 889 721 944 quorum
751 882 1030 940 utruntque
1058 871 1238 922 eadem
1271 869 1472 922 Domini
1503 869 1665 921 nostri
1697 866 1910 919 humili-

346 979 451 1020 tate
494 967 686 1019 factum
737 975 816 1018 est
858 981 870 1016 :
918 979 1071 1033 quam
1103 973 1446 1018 contemnens
1489 961 1910 1029 persequentium

344 1056 645 1117 multitudo,
670 1053 1014 1108 circumdedit
1041 1069 1181 1112 eum,
1209 1050 1274 1104 de
1299 1060 1402 1119 qua
1421 1050 1615 1103 dictum
1640 1059 1736 1110 est,
1770 1049 1910 1114 Qua-

343 1165 395 1201 re
439 1152 742 1217 fremuerunt
795 1154 990 1214 gentes,
1041 1151 1086 1196 et
1124 1142 1294 1213 populi
1334 1141 1554 1194 meditati
1588 1149 1700 1192 sunt
1739 1140 1912 1190 inania

349 1237 516 1308 (Psal,
546 1253 602 1299 n,
630 1235 725 1304 l)?
760 1234 1087 1290 credentium
1111 1242 1283 1286 autem
1311 1247 1402 1299 per
1425 1231 1538 1298 ejus
1567 1229 1908 1282 humilitatem

345 1327 624 1384 multitudo
655 1328 724 1380 ita
756 1341 876 1380 eum
907 1323 1253 1379 circmndedit
1274 1364 1286 1388 ,
1330 1330 1386 1375 ut
1407 1321 1682 1375 verissime
1711 1319 1914 1373 dicere-

343 1432 447 1485 tur,
471 1418 678 1473 Caecitas
708 1433 768 1470 ea:
788 1424 927 1484 parte
958 1412 1120 1467 Israel
1147 1416 1279 1483 facta
1306 1422 1390 1473 est,
1420 1419 1472 1464 ut
1499 1408 1754 1479 plenitudo
1777 1406 1910 1461 Cen-

341 1515 465 1566 lium
494 1513 699 1565 intraret
723 1508 895 1580 (Rom.
923 1523 998 1568 x1,
1024 1505 1154 1574 25);
1183 1514 1236 1559 et
1267 1503 1415 1565 illud,
1451 1502 1663 1555 Postulo
1689 1519 1720 1554 a
1743 1518 1836 1563 nte,
1865 1509 1912 1553 et

339 1606 468 1657 dabo
489 1603 575 1656 tibi
595 1611 759 1672 gentes
780 1599 1119 1662 ha'reditatem
1145 1607 1298 1660 tuam,
1325 1605 1370 1648 et
1393 1594 1748 1664 possessionem
1771 1603 1908 1644 tuam

341 1695 574 1749 terminos
601 1703 745 1746 terra:
793 1689 960 1762 (Psal.
1002 1705 1060 1753 Il,
1090 1687 1166 1758 8).
1201 1687 1263 1740 Et
1294 1695 1493 1754 propter
1519 1686 1645 1737 hanc
1674 1683 1725 1736 in
1755 1686 1910 1736 altum

337 1786 597 1855 regredere
626 1799 643 1835 :
675 1783 722 1836 id
755 1790 834 1836 est
857 1822 870 1844 ,
912 1788 1126 1850 prepter
1154 1777 1286 1830 hanc
1313 1774 1774 1844 congregationem
1817 1789 1906 1826 rc-

339 1881 556 1948 gredete
593 1876 644 1929 in
672 1876 864 1938 altum;
897 1873 1034 1942 quod
1067 1869 1387 1940 resurgendo
1425 1878 1478 1922 et
1510 1869 1560 1920 in
1601 1866 1794 1920 cmlum
1821 1880 1907 1918 as-

339 1971 612 2027 cendendo
639 1970 826 2023 fecisse
853 1965 1180 2035 intelligitur.
1205 1963 1275 2017 Ita
1307 1962 1446 2015 enim
1472 1959 1792 2030 gloriﬁcatus
1813 1957 1909 2012 de-

339 2066 413 2120 dit
451 2063 705 2132 Spiritum
749 2069 988 2114 sanctum
1017 2099 1030 2120 ,
1060 2057 1147 2124 qui
1175 2065 1295 2108 ante
1337 2053 1769 2132 gloriliCationem
1796 2050 1910 2115 ejus

339 2157 448 2210 dari
479 2129 582 2210 non
608 2161 805 2224 posset,
829 2151 963 2205 sicut
989 2149 1040 2203 in
1069 2146 1349 2216 Evangelio
1378 2129 1601 2214 positum
1629 2151 1710 2196 est
1742 2160 1754 2194 :
1788 2141 1910 2210 Spi-

337 2249 460 2300 ritus
480 2255 646 2299 autent
673 2245 894 2297 nondum
915 2249 1018 2293 erat
1055 2239 1202 2291 datus
1220 2279 1233 2299 ,
1257 2237 1374 2308 quia
1392 2233 1429 2288 J
1433 2251 1542 2288 esus
1562 2233 1783 2285 nomium
1807 2238 1909 2284 erat

339 2339 641 2406 clari/icatus
669 2335 687 2405 (
711 2333 866 2386 Joan.
907 2347 1000 2396 vn,
1031 2329 1096 2385 59
1123 2328 1161 2396 ).
1193 2327 1482 2396 chrcssos
1509 2339 1634 2393 ergo
1662 2322 1712 2376 in
1743 2323 1905 2374 altum

343 2441 554 2500 propter
598 2423 1058 2495 congregationem
1105 2418 1413 2489 populorum
1439 2457 1454 2481 ,
1489 2414 1630 2468 misit
1653 2412 1906 2481 Spiritum

341 2531 574 2575 sanetum
603 2535 618 2583 ;
648 2531 755 2587 quo
787 2513 982 2583 impleti
1019 2511 1390 2580 prmdicatores
1423 2501 1697 2574 Evangelii
1725 2502 1904 2556 urbem

346 2623 592 2667 terrarum
625 2606 873 2662 Ecelesiis
901 2603 1268 2672 impleverunt.

410 2705 440 2754 7
493 2701 671 2755 {Domst
699 2707 752 2752 ct
790 2698 866 2751 sic
896 2697 991 2747 iste
1019 2707 1207 2746 sensus
1237 2689 1450 2757 intelligi
1477 2705 1490 2739 :
1523 2686 1770 2755 Exsurge,
1800 2684 1904 2736 Do-

339 2797 486 2856 mine,
505 2797 554 2849 in
573 2795 647 2845 ira
671 2802 756 2844 tua
771 2790 806 2850 ¹,
825 2787 1045 2842 exaltare
1060 2787 1110 2838 in
1123 2784 1304 2854 ﬁnibus
1320 2782 1629 2835 inimicorum
1650 2793 1906 2831 meorum:

339 2887 385 2940 id
413 2899 512 2947 est,
532 2898 757 2951 exsurge
786 2883 837 2934 in
865 2881 936 2933 ira
971 2891 1077 2943 tua,
1099 2887 1150 2930 et
1181 2893 1282 2929 non
1315 2884 1364 2927 te
1392 2871 1682 2939 intelligant
1707 2867 1902 2921 inimici

338 2978 469 3039 inci;
494 2986 547 3028 ut
580 2973 678 3026 huc
705 2971 772 3024 sit
796 2971 1037 3032 exaltare,
1070 2966 1117 3020 id
1143 2977 1240 3029 est,
1271 2965 1404 3016 altus
1425 2961 1636 3016 efﬁcere
1663 2974 1726 3011 ne
1753 2957 1904 3010 intel-

339 3068 531 3136 ligaris,
563 3064 700 3134 quod
731 3061 955 3117 refertur
984 3059 1048 3112 ad
1079 3057 1203 3112 illud
1238 3054 1524 3110 silentium.
1555 3050 1642 3105 Sic
1667 3047 1808 3102 enim
1839 3047 1904 3100 de

342 3162 434 3214 hac
476 3159 797 3214 exultatione
838 3155 888 3207 in
930 3154 1032 3206 alio
1077 3150 1280 3220 psalmo
1320 3147 1545 3199 dicitur:
1583 3143 1646 3196 Et
1684 3141 1904 3194 ascendit

339 3268 485 3318 super
506 3248 790 3309 Cherubim,
814 3257 858 3298 et
885 3243 1084 3297 velarit.
1123 3239 1183 3292 Et
1215 3239 1376 3307 posuit
1403 3236 1624 3288 tenebras
1645 3230 1905 3285 latibulum

337 3358 480 3396 suum
507 3337 680 3408 (Psal.
707 3352 830 3399 xvn,
859 3335 944 3399 11,
979 3332 1064 3403 12)
1093 3347 1109 3384 :
1135 3345 1237 3399 qua
1265 3327 1610 3391 exultatione,
1635 3323 1683 3377 id
1713 3333 1793 3376 est
1813 3335 1906 3375 0c-

337 3431 638 3493 cnltatione,
668 3442 787 3481 cum
813 3436 862 3480 te
885 3424 1070 3477 merito
1091 3428 1427 3489 peccatorum
1455 3430 1666 3468 suorum
1700 3428 1801 3466 non
1826 3412 1905 3464 in-

339 3519 630 3576 tellexerint
656 3517 744 3587 qui
779 3526 828 3569 te
856 3515 1180 3584 eruciligent,
1212 3508 1545 3578 congregatio
1575 3504 1901 3558 credentium

337 3609 679 3666 circumdabit
705 3618 774 3660 te.
806 3605 919 3674 Ipsa
948 3604 1088 3657 enim
1116 3599 1409 3655 humilitate
1447 3596 1704 3649 exaltatus
1726 3602 1824 3654 est,
1853 3591 1903 3645 id

337 3714 449 3769 est,
479 3719 581 3756 non
620 3709 702 3754 est
730 3698 1062 3759 intellectus;
1092 3703 1145 3747 ut
1183 3693 1245 3745 ad
1280 3694 1376 3743 hoc
1404 3689 1691 3750 referatur,
1727 3685 1787 3736 Et
1814 3700 1902 3736 ea:-

337 3814 500 3866 surge,
534 3793 748 3847 Domine
771 3791 904 3843 Deus
924 3805 1079 3851 meus,
1103 3787 1154 3839 in
1183 3794 1428 3854 prrrcepto
1449 3780 1582 3851 quod
1619 3777 1903 3838 mandasti;

337 3888 386 3940 id
407 3897 507 3950 est,
525 3901 644 3938 cttm
664 3895 885 3952 appares
900 3879 1132 3942 lmmilis,
1156 3877 1290 3929 altus
1315 3885 1450 3938 esto,
1474 3881 1529 3924 ut
1548 3886 1648 3923 non
1670 3881 1717 3922 te
1746 3866 1901 3920 intel-

338 3982 495 4050 ligant
540 3978 736 4033 inimici
765 3975 866 4029 mei
896 3991 908 4025 :
938 3973 1078 4042 justo
1107 3979 1279 4023 autem
1325 3974 1448 4020 sunt
1478 3971 1780 4031 peccatores
1803 3958 1902 4012 iui-

337 4074 479 4133 mici,
507 4082 558 4126 et
591 4071 676 4139 pio
707 4068 870 4136 impii.
906 4065 970 4118 Et
999 4061 1314 4133 congregatio
1347 4056 1650 4127 populorum
1685 4053 1902 4106 circum-

339 4163 472 4215 dabit
495 4173 540 4214 te
560 4179 578 4213 :
608 4161 656 4213 id
679 4168 777 4220 est,
804 4174 895 4228 per
922 4156 1022 4210 hoc
1049 4155 1215 4223 ipsum
1243 4150 1379 4221 quod
1405 4165 1505 4202 non
1537 4158 1586 4200 te
1611 4145 1905 4214 intelligunt

341 4257 429 4324 qui
461 4264 508 4306 te
541 4253 850 4320 crnciligunt
877 4291 890 4313 ,
935 4247 1150 4301 credent
1181 4244 1230 4296 in
1275 4251 1323 4296 te
1351 4241 1544 4296 Gentes
1568 4281 1581 4302 ,
1627 4249 1783 4306 atque
1832 4237 1903 4288 ita

339 4345 675 4414 (‘Ougrt‘galio
705 4343 1012 4410 populorum
1051 4332 1394 4390 circumdabit
1424 4340 1491 4385 te.
1522 4318 1622 4385 seu
1649 4327 1786 4398 quod
1814 4343 1903 4381 se-

338 4437 514 4505 quitur
538 4436 578 4487 si
609 4447 732 4487 vere
761 4431 859 4484 hoc
894 4429 1166 4498 significat,
1217 4426 1330 4493 plus
1361 4423 1558 4476 doloris
1599 4419 1754 4472 habet
1779 4417 1903 4486 quia

333 4528 444 4594 jam
477 4522 876 4594 ineipitscntiri,
901 4535 1055 4589 quam
1080 4516 1272 4570 lanitia:
1297 4506 1420 4583 quia
1448 4510 1770 4578 intelligitur.
1804 4508 1905 4561 Sc-

336 4619 518 4687 quitur
555 4615 718 4675 enim,
752 4611 815 4664 Et
854 4620 1054 4680 propter
1090 4608 1218 4660 hanc
1259 4606 1311 4657 in
1350 4601 1508 4654 altum
1545 4598 1904 4670 regredere:id

335 4721 440 4772 est,
474 4718 526 4762 ct
552 4715 764 4776 pr0ptcr
789 4705 923 4757 hanc
950 4697 1404 4768 congregationem
1432 4691 1637 4761 generis
1667 4689 1902 4752 humani,

334 4817 439 4870 qua
469 4797 713 4853 Ecclesiae
741 4793 946 4848 referte
967 4799 1104 4851 sunt,
1131 4789 1180 4841 in
1207 4787 1366 4840 altum
1397 4782 1696 4863 regredere,
1731 4778 1779 4832 id
1803 4787 1903 4839 est,

338 4907 522 4944 rursus
549 4889 732 4942 desine
758 4883 991 4952 intelligi.
1018 4880 1153 4946 Quid
1181 4889 1421 4944 estergo,
1447 4872 1510 4926 Et
1535 4883 1737 4941 propter
1753 4873 1903 4935 hanc,

340 4983 440 5037 nisi
473 4981 592 5050 quia
620 4989 673 5032 et
698 4978 793 5030 ista
825 4986 873 5028 te
894 4974 1152 5028 ochusura
1175 4979 1272 5032 est;
1300 4969 1367 5020 ita
1392 4976 1447 5018 ut
1467 4964 1737 5018 verissime
1768 4977 1904 5030 pra:-

339 5075 574 5135 nunties,
595 5071 777 5124 dicens
805 5084 817 5120 :
855 5065 1008 5120 Putas
1034 5081 1144 5117 cum
1166 5061 1347 5116 venerit
1374 5057 1540 5112 Filius
1561 5057 1796 5113 hominis,
1824 5054 1903 5105 in-

339 5167 498 5222 mriet
529 5165 678 5232 [idem
708 5176 857 5227 super
880 5168 1058 5209 terram
1081 5155 1231 5224 (an.
1255 5169 1400 5216 xvnt,
1425 5151 1478 5221 ὅ)
1498 5152 1522 5202 'l
1543 5151 1666 5202 item
1694 5147 1821 5200 dicit
1840 5146 1906 5199 de

342 5255 841 5329 pseudopmphetis,
874 5250 959 5319 qui
990 5249 1347 5318 intelliguntur
1379 5243 1607 5296 haeretici
1640 5256 1652 5293 :
1689 5238 1907 5307 Pr0pter

337 5368 516 5407 eorum
540 5347 848 5418 iniquitatem
871 5341 1147 5410 refrigescet
1169 5339 1386 5390 Charitas
1407 5335 1673 5387 multorum
1694 5331 1903 5401 (Matth.

340 5456 502 5503 xxiv,
533 5437 655 5507 12).
697 5436 827 5490 Cum
857 5445 983 5501 ergo
1010 5439 1064 5483 et
1093 5431 1141 5482 in
1175 5425 1420 5481 Ecelesiis
1442 5467 1455 5484 .
1508 5425 1607 5477 hoc
1632 5435 1710 5476 est
1742 5422 1792 5475 in
1823 5421 1906 5474 illa

343 5531 755 5602 congregatione
797 5523 1108 5594 populorum
1136 5529 1290 5588 atque
1314 5515 1567 5587 gentium,
1597 5514 1684 5567 ubi
1715 5517 1905 5564 nomen
1937 5579 1942 5586 δ

409 5688 426 5717 ¹
455 5686 525 5735 sic
547 5683 727 5745 aliquot
751 5695 811 5729 ex
840 5688 1092 5745 prmonitus
1114 5681 1220 5745 Mss.-
1233 5672 1405 5722 omissa
1439 5679 1543 5732 post
1569 5668 1787 5745 vei-hum,
1806 5675 1906 5725 tua,

343 5731 593 5813 particula,
615 5731 677 5806 δέ,
696 5731 802 5807 quae
828 5731 852 5791 (ἱ
878 5731 1158 5790 LXX'abest.
1186 5735 1278 5797 [ira
1300 5743 1398 5794 tua,
1415 5731 1456 5784 et
1479 5731 1711 5793 exaltare]

1467 296 1856 352 ENARRATlO
1899 296 1958 349 IN
2003 297 2318 353 PSALBIUM
2363 299 2473 353 VH.

3477 303 3577 358 102
3645 363 3648 366 _

2019 414 2357 468 christianum
2385 417 2632 472 latissime
2661 429 2989 490 pervagatum
3010 430 3112 487 est,
3135 431 3273 476 tanta
3291 423 3388 476 erit
3415 423 3582 478 abun-

2017 502 2190 556 dantia
2226 516 2555 570 peceatorum
2583 523 2698 575 quae
2721 509 2826 576 jam
2857 526 2917 564 cx
2953 527 3136 580 magna
3167 523 3312 581 parte
3332 515 3578 575 sentitur,

2010 611 2191 649 tionne
2214 597 2296 648 illa
2327 596 2413 650 hic
2441 599 2757 666 prmdicitur,
2783 617 2898 669 qua!
2925 617 3020 671 per
3042 605 3200 656 alium
3223 621 3432 675 quoque
3454 623 3580 674 pro-

2017 685 2224 753 phetam
2252 686 2553 740 denuntiata
2585 700 2682 754 est,
2717 690 2880 744 fames
2907 693 3048 745 verbi
3079 692 3098 763 (
3115 695 3264 747 Amos
3287 711 3393 759 vui,
3428 698 3483 750 11
3513 698 3530 764 )
3557 698 3579 751 2

2018 778 2201 833 Nonne
2233 792 2283 832 et
2325 790 2535 848 promer
2576 782 2708 834 hanc
2732 785 3184 852 coogregationem
3219 788 3445 853 peccatis
3471 789 3578 843 suis

2017 882 2044 918 a
2073 884 2130 921 se
2157 869 2333 922 lumen
2365 871 2596 923 veritatis
2627 871 3030 936 abalienantcm,
3064 874 3197 928 Deus
3219 878 3266 927 iu
3295 877 3456 929 altum
3490 894 3577 930 re.-

2015 960 2269 1028 greditur.
2301 962 2346 1014 id
2379 973 2478 1023 est,
2510 972 2677 1016 utaut
2711 980 2834 1026 non,
2864 975 2950 1017 aut
2975 980 3004 1016 a
3045 969 3336 1036 perpaucis,
3369 968 3436 1022 de
3461 969 3578 1037 quia

2017 1051 2112 1104 bus
2129 1051 2324 1104 dictum
2344 1063 2440 1108 est.
2458 1052 2642 1106 Beatus
2661 1056 2746 1124 qui
2764 1058 3140 1121 perseveraverit
3157 1075 3306 1124 usque
3328 1061 3376 1110 in
3403 1061 3572 1126 ﬁnem,

2015 1141 2095 1192 hic
2116 1143 2277 1195 salvus
2307 1144 2395 1196 erit
2424 1145 2439 1208 (
2463 1144 2646 1197 Matth.
2673 1162 2724 1207 x,
2753 1145 2828 1198 22
2847 1145 2883 1213 ),
2915 1154 3154 1200 teneatur
3181 1159 3231 1201 et
3263 1151 3580 1218 percipiatur

2015 1236 2217 1288 sincera
2264 1235 2452 1299 lides‘,
2480 1246 2532 1289 et
2560 1236 2626 1288 ab
2674 1238 2906 1289 onmium
2952 1253 3226 1304 pravarum
3272 1241 3579 1306 Opinionum

2015 1323 2132 1378 labe
2158 1329 2406 1394 purgata?
2432 1325 2546 1380 Non
2586 1343 2712 1396 ergo
2746 1328 3006 1381 immerito
3030 1329 3240 1394 dicitur,
3276 1329 3338 1381 Et
3363 1340 3568 1400 propter

1963 1466 1970 1474 ,
2015 1417 2142 1470 hanc
2158 1419 2618 1487 congregationem
2639 1421 2691 1471 in
2709 1421 2864 1472 altum
2885 1420 3176 1487 regredere;
3198 1420 3247 1474 id
3271 1429 3370 1483 est,
3389 1420 3578 1474 secede

2013 1524 2194 1562 rursus
2225 1509 2280 1561 in
2303 1509 2630 1564 altitudinem
2661 1521 2983 1563 secretorum
3010 1518 3239 1575 tuorum,
3269 1509 3425 1562 etiam
3453 1523 3579 1577 pro-

2015 1612 2131 1670 pter
2156 1600 2292 1654 hanc
2313 1603 2768 1670 congregationem
2801 1602 3113 1670 populorum
3143 1617 3258 1670 quae
3287 1601 3445 1656 habet
3475 1615 3574 1655 no-

2013 1707 2133 1745 men
2159 1701 2300 1744 tuum
2347 1701 2398 1745 et
2427 1693 2556 1744 laeta
2590 1702 2673 1744 tua
2705 1709 2807 1745 non
2843 1691 2981 1745 facit.

2083 1784 2134 1836 8.
2167 1781 2272 1837 Sed
2299 1787 2409 1836 sive
2437 1782 2696 1850 superior,
2728 1783 2837 1835 sive
2864 1783 2957 1835 ista
2983 1784 3050 1836 sit
3079 1782 3451 1851 congruentior
3477 1790 3576 1836 tm—
3641 1789 3645 1809 ¹

2008 1873 2094 1942 jus
2128 1875 2225 1928 loci
2254 1875 2544 1943 expositio,
2589 1877 2704 1929 sine
2749 1876 3051 1943 prmjudicio
3093 1875 3310 1928 alterius
3354 1875 3579 1943 alicujus

2013 1967 2247 2019 melioris
2284 1977 2373 2020 aut
2404 1966 2561 2035 paris,
2593 1967 3086 2020 convenientissima
3114 1965 3366 2034 Sequitur,
3405 1965 3580 2018 Domi-

2015 2067 2112 2105 nus
2190 2056 2392 2124 judicat
2419 2057 2648 2128 populos.
2682 2055 2802 2111 Sive
2842 2057 2980 2110 enim
3023 2057 3074 2109 in
3115 2058 3275 2109 altum
3306 2071 3578 2123 regressus

2011 2156 2109 2209 est,
2142 2161 2259 2199 cum
2291 2155 2407 2214 post
2431 2149 2869 2202 resurrectionem
2899 2147 3133 2201 ascendit
3164 2148 3216 2200 in
3245 2148 3456 2211 emtum,
3487 2146 3579 2201 he-

2011 2253 2077 2290 ne
2099 2237 2354 2305 sequitur,
2394 2237 2632 2291 Dominus
2651 2239 2848 2307 judicat
2871 2238 3119 2306 populos;
3150 2239 3271 2306 quia
3300 2237 3420 2292 inde
3448 2254 3576 2291 ven-

2011 2335 2160 2381 turus
2180 2335 2262 2381 est
2281 2327 2515 2395 judicare
2546 2328 2692 2381 vivos
2712 2338 2766 2382 et
2791 2339 3026 2382 mortuos
3053 2346 3064 2380 :
3089 2329 3199 2382 sive
3228 2329 3276 2380 in
3305 2330 3465 2381 altum
3491 2343 3578 2382 re-

2010 2419 2277 2487 grediatur
2330 2433 2447 2472 cum
2481 2428 2784 2487 peccatores
2808 2419 3122 2476 christianos
3149 2420 3345 2472 deserit
3374 2419 3574 2473 intelli-

2007 2509 2181 2578 gentia
2211 2510 2482 2570 Veritatis;
2514 2508 2632 2577 quia
2673 2509 2738 2561 dc
2785 2507 2897 2576 ipso
2944 2508 3168 2562 adventu
3210 2510 3405 2562 dictum
3449 2517 3573 2562 est:

2010 2599 2173 2654 Putas
2209 2601 2404 2653 veniens
2439 2599 2602 2652 Filius
2628 2600 2841 2652 hominis
2875 2602 3083 2653 inreuiet
3119 2601 3269 2667 [idem
3302 2617 3452 2668 super
3481 2610 3578 2653 ter—

2009 2711 2116 2746 ram
2158 2695 2314 2764 (Luc.
2356 2712 2501 2761 xvnt,
2547 2697 2654 2765 8)?
2697 2697 2939 2750 Dominus
2959 2713 3082 2764 ergo
3099 2697 3296 2762 judicat
3335 2696 3567 2766 pOpulos.

2009 2784 2136 2850 Quis
2168 2785 2446 2852 Dominus,
2480 2787 2577 2838 nisi
2618 2786 2770 2840 .Iesus
2809 2786 3088 2840 Christus?
3131 2779 3280 2839 Ptiter
3305 2788 3436 2839 enim
3473 2804 3574 2841 non

1999 2878 2197 2947 jndicat
2214 2895 2529 2947 quemquam,
2550 2879 2635 2932 sed
2657 2896 2799 2932 omne.
2805 2880 3060 2947 judicium
3083 2879 3216 2932 dedit
3239 2878 3370 2932 Filio
3392 2878 3573 2948 (Joan.

2008 2983 2059 3032 ν,
2088 2967 2200 3039 9.9.).
2227 2972 2556 3038 Quapropter
2586 2969 2698 3023 haec
2723 2971 2896 3023 anima
2927 2986 3044 3039 quae
3075 2969 3304 3038 perfecte
3331 2981 3464 3034 orat,
3491 2971 3574 3022 vi-'

2007 3059 2073 3114 de
2100 3058 2538 3130 queinmlmodum
2573 3077 2673 3114 non
2725 3063 2902 3115 timeat
2928 3062 3104 3131 judicii
3134 3061 3270 3115 diem
3293 3103 3307 3125 ,
3352 3074 3405 3116 et
3450 3077 3574 3117 vere

2007 3168 2194 3206 securo
2242 3153 2507 3207 desiderio
2546 3153 2687 3207 dicat
2733 3154 2783 3207 in
2825 3155 3092 3216 oratione,
3149 3151 3324 3206 Veniat
3369 3169 3577 3223 regnum

2008 3253 2146 3296 tuum
2176 3244 2384 3314 (Matth.
2417 3261 2485 3304 vi,
2523 3243 2607 3315 10)
2637 3262 2649 3296 :
2683 3243 2886 3306 iudica,
2927 3243 3130 3312 inquit,
3159 3261 3236 3295 me
3256 3283 3270 3308 ,
3321 3241 3533 3295 Domine
3557 3284 3573 3309 ,

2006 3337 2278 3390 secundum
2317 3338 2558 3402 iustitiam
2592 3354 2772 3391 meam.
2815 3337 2868 3391 la
2911 3337 3164 3406 superiori
3201 3335 3402 3404 psalmo
3428 3335 3574 3388 inlir-

2006 3444 2124 3483 mus
2161 3427 2562 3497 deprecabatur,
2609 3429 3022 3482 miscricordiam
3067 3428 3238 3497 potius
3285 3427 3575 3495 implorans

2009 3521 2126 3585 Di-i,
2151 3537 2306 3590 quam
2329 3535 2752 3575 commemorans
2775 3520 2935 3573 ullum
2960 3521 3201 3573 meritum
3228 3535 3415 3582 suum;
3444 3533 3575 3586 quo-

2006 3613 2144 3667 niam
2175 3612 2336 3669 Filius
2365 3612 2455 3666 Dei
2497 3621 2803 3682 peccatores
2827 3611 2969 3664 venit
2995 3626 3182 3664 vocare
3227 3609 3276 3662 in
3309 3609 3574 3678 poeniten-

2007 3705 2134 3759 tiam
2161 3705 2310 3772 (Luc.
2329 3721 2381 3769 v,
2412 3705 2524 3776 52).
2555 3705 2734 3774 Itaque
2764 3703 2832 3756 ibi
2862 3703 3094 3763 dixerat,
3129 3702 3336 3754 Salvum
3363 3715 3440 3751 me
3469 3702 3572 3768 far,

2005 3794 2251 3860 Domine,
2284 3803 2486 3864 prapter
2524 3793 2915 3847 misericordiam
2945 3800 3101 3852 tuam,
3127 3789 3176 3844 id
3208 3799 3285 3843 est
3317 3805 3419 3844 non
3448 3805 3574 3859 pro-

2009 3893 2126 3952 pter
2163 3885 2406 3937 meritum
2437 3900 2648 3949 meum;
2683 3899 2821 3935 nunc
2860 3891 3032 3936 autem
3067 3882 3314 3951 quoniam
3359 3892 3575 3935 vocatus

2008 3974 2176 4029 tenuit
2203 3983 2255 4028 et
2280 3975 2507 4028 servavit
2536 3981 2790 4043 praecepta
2814 3989 2928 4043 quae
2949 3973 3170 4041 accepit,
3198 3972 3354 4026 audet
3373 3971 3570 4026 dicere:

2006 4069 2192 4123 Judica
2215 4086 2321 4135 me,
2360 4069 2600 4133 Domine,
2637 4068 2905 4122 secundum
2932 4067 3402 4138 justitiam-meam,
3432 4077 3476 4120 et
3498 4082 3576 4119 se-

2006 4163 2225 4217 cundum
2252 4163 2586 4216 innocentiam
2621 4177 2779 4213 meam
2808 4177 2958 4230 super
2984 4176 3079 4212 me.
3105 4158 3202 4212 Ista
3230 4168 3311 4213 est
3339 4173 3460 4212 vera
3489 4158 3574 4212 in-

2008 4257 2248 4310 nocentia
2267 4297 2280 4321 ,
2308 4269 2424 4324 quae
2451 4267 2547 4307 nec
2577 4253 2788 4305 inimico
2820 4259 3005 4316 nocet;
3039 4251 3212 4320 itaque
3241 4250 3375 4304 bene
3401 4265 3459 4303 se
3485 4249 3572 4318 ju-

2007 4347 2168 4402 dicari
2197 4345 2425 4416 postulat
2447 4343 2734 4398 secundum
2762 4343 3115 4396 innocentiam
3140 4356 3306 4402 suam,
3335 4341 3421 4409 qui
3450 4355 3574 4394 vero

2008 4441 2182 4494 dicere
2229 4437 2392 4507 potuit
2444 4454 2456 4491 :
2511 4435 2570 4491 Si
2611 4434 2809 4488 reddidi
2848 4431 3228 4499 retribuentibus
3271 4431 3392 4483 mihi
3436 4431 3574 4483 mala

2011 4529 2180 4600 (Psal.
2223 4544 2311 4592 vn,
2341 4527 2414 4596 5).
2446 4526 2595 4594 Quod
2625 4535 2800 4579 autem
2829 4523 3047 4586 addidit,
3075 4539 3224 4592 super
3249 4538 3343 4585 me,
3375 4536 3477 4574 non
3503 4521 3569 4574 ad

2011 4622 2358 4676 innocentiam
2389 4629 2608 4684 tantum,
2645 4617 2736 4673 sed
2760 4617 2824 4670 ad
2848 4616 3102 4685 justitiam
3134 4627 3345 4683 quoque
3375 4611 3576 4665 subau-

2009 4715 2108 4769 diri
2149 4723 2347 4784 potest;
2381 4723 2436 4766 ut
2466 4714 2564 4766 iste
2599 4712 2666 4764 sit
2704 4723 2890 4763 sensns
2925 4725 2937 4758 :
2968 4705 3148 4759 Judica
3179 4720 3283 4770 me,
3316 4704 3573 4767 Domi-no,

2011 4808 2294 4864 secundum
2314 4806 2567 4877 justitiam
2601 4817 2792 4866 uncam,
2826 4809 2880 4853 et
2905 4799 3190 4854 secundum
3219 4797 3578 4850 innocentia-in

2012 4918 2204 4966 meam,
2233 4917 2350 4970 qum
2377 4898 2575 4969 justitia
2617 4905 2667 4948 et
2704 4892 2997 4947 innocentia
3037 4905 3196 4959 super
3221 4904 3306 4943 me
3330 4897 3428 4943 est.
3462 4887 3580 4955 Quo

2011 4996 2366 5049 additamento
2403 4991 2727 5045 demonstrat
2771 4985 2819 5038 id
2861 4986 3028 5052 ipsum
3069 4982 3207 5052 quod
3237 4982 3408 5034 anima
3435 4981 3578 5050 justa

2012 5099 2088 5142 est
2120 5097 2171 5140 et
2193 5087 2464 5144 inmicens,
2493 5097 2595 5134 non
2620 5095 2712 5146 per
2737 5093 2793 5131 se
2817 5077 3029 5140 habere,
3062 5075 3283 5143 sed'per
3313 5075 3577 5127 illustran-

2014 5187 2191 5232 temet
2218 5176 2598 5229 illuminantem
2634 5171 2836 5233 Deum;
2867 5168 2934 5221 de
2964 5167 3061 5219 hac
3083 5167 3221 5219 enim
3244 5165 3366 5219 dicit
3397 5167 3446 5216 in
3475 5164 3580 5215 alio

2013 5269 2239 5324 Psalmo.
2273 5264 2350 5318 Tu
2368 5262 2669 5316 illuntinabis
2693 5261 2944 5312 lucernam
2971 5273 3148 5319 nteam,
3179 5254 3386 5307 Domine
3407 5251 3579 5322 (Psat.

2011 5374 2148 5421 xvu,
2175 5355 2297 5425 9.9);
2326 5363 2378 5406 et
2406 5353 2471 5406 de
2497 5351 2698 5404 Joanne
2725 5348 2914 5401 dicitur
2935 5389 2947 5410 ,
2979 5349 3099 5416 quia
3132 5362 3230 5398 non
3263 5354 3367 5398 erat
3393 5342 3475 5393 ille
3500 5343 3582 5390 la-

2012 5467 2147 5514 nu'n,
2173 5447 2260 5500 sed
2281 5444 2608 5498 testimonium
2633 5439 2914 5510 perhibrbat
2935 5438 2994 5490 de
3021 5437 3206 5491 lumine
3231 5433 3406 5501 (.loan.
3435 5447 3468 5492 I,
3498 5430 3577 5493 8).

2015 5543 2111 5598 Ille
2136 5553 2239 5597 erat
2266 5540 2465 5593 lucerna
2490 5536 2669 5587 ardens
2691 5544 2736 5586 et
2761 5534 2928 5585 lucens
2952 5531 3126 5602 (Joan.
3153 5545 3201 5595 ν,
3235 5527 3341 5594 35).
3370 5523 3575 5578 Luuien

2079 5733 2092 5762 ¹
2124 5728 2300 5790 Aliquot
2328 5717 2654 5779 atss.,stncera
2677 5709 2792 5774 ﬁde.
