4046 6200
447 304 550 365 m5
1657 301 1713 356 S.
1753 300 2114 358 AUGUﬁTlNl
2155 300 2450 360 EPISCOPI
3561 319 3664 373 tot,

368 481 381 493 ο
443 433 568 488 tngo
590 416 713 473 illud
738 415 873 472 unde
888 416 1075 471 animai
1097 426 1339 487 tanquam
1358 415 1581 470 lucernas
1614 416 1991 480 accenduntur,

445 527 548 563 non
566 510 755 571 alieno,
780 507 872 562 sed
898 506 1108 575 proprio
1127 506 1404 577 splendore
1431 505 1721 574 praefulget,
1750 506 1889 575 quod
1915 516 1996 561 est

443 599 554 669 ipsa
575 603 781 654 veritas.
798 598 867 650 Ita
884 612 1009 667 ergo
1024 596 1234 659 dicitur,
1253 596 1524 649 secundum
1536 596 1790 664 justitiam
1810 612 1991 656 meam,

444 701 486 743 et
520 691 790 743 secundum
815 688 1145 741 innocentiam
1179 703 1340 739 meam
1383 702 1532 753 super
1558 702 1653 747 me,
1679 696 1925 754 tanquam
1950 685 1995 739 si

359 808 363 819 ι
443 781 651 834 lucerna
679 780 868 833 ardens
894 788 946 831 et
972 777 1152 831 lucens
1179 777 1376 831 diceret
1408 794 1421 829 :
1455 775 1635 829 .Iudica
1682 792 1767 830 me
1801 792 1993 830 secun—

438 874 561 927 dum
594 872 854 926 flammam
884 887 998 938 qua:
1026 885 1184 939 super
1208 885 1292 923 me
1317 880 1415 934 εει,
1442 869 1491 921 id
1509 880 1607 933 εει,
1627 884 1728 922 non
1750 883 1850 938 qua
1878 883 1993 922 sum

437 976 535 1032 ego
555 963 595 1025 ¹,
625 960 718 1015 sed
743 976 844 1031 qua
875 959 1047 1028 fulgeo
1071 973 1288 1013 accensa
1316 958 1382 1012 de
1411 968 1481 1012 te.

507 1052 560 1107 9.
587 1049 734 1125 [σει-ε.
780 1048 887 1121 10.]
930 1049 1305 1105 Consummatur
1331 1057 1496 1101 autem
1520 1047 1737 1115 nequitia
1765 1057 1991 1116 peccato-

439 1160 567 1197 rum.
586 1144 984 1206 Consummetur,
1013 1141 1195 1209 inquit,
1219 1139 1537 1208 perﬁciatur,
1556 1138 1841 1192 secundum
1866 1138 1990 1193 illud

440 1235 578 1304 quod
605 1244 686 1290 est
714 1234 765 1288 in
795 1232 1107 1303 Apocalypsi
1135 1250 1146 1283 :
1175 1231 1352 1285 Justus
1373 1231 1563 1300 justior
1598 1232 1687 1300 ﬁat
1706 1272 1720 1294 ,
1749 1240 1795 1284 et
1829 1230 1993 1285 sordi-

439 1327 533 1379 dus
560 1326 810 1380 sordescat
847 1326 1010 1378 adhuc
1047 1325 1237 1396 (Apoc.
1280 1340 1407 1387 xui,
1448 1323 1575 1391 11).
1612 1324 1827 1378 Videtur
1850 1323 1991 1377 enim

441 1423 800 1469 consummata
829 1414 1061 1483 nequitia,
1091 1415 1356 1467 hominum
1384 1414 1471 1483 qui
1501 1412 1876 1468 crueifixerunt
1906 1414 1988 1468 Fi-

441 1507 562 1561 lium
596 1507 719 1570 Dei;
752 1506 846 1561 sed
876 1522 1057 1561 eorum
1100 1507 1266 1574 major
1302 1515 1384 1561 est
1409 1506 1498 1576 qui
1529 1506 1711 1559 nolunt
1734 1515 1876 1560 recte
1903 1507 1985 1560 vi-

439 1612 582 1662 vere,
611 1606 664 1652 ct
688 1596 915 1650 oderunt
937 1608 1199 1666 praecepta
1223 1597 1459 1650 veritatis
1487 1612 1580 1664 pro
1605 1597 1795 1666 quibus
1821 1597 1995 1651 eruci-

440 1687 572 1741 tixus
600 1696 681 1743 est
705 1686 866 1742 Filius
892 1688 1001 1741 Dei.
1031 1687 1404 1740 Consummatur
1435 1703 1574 1757 ergo,
1604 1688 1788 1756 inquit,
1819 1688 1992 1757 nequi-

431 1782 506 1835 tia
542 1788 854 1849 peccatorum
880 1793 899 1841 ;
941 1777 991 1831 id
1017 1787 1097 1831 est
1115 1817 1130 1839 ,
1160 1777 1490 1845 perveniatur
1514 1777 1580 1831 ad
1609 1790 1866 1831 summam
1892 1792 1991 1832 .ne-

435 1868 648 1936 quitiam
667 1909 680 1932 ,
718 1878 776 1920 ut
805 1868 969 1936 possit
1008 1868 1205 1936 justum
1230 1866 1341 1936 jam
1371 1867 1551 1922 venire
1575 1866 1852 1935 judicium.
1882 1866 1988 1922 Sed

435 1959 680 2028 quoniam
718 1975 821 2012 non
864 1961 1031 2012 solum
1070 1959 1267 2014 dictum
1309 1968 1419 2023 est,
1452 1958 1703 2016 Sordidus
1738 1961 1989 2015 sordescat

340 2084 351 2097 .
434 2049 618 2113 adhuc,
645 2048 735 2102 sed
758 2049 913 2103 etiam
937 2050 1130 2103 dictum
1157 2059 1258 2115 est,
1281 2049 1458 2105 Justus
1481 2052 1668 2122 justior
1695 2051 1802 2120 ﬁat,
1826 2066 1992 2106 anne-

434 2143 530 2194 ctit
553 2141 746 2196 etdicit
772 2160 786 2196 :
820 2140 882 2195 Et
901 2142 1086 2211 dirigas
1101 2144 1294 2214 justum
1311 2184 1325 2203 ,
1355 2153 1581 2198 scrutans
1599 2143 1753 2197 corda
1774 2153 1819 2197 et
1849 2159 1988 2197 renes

436 2229 587 2283 Deus.
626 2230 901 2295 Quomodo
923 2245 1046 2300 ergo
1071 2230 1242 2303 justus
1279 2231 1432 2301 dirigi
1459 2239 1663 2300 potest,
1691 2232 1788 2285 nisi
1818 2218 1871 2285 in
1895 2246 1987 2285 oc-

432 2320 611 2383 culto;
641 2320 851 2390 quando
891 2320 1048 2374 etiam
1091 2336 1184 2389 per
1213 2322 1332 2374 illa!
1373 2338 1488 2390 qua:
1519 2323 1666 2376 initio
1694 2333 1986 2392 temporum

433 2409 867 2475 cbristianorum,
906 2426 1025 2465 eum
1054 2410 1223 2465 adhuc
1253 2412 1618 2479 persecutione
1654 2413 1984 2466 saecularium

435 2501 909 2555 hominumsancti
953 2512 1335 2571 premerentur,
1388 2503 1624 2557 miranda
1677 2504 1987 2559 videbantur

437 2591 770 2650 hominibus.
800 2607 938 2646 nunc
974 2603 1244 2662 postquam
1284 2594 1333 2647 in
1376 2604 1519 2648 tanto
1541 2595 1767 2649 culmine
1794 2611 1986 2650 nomen

433 2686 595 2753 capit
619 2699 738 2739 esse
765 2683 1103 2739 christianum
1126 2726 1141 2751 ,
1172 2686 1336 2738 crevit
1373 2685 1682 2755 hypocrisis,
1712 2686 1762 2741 id
1792 2695 1871 2741 est
1910 2689 1985 2741 si-

433 2775 667 2839 mulatio,
694 2777 875 2829 eorum
895 2776 1096 2830 scilicet
1117 2777 1203 2845 qui
1233 2777 1445 2832 nomine
1481 2778 1765 2832 christiano
1787 2779 1989 2844 malunt

433 2867 728 2922 hominibus
756 2867 1137 2936 placereqttam
1170 2867 1320 2922 Deo?
1346 2869 1621 2935 Quomodo
1647 2885 1773 2940 ergo
1799 2871 1984 2941 dirigi-

432 2966 515 3011 tur
532 2957 704 3027 justus
728 2957 779 3010 in
806 2965 946 3011 tanta
975 2957 1279 3015 confusione
1318 2958 1683 3025 simulationis,
1723 2961 1822 3015 nisi
1860 2962 1985 3016 dum

431 3056 695 3103 scrutatur
714 3049 872 3102 corda
893 3057 948 3102 et
964 3063 1117 3103 rencs
1140 3049 1293 3112 Deus,
1326 3049 1507 3105 videns
1533 3053 1764 3105 omnium
1790 3054 1985 3123 cogita-

430 3140 622 3203 tiones,
641 3153 757 3207 qute
778 3139 987 3193 nomine
1002 3137 1177 3193 cordis
1197 3140 1501 3208 signiﬁcata».
1525 3151 1666 3206 sunt,
1689 3153 1742 3197 et
1759 3143 1985 3199 delecta-

432 3231 620 3293 tiones,
650 3243 766 3298 qure
793 3230 1002 3282 nomine
1028 3244 1207 3282 renutu
1238 3230 1591 3300 intelliguntur
1609 3233 1632 3286 ἳ
1653 3233 1812 3288 Recte
1834 3234 1987 3303 quip-

431 3335 495 3387 pe
525 3319 885 3387 temporalium
907 3328 959 3372 et
988 3329 1315 3374 terrenarum
1340 3337 1511 3375 rerum
1536 3322 1815 3379 delectatio
1841 3327 1984 3391 reni-

432 3410 526 3465 bus
551 3409 824 3474 tribuitur;
855 3410 971 3478 quia
1001 3420 1054 3463 et
1083 3410 1190 3478 ipsa
1230 3426 1347 3479 pars
1376 3420 1456 3465 est
1485 3412 1697 3467 inferior
1717 3413 1978 3480 hominis,

425 3510 482 3556 et
507 3517 567 3556 ea
598 3503 750 3571 regio
775 3510 858 3555 est
892 3501 979 3555 ubi
1001 3503 1224 3558 carnalis
1249 3506 1601 3573 generationis
1626 3506 1860 3575 voluptas
1887 3508 1984 3560 Ita-

427 3592 575 3655 bitat,
604 3609 697 3662 per
718 3607 875 3662 quam
896 3593 946 3645 in
969 3592 1103 3647 hanc
1128 3609 1472 3647 a~runmosam
1494 3604 1550 3649 et
1572 3595 1768 3650 fallacis
1791 3598 1983 3653 laetitiae

428 3684 603 3746 vitam,
636 3698 730 3751 per
751 3682 1135 3764 successionem
1157 3684 1315 3751 prolis
1341 3696 1523 3738 natura
1553 3686 1776 3741 humana
1808 3699 1980 3744 trans-

426 3773 681 3826 funditur.
721 3772 975 3827 Scrutans
1000 3790 1126 3843 ergo
1182 3790 1274 3827 cor
1317 3785 1553 3830 nostrum
1596 3778 1751 3839 Deus,
1780 3790 1834 3833 et
1858 3795 1979 3848 per-

427 3866 653 3933 spiciens
678 3865 747 3919 ibi
787 3881 905 3920 esse
929 3866 1015 3919 ubi
1038 3877 1121 3921 est
1148 3866 1420 3922 thesaurus
1451 3878 1628 3923 noster
1656 3870 1878 3940 (Matt/1.
1898 3888 1977 3938 vr,

425 3959 517 4029 21)
538 3998 552 4019 ,
586 3957 633 4011 id
659 3967 740 4011 est
768 3959 817 4011 in
843 3960 1020 4023 caelis;
1045 3972 1281 4015 scrutatis
1310 3962 1465 4015 etiam
1496 3977 1671 4026 renes,
1703 3972 1757 4017 et
1781 3966 1983 4033 perspi-

424 4050 572 4104 ciens
600 4063 703 4102 non
730 4065 824 4103 nos
850 4052 1183 4119 acquiescere
1209 4056 1351 4109 carni
1380 4064 1433 4110 et
1468 4056 1711 4125 sanguini
1737 4055 1892 4127 (Gal.
1926 4075 1975 4124 ι,

428 4139 566 4209 16η),
594 4138 685 4192 sed
718 4138 966 4193 delectari
994 4140 1044 4193 in
1076 4142 1293 4198 Domino
1313 4181 1328 4208 ,
1364 4145 1540 4215 dirigit
1562 4148 1757 4216 justum
1786 4148 1834 4201 in
1868 4150 1978 4218 ipsa

424 4230 742 4291 conscientia
762 4247 940 4290 coram
967 4246 1053 4299 se,
1082 4235 1166 4286 ubi
1209 4236 1378 4289 nullos
1402 4238 1666 4291 hominum
1693 4239 1852 4304 videt,
1886 4240 1977 4295 sed

425 4326 569 4380 solus
595 4325 680 4406 ille
719 4327 805 4393 qui
851 4327 1094 4395 perspicit
1120 4329 1241 4397 quid
1272 4332 1489 4398 quis-tlte
1513 4328 1701 4404 cogitet
1725 4368 1742 4401 ,
1771 4338 1818 4379 et
1848 4329 1975 4406 quid

423 4397 684 4486 quemque
723 4416 967 4472 delectet.
1008 4416 1151 4472 Finis
1193 4420 1332 4473 enim
1374 4397 1511 4476 cura:
1548 4397 1823 4480 delectatio
1861 4397 1973 4491 est;

421 4509 541 4578 quia
567 4525 633 4564 eo
659 4510 878 4579 quisque
903 4509 1043 4564 curis
1068 4518 1122 4564 et
1149 4512 1547 4580 cogitationibus
1573 4517 1784 4584 nititur,
1817 4528 1870 4573 ut
1908 4521 1977 4575 ad

421 4611 570 4652 suam
596 4598 997 4655 delectationem
1024 4604 1312 4670 perveniat.
1351 4602 1499 4656 Videt
1525 4605 1679 4673 igitur
1696 4623 1847 4662 curas
1877 4627 1974 4663 no-

423 4700 581 4755 etras,
606 4691 693 4760 qui
722 4702 983 4749 scrutatur
1008 4709 1102 4749 eor
1129 4712 1142 4749 :
1176 4696 1313 4749 videt
1334 4704 1506 4749 autem
1538 4698 1679 4774 lines.
1696 4714 1935 4756 curarum
1954 4743 1967 4767 ,
1996 4742 1999 4745 -

425 4779 477 4834 ld
514 4790 595 4834 est
629 4780 1022 4851 delectationes,
1049 4787 1136 4855 qui
1177 4796 1531 4854 perscrutatur
1559 4802 1740 4868 renes;
1771 4800 1824 4843 ut
1852 4807 1971 4847 cum

420 4870 710 4938 invenerit,
739 4887 844 4927 non
869 4875 933 4928 ad
962 4877 1434 4946 concupiscentiam
1473 4880 1645 4932 carnis
1667 4920 1682 4943 ,
1714 4897 1881 4950 neque
1906 4883 1971 4938 ad

419 4962 891 5029 cetieupiscentiatn
913 4966 1202 5026 oculorum.
1232 4983 1399 5037 neque
1417 4969 1480 5021 ad
1504 4969 1840 5024 ambitionem
1872 4990 1970 5029 Ste-

419 5054 543 5117 culi,
573 5071 690 5124 qua:
718 5058 889 5111 omnia
937 5066 1209 5116 transeunt
1253 5073 1495 5133 tanquam
1538 5069 1715 5121 umbra
1749 5070 1789 5140 (Ι
1813 5069 1966 5124 Joan.

422 5160 480 5209 tt,
514 5146 598 5207 16,
632 5147 744 5216 17),
776 5148 1010 5203 inclinari
1039 5167 1188 5206 curas
1215 5166 1438 5220 nosuas,
1469 5158 1560 5212 sed
1586 5159 1649 5213 ad
1675 5161 1859 5230 gaudia
1884 5178 1970 5217 re-

419 5252 535 5293 rum
583 5246 895 5293 mtcrnarum
939 5243 1181 5307 sustolli,
1226 5260 1342 5314 qua:
1382 5249 1520 5327 nulla
1563 5255 1970 5311 commutatione

481 5402 497 5433 ⁸
522 5398 880 5464 ριιίιιιιιιθιδεεβη
907 5411 996 5464 non
1015 5411 1121 5464 qua;
1149 5413 1252 5449 sum
1274 5413 1374 5464 ego.
1574 5437 1585 5441 -

479 5464 499 5493 ε
519 5458 652 5530 thin,
676 5462 863 5530 quando
884 5458 1037 5530 etiam
1064 5458 1164 5509 illa.
1192 5468 1244 5510 At
1266 5458 1377 5530 Ain._
1405 5472 1453 5513 et
1479 5471 1571 5525 Fc,
1589 5470 1791 5530 quando
1826 5470 1969 5522 eti'tm

422 5521 629 5574 Ecclesia
651 5519 751 5577 slltt,
778 5529 869 5585 etc.
888 5521 1129 5585 cautoque
1147 5531 1266 5582 post,
1302 5525 1531 5585 inii-mutu
1554 5519 1795 5579 ridebatur
1820 5519 1968 5582 fronti;

417 5585 574 5635 nibus.
620 5590 755 5632 Forte
788 5580 908 5645 leg.,
941 5580 1081 5631 etiam
1114 5580 1163 5632 in
1204 5583 1408 5635 Ecclesia
1439 5587 1521 5636 illa
1550 5602 1567 5638 :
1592 5593 1677 5639 sed
1718 5580 1968 5643 maluimus

416 5661 552 5709 sequi
570 5645 889 5756 t‘mlbertjiltlium
905 5645 1131 5705 codicem,
1145 5645 1224 5708 qui
1242 5651 1486 5696 asecunda
1502 5664 1658 5711 manu,
1674 5655 1759 5702 sed
1777 5658 1968 5727 antiqua

416 5713 627 5756 [πείθει.
645 5720 728 5756 iter
804 5720 843 5755 't.

410 5713 627 5769 prclet't,
645 5720 728 5769 per
745 5712 843 5756 tua.
1892 5712 1907 5718 '
1957 5712 1967 5727 '

2107 416 2383 481 violantur,
2433 418 2621 488 dirigat
2654 420 2880 489 justum,
2912 431 3150 479 scrutans
3198 425 3353 482 corda
3401 437 3455 483 et
3504 445 3661 486 renes

2105 505 2261 563 Deus.
2290 505 2459 575 Opera
2487 510 2625 563 enim
2655 522 2829 564 nostra
2847 553 2862 577 ,
2888 528 3005 582 qua:
3033 512 3182 569 factis
3210 526 3262 569 et
3295 517 3447 573 dictis
3473 535 3662 587 opera-

2104 610 2239 660 ntur,
2281 606 2496 664 possunt
2523 611 2640 652 esse
2681 609 2803 653 nota
2848 601 3177 667 hominibus;
3209 606 3302 658 sed
3346 623 3449 676 quo
3485 611 3664 664 animo

2103 684 2250 750 fiant,
2279 696 2334 741 et
2361 702 2464 754 quo
2496 702 2587 756 per
2617 689 2700 742 illa
2730 693 3002 757 pervenire
3044 695 3316 762 cupiamus
3336 737 3352 761 ,
3392 698 3537 754 solus
3577 701 3663 754 ille

2102 778 2270 841 novit,
2302 779 2387 848 qui
2414 790 2675 835 scrutatur
2701 784 2860 837 corda
2884 795 2936 839 et
2964 802 3119 842 renes
3148 788 3307 844 Deus.

2174 869 2256 923 10.
2286 869 2445 942 [vers.
2473 870 2595 944 1L]
2624 872 2660 926 Ι
2664 886 2825 927 ustum
2866 879 3110 931 auxilium
3150 897 3313 934 meum
3341 897 3372 934 a
3395 881 3612 935 Domino
3642 925 3659 949 ,

2100 959 2185 1025 qui
2210 961 2372 1013 salvos
2399 962 2517 1029 facit
2542 974 2700 1016 rectos
2727 966 2891 1018 corde.
2936 967 3045 1022 Duo
3074 979 3195 1022 sunt
3238 969 3409 1024 officia
3440 973 3658 1027 medici-

2101 1065 2216 1114 nte;
2243 1067 2400 1105 unum
2426 1068 2530 1121 quo
2555 1065 2766 1108 sanatur
2796 1057 3068 1112 infirmitas
3091 1099 3105 1122 ,
3139 1060 3361 1113 alterum
3387 1078 3493 1132 quo
3521 1066 3661 1117 sani-

2101 1147 2179 1193 tas
2224 1140 2535 1196 eustoditur.
2576 1142 2729 1197 Juxta
2781 1145 2903 1198 illud
2932 1147 3194 1215 primum,
3240 1149 3433 1204 dictum
3479 1164 3557 1206 est
3606 1154 3659 1207 in

2098 1231 2369 1298 superiore
2412 1232 2612 1300 psalmo
2636 1274 2649 1297 ,
2680 1233 2915 1289 Miserere
2968 1237 3096 1301 mei,
3136 1237 3346 1292 Domine
3367 1280 3383 1305 ,
3428 1244 3659 1309 quoniam

2095 1319 2326 1386 inﬁrmus
2347 1338 2457 1374 sum
2486 1323 2662 1391 :juxta
2695 1324 2792 1378 hoe
2818 1326 3062 1393 alterum,
3084 1327 3136 1381 in
3169 1328 3266 1383 hoc
3297 1331 3496 1399 psalmo
3524 1332 3658 1384 dici-

2099 1418 2213 1471 tur,
2246 1410 2307 1464 Si
2329 1422 2398 1463 est
2423 1412 2659 1477 iniquitas
2682 1414 2735 1467 in
2764 1415 2991 1470 manibus
3016 1418 3136 1471 meis
3158 1460 3174 1483 ,
3201 1419 3245 1472 si
3278 1421 3475 1473 reddidi
3515 1424 3658 1475 retri—

2097 1499 2351 1555 buentibus
2393 1504 2515 1556 mihi
2551 1504 2720 1569 mala,
2749 1503 2973 1559 decidam
3015 1525 3131 1578 ergo
3174 1511 3237 1562 ab
3281 1511 3492 1566 inimicis
3535 1513 3658 1565 meis

2095 1592 2292 1657 inanis;
2319 1594 2387 1648 ibi
2413 1597 2552 1649 enim
2583 1595 2819 1651 inﬁrmus
2844 1607 2898 1651 ut
2926 1598 3210 1666 liberetur,
3234 1600 3319 1656 hic
3353 1602 3462 1671 jam
3492 1618 3656 1657 sanus

2096 1700 2161 1738 ne
2184 1696 2581 1754 corrumpatur,
2614 1698 2746 1740 orat.
2773 1687 2927 1742 Juxta
2959 1689 3083 1742 illud
3112 1690 3181 1745 ibi
3208 1691 3417 1756 dicitur,
3447 1692 3657 1747 Salvum

2095 1789 2171 1826 me
2207 1776 2535 1844 fac~propter
2577 1777 2970 1830 misericordiam
3012 1790 3150 1854 tuam
3178 1781 3363 1850 :jnxla
3392 1782 3527 1836 istud
3569 1783 3657 1837 hic

2093 1863 2302 1929 dicitur,
2323 1864 2507 1918 Judica
2532 1883 2627 1928 me,
2658 1868 2889 1934 Domine,
2916 1871 3185 1924 secundum
3200 1872 3451 1942 justitiam
3469 1890 3655 1939 meam;

2094 1954 2164 2007 ibi
2183 1954 2323 2008 enim
2352 1966 2410 2009 ut
2437 1972 2464 2007 a
2493 1958 2675 2012 morbo
2698 1960 2884 2014 evadat
2906 2000 2920 2024 ,
2953 1960 3261 2028 remedium,
3284 1962 3367 2016 hie
3392 1973 3563 2016 autem
3589 1980 3655 2019 ne

2093 2044 2145 2098 in
2174 2045 2412 2100 morbum
2443 2048 2675 2114 recidat,
2708 2051 2974 2105 tuitionem
3009 2052 3154 2120 petit.
3188 2052 3341 2107 Juxta
3367 2055 3491 2108 illud
3518 2055 3654 2110 dici-

2092 2141 2178 2187 tur
2198 2176 2214 2200 ,
2244 2134 2449 2189 Salvum
2477 2154 2554 2191 me
2581 2143 2685 2208 fac,
2716 2139 2947 2204 Domine,
2974 2136 3244 2197 secundum
3262 2147 3677 2201 misericordiam‘

2092 2236 2228 2279 tuam
2251 2244 2267 2292 ;
2289 2227 2434 2297 juxta
2459 2228 2557 2284 hoc
2582 2231 2788 2299 dicitur,
2810 2231 2846 2286 Ι
2851 2245 3014 2286 ustum
3041 2237 3283 2289 auxilium
3308 2254 3470 2291 meum
3492 2256 3524 2291 a
3544 2238 3655 2292 Do-

2091 2318 2246 2380 mina,
2274 2318 2357 2385 qui
2380 2319 2542 2372 salvos
2572 2324 2688 2390 facit
2716 2335 2873 2376 rectos
2901 2324 3068 2378 corde.
3102 2327 3165 2380 Et
3192 2328 3278 2382 illa
3304 2330 3443 2382 enim
3472 2339 3524 2383 et
3554 2333 3649 2385 ista

2090 2406 2264 2461 salvos
2290 2407 2447 2474 facit;
2474 2411 2563 2463 sed
2591 2412 2678 2464 illa
2709 2428 2772 2466 ex
2797 2416 3103 2484 mgritudine
3126 2419 3191 2471 ad
3226 2412 3446 2474 salutem
3475 2430 3648 2475 trans-

2091 2493 2211 2561 fert,
2241 2496 2353 2552 hzee
2383 2499 2431 2551 in
2462 2499 2570 2567 ipsa
2627 2502 2792 2555 salute
2821 2515 3115 2559 conservat.
3152 2506 3328 2577 Itaque
3357 2509 3423 2562 ibi
3447 2511 3652 2565 miscri-

2089 2601 2208 2642 Cors
2231 2590 2479 2644 auxilium
2509 2602 2609 2658 est,
2633 2597 2750 2662 quia
2781 2596 2980 2651 nullum
3008 2597 3163 2653 habet
3188 2602 3431 2657 meritum
3460 2619 3650 2672 pecca—

2090 2688 2173 2734 tor
2195 2722 2211 2747 ,
2242 2681 2331 2750 qui
2367 2682 2537 2737 adhuc
2556 2685 2828 2753 justificari
2855 2688 3158 2758 desiderat,
3190 2692 3409 2748 credens
3440 2695 3490 2748 in
3526 2711 3646 2751 cum

2089 2773 2176 2840 qui
2192 2771 2444 2841 justilicat
2470 2774 2684 2844 impium
2715 2777 2886 2846 (Rom.
2918 2781 3077 2851 iv,.5)
3101 2799 3115 2847 ;
3139 2782 3224 2837 hic
3251 2793 3424 2839 autem
3447 2786 3647 2856 justum

2088 2864 2339 2918 auxilium
2365 2872 2484 2930 est,
2516 2866 2635 2935 quia
2656 2867 2764 2936 jam
2785 2868 2928 2937 justo
2955 2870 3213 2926 tribuitur.
3247 2873 3391 2929 Dicat
3416 2892 3542 2946 ergo
3576 2875 3647 2932 ibi

2089 2965 2330 3022 peccator
2354 2957 2442 3026 qui
2468 2956 2627 3021 dixit,
2656 2957 2901 3026 Infirmus
2920 2977 3052 3025 sunt,
3080 2961 3289 3017 Salvum
3314 2981 3390 3019 mc
3416 2970 3517 3036 fac,
3540 2965 3649 3022 Do-

2088 3046 2238 3110 mine,
2262 3057 2463 3115 propter
2487 3048 2873 3102 misericordiam
2901 3060 3034 3104 tuam
3056 3070 3073 3112 ;
3095 3063 3147 3107 et
3168 3054 3306 3108 dicat
3328 3056 3408 3110 hic
3425 3058 3597 3125 justus
3627 3100 3643 3120 ,

2087 3136 2174 3204 qui
2197 3137 2328 3191 dixit
2353 3178 2369 3203 ,
2397 3137 2458 3191 Si
2482 3138 2677 3191 reddidi
2704 3140 3077 3197 retribuentibus
3097 3144 3215 3197 milii
3254 3146 3385 3199 ntala
3408 3188 3422 3212 ,
3444 3146 3476 3198 J
3484 3157 3647 3201 ustum

2085 3227 2328 3280 auxilium
2356 3244 2515 3280 meum
2541 3245 2573 3280 a
2596 3227 2832 3292 Domino,
2862 3231 2946 3299 qui
2963 3232 3124 3286 salvos
3149 3235 3267 3304 facit
3291 3246 3448 3290 rectos
3473 3239 3641 3293 corde.

2085 3318 2138 3372 Si
2182 3318 2323 3372 enim
2362 3318 2677 3374 medicinam
2712 3320 2962 3386 exhibet,
2988 3340 3088 3392 qua
3128 3339 3375 3379 sanentur
3404 3328 3594 3384 infirmi
3623 3372 3641 3396 ,

2084 3416 2281 3476 quanto
2308 3408 2473 3477 magis
2500 3423 2614 3463 eam
2638 3424 2736 3478 qua
2762 3411 3117 3466 custodiantur
3140 3413 3252 3467 sani
3273 3415 3295 3468 ?
3313 3416 3569 3482 Quoniam
3597 3421 3642 3473 si

2084 3512 2203 3551 cunt
2247 3497 2417 3551 adhue
2461 3509 2763 3567 peccatores
2789 3516 3027 3556 essemus
3049 3544 3064 3569 ,
3091 3503 3328 3560 Christus
3356 3523 3449 3575 pro
3490 3509 3643 3564 nobis

2087 3597 2325 3642 mortuus
2351 3595 2451 3649 est,
2479 3599 2674 3657 quanto
2701 3590 2866 3659 magis
2890 3607 3027 3645 nunc
3048 3592 3317 3661 justilicati
3339 3639 3354 3665 ,
3381 3588 3511 3653 salvi
3537 3601 3646 3654 eri-

2086 3688 2201 3732 ntUS
2227 3679 2293 3733 ab
2318 3679 2395 3732 ira
2425 3695 2516 3748 per
2536 3680 2701 3748 ipsum
2737 3682 2905 3752 (Rom.
2939 3683 3059 3748 v,8.
3090 3684 3203 3753 9)?‘

2154 3769 2239 3823 Η.
2270 3768 2471 3822 Justum
2514 3771 2757 3822 auxilium
2794 3787 2958 3825 meum
2997 3790 3025 3823 ιι
3065 3772 3282 3827 Domino
3304 3816 3318 3838 ,
3360 3778 3446 3841 qui
3477 3779 3643 3834 salvos

2084 3852 2203 3922 facit
2238 3863 2394 3905 rectos
2426 3852 2590 3904 corde.
2622 3852 2810 3922 Dirigit
2843 3856 3070 3922 justum,
3102 3868 3341 3912 scrutans
3386 3860 3544 3915 corda
3587 3876 3641 3918 ct

2084 3958 2238 3998 renes
2269 3944 2404 3997 Deus
2436 3960 2449 3996 :
2475 3943 2619 4012 justo
2661 3954 2834 3997 autem
2870 3946 3066 3999 auxilio
3103 3947 3274 4002 salvos
3318 3948 3437 4004 facit
3464 3961 3640 4007 rectos

2082 4035 2261 4089 corde.
2291 4034 2404 4089 Non
2430 4036 2565 4088 sicut
2593 4036 3037 4091 scrutatur‘corda
3062 4048 3115 4093 et
3142 4054 3294 4094 renes
3318 4082 3333 4106 ,
3364 4042 3432 4095 ita
3462 4043 3640 4098 salvos

2083 4126 2206 4181 facit
2227 4139 2396 4181 rectos
2417 4126 2573 4180 corde
2590 4137 2644 4180 et
2664 4128 2876 4182 renibus
2891 4145 2904 4181 ;
2918 4129 3036 4197 quia
3053 4130 3393 4199 cogitationes
3412 4142 3465 4187 et
3486 4135 3638 4190 mala:

2082 4227 2204 4275 sunt
2232 4220 2281 4271 in
2311 4233 2468 4286 pravo
2492 4219 2669 4282 corde,
2698 4230 2750 4273 et
2776 4219 2924 4273 bona:
2950 4221 2999 4273 in
3030 4232 3170 4274 recto
3196 4224 3384 4289 corde;
3411 4225 3641 4281 delecta-

2085 4308 2252 4371 tiones
2291 4319 2464 4363 autem
2496 4325 2598 4363 non
2641 4312 2792 4365 bona:
2813 4311 2877 4365 ad
2909 4327 3059 4367 rencs
3085 4315 3383 4389 pertinent,
3406 4320 3525 4394 quia
3553 4322 3638 4383 in.

2081 4398 2300 4462 feriores
2337 4410 2493 4478 :thth
2523 4411 2745 4464 terrenae
2771 4414 2913 4476 Sttttl,
2936 4404 3084 4466 bona:
3104 4428 3228 4468 vero
3250 4431 3350 4469 non
3370 4417 3433 4470 ad
3458 4435 3634 4486 renes,

2079 4498 2171 4554 sed
2196 4498 2259 4551 ad
2290 4500 2457 4569 ipsum
2484 4515 2595 4554 eor.
2618 4500 2901 4570 Propterea
2929 4518 3030 4558 non
3057 4503 3123 4558 ita
3145 4504 3245 4559 dici
3273 4519 3489 4574 possunt
3507 4512 3634 4566 recti

2078 4591 2310 4655 renibus,
2338 4592 2474 4647 sicut
2494 4593 2736 4648 dicuntur
2761 4596 2891 4674 recti
2921 4596 3079 4650 corde
3100 4637 3113 4657 ,
3145 4611 3261 4650 cum
3288 4598 3407 4667 janr
3425 4600 3508 4653 ubi
3538 4617 3633 4656 eo-
3687 4624 3695 4632 ’

2077 4682 2260 4751 gitatio
2281 4722 2296 4744 ,
2325 4682 2393 4736 ibi
2422 4691 2475 4736 et
2499 4682 2778 4738 delectatio
2805 4694 2886 4738 est
2918 4702 2931 4737 :
2962 4685 3099 4753 quod
3128 4686 3240 4740 fieri
3280 4704 3383 4741 non
3414 4699 3587 4757 potest
3615 4733 3631 4757 ,

2078 4770 2178 4825 nisi
2206 4786 2323 4825 cum
2357 4772 2532 4826 divina
2558 4784 2716 4842 atque
2745 4783 2940 4827 aaterna
2961 4774 3270 4843 cogitantur.
3300 4776 3525 4845 Dedisti,
3549 4778 3633 4833 in-

2077 4862 2227 4931 quit,
2257 4861 2479 4916 lanitium
2503 4864 2555 4915 in
2583 4865 2731 4916 corde
2753 4879 2887 4927 meo,
2915 4878 3034 4918 cum
3079 4865 3331 4934 dixisset,
3365 4868 3634 4938 Signatum

2077 4963 2149 5007 est
2176 4970 2326 5023 super
2364 4971 2453 5007 nos
2495 4953 2658 5007 tamen
2700 4955 2861 5006 vultus
2888 4956 2961 5007 tui
2979 4996 2993 5017 ,
3019 4952 3233 5011 Domine
3260 4957 3426 5029 (Psal.
3452 4976 3522 5027 ιν,
3551 4961 3629 5033 η.

2077 5044 2204 5098 Nam
2233 5044 2587 5113 phantasmata
2615 5061 2787 5099 rerum
2806 5040 3210 5115 temporalium,
3239 5067 3357 5120 quae
3386 5052 3483 5107 sibi
3512 5055 3632 5109 ani-

2078 5150 2193 5189 mus
2217 5135 2379 5204 fingit,
2406 5150 2522 5190 cum
2545 5151 2637 5203 spe
2657 5151 2785 5189 vana
2804 5139 3112 5208 mortalique
3128 5140 3371 5208 jactatur,
3394 5148 3633 5213 quamvis

2078 5228 2318 5283 inanibus
2346 5228 2802 5298 imaginationibus
2827 5230 3048 5285 aﬂ’erant
3076 5248 3215 5302 saepe
3242 5234 3459 5289 deliram
3490 5238 3635 5292 insa-

2077 5333 2299 5389 namque
2337 5318 2566 5371 lattitiam
2588 5359 2601 5382 ,
2634 5335 2736 5372 non
2780 5330 2951 5374 tamen
2981 5324 3124 5376 cordi
3173 5323 3284 5378 haec
3313 5325 3589 5380 delectatio
3614 5369 3629 5391 ,

2074 5411 2167 5465 sed
2202 5409 2413 5464 renibus
2444 5410 2713 5464 tribuenda
2744 5419 2857 5475 est;
2889 5412 3008 5480 quia
3039 5413 3143 5467 illa:
3167 5429 3349 5468 omnes
3378 5416 3631 5485 imagina-

2079 5503 2245 5556 tiones
2273 5501 2339 5554 de
2366 5500 2716 5566 inferioribus,
2749 5502 2847 5556 hoc
2868 5512 2949 5556 est
2977 5504 3202 5557 terrenis
3227 5506 3632 5575 carnalibusqne

2074 5595 2247 5657 rebus,
2275 5601 2510 5647 attracta:
2530 5603 2666 5647 sunt.
2697 5592 2766 5646 Ita
2789 5594 2863 5660 tit,
2890 5605 2942 5648 ut
2968 5604 3204 5648 scrutans
3225 5593 3381 5648 corda
3403 5607 3456 5648 et
3472 5612 3631 5653 renes

2077 5685 2233 5749 Deus,
2263 5694 2315 5739 et
2342 5684 2661 5754 perspiciens
2691 5685 2741 5739 in
2772 5685 2927 5740 corde
2958 5693 3126 5743 rectas
3156 5684 3500 5753 cogitationes
3524 5725 3542 5751 ,
3574 5688 3627 5742 in
