4046 6200
217 299 308 354 τῆς

214 432 420 487 renibus
450 431 623 487 nullas
665 431 1067 495 delectationes,
1092 431 1288 500 justum
1333 431 1585 484 auxilium
1631 444 1770 499 prae-

214 525 329 576 beat
354 522 518 576 rectis
545 521 729 591 corde,
762 522 848 577 ubi
879 520 1084 576 mundis
1109 521 1510 591 cogitationibus
1535 536 1776 589 supernae

211 608 593 669 delectationes
623 614 911 668 sociantur.
944 614 1006 666 Et
1032 613 1150 666 idco
1191 613 1244 666 in
1283 612 1386 665 alio
1416 612 1618 681 psalmo
1656 625 1775 664 cum

208 708 462 769 dixisset,
486 703 709 774 Insuper
735 714 782 759 et
809 721 962 773 usque
985 704 1051 756 ad
1073 714 1265 757 noctem
1291 705 1669 772 increpaverunt
1702 718 1779 755 me

207 812 347 849 renes
389 794 486 848 mei
509 835 525 858 ,
561 795 784 862 subjecit
821 793 887 847 de
928 793 1124 847 auxilio
1150 832 1165 856 ,
1192 793 1373 847 dicens
1405 810 1420 847 :
1450 793 1779 847 Providebam

210 884 483 938 Dominum
509 883 561 936 in
602 892 864 953 conspectu
891 898 998 936 meo
1026 899 1247 953 semper,
1268 884 1503 954 quoniam
1530 899 1562 936 a
1592 884 1780 937 dextris

209 985 279 1028 est
302 974 425 1029 mihi
452 990 514 1027 ne
544 989 853 1026 commoveor
879 972 1047 1044 (Psal.
1089 988 1193 1041 xv,
1223 974 1254 1027 7
1276 1013 1291 1039 ,
1316 974 1396 1041 8).
1419 972 1515 1028 Ubi
1552 972 1781 1028 ostendit

210 1066 574 1135 suggestiones
600 1073 802 1118 tantum
832 1078 890 1119 se
916 1078 945 1116 a
972 1064 1188 1118 renibus
1220 1079 1451 1133 passum,
1485 1080 1590 1119 non
1619 1065 1779 1119 etiam

214 1155 606 1221 delectationes,
619 1168 749 1224 quas
765 1155 810 1208 si
824 1162 1117 1224 pateretur,
1131 1155 1313 1223 utique
1326 1164 1776 1208 commoveretur.

214 1246 347 1301 Dixit
368 1254 549 1300 autem
567 1286 584 1313 ,
613 1243 658 1298 Α
684 1246 870 1298 dextris
894 1253 964 1299 est
990 1245 1113 1299 mihi
1141 1244 1383 1299 Dentium
1403 1285 1418 1308 ,
1471 1262 1533 1299 ne
1565 1262 1781 1299 commo-

211 1351 344 1399 sear;
358 1335 555 1390 deinde
579 1334 847 1406 subiungit
868 1373 885 1401 ,
912 1334 1130 1406 Propter
1154 1336 1249 1389 hoc
1279 1336 1576 1390 delectatum
1598 1346 1668 1391 est
1696 1353 1781 1390 cor

212 1442 370 1479 mm
396 1422 597 1496 (Ibid,
625 1425 699 1494 9)
730 1441 745 1478 :
776 1434 834 1478 ut
861 1439 1017 1480 renes
1044 1440 1165 1480 eum
1196 1426 1469 1495 increpare
1492 1427 1778 1495 pomerint,

213 1534 312 1570 non
335 1516 630 1571 delectare.
658 1514 775 1569 Non
804 1516 981 1586 itaque
1009 1516 1065 1571 in
1107 1517 1323 1573 renibus
1343 1556 1359 1583 ,
1390 1518 1484 1572 sed
1532 1517 1602 1572 ibi
1642 1519 1775 1572 facta

212 1618 288 1661 est
328 1606 611 1661 delectatio
633 1647 650 1674 ,
690 1606 780 1661 ubi
827 1607 1081 1663 adversus
1129 1624 1316 1663 renum
1368 1610 1781 1680 increpatiouem

215 1698 449 1767 provisus
476 1706 560 1753 est
584 1698 723 1753 Deus
748 1713 778 1752 a
805 1696 1005 1753 dextris
1026 1713 1145 1754 esse
1163 1740 1178 1763 ,
1201 1699 1253 1755 id
1277 1711 1382 1768 εει,
1412 1701 1463 1754 in
1490 1700 1674 1756 corde.

278 1791 363 1845 12.
406 1790 576 1863 [rem
599 1788 713 1863 η]
752 1790 893 1845 Deus
907 1791 1069 1861 judea:
1078 1792 1247 1862 justus
1269 1831 1287 1859 ,
1314 1793 1457 1862 fortis
1483 1802 1527 1846 et
1556 1792 1783 1864 longani-

216 1883 319 1937 atis.
345 1884 478 1951 Quis
508 1883 650 1937 Deus
670 1882 833 1954 judex
852 1923 869 1950 ,
900 1883 1004 1937 nisi
1031 1883 1283 1937 Dominus
1306 1925 1321 1949 ,
1349 1884 1437 1953 qui
1462 1884 1661 1953 judicat
1685 1900 1783 1954 po-

219 1972 363 2039 pulos
382 1972 407 2024 ?
436 1971 557 2042 Ipse
574 1972 753 2043 justus
770 2014 785 2039 ,
812 1972 901 2055 qui
940 1972 1126 2027 reddet
1150 1973 1432 2043 ttnicuique
1451 1974 1600 2044 juxta
1624 1989 1784 2044 opera

216 2079 303 2117 sua
330 2063 545 2135 (Matth.
568 2080 677 2130 xvr,
695 2063 815 2134 27).
842 2064 958 2134 Ipse
985 2064 1155 2130 fortis,
1185 2064 1274 2135 qui
1300 2066 1458 2120 etiam
1482 2075 1786 2136 persecuto-

220 2169 297 2210 res
320 2156 513 2225 impios
532 2197 549 2220 ,
574 2170 696 2209 cum
727 2156 797 2210 sit
833 2154 1231 2225 potentissimus
1250 2196 1266 2221 ,
1295 2170 1389 2225 pro
1414 2164 1592 2210 nostra
1616 2156 1785 2211 salute

220 2246 470 2301 toleravit.
503 2245 621 2316 Ipse
641 2246 952 2316 longanimis
974 2288 990 2314 ,
1020 2248 1108 2316 qui
1128 2246 1288 2302 etiam
1315 2246 1458 2317 ipsos
1484 2246 1574 2317 qui
1603 2262 1786 2318 perse-

217 2340 315 2392 cuti
341 2344 502 2404 sunt,
538 2354 645 2393 non
673 2338 849 2393 statim
875 2347 995 2408 post
1020 2340 1459 2394 resurrectionem
1489 2339 1557 2394 ad
1580 2339 1785 2410 suppli-

219 2429 345 2481 cium
375 2428 573 2498 rapuit,
590 2427 682 2483 sed
709 2428 979 2492 sustinuit,
1000 2437 1057 2482 ut
1076 2442 1135 2483 se
1156 2428 1435 2498 aliquando
1461 2428 1529 2484 ad
1554 2429 1784 2485 salutem

219 2518 281 2570 ab
320 2519 411 2572 illa
454 2514 726 2588 impietate
769 2524 1140 2573 converterent
1168 2536 1182 2573 :
1213 2526 1266 2573 et
1291 2517 1463 2574 adhuc
1507 2518 1776 2585 sustinet,

221 2625 431 2666 servans
452 2610 642 2665 ultimo
655 2609 856 2679 judicio
876 2608 1113 2665 ultimam
1138 2624 1371 2679 poenam,
1387 2619 1441 2664 et
1456 2612 1596 2679 nunc
1621 2626 1786 2680 usque

221 2702 439 2756 inritans
467 2711 771 2771 peccatores
796 2699 863 2756 ad
884 2700 1272 2770 paenitentiam.
1306 2698 1429 2754 Non
1458 2701 1590 2754 iram
1616 2700 1783 2754 addu-

219 2807 325 2846 cens
350 2807 444 2862 per
468 2792 694 2863 singulos
733 2790 857 2846 dies.
896 2789 1283 2861 Signiﬂeantius
1308 2788 1533 2845 fortasse
1557 2789 1749 2851 dicitur
1766 2831 1782 2855 ,

214 2884 338 2939 irent
359 2886 617 2940 adducens
634 2925 651 2951 ,
677 2899 835 2956 quam
866 2884 1100 2940 irascens
1119 2892 1175 2940 et
1212 2884 1283 2939 ita
1314 2884 1370 2938 in
1399 2884 1786 2955 exemplaribus

218 2977 397 3045 gratis
422 2976 723 3032 invenimus
750 2975 825 3049 (a)
858 2992 871 3031 :
906 2984 962 3031 ut
991 2990 1096 3031 non
1124 2976 1194 3030 sit
1225 2975 1280 3029 in
1308 2976 1422 3045 ipso
1448 2975 1525 3029 ira
1545 2989 1648 3046 qua
1686 2990 1786 3045 pu-

221 3067 294 3121 nit
314 3110 329 3135 ,
353 3066 449 3122 sed
488 3068 545 3122 in
568 3067 760 3123 animis
785 3082 968 3123 eorum
998 3066 1358 3123 ministrorum
1398 3067 1486 3137 qui
1512 3064 1787 3138 praeceptis

217 3158 448 3212 veritatis
462 3158 852 3228 obtemperant;
874 3172 967 3229 per
985 3172 1116 3228 quos
1140 3156 1357 3227 jubetur
1382 3158 1540 3212 etiam
1570 3157 1788 3214 inferio-

219 3247 361 3303 ribus
386 3248 697 3303 ministeriis
721 3248 736 3278 ¹
767 3247 855 3317 qui
895 3256 1150 3302 vocantur
1176 3247 1345 3318 angeli
1375 3246 1656 3302 iracundiae
1680 3290 1696 3315 ,
1718 3249 1786 3303 ad

220 3338 477 3407 punienda
504 3347 719 3408 peccata
743 3378 760 3405 ,
790 3352 924 3407 quos
948 3336 1056 3408 jam
1085 3352 1188 3392 non
1238 3347 1450 3407 propter
1483 3337 1736 3407 justitiam
1767 3381 1784 3407 ,

218 3444 317 3497 qua
343 3445 446 3482 non
471 3428 723 3498 gaudent,
745 3429 836 3484 sed
871 3437 1086 3499 prOpler
1105 3426 1356 3483 malitiam
1379 3444 1533 3499 poma
1556 3430 1784 3485 humana

218 3519 461 3574 delectat.
484 3518 607 3573 Non
627 3533 754 3589 ergo
780 3520 920 3574 Deus
938 3520 1064 3572 irant
1084 3520 1287 3573 adducit
1307 3537 1396 3589 per
1416 3521 1638 3592 singulos
1658 3523 1784 3585 dies,

221 3604 276 3656 id
294 3616 392 3670 εει,
422 3619 532 3658 non
563 3618 659 3673 per
681 3601 920 3672 singulos
942 3600 1057 3657 dies
1094 3602 1161 3656 ad
1198 3602 1481 3658 vindictam
1506 3613 1791 3676 congregat

222 3694 489 3749 ministros
524 3706 682 3747 suos:
705 3708 846 3748 nunc
870 3693 1010 3747 enim
1042 3692 1307 3775 patientia.
1324 3693 1414 3748 Dei
1442 3694 1508 3750 ad
1532 3696 1790 3762 paeniten-

220 3788 342 3841 tiam
372 3786 587 3851 invitat;
622 3786 805 3841 ultimo
828 3799 956 3840 vero
985 3778 1242 3855 tempore,
1270 3802 1390 3840 cum
1418 3788 1515 3841 sibi
1545 3788 1789 3845 homines

222 3888 436 3949 propter
460 3878 708 3933 duritiam
746 3893 894 3933 suam
925 3888 980 3933 et
1005 3893 1101 3933 cor
1128 3880 1486 3948 impmuitens,
1532 3882 1790 3935 thesauri-

221 3972 451 4027 zarerint
467 3972 601 4026 iram
624 3971 676 4026 in
699 3970 787 4027 die
807 3972 899 4025 ira:
919 3981 974 4026 et
997 3971 1331 4027 revelationis
1348 3972 1475 4041 justi
1493 3974 1673 4043 judicii
1698 3974 1787 4029 Dei

223 4063 393 4131 (Rom.
423 4079 478 4129 η,
508 4060 586 4135 5),
614 4063 845 4133 gladium
875 4077 1028 4117 suum
1055 4062 1297 4118 vibrabit.

286 4158 373 4213 15.
417 4155 566 4228 [ειη.
614 4155 727 4228 15]
769 4154 888 4210 Nisi
927 4156 1289 4222 convertimini,
1336 4156 1523 4226 inquit,
1564 4156 1789 4226 gladium

212 4247 602 4301 Mutat-abit.
633 4246 812 4303 Potest
832 4248 946 4317 ipse
970 4249 1130 4302 homo
1160 4246 1463 4302 Dominicus
1490 4246 1564 4317 (ὁ)
1582 4247 1789 4318 gladius

215 4338 307 4394 Dei
337 4338 559 4410 intelligi
580 4340 663 4395 bis
695 4350 899 4407 acutus,
944 4340 993 4394 id
1032 4350 1113 4394 est
1138 4339 1359 4407 framea,
1398 4356 1553 4410 quam
1582 4357 1684 4396 non
1710 4343 1787 4396 vi-

211 4428 387 4485 bravit
417 4432 587 4501 primo
613 4431 859 4496 adventu,
892 4432 985 4487 sed
1018 4442 1263 4503 tanquam
1292 4433 1345 4487 in
1372 4434 1556 4504 vagina
1577 4434 1788 4489 humili-

209 4523 337 4577 tatis
362 4522 683 4577 abscondit:
707 4523 933 4578 vibrabit
960 4533 1157 4588 autem,
1195 4539 1315 4579 cum
1346 4526 1397 4579 in
1428 4526 1665 4580 secundo
1694 4528 1788 4581 ad-

207 4624 370 4669 ventu
392 4615 618 4669 veniens
642 4614 881 4683 judicare
901 4616 1048 4670 vivos
1074 4625 1127 4670 et
1147 4626 1404 4683 mortuos,
1426 4617 1479 4671 in
1506 4618 1788 4674 manifesto

204 4704 498 4775 splendore
517 4707 770 4761 claritatis
791 4706 1089 4777 suae,justis
1113 4709 1223 4762 suis
1240 4709 1436 4773 lumen,
1459 4720 1513 4765 et
1532 4715 1786 4768 terrores'

203 4797 386 4867 impiis
409 4797 731 4852 coruscabit.
773 4798 901 4852 Nam
931 4802 981 4854 in
1018 4801 1137 4856 aliis
1157 4802 1565 4872 exemplaribus,
1598 4820 1693 4875 pro
1721 4820 1787 4863 eo

199 4886 350 4955 quod
385 4894 475 4942 est
497 4888 729 4957 gladium
751 4904 897 4942 suum
934 4890 1157 4953 uibrabit,
1187 4892 1430 4959 frameam
1451 4910 1595 4948 suam
1618 4897 1782 4965 splen~

199 4978 439 5046 diﬁcabit
488 4978 722 5048 positum
768 4990 849 5035 est
881 4998 894 5034 :
926 4996 1030 5050 quo
1079 4983 1241 5037 verbo
1288 4985 1786 5044 convenientissime

194 5068 492 5136 signiﬁcari
542 5069 773 5124 arbitror
816 5071 1056 5127 ultimum
1089 5073 1373 5128 Dominicus
1402 5073 1655 5131 claritatis
1684 5079 1783 5133 ad-

196 5170 459 5223 ventum;
491 5160 921 5231 quandoquidem
942 5178 1007 5217 ex
1030 5164 1193 5233 ipsius
1225 5180 1448 5234 persona
1476 5166 1786 5238 intelligitur

194 5254 344 5322 quod
373 5252 515 5307 alius
542 5254 779 5323 psalmus
808 5255 964 5313 habet
984 5273 1001 5323 ξ
1019 5256 1219 5325 Libera,
1253 5257 1486 5329 Domine,
1522 5261 1584 5313 ab
1616 5262 1785 5332 impiis

255 5410 274 5440 ί
311 5414 421 5483 μιν
443 5441 461 5483 ε
756 5417 810 5459 λι
832 5416 907 5458 ενι
933 5415 993 5483 ,ει
1014 5412 1451 5483 ωεικεηίηιξξεήξεο
1478 5419 1551 5468 sic
1572 5421 1715 5483 etiam
1740 5422 1787 5472 in

551 5470 816 5533 nellgione,
840 5485 885 5521 c.
921 5464 1178 5536 ‘0,angeli
1209 5464 1786 5533 mali’infima‘ntinwislmia

253 5595 275 5658 ξ
310 5592 485 5658 miti,
512 5589 689 5658 lustrate
711 5600 757 5644 et
773 5598 979 5658 terrore.
1005 5604 1059 5647 At
1077 5602 1205 5658 Mss,
1222 5596 1379 5650 lumen
1396 5608 1440 5651 et
1465 5608 1688 5655 terrores.

252 5653 333 5778 (es;
370 5661 549 5708 Graec"
572 5654 815 5719 méorgén
834 5657 1034 5723 epagon.

252 5719 303 5769 ω
367 5724 382 5764 1
409 5724 636 5773 κρυ-δα..
662 5730 765 5778 cap.
796 5719 868 5767 19.

250 5719 327 5778 ω)
367 5724 382 5764 1
409 5724 636 5784 κρυ-δᾳ..
662 5730 765 5779 cap.
796 5719 868 5767 19.

417 5799 693 5864 Peraea.
732 5807 777 5865 Χ
795 5807 1015 5871 XXVI.

1303 296 1689 355 ENARBATIO
1723 294 1784 353 IN
1824 296 2137 354 PSALMUM
2177 295 2283 354 νη.

3342 292 3445 351 {illi

1888 432 2105 483 animant
2144 448 2303 484 meam
2327 473 2340 497 ,
2373 431 2615 501 frameam
2641 441 2773 484 tuam
2798 431 2858 485 ab
2895 433 3104 487 inimicis
3132 448 3307 486 manus
3349 445 3448 486 tua:

1890 519 2055 589 (Psal.
2080 536 2164 575 xvr
2184 562 2198 584 ,
2231 520 2340 590 l3).
2366 522 2549 574 Arcum
2568 538 2711 575 suum
2733 524 2934 575 tetendit
2960 563 2971 583 ,
3000 533 3045 574 et
3067 523 3257 591 paravit
3282 521 3445 575 illum.

1882 610 1995 665 Non
2014 613 2205 681 passim
2222 612 2501 667 verborum
2525 622 2755 681 tempora
2777 613 3137 682 prmtereunda
3154 622 3294 676 sunt,
3310 613 3451 682 quod

1883 700 2112 769 gladium
2141 700 2207 755 de
2228 702 2399 755 futuro
2424 702 2575 767 dixit,
2603 703 2811 756 vibrabit
2828 718 2849 767 ;
2866 720 3040 756 arcum
3066 702 3131 757 de
3158 704 3447 773 praeterito,

1884 790 2087 843 tetendit
2134 806 2152 843 :
2206 790 2395 845 deinde
2449 792 2700 860 praeteriti
2751 793 3001 862 temporis
3056 803 3450 863 consequuntur

1862 880 1867 883 “
1884 879 2064 935 verba.

1958 968 2342 1045 M.[vers.14.]
2364 972 2425 1027 Et
2450 975 2502 1027 in
2523 975 2633 1044 ipso
2653 975 2848 1045 paravit
2870 991 2988 1029 vasa
3005 976 3176 1029 mortis
3200 992 3217 1031 :
3243 978 3449 1048 sagittas

1884 1077 2001 1114 suas
2030 1062 2314 1117 ardentibus
2336 1076 2567 1135 operatus
2591 1075 2681 1120 est.
2710 1069 2901 1121 Arcum
2931 1082 3059 1136 ergo
3084 1068 3273 1131 istum,
3303 1067 3447 1122 Scri-

1887 1161 2065 1219 pturas
2105 1162 2312 1207 sanctas
2352 1155 2576 1209 libenter
2629 1158 2920 1227 acceperim
2952 1198 2968 1223 ,
3015 1157 3121 1211 ubi
3148 1158 3449 1213 fortitudine

1884 1241 2015 1296 Novi
2043 1243 2367 1299 Testamenti
2385 1287 2400 1309 ,
2430 1248 2578 1316 quasi
2603 1261 2765 1302 nervo
2794 1248 3018 1317 quodam
3042 1290 3058 1315 ,
3079 1249 3269 1303 duritia
3298 1250 3450 1304 Vete-

1885 1332 1957 1385 ris
1985 1332 2114 1387 ﬂexa
2141 1345 2194 1388 et
2223 1335 2452 1390 edomita
2483 1347 2583 1391 est.
2617 1337 2746 1391 Hine
2778 1348 3022 1408 tanquam
3050 1342 3250 1409 sagittm
3284 1342 3446 1395 cmit-

1887 1432 2066 1483 tuntur
2090 1427 2350 1493 Apostoli,
2376 1428 2456 1481 vel
2483 1428 2655 1481 divina
2686 1434 2944 1496 prmeonia
2969 1430 3285 1498 jaculantur.
3308 1431 3451 1497 Quas

1885 1515 2100 1583 sagittas
2125 1516 2411 1572 ardentibus
2437 1528 2669 1588 aperatus
2695 1529 2785 1582 est,
2807 1520 2855 1572 id
2879 1529 2980 1585 est,
3006 1523 3191 1590 quibus
3215 1522 3451 1591 percussi

1885 1605 2062 1660 divino
2106 1622 2286 1664 amore
2328 1608 2626 1679 ﬂagrarent.
2658 1610 2767 1676 Qua
2800 1612 2938 1665 enim
2978 1612 3079 1665 alia
3117 1615 3302 1682 sagitta
3332 1626 3453 1683 per-

1887 1711 2037 1750 cussa
2064 1709 2144 1753 est
2167 1741 2181 1765 ,
2212 1716 2329 1769 quae
2354 1700 2477 1754 dicit
2510 1719 2522 1754 :
2552 1700 2779 1754 lnducite
2806 1718 2882 1755 me
2900 1702 2951 1756 in
2971 1704 3173 1757 domum
3188 1704 3309 1769 vini,
3332 1721 3454 1758 con-

1887 1788 2072 1841 stituite
2103 1806 2181 1842 me
2211 1789 2342 1843 inter
2365 1800 2615 1861 unguenta
2638 1833 2653 1857 ,
2681 1793 2955 1861 constipate
2980 1810 3059 1847 me
3085 1794 3215 1847 inter
3240 1794 3389 1846 mella
3412 1795 3452 1858 ’ς

1886 1879 2120 1947 quoniam
2156 1881 2414 1934 vulnerata
2455 1881 2696 1935 charitate
2737 1900 2826 1953 ego
2866 1898 2978 1936 sum
2998 1882 3166 1957 (Cant.
3189 1900 3243 1948 ιι,
3272 1885 3326 1938 4.
3353 1899 3452 1939 sec.

1888 1968 2090 2040 LXX)?
2118 1971 2319 2038 Quibus
2342 1974 2457 2027 aliis
2484 1976 2686 2045 sagittis
2709 1974 3012 2029 accenditur
3033 2017 3048 2039 ,
3080 1976 3169 2045 qui
3195 1976 3367 2031 redire
3388 1977 3454 2033 ad

1890 2059 2054 2114 Deum
2077 2062 2294 2130 cupiens
2316 2074 2369 2117 et
2394 2064 2462 2118 ab
2491 2067 2586 2119 ista
2618 2064 3040 2135 peregrinatione
3065 2080 3302 2121 remeare
3320 2108 3334 2131 ,
3362 2064 3455 2121 ad-

1889 2166 2074 2207 versus
2098 2153 2310 2210 dolosas
2338 2156 2538 2225 linguas
2582 2156 2712 2225 petit
2747 2157 3001 2211 auxilium
3021 2197 3037 2223 ,
3070 2167 3123 2213 et
3146 2157 3196 2213 ei
3219 2157 3410 2212 dicitur
3438 2176 3453 2213 :

1892 2242 2026 2309 Quid
2052 2244 2195 2298 detur
2218 2246 2324 2309 tibi,
2344 2257 2429 2300 aut
2453 2248 2575 2316 quid
2588 2248 2857 2318 adjiciatur
2880 2248 2969 2301 tibi
2982 2248 3216 2303 adversus
3236 2250 3457 2320 linguam

1889 2335 2157 2390 dolosam?
2179 2336 2389 2408 Sagitta
2413 2340 2624 2410 potentis
2650 2348 2827 2405 ασκεω,
2856 2356 2969 2393 cum
2988 2339 3283 2394 carbonibus
3303 2349 3461 2395 uasta-

1889 2429 2076 2484 toribus
2105 2428 2270 2502 (Psal.
2299 2446 2437 2493 cxtx,
2465 2433 2518 2499 5,
2539 2433 2598 2503 4)
2622 2451 2636 2484 :
2660 2431 2711 2487 id
2734 2442 2835 2496 est,
2856 2432 3046 2502 quibus
3077 2446 3357 2502 percussus
3380 2443 3463 2489 at-

1889 2535 1993 2589 que
2022 2519 2373 2577 inﬂammatus
2403 2530 2548 2577 tanto
2574 2536 2753 2590 amore
2780 2522 2969 2577 ardeas
2994 2522 3139 2592 regni
3164 2522 3417 2578 caelorum
3438 2561 3457 2588 ,

1890 2618 1947 2664 ut
1994 2610 2227 2665 omnium
2284 2612 2638 2671 resistentium
2690 2621 2742 2666 et
2791 2626 2822 2665 a
2885 2612 3157 2681 proposito
3211 2626 3460 2666 revocare

1891 2701 2172 2755 volentium
2200 2701 2399 2771 linguas
2425 2709 2732 2755 contemnas
2755 2741 2770 2766 ,
2790 2696 2845 2755 et
2863 2700 3250 2768 persecutiones
3274 2714 3459 2754 eorum

1890 2789 2131 2845 derideas
2156 2832 2170 2855 ,
2199 2791 2380 2845 dicens
2409 2809 2422 2845 :
2456 2790 2581 2855 Quis
2606 2803 2685 2845 me
2705 2791 2950 2861 separabit
2984 2805 3017 2844 a
3044 2791 3284 2844 altaritate
3311 2788 3461 2845 Cari-

1887 2878 1987 2933 sti!
2018 2876 2316 2946 Tribulatio,
2359 2894 2425 2932 an
2463 2879 2693 2948 angustia
2714 2920 2731 2946 ,
2754 2894 2819 2932 an
2858 2880 3159 2948 persecutio,
3180 2896 3247 2932 an
3280 2880 3493 2950 fames,‘

1888 2983 1958 3021 an
1979 2967 2201 3033 nuditas,
2219 2985 2285 3021 an
2312 2969 2606 3038 periculum,
2626 2985 2691 3022 an
2719 2969 2959 3039 gladius?
2978 2968 3154 3023 Certus
3168 2985 3285 3023 sum
3304 2971 3458 3033 enim,

1892 3056 2081 3127 inquit,
2103 3057 2221 3127 quia
2249 3072 2406 3127 neque
2427 3075 2582 3125 mors,
2612 3072 2769 3129 neque
2790 3059 2910 3123 vita,
2938 3074 3092 3129 neque
3116 3061 3343 3131 angelus.
3372 3076 3464 3115 ne-

1889 3164 1984 3219 que
2028 3149 2367 3219 principatus,
2395 3164 2550 3219 neque
2577 3149 2869 3219 praesentia,
2893 3165 3048 3219 neque
3083 3153 3286 3221 futura,
3308 3167 3463 3222 neque

1890 3240 2066 3307 virtus,
2089 3256 2242 3310 neque
2264 3241 2497 3305 altitudo,
2530 3256 2685 3310 neque
2707 3241 3034 3312 profundum,
3051 3259 3207 3312 neque
3228 3252 3461 3297 creatura

1890 3333 1995 3387 alia
2039 3334 2219 3403 poterit
2259 3349 2352 3387 nos
2386 3348 2621 3404 separare
2653 3350 2686 3386 a
2727 3335 2968 3387 charitate
2986 3332 3092 3388 ~Dei
3110 3376 3125 3401 ,
3151 3350 3263 3405 quae
3288 3344 3362 3390 est
3406 3336 3462 3388 in
3510 3328 3513 3329 ν

1893 3423 2091 3477 Christo
2134 3421 2258 3477 .lesu
2283 3422 2501 3478 Domino
2527 3433 2697 3478 nostro
2723 3422 2896 3496 (Rom.
2918 3440 3010 3478 vui
3031 3465 3047 3491 ,
3070 3425 3139 3481 55
3162 3465 3177 3492 ,
3200 3424 3268 3481 58
3290 3467 3305 3491 ,
3340 3423 3456 3496 39).

1891 3515 1977 3570 Sic
2023 3512 2332 3571 ardentibus
2376 3515 2591 3586 sagittas
2633 3529 2756 3570 suas
2783 3523 3040 3586 operatus
3080 3525 3208 3571 est:
3239 3531 3362 3570 nam
3405 3517 3459 3571 in

1890 3610 2076 3680 grazcis
2121 3608 2508 3680 exemplaribus
2537 3608 2608 3663 ita
2632 3608 2896 3664 invenitur
2917 3649 2946 3675 ,κ
2962 3606 3189 3679 Sagittas
3223 3625 3340 3663 suas
3366 3625 3457 3661 ar-

1890 3705 2115 3758 dentibus
2151 3714 2384 3774 operatus
2411 3714 2483 3758 est
2503 3703 2702 3768 ;latina
2742 3712 2916 3757 autem
2953 3702 3184 3756 ardentes
3211 3701 3458 3770 pleraque

1891 3794 2106 3848 habent.
2137 3794 2243 3850 Sed
2262 3836 2279 3862 ,
2306 3796 2417 3850 sive
2445 3795 2574 3864 ipsa;
2613 3795 2816 3863 sagittae
2854 3793 3113 3857 ardeant,
3134 3792 3246 3848 sive
3269 3791 3459 3848 ardere

1836 3942 1839 3949 _
1892 3884 2105 3951 faciant,
2128 3884 2269 3955 quod
2295 3886 2474 3955 utique
2494 3898 2599 3939 non
2625 3893 2845 3954 possunt
2872 3884 2970 3939 nisi
2991 3892 3046 3938 et
3069 3884 3197 3954 ipsa:
3216 3884 3458 3951 ardeant,

1892 3975 2093 4044 integer
2112 3988 2300 4030 sensus
2323 3984 2423 4029 est.

1966 4065 2053 4119 15.
2095 4064 2199 4120 Sed
2229 4065 2351 4135 quia
2380 4078 2485 4120 non
2514 4065 2731 4134 sagittas
2758 4072 2993 4132 tantum,
3019 4068 3115 4121 sed
3150 4066 3307 4121 etiam
3339 4082 3459 4121 vasa

1890 4155 2064 4209 mortis
2088 4154 2219 4210 dixit
2245 4157 2297 4211 in
2341 4170 2470 4211 arcu
2497 4156 2776 4211 Dominum
2801 4169 3016 4226 parasse
3036 4196 3054 4222 ,
3077 4157 3243 4226 quaeri
3280 4165 3459 4228 potest

1890 4259 2008 4315 quae
2028 4246 2134 4299 sint
2158 4259 2283 4300 vasa
2309 4247 2516 4301 mortis.
2546 4247 2627 4299 An
2652 4244 2787 4301 forte
2784 4244 3091 4322 gentici?
3114 4245 3245 4301 Nam
3273 4256 3329 4301 et
3357 4239 3485 4321 ipsi]

1891 4348 1957 4389 ex
1985 4334 2171 4390 eodem
2198 4350 2347 4401 arcu,
2370 4334 2421 4389 id
2443 4344 2545 4402 est,
2562 4349 2629 4390 ex
2651 4334 2850 4390 eisdem
2874 4334 3158 4406 Scripturis
3183 4335 3234 4390 in
3255 4336 3460 4391 animas

1891 4438 1997 4480 nou
2021 4425 2274 4479 cha'ritate
2302 4423 2700 4490 inﬂammandas
2718 4466 2733 4492 ,
2762 4424 2858 4480 sed
2885 4424 3104 4480 venenis
3129 4424 3464 4495 perimendas

1891 4505 2149 4580 insiliunt,
2171 4513 2313 4583 quod
2338 4528 2443 4569 non
2466 4515 2723 4586 contingit
2742 4514 2842 4569 nisi
2858 4529 2957 4585 pro
2968 4514 3191 4570 meritis.
3215 4515 3465 4583 Propter-

1888 4621 1952 4661 ea
1986 4605 2177 4660 divinat
2214 4605 2569 4660 Providentia:
2594 4607 2750 4661 etiam
2767 4607 2864 4661 ista
2884 4606 3161 4675 dispositio
3186 4605 3461 4660 tribuenda

1887 4704 1972 4750 est
1992 4736 2007 4761 ,
2040 4709 2143 4749 non
2168 4697 2288 4765 quia
2317 4696 2426 4765 ipsa
2457 4705 2759 4765 peccatores
2788 4695 2942 4759 facit,
2967 4695 3061 4750 sed
3087 4696 3206 4765 quia
3232 4696 3345 4765 ipsa
3368 4712 3462 4751 or—

1888 4785 2033 4841 dinat
2057 4800 2177 4840 cum
2203 4788 2570 4855 peccaverint:
2602 4787 2743 4840 malo
2763 4786 2903 4841 enim
2923 4795 3047 4841 voto
3072 4801 3166 4857 per
3180 4799 3456 4857 peccatum

1887 4872 2120 4945 l%entes
2141 4916 2158 4942 ,
2180 4877 2316 4931 male
2343 4885 2600 4946 coguntur
2625 4875 2915 4948 intelligere
2936 4914 2951 4938 ,
2979 4884 3037 4930 ut
3069 4877 3178 4946 ipsa
3207 4878 3277 4932 sit
3306 4894 3463 4948 paena

1890 4966 2107 5034 peccati;
2131 4981 2355 5036 quorum
2376 4974 2553 5022 tamen
2575 4956 2748 5019 πηοηέ
2765 4964 2857 5019 lilii
2883 4965 3156 5022 catholicae
3183 4956 3481 5037 Ecclesizef

1889 5067 2133 5129 tanquam
2174 5058 2483 5129 quibusdam
2512 5057 2712 5126 spinis,
2742 5071 2773 5111 a
2818 5071 3006 5113 somno
3051 5059 3441 5141 excitanturJe

1888 5152 1954 5203 ad
1982 5149 2375 5219 intelligentiam
2411 5148 2706 5202 divinarum
2730 5146 3120 5218 Scripturarum
3154 5150 3436 5219 proficiunt
3457 5189 3472 5204 .

1890 5238 2100 5310 Oportet
2123 5240 2253 5292 enim
2277 5247 2323 5291 et
2350 5237 2560 5292 hereses
2580 5254 2683 5293 esse
2704 5279 2720 5306 ,
2745 5246 2797 5293 ut
2825 5238 3018 5308 probati
3042 5281 3056 5305 ,
3079 5240 3269 5310 inquit,
3296 5242 3464 5294 mani-

1890 5332 2001 5402 festi
2026 5332 2151 5399 ﬁant
2179 5332 2306 5384 inter
2332 5346 2415 5385 vos
2442 5330 2461 5404 (
2487 5330 2507 5384 l
2537 5332 2652 5386 Cor.
2682 5347 2736 5387 ιι
2758 5373 2773 5398 ,
2806 5331 2932 5403 19),
2960 5332 3063 5388 hoc
3091 5343 3173 5389 est
3198 5334 3336 5388 inter
3367 5333 3464 5388 lto-

1889 5423 2087 5487 mines,
2115 5437 2235 5476 cum
2268 5421 2531 5476 manifesti
2556 5423 2663 5478 sint
2690 5424 2819 5480 Deo.
2843 5426 2921 5478 An
2942 5423 3090 5480 forte
3115 5426 3328 5480 easdem
3369 5438 3456 5478 sa.

1887 5513 2042 5582 gittas
2061 5522 2114 5567 et
2133 5516 2256 5567 vasa
2276 5513 2460 5568 mortis
2481 5513 2737 5584 disposuit
2753 5515 2817 5568 ad
2839 5518 3121 5584 perniciem
3146 5512 3454 5580 iulideliuut,

1953 5708 1972 5739 ι
1997 5713 2135 5758 Forte
2153 5744 2167 5769 ,
2191 5711 2333 5761 mala.
3080 5793 3096 5863 )
3462 5778 3491 5789 _

2789 5795 3064 5863 (Quane.
3396 5802 3403 5808 '
3424 5796 3455 5813 ’

2789 5795 3096 5867 (Quane)
3396 5802 3403 5808 '
3424 5796 3455 5813 ’
