4046 6200
584 290 683 347 107

581 418 633 463 et
676 404 923 461 ardentes
961 399 1041 455 vel
1070 394 1374 452 ardentibus
1401 399 1648 463 operatus
1686 394 1767 443 est
1793 384 1858 440 ad
1882 381 2141 440 exercita-

581 498 775 557 tionem
803 494 1029 550 fidelium
1046 490 1196 545 iNun
1223 488 1362 543 enim
1391 484 1575 540 falsum
1598 490 1680 538 est
1700 478 1839 551 quod
1861 473 2144 546 Apostolus

581 590 708 645 dicit
739 606 754 644 :
786 586 911 640 Aliis
939 598 1110 637 sumus
1132 581 1257 634 odor
1279 579 1393 632 vita:
1410 577 1463 630 in
1480 576 1652 640 vitam,
1678 572 1795 627 aliis
1820 569 1945 625 odor
1970 566 2145 621 mortis

580 683 633 735 in
659 687 884 741 mortem,
917 686 962 729 et
985 673 1053 728 ad
1082 674 1187 726 Iuec
1211 670 1324 743 quis
1346 667 1553 721 idoneus
1571 662 1633 739 (ll
1661 662 1776 719 Cor.
1806 677 1863 727 ιι,
1893 659 2007 729 16)?
2028 657 2142 712 Non

581 784 709 841 ergo
736 768 927 824 mirum
956 766 1000 821 si
1030 763 1187 819 iidem
1215 759 1448 830 Apostoli
1483 767 1537 814 et
1563 770 1690 810 vasa
1727 754 1911 808 mortis
1938 759 2061 805 sunt
2089 748 2141 803 in

576 864 656 920 eis
682 878 712 917 a
737 861 926 927 quibus
948 855 1362 929 persecutionem
1385 850 1525 924 passi
1551 856 1694 912 sunt,
1716 856 1769 901 et
1794 846 1959 917 ignea:
1978 841 2143 913 sagit-

577 961 645 1009 ta:
676 950 744 1006 ad
770 945 1137 1006 inflammanda
1162 943 1318 1000 corda
1348 939 1696 998 credentium.

653 1045 740 1106 16.
779 1040 941 1117 (vers.
984 1035 1108 1112 15.]
1144 1036 1272 1092 Post
1313 1036 1447 1088 hanc
1483 1040 1657 1086 autem
1696 1024 2140 1098 dispensationem

580 1137 775 1208 justum
806 1133 985 1190 veniet
1004 1130 1258 1203 judicium
1292 1144 1306 1181 :
1348 1125 1417 1183 de
1442 1139 1548 1195 quo
1575 1124 1645 1179 ita
1669 1122 1815 1187 dicit,
1846 1128 1906 1175 ut
1946 1118 2137 1173 intelli-

580 1243 766 1301 gamus
793 1225 1073 1295 unicuique
1113 1218 1311 1276 homini
1356 1216 1667 1287 supplicium
1692 1212 1803 1268 fieri
1828 1212 1895 1267 de
1929 1216 2144 1280 peccato

582 1334 700 1385 suo,
731 1326 785 1373 et
812 1316 926 1388 ejus
954 1311 1280 1383 iniquitatem
1311 1311 1361 1363 in
1392 1321 1601 1387 pinnam
1641 1302 1912 1366 converti;
1958 1316 2024 1377 ne
2050 1315 2143 1369 pu-

582 1420 753 1466 temus
796 1402 1413 1478 illamtranquillitatem,
1441 1408 1497 1456 et
1525 1395 1786 1452 ineffabile
1828 1394 2001 1448 lumen
2051 1389 2142 1446 Dei

584 1503 653 1559 de
676 1518 736 1558 se
763 1500 1001 1571 proferre
1025 1496 1165 1551 unde
1194 1504 1405 1565 peccata
1430 1490 1732 1561 puniantur,
1758 1484 1853 1543 sed
1882 1484 1993 1553 ipsa
2026 1496 2147 1552 pec-

581 1604 699 1653 cata
741 1593 819 1647 sic
843 1588 1110 1653 ordinare,
1138 1595 1192 1640 ut
1216 1600 1336 1656 qure
1374 1582 1587 1638 fuerunt
1624 1578 2003 1632 delectamenta
2048 1573 2143 1626 ho-

583 1685 715 1740 mini
760 1680 1020 1753 peccanti,
1070 1679 1176 1733 sint
1224 1676 1569 1730 instrumenta
1616 1666 1838 1723 Domino
1888 1662 2141 1733 punienti.

585 1773 733 1839 Ecce,
764 1772 950 1842 inquit,
984 1767 1242 1839 parturivit
1266 1763 1583 1834 injustitiam.
1605 1758 1740 1829 Quid
1784 1758 1925 1813 enim
1958 1768 2147 1810 conce-

534 1888 543 1903 ι
586 1874 755 1936 perat,
800 1872 860 1933 ut
905 1859 1212 1932 iniustitiam
1272 1851 1596 1927 parturiret?
1654 1848 1911 1936 Concepit,
1954 1844 2143 1936 inquit,

587 1935 807 2009 laborem
837 1948 985 2025 (Gen.
1017 1965 1095 2014 ιιι,
1123 1947 1234 2014 17).
1276 1944 1410 1999 Hinc
1433 1951 1516 1997 est
1540 1956 1665 2010 ergo
1691 1937 1838 2001 illud,
1871 1935 1935 1989 In
1982 1935 2147 2025 labore

586 2041 909 2100 manducabis
937 2055 1115 2114 panem
1146 2048 1323 2101 tuum;
1361 2033 1483 2089 hinc
1508 2031 1666 2087 etiam
1704 2027 1849 2088 illud.
1890 2026 2058 2080 Venite
2080 2024 2148 2077 ad

587 2148 883 2199 me,.omnes
923 2118 1008 2203 qui
1022 2129 1259 2184 laboratis
1286 2136 1333 2181 et
1361 2123 1551 2179 onerati
1594 2122 1732 2177 estis.
1779 2118 1968 2190 Jugum
2019 2116 2149 2170 enim

588 2242 753 2280 meum
779 2225 890 2279 tene
916 2230 1007 2285 est,
1035 2230 1081 2275 et
1099 2237 1224 2274 onus
1246 2234 1410 2271 meum
1438 2217 1542 2271 leue
1572 2212 1780 2285 (Matth.
1812 2226 1885 2275 χι,
1913 2209 2004 2275 28,
2033 2208 2144 2274 50).

588 2315 705 2374 Non
730 2315 875 2371 enim
914 2312 1108 2385 poterit
1146 2311 1295 2365 labor
1331 2308 1490 2374 ﬁniri,
1524 2306 1624 2362 nisi
1651 2306 1752 2360 hoc
1779 2304 1999 2375 quisque
2028 2302 2147 2355 dili-

589 2417 679 2479 gat
705 2405 846 2478 quod
877 2405 1040 2459 invito
1081 2417 1185 2457 non
1214 2400 1381 2471 possit
1402 2397 1621 2454 auferri.
1664 2396 1794 2452 Nam
1832 2410 1950 2450 cum
1980 2408 2039 2447 ea
2066 2392 2145 2447 di-

589 2499 823 2569 ligantur
844 2510 965 2567 qua:
1004 2506 1285 2564 possumus
1322 2499 1503 2546 contra
1540 2488 1861 2544 voluntatem
1887 2484 2146 2547 amittere,

589 2601 810 2645 necesse
852 2596 935 2641 est
974 2594 1032 2640 ut
1064 2598 1166 2657 pro
1210 2582 1292 2638 his
1317 2580 1615 2636 miserrime
1650 2579 1982 2641 laboremus;
2013 2583 2067 2631 et
2095 2584 2152 2628 ut

590 2680 707 2734 lucc
733 2676 1106 2749 adipiscamur,
1134 2676 1189 2728 in
1231 2672 1487 2743 angustiis
1529 2680 1856 2725 terrenarum
1887 2680 2148 2721 aerumna-

590 2786 728 2835 rum,
754 2784 878 2827 cum
902 2767 1001 2823 sibi
1030 2765 1254 2838 quisque
1282 2763 1371 2818 illa
1405 2774 1595 2832 rapere
1623 2768 1677 2815 et
1704 2756 1995 2829 pmvenire
2016 2756 2150 2810 alte-

590 2876 731 2927 rum,
758 2867 847 2913 aut
873 2866 1195 2927 extorquere
1240 2852 1391 2908 alteri
1422 2851 1587 2922 cupit,
1631 2848 1914 2919 injustitias
1949 2844 2149 2902 machi-

578 2950 798 3007 nemur.
844 2950 1009 3005 Recte
1035 2962 1163 3019 ergo
1190 2954 1244 3001 et
1285 2958 1505 3015 prorsus
1547 2958 1614 2999 ex
1658 2942 1842 2996 ordine
1880 2938 2154 3010 parturivit

591 3040 921 3113 injustitiam,
954 3038 1043 3109 qui
1073 3036 1315 3104 concepit
1342 3033 1598 3088 laborem.
1628 3031 1778 3087 Parit
1804 3037 1979 3084 autem
2005 3026 2151 3098 quid,

592 3131 694 3187 nisi
739 3116 881 3201 quod
928 3127 1223 3198 parturivit,
1269 3122 1510 3194 quamvis
1555 3136 1663 3176 non
1705 3120 1808 3175 hoc
1854 3117 2156 3189 parturierit

591 3219 733 3292 quod
760 3217 1041 3287 concepit?
1086 3231 1190 3270 non
1215 3214 1358 3269 enim
1396 3212 1499 3267 hoc
1543 3210 1776 3266 nascitur
1804 3208 1943 3281 quod
1979 3206 2157 3263 conci-

590 3310 766 3382 pitur;
811 3306 905 3363 scd
950 3305 1245 3386 concipitur
1269 3318 1475 3368 semen,
1508 3300 1744 3356 nascitur
1777 3299 1919 3369 quod
1956 3297 2153 3351 forma-

592 3410 683 3459 tur
714 3418 780 3457 ex
817 3399 1038 3455 semine.
1089 3397 1262 3453 Labor
1288 3403 1371 3452 est
1408 3395 1564 3466 igitur
1608 3408 1788 3451 semen
1833 3392 2153 3462 iniquitatis;

592 3501 863 3565 peccatum
893 3502 1068 3545 autem
1093 3488 1370 3558 conceptio
1413 3487 1629 3550 laboris,
1669 3484 1720 3539 id
1760 3492 1860 3549 est,
1885 3483 2009 3537 illud
2053 3483 2157 3551 pri-

594 3602 742 3643 mum
792 3592 1085 3656 peccatum,
1136 3589 1437 3651 apostatare
1482 3594 1514 3634 a
1563 3577 1672 3634 Deo
1721 3576 1903 3647 (Eccli.
1949 3591 2002 3640 ι,
2034 3572 2153 3643 tt):

595 3676 871 3749 parturivit
894 3689 1021 3746 ergo
1058 3672 1366 3743 injustitiam
1405 3672 1494 3741 qui
1522 3669 1764 3739 concepit
1788 3666 2042 3722 laborem.
2091 3663 2160 3718 Et

596 3772 787 3844 peperit
826 3768 1137 3840 iniquitatem
1154 3780 1174 3820 :
1201 3763 1469 3844 iniquitas,
1489 3762 1590 3818 hoc
1609 3759 1848 3830 estquod
1871 3758 2119 3828 injustitia
2140 3774 2155 3819 ;

594 3840 698 3918 hoc
709 3876 837 3933 ergo
854 3856 1204 3932 peperitquod
1222 3840 1517 3928 parturivit.
1531 3853 1666 3920 Quid
1682 3851 1873 3908 deinde
1891 3848 2161 3922 sequitur?

666 3953 757 4007 17.
794 3949 958 4024 (vers.
988 3947 1111 4022 16.]
1148 3946 1341 4001 Lucum
1365 3945 1559 4017 aperuit
1594 3957 1641 3998 et
1669 3941 1840 4011 effodit
1869 3942 2032 3996 illum.
2062 3940 2163 3995 La-

597 4055 718 4098 cum
746 4032 971 4109 aperire,
998 4048 1083 4094 est
1123 4039 1175 4093 in
1207 4037 1431 4093 terrenis
1458 4037 1636 4101 rebus,
1680 4034 1729 4089 id
1773 4044 1874 4097 est,
1913 4043 2161 4102 tanquam

601 4133 657 4189 in
696 4141 835 4187 terra
865 4129 1100 4184 fraudem
1132 4145 1340 4199 parare,
1366 4144 1472 4198 quo
1513 4126 1644 4181 alius
1672 4125 1824 4180 cadat
1852 4140 2007 4194 quem
2052 4123 2165 4177 vult

600 4224 845 4293 decipere
885 4220 1152 4290 injustns:
1196 4221 1431 4289 aperitur
1478 4228 1651 4271 autem
1704 4215 1789 4269 hic
1834 4216 1997 4277 lacus,
2043 4228 2163 4271 cum

599 4313 928 4371 consentitur
970 4309 1125 4365 mala:
1170 4308 1490 4379 suggestioni
1532 4319 1859 4363 terrenarum
1902 4304 2163 4373 cupidita-

600 4416 747 4469 tum;
776 4401 1022 4459 effoditur
1048 4415 1196 4463 vero,
1224 4414 1344 4454 cum
1394 4408 1511 4469 post
1538 4400 1937 4454 consensionem
1976 4411 2164 4464 opera-

524 4568 527 4569 i
598 4490 728 4553 tioni
759 4493 957 4551 fraudis
999 4492 1239 4547 instatur.
1271 4489 1376 4546 Sed
1419 4491 1555 4545 unde
1596 4492 1709 4547 ﬁeri
1754 4500 1946 4561 potest,
1980 4498 2035 4543 ut
2066 4490 2164 4542 ini-

516 4572 519 4577 .
545 4644 553 4651 ,
600 4591 775 4657 quitas
801 4586 945 4657 prius
966 4583 1121 4639 laedat
1146 4581 1413 4640 hominem
1432 4582 1631 4651 justum
1655 4583 1705 4635 in
1727 4598 1883 4652 quem
1906 4581 2162 4652 procedit,

602 4694 759 4747 quam
784 4694 877 4733 cor
921 4678 1174 4747 injustam
1219 4673 1357 4730 unde
1404 4673 1679 4742 procedit?
1721 4674 1899 4743 Itaque
1950 4675 2163 4728 frauda-

600 4779 686 4824 tor
726 4769 982 4839 pecunize,
1016 4768 1160 4825 verbi
1202 4766 1387 4838 gratia,
1420 4762 1549 4821 dum
1588 4765 1732 4833 cupit
1776 4766 1939 4819 alium
1972 4766 2166 4821 damno

606 4865 858 4929 lacerare,
890 4863 1002 4932 ipse
1044 4863 1277 4917 avaritire
1319 4860 1541 4917 vulnere
1582 4859 1847 4914 sauciatur
1879 4878 1893 4915 :
1923 4862 2041 4930 quis
2069 4876 2165 4915 au-

603 4961 711 5005 tem
740 4950 823 5007 vel
847 4950 1071 5005 demens
1093 4967 1197 5007 non
1224 4951 1400 5006 videat
1419 4958 1672 5021 quantum
1701 4948 1838 5003 inter
1866 4948 1961 5005 hos
1982 4951 2162 5014 distet,

598 5056 721 5096 cum
753 5041 840 5096 ille
866 5042 1089 5110 patiatur
1110 5042 1355 5097 damnum
1398 5041 1653 5112 pecunizc,
1685 5040 1775 5095 ille
1818 5040 2167 5095 innocentiae?

603 5136 802 5192 Incidet
829 5150 954 5207 ergo
980 5136 1033 5188 in
1060 5135 1253 5205 foveam
1290 5153 1441 5203 quam
1469 5137 1618 5206 fecit;
1645 5134 1785 5205 quod
1812 5134 1863 5188 in
1889 5135 1994 5189 alio
2029 5136 2167 5204 psal-

534 5242 553 5255 ‘
604 5241 694 5284 mo
734 5226 961 5282 dicitur:
993 5223 1318 5295 Cognoscitur
1360 5225 1605 5280 Dominus
1641 5226 1839 5295 judicia
1878 5227 2082 5297 faciens,
2114 5228 2173 5281 in

602 5317 834 5389 operibus
870 5332 1110 5395 manuum
1151 5331 1358 5369 suarum
1403 5318 1784 5386 comprehensus
1826 5328 1899 5373 est
1940 5330 2168 5388 peccator

605 5406 778 5481 (Psal.
809 5422 881 5471 ix,
910 5406 1022 5476 17).

677 5498 764 5555 18.
804 5494 964 5572 [verm
996 5493 1118 5570 17.]
1154 5493 1472 5552 Convertetur
1498 5494 1639 5550 labor
1659 5499 1764 5568 ejus
1790 5498 1841 5550 in
1866 5509 2013 5565 caput
2036 5501 2163 5568 ejus,

601 5601 651 5644 et
677 5591 913 5663 iniquitas
938 5587 1044 5660 ejus
1083 5587 1136 5640 in
1162 5586 1389 5640 verticem
1424 5585 1534 5656 ejus
1562 5586 1838 5639 descendet.
1881 5587 1993 5641 Non
2025 5591 2163 5642 enim

606 5683 766 5739 voluit
808 5683 918 5753 ipse
968 5688 1237 5749 peccatum
1285 5677 1546 5741 evadere;
1590 5679 1683 5733 sed
1730 5678 1898 5735 factus
1942 5691 2023 5739 est
2066 5685 2164 5742 sub

1803 270 1861 325 s.
1902 258 2261 321 aucusnm
2304 230 2596 317 EPlSCOPI

2256 386 2468 446 peccato
2496 386 2741 449 tanquam
2772 392 2977 445 servus,
2999 376 3205 435 dicente
3231 378 3490 434 Domino:
3524 376 3702 432 Omnis
3729 379 3821 446 qui

2253 477 2443 536 peccat,
2471 484 2640 523 servus
2664 478 2734 522 est
2769 468 2948 539 (Joan.
2973 483 3089 535 vui,
3113 469 3224 539 54).
3266 469 3375 525 Erit
3397 482 3528 539 ergo
3564 468 3823 537 iniquitas

2250 558 2365 628 ejus
2394 574 2552 628 super
2576 559 2770 629 ipsum,
2793 573 2914 614 cum
2940 560 3055 630 ipse
3097 559 3353 629 iniquitati
3396 574 3508 615 sua:
3540 558 3821 616 subditur:

2250 650 2370 720 quia
2402 665 2506 704 non
2537 651 2705 721 potuit
2746 650 2924 705 dicere
2954 650 3196 717 Domino,
3235 649 3374 720 quod
3414 648 3724 706 innocentes
3761 660 3820 709 et

2252 741 2381 801 recti
2404 741 2616 797 dicunt:
2642 740 2815 796 Gloria
2834 758 2945 796 mea
2967 751 3011 795 et
3030 742 3258 797 exultans
3275 750 3425 812 caput
3447 757 3611 795 meum
3638 740 3820 812 (Psal.

2254 850 2335 899 ιιι,
2367 836 2446 905 4).
2472 834 2545 889 Ita
2570 849 2697 906 ergo
2722 833 2834 902 ipse
2863 834 3081 889 inferior
3105 834 3225 899 erit,
3256 842 3313 889 ut
3341 833 3456 903 ejus
3480 832 3725 903 iniquitas
3747 833 3821 887 sit

2248 927 2510 997 superior,
2541 926 2675 981 etin
2715 926 2862 981 illum
2902 925 3220 990 descendat;
3261 926 3384 996 quia
3412 934 3597 996 gravat
3636 924 3817 987 illum.

2248 1026 2303 1073 et
2320 1027 2525 1080 onerat,
2543 1026 2596 1072 et
2614 1015 2679 1072 ad
2700 1017 2935 1087 requiem
2956 1026 3259 1071 sanctorum
3279 1014 3519 1072 revolare
3538 1029 3643 1071 non
3663 1015 3817 1071 sinit.

2249 1111 2360 1167 Hoc
2387 1110 2463 1175 fit,
2483 1126 2605 1167 cum
2630 1110 2681 1165 in
2704 1110 2920 1165 homine
2939 1123 3192 1180 perverso
3210 1108 3380 1165 servit
3404 1108 3560 1175 ratio,
3579 1119 3635 1167 et
3651 1108 3820 1165 libido

2249 1202 2568 1257 dominatur.
3438 1224 3443 1225 ν

2320 1294 2407 1351 19.
2449 1292 2613 1367 [υεη.
2655 1293 2776 1364 18.)
2815 1290 3099 1362 Conﬁtebor
3126 1290 3344 1345 Domino
3377 1291 3826 1362 secunda-ejus“-

2249 1391 2371 1463 tjam
2417 1390 2548 1455 ejus.
2594 1387 2710 1443 Non
2754 1386 2853 1441 ista
2896 1384 3159 1442 confessio
3190 1393 3525 1455 peccatorum
3571 1394 3654 1440 est
3682 1402 3696 1440 :
3727 1385 3823 1439 ille

2248 1481 2389 1535 enim
2417 1478 2517 1534 hoc
2536 1478 2683 1546 dicit,
2712 1476 2803 1547 qui
2824 1476 3068 1548 superius
3103 1475 3379 1531 verissime
3402 1474 3629 1539 dicebat,
3659 1473 3721 1530 Si
3747 1482 3822 1529 est

2248 1573 2485 1647 iniquitas
2510 1572 2565 1626 in
2592 1572 2821 1626 manibus
2847 1572 3009 1636 meis;
3037 1569 3131 1626 sed
3161 1568 3428 1628 confessio
3446 1569 3661 1641 iustitia:
3692 1569 3821 1635 Dei,

2249 1681 2351 1736 qua
2377 1665 2449 1721 ita
2489 1663 2755 1735 loquimur
2783 1681 2799 1720 :
2829 1662 2988 1729 Vere,
3013 1662 3257 1730 Domine,
3282 1661 3458 1732 justus
3497 1676 3577 1729 es,
3606 1661 3826 1733 quando

2249 1767 2304 1814 et
2327 1757 2494 1829 justos
2523 1756 2599 1811 sic
2628 1756 2879 1827 protegis,
2903 1764 2961 1811 ut
2997 1770 3090 1824 per
3112 1764 3162 1810 te
3198 1755 3369 1825 ipsum
3403 1769 3497 1810 eos
3534 1754 3822 1819 illumines,

2249 1857 2303 1904 et
2329 1856 2633 1917 peccatores
2656 1846 2735 1902 sic
2759 1845 2992 1912 ordinas,
3015 1852 3076 1903 ut
3104 1860 3210 1901 non
3237 1854 3345 1909 tua,
3374 1843 3472 1901 sed
3494 1859 3589 1901 sua
3618 1845 3826 1900 malitia

2251 1939 2553 2010 puniantur.
2619 1939 2721 1994 Ista
2763 1938 3028 1996 confessio
3075 1941 3146 1994 ita
3198 1937 3477 1993 Dominum
3521 1935 3720 2004 laudat,
3767 1948 3829 1993 ut

2252 2030 2383 2086 nihil
2428 2030 2634 2102 possint
2659 2030 2941 2101 impiorum
2977 2028 3157 2086 valere
3197 2028 3561 2099 blasphemiae,
3588 2027 3676 2099 qui
3720 2043 3826 2082 vo-

2251 2122 2418 2178 lentes
2446 2136 2701 2177 excusare
2743 2120 2977 2176 facinora
3004 2134 3120 2186 sua,
3150 2119 3338 2175 nolunt
3378 2134 3487 2177 sua:
3523 2118 3691 2188 culpat
3719 2120 3826 2173 tri»-

2252 2214 2416 2270 buere
2442 2213 2583 2283 quod
2617 2222 2855 2282 peccant,
2885 2212 2985 2266 hoc
3012 2220 3116 2277 est,
3145 2211 3331 2266 nolunt
3362 2224 3473 2267 sua;
3516 2210 3685 2279 culpae
3727 2208 3827 2263 tri-

2254 2306 2416 2362 buere
2446 2306 2653 2377 culpam
2684 2319 2853 2361 suam.
2898 2304 3079 2375 Itaque
3105 2311 3200 2358 aut
3226 2302 3512 2368 fortunam,
3539 2310 3632 2357 aut
3658 2301 3825 2355 fatum

2254 2397 2525 2459 inveniunt
2542 2395 2683 2467 quod
2706 2404 2985 2459 accusent;
3030 2404 3121 2450 aut
3138 2394 3425 2458 diabolum,
3451 2393 3535 2448 cui
3562 2408 3667 2448 non
3688 2406 3825 2446 eon-

2253 2491 2450 2546 sentire
2474 2489 2530 2545 in
2560 2496 2819 2559 potestate
2857 2496 3037 2545 nostra
3062 2502 3181 2542 esse
3204 2486 3374 2541 voluit
3399 2484 3487 2555 qui
3527 2499 3623 2538 nos
3660 2483 3822 2548 fecit;

2252 2591 2342 2637 aut
2367 2582 2521 2637 aliam
2547 2590 2790 2637 naturam
2818 2579 3089 2644 inducunt,
3108 2592 3227 2649 quae
3257 2592 3360 2632 non
3387 2560 3457 2632 sit
3481 2591 3545 2631 es
3573 2576 3699 2637 Deo,
3723 2574 3830 2627 fiu-

2254 2682 2494 2728 ctuantes
2526 2672 2708 2729 miseri
2732 2679 2787 2726 et
2824 2678 3085 2736 errantes,
3113 2668 3287 2739 petius
3324 2681 3483 2737 quam
3510 2665 3830 2721 confitentes

2255 2765 2385 2830 Deo,
2417 2772 2474 2818 ut
2492 2763 2571 2818 eis
2597 2762 2852 2833 ignoscat.
2879 2759 2993 2817 Non
3024 2760 3165 2815 enim
3208 2766 3421 2829 oportet
3457 2755 3677 2827 ignosci,
3719 2756 3829 2810 nisi

2255 2853 2453 2909 dicenti
2486 2871 2501 2907 :
2546 2852 2785 2909 Peccavi.
2813 2850 2913 2918 Qui
2952 2865 3080 2922 ergo
3122 2848 3266 2904 videt
3301 2848 3488 2904 merita
3528 2845 3830 2903 animarum

2257 2946 2336 3001 sic
2361 2944 2591 3000 ordinari
2637 2958 2665 2998 a
2698 2943 2827 3007 Deo,
2869 2950 2927 2996 ut
2962 2941 3087 2997 dum
3128 2954 3223 2995 sua
3263 2940 3456 3009 cuique
3500 2938 3827 3000 tribuuntur,

2256 3034 2595 3109 pulchritudo
2632 3034 2990 3089 universitatis
3026 3032 3168 3089 nulla
3195 3047 3263 3088 es
3305 3039 3456 3102 parte
3488 3030 3736 3097 violetur,
3768 3030 3829 3084 in

2258 3128 2503 3184 omnibus
2529 3126 2709 3183 laudat
2745 3126 2908 3183 Deum
2939 3144 2954 3181 :
2984 3134 3039 3181 et
3080 3126 3177 3181 ista
3206 3134 3288 3181 est
3315 3139 3421 3180 non
3464 3132 3829 3193 peccatorum,

2258 3218 2353 3273 sed
2374 3221 2633 3287 justorum
2655 3216 2943 3272 confessio.
2985 3214 3102 3270 Non
3144 3215 3283 3270 enim
3328 3223 3661 3284 peccatorum
3688 3228 3832 3268 con-

2260 3308 2420 3364 fessio
2451 3317 2552 3374 est,
2568 3307 2693 3363 dum
2720 3306 2850 3363 dicit
2882 3307 3172 3362 Dominus:
3201 3303 3453 3374 Conﬁteor
3485 3305 3593 3372 tibi,
3612 3304 3836 3361 Domine

2261 3402 2370 3455 caeli
2411 3409 2458 3455 et
2500 3409 2663 3465 terras,
2706 3399 2827 3471 quia
2861 3398 3163 3453 abscondisti
3200 3397 3305 3452 haec
3345 3414 3377 3450 a
3420 3381 3747 3467 sapientibus,
3778 3406 3836 3449 et

2259 3491 2487 3545 revelasti
2510 3506 2569 3544 ea
2599 3490 2821 3559 paruulis
2851 3488 3059 3560 (Matth.
3092 3504 3161 3552 st,
3184 3487 3298 3559 25).
3327 3486 3456 3543 item
3484 3488 3535 3542 in
3565 3488 3835 3542 Ecclesia-

2260 3584 2395 3639 stico
2421 3582 2616 3638 dicitur
2643 3599 2657 3633 :
2690 3580 3010 3651 Con/itemini
3035 3581 3253 3636 Domino
3277 3582 3327 3635 in
3349 3580 3573 3635 omnibus
3597 3581 3838 3645 oneribus

2264 3678 2392 3747 ejus.
2422 3674 2488 3729 Et
2525 3675 2631 3729 lucc
2658 3674 2832 3728 dicetis
2850 3674 2906 3727 in
2942 3675 3267 3743 confessione,
3292 3690 3445 3743 opera
3477 3673 3679 3727 Domini
3714 3675 3838 3727 tnti-

2262 3781 2403 3819 oersa
2443 3765 2710 3836 quoniam‘
2755 3764 2883 3817 bona
2928 3765 3075 3818 valde
3124 3764 3311 3830 (Eccli.
3364 3780 3563 3831 χχιιι,
3613 3763 3832 3833 19ο21).

2263 3853 2414 3921 Quod
2440 3856 2493 3910 in
2524 3855 2625 3909 isto
2664 3854 2868 3924 psalmo
2908 3853 3126 3924 intelligi
3174 3866 3362 3925 potest,
3395 3857 3439 3909 si
3482 3856 3701 3925 quisque
3743 3856 3837 3926 pia

2264 3955 2463 4011 mente,
2491 3944 2717 4001 Domino
2752 3944 3056 4015 adiuvante,
3090 3944 3378 4016 distinguat
3410 3946 3548 4000 inter
3567 3946 3838 4014 justorntn

2265 4037 2481 4107 praemia
2514 4044 2571 4090 et
2596 4035 2852 4105 supplicia
2894 4044 3249 4105 peccatorum,
3278 4034 3719 4106 quemadmodum
3750 4036 3842 4094 bis

2266 4128 2474 4185 duobus
2496 4129 2741 4185 universa
2779 4137 3041 4192 creatura,
3069 4144 3223 4199 quam
3256 4130 3396 4185 Deus
3418 4145 3447 4183 a
3482 4145 3542 4185 se
3568 4130 3840 4186 conditam

2267 4221 2423 4290 regit,
2464 4220 2683 4275 mirifica
2711 4229 2765 4275 et
2802 4220 2982 4289 paucis
3017 4221 3226 4289 cognita
3259 4220 3645 4290 pulchritudine
3668 4221 3845 4277 decu-

2269 4321 2431 4365 ratur.
2463 4311 2535 4365 lla
2562 4326 2688 4380 ergo
2711 4312 2805 4373 ait,
2834 4310 3115 4380 Conﬁtebor
3143 4311 3358 4366 Domino
3381 4315 3654 4367 secundum
3680 4316 3845 4385 justi-

2268 4400 2389 4454 tiam
2416 4402 2543 4469 ejus,
2566 4411 2810 4470 tanquam
2839 4402 2923 4457 ille
2943 4403 3030 4473 qui
3056 4401 3242 4458 viderit
3270 4420 3372 4457 non
3401 4405 3564 4459 factas
3590 4406 3845 4462 tenebras

2269 4506 2299 4544 a
2330 4492 2460 4557 Deo,
2494 4493 2584 4547 sed
2612 4493 2881 4548 ordinatas
2911 4506 3103 4550 tamen.
3147 4495 3285 4550 Deus
3312 4496 3471 4565 enim
3496 4497 3628 4551 dixit
3654 4516 3667 4551 :
3714 4497 3849 4554 Fiat

2272 4586 2379 4649 lux,
2408 4595 2451 4637 et
2481 4590 2615 4655 facta
2634 4597 2703 4640 cst
2734 4587 2821 4639 tua:
2845 4586 2997 4654 (Gen.
3035 4604 3070 4650 ι,
3099 4588 3173 4657 5).
3208 4587 3322 4641 Non
3364 4589 3496 4643 dixit
3524 4607 3537 4641 :
3574 4590 3722 4644 Fiant
3753 4602 3845 4644 te-

2274 4678 2473 4743 nebrm,
2506 4687 2557 4731 et
2590 4677 2740 4732 facta:
2766 4688 2887 4732 sunt
2920 4680 3182 4744 tenebrae;
3224 4690 3278 4734 et
3305 4692 3476 4735 tamen
3507 4682 3647 4749 ipsas
3687 4684 3849 4736 ordi-

2271 4770 2433 4824 navit.
2467 4770 2531 4823 Et
2569 4768 2687 4823 ideo
2711 4769 2901 4824 dicitur
2929 4788 2942 4823 :
2973 4770 3153 4849 Diuisit
3178 4770 3315 4825 Deus
3340 4762 3467 4826 inter
3492 4772 3649 4825 lucem
3676 4787 3733 4825 ‘et
3766 4786 3854 4827 te-

2271 4862 2468 4925 nebras,
2501 4871 2546 4914 et
2570 4863 2760 4915 vocavit
2791 4860 2927 4915 Deus
2955 4850 3117 4915 ὧῖὲηι
3151 4865 3300 4929 diem,
3326 4876 3371 4918 et
3397 4867 3619 4918 tenebras
3648 4871 3854 4921 vocarit

2272 4963 2464 5007 noctem
2498 4952 2678 5023 (lbid.,
2712 4953 2761 5018 4,
2794 4951 2873 5023 5).
2902 4952 3003 5008 ista
3030 4954 3296 5011 distinctio
3321 4975 3333 5010 :
3361 4956 3501 5011 aliud
3526 4958 3664 5020 l'ecit,
3684 4968 3739 5011 et
3755 4976 3853 5012 ur-

2270 5042 2502 5108 dinavit;
2530 5042 2672 5098 aliud
2695 5051 2871 5097 autem
2912 5057 3015 5098 non
3042 5042 3185 5111 fecit,
3214 5045 3308 5101 sed
3339 5055 3513 5100 tamen
3539 5048 3697 5101 etiam
3742 5049 3857 5103 huc

2274 5137 2553 5191 ordinavit.
2586 5136 2701 5191 Jam
2742 5152 2871 5191 vero
2914 5137 3147 5192 tenebris
3195 5139 3477 5208 signiﬁcari
3526 5151 3761 5209 peccata,
3793 5156 3859 5200 et

2274 5228 2326 5282 in
2358 5226 2612 5297 propheta
2640 5227 2922 5291 invenitur,
2945 5228 3033 5297 qui
3058 5227 3211 5295 dixit,
3244 5228 3309 5282 Et
3337 5232 3549 5285 tenebrat
3582 5243 3683 5286 tua!
3726 5245 3858 5286 tan-

2273 5334 2421 5386 quam
2450 5317 2679 5371 meridies
2717 5326 2860 5395 erunt
2899 5316 3049 5389 (lsai.
3092 5335 3234 5386 Lvnt,
3276 5320 3385 5389 10),
3417 5330 3471 5375 et
3513 5322 3563 5376 in
3602 5326 3862 5391 apostnln

2276 5411 2505 5475 dicente,
2528 5410 2627 5476 Qui
2648 5410 2753 5463 odit
2778 5406 2984 5481 fiatrem
3015 5427 3181 5479 suum,
3203 5413 3254 5468 in
3281 5414 3491 5468 tenebris
3516 5423 3587 5467 est
3616 5412 3855 5481 (llo/vn.

2276 5518 2333 5569 ιι,
2366 5502 2474 5570 11),
2512 5512 2563 5556 et
2592 5501 2715 5555 illud
2747 5503 3009 5572 prurcipue
3038 5520 3053 5557 :
3080 5503 3388 5573 Abjiciamus
3429 5522 3581 5575 opera
3622 5509 3861 5559 tem-bru-

2335 5640 2352 5673 ί
2374 5636 2880 5704 Ριιηίοιιιίι,νᾳιιοηὶαγη,
2905 5638 2967 5687 ab
2990 5638 3133 5704 editis
3153 5638 3339 5704 aberat.
3382 5646 3432 5689 et
3448 5651 3477 5690 a
3500 5640 3729 5704 Vulgata;
3761 5645 3862 5693 seu

2271 5703 2514 5766 reperitur
2532 5702 2605 5750 hic
2627 5703 2674 5748 in
2690 5706 2795 5750 Mss.
2822 5709 3014 5764 estque,
3037 5699 3121 5761 oti,
3138 5699 3259 5763 apud
3277 5706 3407 5752 LXX.
