2023 3100
93 140 142 169 109

92 207 157 232 rut,
178 202 201 224 et
215 197 350 224 induantur
372 204 443 222 arma
467 195 528 222 lucis
551 193 638 228 (Rom.
664 201 720 222 χιιι,
740 192 793 219 l2).
818 189 874 217 Non

90 245 161 279 quod
181 243 270 278 aliqua
281 242 317 270 sit
331 246 425 269 natura
439 240 607 269 tenebrarum
621 247 627 265 :
644 238 730 265 omnis
743 244 814 264 enttn
830 243 876 262 na-

91 297 149 317 tura
159 290 188 316 in
199 293 329 324 quantum
342 292 434 315 natura
444 291 495 319 est,
505 293 565 313 esse
577 285 692 320 cogitur;
706 291 765 311 esse
775 288 874 314 autem,

90 336 121 362 ad
137 335 226 362 lucem
246 333 380 368 pertinet;
396 339 447 359 non
466 338 536 364 esse,
549 330 582 358 ad
599 331 732 358 tenebras.
749 328 798 362 Qui
813 335 878 363 ergo

90 380 191 408 deserit
202 386 265 406 eum
279 386 293 404 a
307 385 360 412 quo
374 368 458 404 factus
469 380 558 410 est,-et
570 376 710 403 inclinatur
725 374 751 401 in
767 373 792 401 id
807 373 876 401 unde

91 427 176 453 lactus
190 428 242 457 est,
258 423 284 451 id
306 428 347 451 est
367 424 393 450 in
414 422 535 455 nihilum,
550 421 577 449 in
600 421 650 448 hoc
670 424 779 456 peccato
800 423 876 446 tene-

94 472 206 502 κλωπ-ς
225 474 255 497 et
272 474 360 496 tamen
376 477 428 495 non
450 469 555 504 penitus
576 466 652 502 perit,
669 466 715 494 sed
734 466 760 493 in
782 464 879 492 inlimis

94 516 243 544 ordinatur.
265 514 353 549 Itaque
365 517 503 548 postquam
518 512 593 544 dixit,
605 511 746 546 Con/ilebor
760 510 878 542 Domino,

95 569 129 589 uc
149 552 319 596 peccatorum
333 557 524 585 coniessionem
546 556 761 591 iutelligeremus,
776 554 882 589 subjicit

95 607 231 634 ultimum:
243 604 274 631 Et
286 603 394 639 psallam
406 603 502 630 nomini
513 602 615 629 Domini
625 600 750 629 altissimi.
763 600 880 628 Psallere

96 658 185 680 autem
208 651 241 678 ad
256 650 381 686 gaudium
399 649 523 684 pertinet,
538 647 693 683 poenitentia
710 654 773 675 vero
788 654 881 682 pecca-

97 702 194 729 torum,
219 695 252 723 ad
273 694 416 722 tristitiam.

129 741 178 770 ιο.
198 741 289 769 Potest
303 741 353 767 iste
375 740 491 774 psalmus
511 738 598 778 etiam.
614 738 639 765 in
657 744 770 772 persona
790 736 881 764 Domi-

98 787 150 814 niei
165 786 282 814 hominis
298 785 427 820 intelligi;
449 785 471 811 si
487 784 566 811 modo
577 791 608 811 ea
623 791 681 818 quae
696 783 731 810 ibi
749 781 883 811 humiliter

98 834 166 861 dicta
175 837 248 864 sunt,
257 831 290 859 ad
304 836 421 859 nostram
433 831 611 858 inﬁrmitatem
625 829 784 862 referantur,
798 836 875 863 quam

100 879 148 906 ille
159 878 291 912 gestabat.

102 941 881 958 ——,———————-———--—

316 978 356 1008 lN
378 977 565 1012 PSALMUM
585 977 657 1009 VIII

381 1037 588 1067 ENARRATIO.

130 1095 164 1124 ιιι
175 1096 252 1131 ﬁrmo
267 1103 314 1130 pro
329 1094 507 1127 torcularibus,
522 1093 641 1120 Paalmus
653 1094 704 1128 ipsi
715 1093 798 1121 David
808 1094 858 1130 (α).

139 1152 164 1179 Ι.
290 1149 334 1186 1.]
359 1149 427 1176 Nihil
447 1149 480 1176 de
501 1149 675 1176 torcularibus
694 1149 720 1176 in
737 1153 808 1178 textu
829 1149 887 1185 ejus

104 1197 211 1232 psabni,
222 1197 298 1230 cujus
317 1195 366 1222 iste
384 1195 474 1222 titulus
488 1200 539 1228 est,
554 1195 643 1222 dicere
661 1194 774 1222 videtur.
793 1194 820 1221 ln
835 1202 888 1230 quo

104 1245 213 1275 apparet
232 1240 322 1267 multis
342 1245 369 1266 et
389 1240 469 1267 variis
483 1239 697 1267 similitudinibus
722 1247 800 1268 unam
815 1247 888 1268 eam-

103 1287 218 1321 demque
231 1294 287 1314 rem
298 1286 325 1313 in
340 1285 484 1320 Scrmturis
498 1293 568 1320 serpe
583 1285 719 1313 insinuari.
736 1285 888 1314 Tarcularia

103 1339 166 1366 ergo
193 1339 331 1366 possumus
354 1331 474 1366 accipere
499 1331 647 1364 Ecclesias,
670 1330 762 1358 eadem
785 1332 888 1358 ratione

103 1384 155 1411 qua
173 1381 203 1404 et
222 1383 313 1404 aream
335 1376 506 1411 intelligimus
525 1376 680 1404 Ecclesiam.
701 1376 767 1408 Quia
786 1376 842 1404 sive
862 1376 888 1403 in

105 1430 178 1456 area,
201 1422 258 1450 sive
279 1422 308 1449 in
328 1422 470 1455 toreulari,
494 1422 560 1449 nihil
583 1422 653 1449 aliud
673 1423 768 1458 agitur,
790 1423 839 1450 nisi
853 1421 891 1450 ἰιι

105 1467 254 1495 lroctusab
274 1466 461 1503 integumentis
482 1473 637 1503 purgentur,
663 1476 721 1503 qua:
742 1469 889 1496 necessaria

105 1519 181 1541 erant
200 1519 229 1542 et
241 1518 271 1542 ut
295 1519 466 1542 nascerentur
490 1519 516 1541 et
541 1519 568 1541 ut
589 1519 747 1547 crescerent,
764 1519 842 1550 atque
857 1514 890 1542 ad

106 1559 286 1587 maturitatem
306 1559 347 1587 vel
369 1560 463 1587 messis
486 1559 527 1587 vel
549 1560 687 1587 vindemia:
712 1561 888 1595 pervenirent.

106 1604 151 1631 llis
162 1611 228 1640 ergo
247 1604 291 1632 vel
306 1604 494 1639 integumentis
519 1606 560 1632 vel
583 1606 778 1638 sustentaculis,
801 1605 825 1632 id
850 1609 891 1633 est

106 1649 188 1683 paleis
209 1650 236 1677 in
251 1657 314 1683 area
329 1649 471 1683 frumenta,
493 1655 520 1677 et
541 1651 650 1677 vinaciis
665 1651 690 1677 in
713 1651 889 1678 torcularibus

105 1687 164 1722 vilia
177 1699 333 1723 exuuntur:
355 1696 421 1723 sicut
437 1696 462 1723 in
483 1695 608 1723 Eeclcsiis
626 1703 640 1723 a
658 1696 827 1736 multitudine
842 1704 891 1724 sa:-

105 1741 235 1769 cularinm
251 1741 399 1774 hominum,
409 1750 468 1776 quae
489 1741 567 1769 simul
586 1749 646 1769 eum
661 1742 735 1770 bonis
748 1748 891 1778 congrega-

109 1790 160 1818 tur,
175 1782 273 1820 quibus
287 1790 317 1813 ιιι
329 1780 501 1814 nascerentur
519 1791 546 1813 et
565 1787 617 1821 apti
635 1789 727 1815 tierent
748 1788 829 1815 verbo
850 1789 891 1815 di-

108 1831 177 1862 vino,
191 1831 342 1869 necessaria
352 1836 410 1859 erat
424 1832 468 1859 illa
485 1820 634 1865 multitudo;
649 1834 674 1860 id
689 1834 785 1868 agitur,
798 1838 826 1861 ut
838 1835 892 1869 spi-

109 1875 193 1903 rituali
212 1884 305 1904 amore
325 1883 374 1911 per
390 1877 569 1912 operationem
594 1878 772 1906 ministrorum
787 1880 832 1907 Dei
847 1888 891 1907 sc—

110 1926 243 1954 pareutur.
259 1922 353 1957 Agitur
364 1923 434 1950 enim
449 1931 530 1956 nunc,
546 1928 574 1950 ut
588 1932 639 1951 non
654 1925 722 1957 loco,
737 1925 783 1952 sed
797 1925 892 1952 all'cctu

110 1966 213 1994 interim
233 1972 392 2002 separentur
411 1968 472 1996 boni
493 1976 508 1995 a
528 1969 625 1996 malis:
640 1968 759 2005 quamvis
773 1970 852 1998 simul
864 1968 892 1998 in

110 2012 243 2046 Eeclcsiis,
260 2019 388 2048 quantum
413 2014 507 2041 attinet
530 2014 562 2041 ad
585 2015 747 2049 corporalem
774 2022 891 2049 praesen-

109 2060 178 2091 tiam,
200 2065 404 2087 conversentur.
426 2060 504 2087 Aliud
526 2065 613 2087 autent
638 2061 688 2088 erit
713 2066 825 2096 tempus.
839 2069 892 2095 quo

109 2104 146 2130 vel
160 2104 295 2131 frumenta
309 2104 334 2131 in
358 2105 462 2138 horrea,
474 2105 514 2132 vel
531 2105 590 2132 vina
604 2106 629 2132 in
649 2107 731 2133 cellas
752 2114 893 2141 segregen-

110 2153 159 2175 tur.
177 2148 330 2182 Frumeuta,
345 2149 439 2185 inquit,
452 2151 567 2177 reconde!
579 2151 607 2177 in
629 2151 734 2184 horreis,
747 2151 832 2185 paleas
844 2159 891 2177 au-

107 2198 155 2220 tem
169 2193 299 2221 cantitaret
310 2194 362 2230 igni
371 2195 566 2231 inexslinguibili
580 2195 654 2231 (Luc.
667 2204 705 2230 Ill,
722 2197 777 2231 l7).
793 2197 891 2224 Eodem

108 2247 150 2266 res
164 2240 192 2277 in
206 2240 259 2266 alia
274 2240 443 2268 similitudine
461 2242 500 2268 sic
519 2242 627 2276 intelligi
648 2247 733 2277 potest
744 2253 753 2281 ς,
769 2243 834 2270 Vina
849 2251 892 2270 re-

107 2286 207 2313 condat
217 2286 244 2312 in
259 2286 403 2320 apothecis,
413 2287 513 2314 vinacia
527 2295 590 2315 vero
602 2288 742 2323 pecoribus
757 2289 891 2324 projiciet:

106 2335 136 2356 ut
151 2335 261 2358 ventres
273 2338 396 2365 pecorum
408 2339 455 2366 pro
469 2332 553 2367 poenis
566 2333 747 2368 gehennarum
760 2342 808 2369 per
821 2334 903 2362 simi;

107 2375 250 2402 litudinem
264 2376 409 2411 intelligere
423 2377 510 2404 liceat.

144 2420 171 2447 2.
189 2420 238 2447 Est
249 2420 318 2448 alius
331 2422 477 2450 intellectus
487 2423 520 2450 de
536 2424 719 2456 torcularibus.
728 2425 791 2453 dum
805 2430 892 2454 tamen

104 2466 143 2493 ab
161 2466 342 2494 Ecclesiarum
364 2468 554 2504 signiﬁcatione
579 2478 632 2497 non
655 2471 803 2498 recedatur.
826 2472 892 2500 Nam

103 2518 135 2540 et
149 2513 269 2540 Verbum
288 2514 403 2541 divinvun
424 2519 512 2550 potest
534 2523 584 2542 uva
606 2516 716 2552 intelligi
732 2526 739 2543 :
753 2517 839 2545 dictus
852 2523 894 2545 est

102 2559 179 2585 etaim
201 2563 230 2585 et
253 2558 381 2586 Dominus
400 2560 492 2587 botrus
513 2568 578 2593 uvze,
599 2569 677 2597 qucnt
691 2562 761 2597 ligno
784 2570 894 2599 suspen-

102 2612 183 2638 sum,
204 2604 240 2632 de
266 2610 335 2632 terra
362 2606 554 2640 promissionis,
567 2608 610 2642 qui
634 2609 761 2642 prmuissi
781 2614 856 2636 erant
878 2618 893 2636 a

104 2651 210 2686 mlo
224 2649 316 2683 Israel,
332 2655 456 2687 tanquam
468 2651 623 2680 cruciﬁxum
644 2654 788 2682 attulerunt
800 2654 892 2690 (Num.

106 2704 167 2730 xm,
182 2697 243 2732 24).
261 2697 376 2725 Verbum
391 2698 478 2733 itaque
491 2697 618 2732 divinum,
633 2707 691 2727 cum
707 2701 895 2729 enuntiatiOnis

108 2742 271 2771 necessitate
289 2749 400 2779 usurpat
413 2743 484 2771 vocis
498 2751 603 2777 sonum,
617 2752 669 2779 quo
687 2745 714 2773 in
734 2754 812 2774 aures
831 2755 893 2782 per-

108 2829 170 2891 agi)
187 2830 307 2856 ne‘bocl
323 2837 389 2855 vers.
406 2830 504 2856 consule
517 2833 584 2857 Euar.
597 2831 622 2856 in
638 2834 696 2858 Psal.
714 2840 819 2866 manu,
839 2843 860 2860 ιι.
882 2837 890 2861 l

651 131 844 162 ENARi‘vATll)
864 130 896 157 l.\'
917 130 1077 157 PSALNIU.“
1101 130 1165 157 \'|ll.

1665 132 1713 159 ΗΟ

930 188 1040 215 vehatur
1059 188 1230 220 audientium,
1243 188 1336 216 codem
1355 195 1421 217 sono
1443 188 1517 216 vocis
1535 194 1658 219 tanquam
1673 192 1711 217 ιιι

929 235 1021 268 naciis,
1043 235 1193 263 intellectus
1207 240 1330 270 tanquam
1346 235 1435 263 viuum
1455 235 1599 263 includitur
1613 245 1619 264 :
1635 242 1662 264 et
1675 238 1713 264 sic

929 289 978 310 uva
1001 282 1051 309 ista
1068 282 1093 308 in
1108 289 1186 311 aures
1200 283 1282 314 venit,
1295 282 1370 317 quasi
1390 280 1417 309 in
1439 282 1581 310 calcatoria
1598 283 1714 310 toreula-

929 327 1055 354 riorum‘.
1068 327 1104 355 lbi
1117 328 1187 355 enim
1201 327 1371 360 discernitur,
1383 331 1412 355 ut
1425 334 1506 355 sonus
1519 335 1602 361 usque
1617 327 1650 354 ad
1668 335 1716 355 au-

930 380 973 401 res
995 372 1098 405 valeat;
1118 372 1267 400 intellectus
1288 377 1376 400 autem
1400 373 1530 400 memoria
1555 380 1647 401 eorum
1672 373 1717 409 qtti

930 419 1052 453 audiunt,
1065 419 1137 447 velut
1150 418 1263 454 quodam
1278 418 1335 446 lacu
1347 418 1504 454 excipiatur,
1518 419 1579 446 inde
1599 423 1717 448 transeat

931 464 958 491 in
973 471 1076 492 morum
1095 463 1259 499 disciplinam
1279 468 1306 490 et
1326 463 1442 491 habitum
1466 464 1573 497 mentis,
1591 468 1716 500 tanquam

931 510 965 538 dc
980 511 1037 538 lacu
1051 511 1075 537 in
1086 510 1166 538 cellas
1180 510 1204 537 in
1218 510 1355 545 quibus,si
1367 510 1524 546 negligentia
1540 517 1592 538 non
1605 511 1717 544 acuerit,

932 560 1062 584 vetustate
1075 555 1232 584 ﬁrmabitur.
1249 556 1452 591 Acuit'namque
1465 555 1492 582 in
1503 555 1614 588 Iudaeis,
1627 561 1654 584 et
1667 556 1718 584 hoc

932 607 1008 629 aceto
1036 601 1124 637 (Joan.
1145 609 1203 635 xu,
1221 600 1268 636 29)
1290 602 1429 629 Dominum
1457 604 1637 636 potaveruntf
1651 601 1717 629 Nam

933 648 998 675 illud
1012 648 1100 675 vinum
1121 647 1193 683 quod
1206 647 1239 675 de
1260 647 1431 683 generatione
1453 647 1514 675 vitis
1535 647 1603 675 Novi
1625 647 1719 676 Testa-

934 694 1018 721 menti
1042 694 1172 722 bibiturus
1193 698 1235 722 est
1256 701 1317 721 cum
1341 693 1439 721 sanctis
1465 692 1520 721 suis
1543 693 1671 721 Dominus
1692 693 1720 720 in

934 746 1016 773 regno
1037 738 1122 766 Patris
1137 738 1177 766 sui
1192 738 1266 773 (Luc.
1286 746 1352 772 χχιι,
1369 739 1426 774 18),
1440 739 1627 769 suavissimum
1642 744 1721 776 atque

934 783 1115 812 ﬁrmissimum
1130 784 1165 811 sit
1177 791 1286 811 necesse
1306 789 1357 812 est.

969 830 995 858 5.
1008 829 1099 857 Solent
1112 830 1194 865 accipi
1207 830 1344 858 toreularia
1355 831 1435 859 etiam
1444 831 1580 866 martyris,
1593 835 1718 867 tanquam

935 875 1076 902 alllietionc
1091 876 1302 910 persecutionum
1316 877 1423 906 calcatis
1438 877 1478 905 eis
1499 878 1544 913 qui
1557 878 1656 907 Christi
1673 886 1722 907 no-

936 929 995 949 men
1011 921 1125 949 confessi
1147 926 1218 954 sunt,
1231 922 1354 950 mortalia
1367 930 1459 950 eorum
1476 928 1599 958 tanquam
1621 924 1722 953 vinaCia

936 967 962 995 in
978 972 1047 995 terra
1070 968 1257 1002 remanserint,
1273 969 1368 996 anima:
1380 973 1468 997 autem
1482 969 1508 997 in
1533 969 1651 1004 requiem
1665 977 1722 999 ote—

936 1013 1009 1040 lcstis
1023 1012 1192 1041 habitationis
1205 1014 1395 1042 emanaverint.
1411 1014 1465 1042 Sed
1479 1022 1564 1050 neque
1582 1015 1632 1043 isto
1646 1015 1723 1045 intol-

939 1058 1008 1084 lectu
1020 1057 1054 1084 ab
1065 1058 1242 1086 Eeclesiarum
1260 1057 1462 1087 fructiﬁcatione
1476 1059 1629 1088 disceditur.
1647 1060 1723 1089 Psal—

936 1103 998 1132 litur
1011 1111 1073 1139 ergo
1082 1112 1127 1139 pro
1140 1104 1316 1135 torcularibus.
1331 1112 1378 1139 pro
1389 1105 1513 1134 Ecclesiae
1524 1106 1721 1140 constitutione,

938 1157 998 1177 cttm
1015 1149 1141 1177 Dominus
1157 1154 1247 1177 noster
1267 1154 1407 1186 postquam
1426 1151 1580 1184 resurrexit,
1604 1152 1724 1185 ascendit

938 1195 963 1222 in
978 1195 1071 1224 oculos.
1086 1195 1161 1223 Tunc
1182 1195 1253 1223 enim
1276 1196 1347 1223 misit
1368 1195 1493 1230 Spiritum
1517 1201 1648 1231 sanctum,
1672 1205 1725 1232 quo

938 1241 1038 1275 impleti
1053 1240 1184 1275 discipuli,
1200 1249 1259 1268 cum
1274 1240 1368 1268 ﬁducia
1384 1241 1595 1276 prmdicaveruut
1614 1243 1724 1273 verbum

939 1286 996 1317 Dei.
1011 1291 1039 1313 ut
1052 1286 1176 1314 Ecclesiae
1186 1292 1419 1321 congregarentur.

973 1332 999 1359 4.
1010 1331 1084 1367 [υει-ε.
1096 1331 1135 1369 2.]
1150 1332 1238 1367 Itaque
1247 1331 1343 1359 dicitur
1355 1340 1362 1358 ί
1374 1331 1481 1359 Domine
1491 1332 1614 1360 Dominus
1631 1338 1725 1366 noster.

939 1385 1013 1411 quam
1043 1376 1190 1404 admirabile
1210 1381 1246 1403 est
1265 1385 1355 1404 nomen
1369 1382 1441 1403 tuum
1458 1377 1484 1404 in
1507 1378 1622 1406 universa
1639 1379 1725 1406 terra!

940 1423 1036 1456 Qua‘ro
1046 1423 1116 1451 unde
1138 1423 1173 1450 sit
1184 1422 1340 1451 admirabile
1361 1431 1457 1451 nomen
1476 1423 1532 1458 ejus
1555 1424 1582 1451 in
1603 1424 1726 1455 universa

941 1468 1030 1497 terra?
1042 1468 1226 1505 Respondetur
1242 1478 1248 1495 :
1265 1468 1391 1501 Quoniam
1408 1468 1503 1496 elevata
1513 1474 1549 1496 est
1564 1470 1726 1505 magniﬁcen-

940 1515 975 1541 tia
988 1519 1032 1542 tua
1044 1522 1119 1549 super
1136 1515 1231 1547 σιτίου
1259 1519 1286 1542 ut
1300 1515 1350 1543 istc
1363 1515 1398 1542 sit
1411 1522 1506 1542 sensus
1522 1524 1529 1542 :
1544 1515 1665 1549 Domine,
1680 1518 1726 1552 qui

941 1568 970 1587 es
985 1559 1110 1589 Dominus
1131 1564 1230 1592 noster,
1245 1567 1323 1595 quam
1338 1564 1364 1587 te
1385 1559 1548 1594 admirantur
1566 1568 1660 1590 omnes
1680 1562 1727 1597 qui

940 1606 1059 1634 incolunt
1068 1611 1166 1633 terram
1175 1606 1182 1633 ε
1192 1606 1314 1641 quoniam
1323 1609 1367 1633 tua
1375 1605 1567 1642 magniﬁcentia
1578 1606 1612 1634 de
1623 1612 1726 1635 terrena

940 1650 1088 1678 humilitate
1100 1658 1179 1686 super
1189 1650 1271 1678 caelos
1292 1651 1394 1680 elevata
1413 1655 1463 1679 est.
1479 1651 1546 1680 Hinc
1560 1653 1630 1680 enim
1645 1660 1729 1688 appa-

941 1698 993 1725 ruit
1003 1697 1062 1732 quis
1075 1697 1253 1730 descenderis,
1262 1705 1323 1725 cum
1341 1705 1357 1724 a
1378 1698 1535 1732 quihusdam
1547 1698 1633 1727 visum
1643 1704 1684 1727 est
1697 1703 1726 1728 et

941 1750 955 1769 a
970 1742 1075 1770 caeteris
1091 1742 1219 1770 creditum
1233 1750 1285 1778 quo
1298 1743 1460 1771 ascenderis.
1518 1744 1519 1747 “

975 1787 1002 1816 5.
1018 1786 1091 1823 [υεη.
1107 1786 1146 1824 5.]
1160 1787 1201 1815 Ea:
1218 1796 1261 1814 ore
1283 1788 1418 1823 infantium
1438 1793 1461 1815 et
1483 1789 1625 1816 laetantium
1639 1791 1724 1824 perfe—

941 1832 998 1859 cisn‘
1011 1832 1120 1863 laudem,
1144 1837 1245 1868 propter
1256 1833 1446 1860 inimicostuos.
1465 1833 1522 1860 Non
1537 1841 1642 1867 possunt
1655 1834 1725 1862 acci-

944 1884 1006 1912 pere
1026 1877 1091 1904 alios
1107 1877 1220 1904 infantes
1234 1882 1314 1912 atque
1330 1877 1469 1909 lactentes,
1482 1885 1561 1912 quam
1573 1886 1620 1906 eos
1631 1879 1727 1914 quibus

943 1922 1006 1949 dicit
1017 1922 1159 1956 Apostolus
1174 1930 1180 1948 :
1194 1922 1326 1956 Tanquam
1339 1923 1449 1957 paruulis
1459 1922 1486 1949 in
1498 1922 1596 1950 Christo
1609 1924 1649 1950 lac
1660 1925 1728 1952 vobis

942 1973 1026 2003 polum
1045 1968 1111 2001 dedi,
1128 1976 1177 1994 non
1188 1968 1269 1995 cibum
1281 1967 1304 2003 (l
1315 1968 1373 1995 (.‘or.
1386 1975 1425 2001 ut,
1442 1968 1469 2001 l,
1483 1967 1523 2004 2).
1537 1969 1609 2003 Quos
1625 1970 1727 2005 signiﬁ-

943 2013 1037 2040 cabant
1053 2013 1089 2040 illi
1113 2014 1157 2048 qui
1175 2013 1314 2052 Dominum
1337 2014 1520 2049 praecedebant
1534 2015 1686 2049 laudantes;
1699 2018 1728 2044 in

941 2066 1007 2092 quos
1019 2059 1073 2093 ipse
1090 2059 1215 2086 Dominus
1231 2058 1281 2086 hoc
1299 2060 1450 2088 testimonio
1471 2068 1532 2088 usus
1546 2066 1597 2093 est,
1608 2068 1668 2089 cum
1683 2061 1726 2090 di-

941 2104 1062 2130 centibus
1083 2104 1181 2132 ludatis
1203 2110 1232 2132 ut
1244 2112 1290 2131 eos
1308 2105 1465 2139 corriperet,
1490 2107 1628 2141 respondit
1644 2115 1651 2133 :
1665 2106 1727 2134 Non

942 2149 1034 2184 legistis
1045 2171 1051 2180 ,
1069 2149 1110 2176 Ex
1130 2158 1173 2177 ore
1195 2150 1329 2185 infantium
1347 2156 1369 2178 et
1380 2151 1525 2179 [nolentium
1537 2152 1661 2187 pa‘fect'su'
1670 2153 1727 2179 lau-

945 2193 1002 2218 dem
1020 2192 1124 2226 (Mat/lt.
1138 2201 1192 2224 xxv,
1206 2193 1262 2226 l6)?
1277 2193 1348 2220 Bene
1365 2199 1456 2221 autem
1477 2202 1530 2220 non
1548 2193 1594 2225 ait,
1611 2193 1729 2224 Fecisti;

944 2236 1003 2268 seti,
1021 2236 1151 2271 pel-fecisti
1169 2227 1284 2263 laudem:
1295 2236 1365 2276 sunt
1375 2237 1449 2264 enim
1463 2237 1489 2263 in
1503 2237 1633 2264 Ecelesiis
1644 2237 1728 2266 etiam

945 2282 972 2308 hi
985 2283 1031 2317 qui
1047 2290 1101 2309 non
1115 2282 1170 2316 jam
1184 2283 1253 2310 lacte
1271 2288 1414 2317 potantur,
1432 2282 1479 2310 sed
1492 2287 1643 2309 vescuntur
1654 2282 1728 2315 cibo,

945 2335 1014 2362 quos
1028 2327 1099 2355 idem
1116 2327 1263 2366 Apostolus
1281 2328 1426 2363 signiﬁcat,
1443 2328 1546 2354 dicens.
1563 2326 1729 2363 Sapientiam

945 2375 1076 2409 loquimur
1092 2375 1159 2402 inter
1172 2375 1299 2410 perfectos
1310 2375 1330 2410 (Ι
1347 2374 1407 2401 Cor.
1418 2382 1446 2406 ιι,
1456 2374 1482 2407 6)
1495 2382 1501 2400 :
1512 2374 1559 2402 sed
1571 2382 1625 2402 non
1641 2383 1673 2402 ex
1685 2374 1729 2404 Itis

943 2423 1020 2449 solis“
1030 2422 1210 2457 perlicinntur
1221 2422 1360 2454 Ecclesite,
1379 2421 1442 2455 quia
1452 2421 1474 2448 si
1488 2421 1537 2448 soli
1550 2426 1654 2454 essent,
1672 2429 1728 2450 non

943 2469 1135 2495 consuleretur
1144 2468 1238 2503 generi
1250 2467 1380 2494 humano.
1394 2466 1553 2494 Consulilur
1561 2472 1653 2494 autem
1666 2475 1728 2495 cum

943 2514 982 2542 illi
994 2522 1104 2549 quoque
1115 2514 1238 2541 nondum
1246 2520 1361 2548 capaces
1367 2512 1531 2549 cognitionis
1539 2521 1633 2541 rerum
1645 2514 1730 2549 spiri-

944 2562 1059 2590 tualium
1068 2560 1497 2596 atqueinternarummutriuntur
1505 2560 1559 2589 ﬁde
1568 2562 1729 2597 temporalis

945 2604 1072 2638 historiae,
1087 2611 1146 2639 quae
1159 2611 1207 2638 pro
1229 2603 1315 2631 salute
1338 2609 1426 2631 nostra
1449 2610 1509 2640 post
1522 2605 1689 2633 Patriarchas
1702 2609 1730 2633 et

945 2650 1092 2686 Prophetas
1103 2650 1137 2678 ab
1150 2649 1369 2678 excellentissima
1387 2650 1433 2678 Dei
1454 2650 1556 2680 Virtute
1579 2657 1657 2686 atque
1678 2650 1730 2679 Sa-

945 2695 1041 2731 pientia
1050 2695 1130 2723 etiam
1140 2695 1254 2730 suscepti
1265 2695 1379 2723 hominis
1387 2700 1554 2725 sacramento
1561 2696 1731 2724 administra-

978 2775 986 2791 ¹
1001 2778 1024 2807 tn
1037 2778 1089 2807 Mss.
1101 2773 1207 2807 aliquot.
1227 2774 1271 2800 sed
1288 2774 1454 2806 paucioribus,
1476 2781 1523 2800 nec
1540 2774 1728 2807 amiquiorlbul.

946 2805 1110 2832 tarcularium.
1142 2805 1148 2807 ”
1289 2805 1296 2806 “
1597 2805 1605 2807 “

948 2836 1151 2893 maturat-gms:
1165 2837 1210 2862 sed
1219 2842 1266 2861 non
1278 2842 1311 2870 ea:
1329 2836 1366 2861 his
1382 2834 1554 2867 perﬁciuntur,
1568 2842 1626 2867 etc.,
1640 2836 1728 2862 omissa

948 2874 1007 2892 voce
1011 2885 1016 2895 ι
1024 2876 1035 2893 5
