4046 6200
604 273 699 328 Hi

601 392 651 436 ta
678 390 779 443 est,
807 381 859 433 in
886 393 984 447 qua
1007 374 1150 429 salus
1174 380 1255 427 est
1276 369 1417 424 omni
1444 366 1681 422 credcnti
1716 380 1728 415 :
1760 372 1817 416 ιιι
1854 359 2167 415 auctoritate

600 480 897 528 commotus
931 470 947 499 ¹
1008 461 1282 533 ρνωοεριίε
1344 459 1631 519 inserviat,
1687 453 1874 524 quibus
1923 457 2171 520 purgatus

603 560 958 629 unusquisque
984 564 1037 609 et
1063 555 1113 608 in
1139 552 1397 607 charitatc
1438 547 1700 603 radicatus
1736 552 1895 612 atque
1924 538 2172 595 fundatus

605 653 767 722 possit
791 662 1008 703 currere
1027 662 1148 702 cum
1166 645 1381 706 sanctis,
1406 656 1509 695 non
1528 640 1635 709 jam
1668 636 1915 707 parvulus
1941 634 1993 686 in
2014 632 2169 696 lacte,

600 744 696 799 sed
720 741 929 813 juvenis
954 741 1004 793 in
1031 738 1169 800 cibo,
1198 731 1650 804 comprehendere
1679 725 2028 787 latitudinem,
2057 722 2173 775 lon-

600 835 911 907 gitudinem,
933 831 1261 887 altitudinem
1294 838 1346 881 et
1367 824 1705 896 profundum,
1733 821 1869 875 scire
1897 817 2055 872 etiam
2085 830 2174 868 su-

601 928 1017 997 pereminentem
1066 921 1342 978 scientiam
1395 914 1664 972 charitatis
1714 910 1910 967 Christi
1957 907 2168 979 (Ephes.

601 1017 795 1082 ttt,18,
826 1015 936 1084 l9).

675 1105 726 1160 6.
756 1104 838 1158 Ea:
868 1120 950 1157 ore
977 1101 1245 1173 infantium
1274 1106 1318 1149 et
1347 1096 1633 1151 lactentium
1670 1092 1920 1163 perfecisti
1954 1089 2170 1148 laudem,

554 1258 557 1259 ν
604 1206 806 1266 propter
823 1195 1051 1247 inimicos
1078 1201 1206 1243 tuos.
1236 1187 1481 1241 Inimicos
1503 1185 1623 1238 huic
1649 1179 2030 1251 dispensationi
2056 1193 2173 1247 quae

605 1292 736 1344 facta
767 1298 848 1343 est
875 1303 967 1357 per
996 1285 1177 1341 Jesum
1229 1282 1519 1345 Christum,
1566 1286 1618 1331 et
1657 1276 1798 1330 hunc
1844 1273 2170 1334 crucifixum,

604 1381 919 1453 generaliter
947 1379 1187 1447 accipere
1215 1366 1470 1429 debemus
1496 1385 1683 1426 omnes
1707 1367 1793 1438 qui
1840 1373 2019 1420 vetant
2055 1379 2173 1417 cre-

604 1472 732 1527 dere
761 1468 1044 1539 incognita,
1073 1474 1128 1520 et
1152 1474 1348 1519 certam
1377 1461 1651 1517 scientiam
1668 1457 1982 1529 pollicentur
2003 1470 2019 1519 ;
2042 1453 2179 1507 sicut

605 1563 804 1619 faciunt
848 1559 1085 1615 haeretici
1118 1556 1370 1618 universi,
1417 1562 1472 1609 et
1499 1552 1572 1606 illi
1599 1551 1689 1622 qni
1721 1550 1772 1604 in
1802 1546 2177 1617 supersﬁtione

604 1655 882 1727 gentilium
914 1648 1219 1723 philosophi
1248 1646 1606 1702 nominantur.
1631 1641 1748 1697 Non
1776 1639 1915 1711 quod
1943 1636 2179 1694 scientiae

606 1747 912 1817 pollicitatio
934 1738 1369 1812 reprehendenda
1389 1737 1491 1801 sit;
1511 1735 1603 1790 sed
1624 1732 1762 1804 quod
1791 1731 2009 1801 gradum
2034 1728 2180 1784 salu-

606 1836 895 1894 berrimum
918 1828 975 1890 et
1001 1832 1356 1888 necessarium
1403 1828 1523 1883 ﬁdei
1550 1825 1918 1898 negligendum
1972 1830 2178 1893 putant,

604 1945 702 2000 per
729 1943 884 1998 quem
916 1927 968 1980 in
996 1922 1190 1994 aliquid
1217 1932 1441 1981 certum,
1472 1916 1612 1988 quod
1639 1930 1758 1971 esse
1798 1914 1897 1969 nisi
1925 1921 2180 1967 aeternum

607 2035 715 2076 non
763 2026 956 2089 potest,
1004 2022 1215 2085 oportet
1257 2010 1490 2066 aseendi.
1527 2008 1659 2089 Hinc
1687 2021 1780 2061 eos
1827 2013 2042 2074 apparet
2085 2016 2183 2056 nec

608 2084 783 2181 ipsam
810 2084 1080 2163 scientiam
1112 2104 1330 2166 habere,
1362 2116 1519 2172 quam
1546 2084 1850 2167 cohtempta
1878 2094 1982 2149 fide
2025 2093 2180 2164 polli-

608 2211 830 2266 centur;
859 2199 979 2269 quia
1007 2206 1113 2251 tam
1140 2195 1319 2249 utilem
1347 2207 1410 2246 ac
1442 2189 1797 2246 necessarium
1827 2184 2045 2257 gradum
2068 2183 2183 2253 ejus

610 2295 874 2363 ignorant.
906 2289 988 2343 Ex
1011 2304 1095 2341 ore
1123 2300 1250 2356 ergo
1268 2284 1538 2354 infantium
1560 2292 1605 2335 et
1633 2280 1918 2335 laetantium
1936 2276 2181 2347 perfecit”

613 2382 814 2438 laudent
837 2380 1088 2434 Dominus
1118 2387 1317 2437 noster,
1345 2372 1602 2427 mandans
1626 2370 1799 2440 primo
1831 2384 1923 2437 per
1951 2365 2185 2435 Prophe-

612 2484 740 2532 tam.
772 2472 889 2527 Nisi
910 2468 1238 2531 credideritis,
1262 2483 1361 2520 non
1390 2462 1674 2534 intelligetis
1706 2459 1854 2533 (Isai.
1887 2474 1976 2523 vn,
2005 2457 2060 2523 9,
2084 2473 2181 2511 sec.

612 2563 799 2633 LXX),
826 2569 880 2617 et
908 2560 1023 2630 ipse
1046 2570 1279 2629 prmsens
1334 2554 1535 2619 dicens,
1587 2550 1730 2604 Beati
1773 2550 1857 2619 qui
1903 2565 2003 2602 non
2046 2547 2185 2600 vide-

617 2667 735 2711 runt
763 2665 809 2709 et
837 2651 1070 2707 credituri
1096 2658 1209 2705 sunt
1225 2649 1404 2717 (Joan.
1436 2661 1533 2711 xx,
1568 2643 1675 2712 l9).
1696 2641 1911 2712 Propter
1930 2639 2184 2693 inimicos:

614 2757 799 2804 contra
823 2758 956 2816 quos
981 2744 1139 2799 etiam
1171 2739 1299 2795 illud
1329 2738 1522 2792 dicitur
1550 2754 1562 2788 :
1591 2733 1843 2803 Conﬁteor
1872 2731 1976 2797 tibi,
2010 2729 2186 2783 Domi-

615 2858 678 2895 ne
704 2840 815 2893 caeli
842 2848 889 2892 et
918 2846 1086 2900 terrae,
1114 2833 1233 2901 quia
1261 2816 1567 2883 abscondisti
1593 2828 1699 2880 hinc
1725 2841 1756 2877 a
1781 2820 2112 2892 sapientibus,
2142 2827 2187 2874 et

615 2929 839 2984 revelasti
886 2943 945 2981 ea
992 2923 1212 2993 parvulis
1258 2919 1467 2991 (Matth.
1510 2915 1749 2995 ιιηεὸ).
1797 2916 1839 2968 Α
1866 2913 2188 2984 sapientibus

618 3022 759 3075 enim
788 3017 941 3082 dixit,
975 3030 1078 3068 non
1122 3012 1212 3081 qui
1241 3009 1510 3079 sapientes
1538 3016 1681 3073 sunt,
1714 3004 1807 3060 sed
1833 3004 1923 3075 qui
1969 3016 2087 3057 esse
2131 3015 2190 3056 se

618 3121 824 3183 putant.
863 3107 931 3163 Ut
950 3109 1178 3161 destruas
1200 3103 1457 3156 inimicum
1476 3108 1522 3152 et
1547 3099 1858 3175 defensorem
1877 3092 1972 3165 (a).
1996 3092 2185 3160 Quem,

622 3181 1089 3277 nisihzcreticum‘?
1115 3194 1243 3249 Nam
1288 3201 1341 3248 et
1371 3192 1483 3261 ipse
1503 3197 1585 3244 est
1623 3187 1867 3241 inimicus
1913 3193 1967 3240 et
2010 3181 2191 3237 defen-

623 3275 732 3356 sor,
764 3293 851 3363 qui
898 3290 1052 3344 ﬁdem
1096 3286 1438 3341 christianam
1480 3296 1604 3336 cum
1650 3286 1939 3350 oppugnet,
1988 3275 2192 3330 videtur

622 3382 928 3439 defendere.
954 3379 1266 3447 Quanquam
1304 3374 1462 3429 etiam
1486 3369 1791 3443 philosophi
1830 3367 1984 3438 hujus
2010 3363 2191 3419 mundi

626 3477 761 3531 bene
791 3472 1150 3542 intelligantur
1174 3465 1373 3522 inimici
1395 3475 1447 3519 et
1489 3461 1796 3517 defensores
1823 3479 1837 3514 :
1867 3457 2192 3529 quandoqui-

624 3570 744 3624 dem
797 3565 960 3619 Filius
1005 3562 1096 3617 Dei
1148 3559 1327 3613 Virtus
1369 3564 1421 3611 et
1467 3553 1733 3623 Sapientia
1781 3551 1870 3604 Dei
1923 3558 2037 3614 est,
2090 3561 2192 3616 qua

626 3662 915 3714 illustratur
943 3653 1113 3707 omnis
1158 3649 1394 3721 quisquis
1442 3647 1660 3700 veritate
1700 3644 1909 3713 sapiens
1946 3640 2191 3695 efﬁcitur.

628 3751 793 3821 Ilujus
837 3749 910 3803 illi
941 3762 997 3802 se
1026 3753 1288 3799 amatores
1329 3754 1446 3795 esse
1481 3737 1813 3808 proﬁtentur,
1858 3732 1996 3787 unde
2037 3730 2194 3785 etiam

632 3840 931 3913 philosophi
960 3837 1294 3893 nominantur
1326 3840 1419 3886 :et
1451 3837 1729 3900 propterea
1776 3827 1919 3881 illam
1945 3823 2191 3877 videntur

633 3932 937 3992 defendere,
967 3943 1086 3983 cum
1116 3924 1311 3980 inimici
1338 3922 1444 3978 sint
1469 3920 1583 3989 ejus
1608 3935 1622 3982 ;
1649 3918 1896 3986 quoniam
1941 3914 2193 3984 supersti-

632 4023 803 4075 tiones
832 4020 1035 4080 noxias,
1057 4026 1112 4071 ut
1142 4016 1381 4071 colantur
1408 4022 1461 4065 et
1490 4018 1805 4065 venerentur
1834 4006 1989 4076 hujus
2016 4004 2194 4059 mundi

634 4116 921 4175 elementa,
954 4108 1175 4161 suadere
1203 4119 1309 4160 non
1338 4109 1569 4159 cessant.
1970 4084 1981 4095 ’

702 4204 758 4256 7.
805 4197 954 4272 [vers.
982 4196 1056 4268 4].
1095 4196 1345 4261 Quoniam
1370 4194 1540 4247 videbo
1566 4192 1714 4245 caelos
1743 4199 1853 4243 tuos
1871 4189 1913 4250 ³,
1941 4204 2093 4257 opera
2118 4187 2197 4239 di-

638 4297 854 4366 gitorum
868 4302 1083 4344 tuorum.
1111 4287 1357 4357 Legimus
1373 4285 1533 4354 digito
1550 4285 1640 4338 Dei
1656 4282 1901 4350 scriptam
1916 4280 2129 4349 Legem,
2144 4287 2199 4332 et

635 4389 810 4442 datam
842 4397 934 4453 per
962 4379 1177 4451 Moysen
1206 4384 1443 4430 sanctum
1467 4389 1677 4427 servum
1698 4371 1812 4442 ejus
1831 4370 2021 4439 (Exod.
2046 4384 2193 4433 xxxi,

638 4480 734 4542 l8;
755 4477 906 4532 Deut.
927 4490 1000 4536 ix,
1024 4469 1112 4544 l0)
1145 4488 1157 4523 :
1187 4483 1342 4540 quem
1366 4467 1585 4536 digitum
1611 4466 1703 4521 Dei
1732 4464 1881 4519 multi
1907 4463 2198 4530 intelligunt

636 4569 887 4639 Spiritum
915 4572 1175 4621 sanctum.
1202 4560 1532 4629 Quapropter
1551 4558 1592 4611 si
1619 4557 1809 4625 digitos
1836 4555 1951 4619 Dei,
1983 4554 2197 4608 eosdem

641 4662 783 4729 ipsos
811 4658 1079 4713 ministros
1100 4650 1297 4723 Spiritu
1318 4658 1501 4704 sancto
1522 4647 1771 4715 replet0s,
1795 4653 2008 4714 propter
2029 4643 2199 4712 ipsum

640 4753 889 4823 Spiritum
914 4750 1001 4820 qui
1027 4749 1078 4803 in
1108 4748 1186 4802 eis
1228 4751 1497 4814 operatur,
1539 4729 1681 4793 recte
1720 4737 2026 4813 accipimus,
2070 4749 2202 4805 quo-

644 4846 783 4899 niam
814 4842 1151 4913 pcreosdem
1182 4838 1337 4893 nobis
1373 4834 1545 4889 omnis
1571 4831 1744 4886 divina
1776 4829 2046 4898 Scriptura
2073 4843 2199 4882 con-

640 4936 774 4991 lecta
804 4944 917 4999 est;
949 4933 1324 4987 convenienter
1363 4925 1702 4997 intelligimus
1749 4924 1847 4978 hoc
1891 4923 2008 4977 loco
2036 4922 2201 4976 caelos

704 5094 719 5121 ι
744 5098 843 5137 am.
868 5093 944 5135 Er.
969 5092 1021 5136 et
1034 5084 1336 5146 plures_ttss.,
1360 5078 1681 5132 commonitus.

705 5132 942 5198 {sici/tm.
967 5132 1053 5194 ἑὲἶ
1077 5132 1130 5196 et
1152 5132 1345 5207 aliquot
1380 5151 1486 5192 Mss.
1516 5149 1571 5191 Et
1612 5138 1767 5207 p_aulo_
1789 5135 1942 5207 infra,
1980 5132 2204 5203 plerique

899 5207 999 5271 ipse
1028 5196 1462 5271 praesens'dicens,
1499 5210 1595 5253 etc.
1614 5196 1950 5263 '[perfecisti...
1982 5196 2083 5259 ipse
2117 5196 2204 5259 per

643 5286 979 5382 κ’δῦδῗιέροίω
1003 5336 1105 5377 Mss.
1130 5328 1370 5383 omittunt,
1396 5330 1499 5374 tuos
1528 5335 1673 5386 :quae
1696 5319 1908 5386 quidem
1926 5316 2160 5386 particula
2167 5329 2206 5386 _a

646 5380 1373 5454 Lxxvintepretationeaberat';
1397 5386 1484 5433 sed
1512 5380 1619 5454 post
1655 5380 1731 5454 ρι’
1748 5380 2083 5454 Theodotionis
2102 5380 2205 5451 edi-

649 5443 780 5507 tione
797 5443 1059 5503 fuit'addita
1091 5449 1182 5498 sub
1212 5443 1461 5506 asterisco,
1484 5443 1623 5495 sicuti
1643 5445 1787 5494 docet
1809 5444 2136 5503 Hieronymus,
2159 5443 2205 5489 in

649 5519 790 5583 Epist.
814 5515 917 5573 135,
942 5511 1224 5583 adsumam.

712 5563 788 5641 (av),
809 5563 1138 5641 Hancpartem
1156 5568 1335 5641 versu?)
1343 5573 1523 5641 tractat
1547 5569 1663 5641 item
1676 5563 1977 5641 .{tugustiqt'ts
1996 5563 2045 5635 in
2068 5568 2204 5641 war.

652 5622 871 5697 Ρείῖίὲίιζ
888 5622 1062 5698 ἰωῆςωῄ
1077 5644 1178 5698 pro,
1204 5635 1250 5680 et
1273 5629 1584 5698 defensorem,
1598 5628 1713 5677 dicit
1738 5622 1981 5677 nonnullis
2010 5625 2059 5674 in
2080 5624 2208 5674 codi-

648 5688 788 5752 cibus
810 5688 1176 5755 véﬁus'haberi,
1198 5698 1242 5742 et
1265 5688 1475 5741 ultorem.

1829 251 1887 305 S.
1930 243 2288 302 AUGUSTINI
2336 242 2634 297 EPISCOPI

3734 237 3844 293 H‘Z

2277 355 2447 409 dictos
2478 357 2637 410 libros
2667 356 2935 425 utriusque
2962 353 3299 409 Testamenti.
3331 354 3535 409 Dictum
3563 364 3643 408 cst
3666 363 3845 409 autem

2278 449 2434 501 etiam
2461 448 2527 501 de
2550 449 2664 517 ipso
2692 448 2866 517 Moyse
2892 461 2922 500 a
2976 448 3143 517 magis
3191 448 3326 516 regis
3357 446 3666 511 Pharaonis,
3719 461 3844 500 cum

2277 539 2343 591 ab
2369 553 2434 593 eo
2464 540 2692 608 superati
2738 546 2935 604 essent,
2967 536 3166 608 Digitus
3187 536 3283 590 Dei
3312 548 3382 590 est
3418 538 3496 591 hic
3517 536 3707 609 (Exod.
3727 554 3843 600 vui,

2279 629 2401 697 l9);
2432 640 2485 685 et
2513 630 2650 700 quod
2679 631 2929 699 scriptum
2966 639 3067 696 est,
3098 628 3290 683 Cwlum
3319 627 3584 697 plicabitur
3624 629 3751 681 sicut
3777 630 3843 680 li-

2277 722 2361 775 ber
2407 721 2554 793 (Isai.
2612 739 2797 786 xxxn',
2844 722 2920 792 4),
2956 722 3115 776 etiam
3151 721 3194 774 si
3225 720 3292 776 de
3319 721 3418 774 isto
3444 720 3675 776 aethereo
3707 721 3846 775 οωιο

2276 812 2473 867 dictum
2504 824 2605 879 est,
2629 829 2860 883 congrue
2886 822 3059 868 tamen
3086 828 3150 868 ex
3168 812 3266 867 hac
3294 812 3477 868 eadem
3504 812 3845 868 similitudine

2278 906 2329 958 in
2359 905 2605 975 allegoria
2632 905 2882 959 librorum
2910 905 3030 960 caeli
3048 905 3406 959 nominantur.
3434 904 3684 970 Quoniam
3709 906 3845 958 vide-

2279 998 2359 1058 bo,
2406 995 2593 1064 inquit,
2646 996 2815 1058 cwlos,
2863 1011 3016 1065 opera
3055 995 3325 1065 digitorum
3369 1004 3567 1047 tuorum
3595 1010 3613 1047 :
3644 994 3693 1047 id
3742 1004 3845 1058 est,

2279 1102 2492 1141 cernam
2562 1097 2616 1142 et
2676 1088 2961 1157 intelligam
3025 1086 3341 1156 Scripturas,
3414 1102 3545 1155 quas
3594 1098 3847 1156 operante

2280 1178 2477 1249 Spiritu
2502 1190 2683 1234 sancto
2715 1195 2811 1249 per
2834 1180 3105 1234 ministros
3135 1187 3250 1233 tuos
3289 1179 3670 1247 conscripsisti.

2349 1271 2402 1326 8.
2436 1271 2658 1326 Possunt
2706 1271 2881 1341 itaque
2921 1271 3079 1325 etiam
3124 1269 3363 1340 superius
3395 1269 3515 1323 coeli
3569 1269 3845 1335 nominati,

2280 1363 2439 1418 iidem
2470 1362 2585 1417 libri
2633 1363 2822 1432 accipi,
2869 1362 2955 1417 ubi
2998 1363 3091 1427 ait,
3123 1361 3374 1429 Quoniam
3412 1362 3601 1415 elevata
3625 1370 3695 1415 est
3734 1377 3847 1414 nta-

2281 1455 2571 1525 gniﬁcentia
2595 1465 2682 1507 tua
2720 1470 2870 1524 super
2897 1452 3087 1516 mlas;
3127 1461 3182 1506 ut
3211 1460 3351 1507 totus
3394 1452 3493 1506 iste
3533 1452 3602 1506 sit
3637 1466 3848 1514 sensus.

2280 1549 2537 1616 Quoniam
2578 1546 2962 1617 magniﬁcentia
3004 1555 3089 1599 tua
3115 1544 3315 1600 elevata
3340 1553 3424 1599 est
3446 1559 3604 1613 super
3630 1543 3799 1599 ccelos
3830 1561 3843 1597 :

2282 1640 2503 1695 Excedit
2524 1638 2670 1695 enim
2700 1636 3085 1709 magniﬁcentia
3104 1645 3193 1692 tua
3211 1636 3444 1692 omnium
3465 1636 3850 1706 Scripturarum

2281 1731 2643 1802 eloquia;.ex
2689 1745 2782 1785 ore
2828 1728 3102 1783 infantium
3150 1737 3206 1782 et
3249 1728 3551 1783 lactentium
3583 1726 3851 1797 perlecisti

2282 1822 2512 1888 laudem,
2561 1832 2617 1876 ut
2655 1836 2685 1875 a
2732 1820 2835 1876 ﬁde
2860 1818 3247 1890 Scripturarum
3296 1818 3608 1888 inciperent,
3634 1818 3721 1888 qui
3750 1832 3850 1870 cu-

2282 1913 2431 1983 piunt
2458 1912 2526 1966 ad
2570 1920 2673 1966 tuae
2701 1889 3108 1981 magniﬁcentia)
3145 1908 3384 1963 notitiam
3415 1889 3706 1977 pervenire,
3730 1922 3855 1977 qua!

2283 2019 2446 2075 super
2473 2003 2777 2073 Scripturas
2806 2002 3009 2058 elevata
3036 2008 3137 2065 est,
3176 1999 3295 2070 quia
3326 1999 3513 2054 transit
3554 2007 3608 2053 et
3638 2005 3856 2067 superat

2283 2095 2519 2150 omnium
2550 2094 2832 2150 verborum
2856 2093 3260 2162 linguarumque
3288 2089 3571 2160 praeconia.
3623 2086 3856 2142 Inclinao

2284 2187 2361 2242 vit
2386 2200 2511 2256 ergo
2533 2185 2832 2254 Scripturas
2851 2184 2989 2238 Deus
3004 2178 3182 2252 usque
3197 2181 3261 2235 ad
3283 2181 3554 2235 infantium
3575 2190 3629 2233 et
3650 2180 3855 2234 lacten-

2286 2278 2415 2332 tium
2441 2276 2808 2346 capacitatem,
2854 2274 2989 2327 sicut
3026 2273 3078 2327 in
3123 2272 3227 2326 alio
3268 2270 3469 2339 psalmo
3519 2270 3721 2322 canitur
3749 2288 3766 2323 :
3796 2268 3857 2322 Et

2285 2369 2542 2423 inclinavit
2576 2368 2776 2434 cretum,
2803 2375 2848 2420 et
2868 2364 3121 2418 descendit
3152 2363 3319 2435 (Psal.
3344 2378 3470 2423 xv“.
3501 2360 3615 2430 l9).
3662 2360 3725 2414 Et
3755 2359 3858 2435 hoc

2288 2459 2416 2516 fecit
2440 2467 2658 2529 propter
2684 2430 2945 2517 inimicos,
2979 2454 3067 2523 qui
3094 2430 3187 2523 per
3217 2451 3515 2522 superbiam
3560 2430 3861 2520 loquacitao

2294 2551 2401 2605 tis‘
2432 2547 2628 2602 inimici
2658 2546 2831 2601 crucis
2872 2543 3091 2608 Christi,
3145 2543 3301 2596 etiam
3345 2557 3466 2596 cum
3508 2540 3680 2609 aliqua
3727 2556 3858 2595 vera

2285 2642 2492 2706 dicunt,
2520 2638 2751 2710 parvulis
2794 2646 2969 2691 tamen
3007 2619 3061 2689 et
3097 2632 3407 2688 lactentibus
3447 2631 3697 2701 prodesse
3738 2645 3850 2683 non

2289 2741 2527 2805 possunt.
2560 2732 2634 2786 ita
2658 2728 2949 2785 destruitur
2974 2727 3218 2781 inimicus
3245 2736 3301 2781 et
3328 2723 3593 2786 defensor,
3621 2723 3708 2792 qui
3737 2723 3857 2776 sive

2290 2824 2626 2895 sapientiam,
2670 2820 2781 2874 sive
2817 2818 2974 2873 etiam
3000 2816 3196 2871 Christi
3238 2830 3429 2869 nomen
3457 2813 3739 2868 defendere
3770 2813 3853 2866 vi—

2289 2916 2498 2981 deatur,
2548 2914 2615 2966 ab
2656 2910 2812 2979 hujus
2848 2918 3021 2962 tamen
3067 2906 3229 2978 gradu
3271 2904 3389 2959 ﬁdei
3437 2911 3699 2973 oppugnat
3737 2917 3860 2956 eam

2294 3008 2571 3063 veritatem
2616 3017 2772 3074 quam
2817 3000 3205 3071 promptissime
3233 2997 3525 3077 pollicetur.
3570 2995 3863 3063 Propterea

2244 3162 2247 3163 ν
2291 3098 2450 3153 etiam
2480 3096 2621 3150 illam
2653 3108 2756 3148 non
2785 3091 2981 3146 habere
3000 3089 3361 3151 convincitur;
3393 3087 3513 3156 quia
3543 3102 3862 3157 oppugnan-

2291 3188 2360 3243 do
2383 3186 2601 3258 gradum
2643 3184 2778 3253 ejus,
2821 3181 2962 3251 quod
3003 3190 3085 3235 est
3120 3179 3270 3245 ﬁdes,
3318 3177 3764 3247 quemadmodum
3810 3177 3861 3230 in

2292 3295 2409 3335 eam
2439 3275 2845 3339 conscendatur,
2877 3273 3103 3343 ignorat.
3134 3271 3263 3325 llinc
3290 3284 3416 3339 ergo
3454 3269 3742 3323 destruitur
3786 3275 3863 3321 te-

2293 3369 2550 3425 merarius
2579 3376 2635 3421 et
2659 3379 2833 3421 creetis
2860 3363 3176 3433 pollicitator
3204 3361 3457 3423 veritatis,
3506 3360 3593 3429 qui
3632 3369 3711 3413 est
3764 3360 3863 3413 ini-

2294 3462 2461 3517 micus
2486 3468 2539 3514 et
2564 3458 2832 3519 defensor,
2865 3471 2983 3510 cum
3031 3454 3273 3508 videntur
3316 3453 3433 3508 ρωΙί
3474 3467 3632 3521 opera
3662 3450 3862 3519 digito-

2295 3570 2410 3609 rum
2462 3552 2574 3616 Dei,
2628 3549 2679 3603 id
2711 3559 2810 3612 est,
2854 3546 3215 3614 intelliguntur
3261 3544 3548 3611 Scriptura:
3594 3540 3863 3610 perdurent:

2298 3660 2459 3715 usque
2488 3643 2552 3697 ad
2576 3641 2850 3697 infantium
2878 3639 3197 3693 tarditatem.
3237 3647 3289 3690 et
3315 3652 3408 3690 eos
3456 3652 3546 3704 per
3596 3636 3866 3689 humilita-

2297 3744 2402 3790 tem
2447 3733 2710 3787 historica:
2758 3729 2901 3791 ﬁdei,
2934 3745 3049 3799 quae
3093 3726 3452 3797 temporaliter
3487 3738 3632 3795 gesta
3656 3734 3757 3785 est,
3799 3724 3864 3778 ad

2298 3827 2671 3883 sublimitatem
2717 3821 3077 3893 intelligentia:
3120 3835 3296 3874 rerum
3344 3828 3659 3873 internarum
3725 3817 3865 3871 bene

2298 3918 2525 3974 nutritos
2569 3925 2621 3970 et
2651 3915 2925 3968 roboratos
2953 3913 3158 3982 erigunt
3202 3911 3251 3964 in
3284 3925 3344 3964 ea
3367 3925 3481 3978 qua:
3523 3909 3864 3963 conﬁrmant.

2298 4009 2389 4064 Isti
2408 4008 2599 4078 quippe
2622 4005 2763 4071 casti,
2793 4004 2843 4058 id
2869 4004 3060 4066 est,isti
3090 4002 3224 4063 libri,
3249 4016 3407 4070 opera
3435 4011 3556 4053 sunt
3580 3999 3866 4067 digitorum

2301 4102 2431 4165 Dei;
2464 4108 2647 4155 sancto
2671 4097 2865 4153 etenim
2890 4095 3084 4165 Spiritu
3130 4096 3178 4148 in
3206 4095 3400 4148 sanctis
3426 4104 3700 4167 operante,
3727 4108 3867 4147 con-

2301 4193 2423 4247 fecti
2452 4198 2575 4245 sunt
2600 4208 2613 4244 :
2641 4204 2760 4242 nam
2790 4187 2876 4256 qui
2905 4186 3124 4256 gloriam
3150 4200 3297 4238 suam
3330 4185 3498 4253 potius
3531 4200 3687 4251 quam
3715 4185 3868 4237 salu-

2301 4294 2405 4340 tem
2438 4284 2707 4337 hominnm
2741 4278 3097 4338 attenderunt,
3138 4275 3251 4329 sine
3280 4274 3476 4344 Spiritu
3498 4285 3678 4329 sancto
3704 4275 3871 4330 locuti

2302 4384 2443 4437 sunt,
2475 4375 2525 4428 in
2554 4386 2657 4441 quo
2686 4379 2809 4425 sunt
2838 4370 3039 4424 viscera
3071 4365 3444 4420 misericordiae
3474 4365 3585 4418 Dei.

2371 4467 2424 4523 9.
2469 4465 2719 4531 Quoniam
2744 4462 2915 4515 videbo
2950 4460 3120 4522 corios,
3165 4474 3317 4526 opera
3344 4456 3611 4526 digitorum
3638 4467 3867 4522 tuorum,

2304 4559 2475 4613 lunam
2504 4565 2549 4610 et
2586 4552 2759 4608 stellas
2797 4569 2920 4623 quas
2959 4562 3011 4603 tu
3054 4550 3298 4619 fundasti.
3350 4548 3494 4602 Luna
3534 4556 3584 4600 et
3613 4547 3783 4601 stellae
3816 4550 3871 4602 in

2303 4648 2453 4702 caelis
2494 4654 2617 4700 sunt
2657 4643 2886 4697 fundatae
2914 4658 2928 4696 :
2957 4640 3077 4710 quia
3100 4648 3153 4693 et
3180 4635 3491 4691 universalis
3538 4635 3774 4689 Ecclesia
3818 4637 3875 4692 in

2305 4737 2455 4807 cujus
2489 4749 2632 4806 saepe
2660 4731 3044 4803 signiﬁcatione
3074 4730 3192 4782 luna
3226 4727 3456 4797 ponitur,
3482 4735 3534 4780 et
3575 4724 3876 4794 particula-

2308 4830 2399 4882 tim
2430 4842 2524 4897 per
2548 4827 2664 4881 loca
2694 4823 2899 4893 singula
2930 4820 3179 4874 Ecclesiae
3202 4834 3332 4889 quas
3354 4819 3561 4872 nomine
3587 4816 3872 4874 stellarum

2308 4920 2598 4976 insinuatas
2646 4916 2890 4977 arbitror,
2941 4913 2997 4967 in
3037 4911 3234 4967 eisdem
3268 4910 3547 4980 Scripturis
3595 4908 3880 4965 collocatze

2308 5020 2450 5076 sunt,
2490 5024 2620 5080 quas
2658 5006 2915 5063 cmlorum
2943 5003 3200 5057 vocabulo
3226 5003 3420 5073 positas
3447 5000 3731 5055 credimus.
3764 5002 3884 5055 Cur

2309 5112 2483 5157 autem
2513 5103 2635 5154 luna
2657 5113 2802 5152 reete
2830 5096 3088 5167 signiﬁcet
3114 5096 3421 5158 Ecclesiam,
3446 5094 3803 5164 opportunius
3826 5096 3881 5147 in

2310 5193 2415 5248 alio
2444 5191 2646 5260 psalmo
2672 5187 3115 5251 considerabitur,
3146 5187 3235 5241 ubi
3261 5186 3455 5239 dictum
3480 5194 3597 5239 est:
3630 5182 3888 5238 Peccatu-

2310 5302 2388 5341 γει
2426 5282 2740 5336 intenderunt
2772 5294 2977 5343 arcum,
3030 5286 3084 5331 ut
3124 5278 3357 5348 sagittent
3399 5277 3452 5329 in
3490 5274 3699 5329 obscura
3753 5277 3889 5329 luna

2311 5385 2469 5430 rectos
2485 5371 2633 5426 corde
2655 5366 2823 5437 (Psal.
2854 5384 2913 5435 x,
2934 5367 3011 5438 3).

2384 5464 2473 5521 l0.
2514 5461 2661 5535 [vers.
2693 5459 2772 5533 5.]
2814 5459 2948 5527 Quid
2977 5469 3048 5515 est
3092 5459 3258 5525 homo,
3296 5457 3417 5528 quia
3443 5472 3631 5511 memor
3657 5472 3706 5510 es
3735 5459 3887 5526 ejus,

2378 5622 2393 5652 ι
2425 5626 2554 5677 t.ov.,
2571 5614 2652 5687 qui
2673 5613 3201 5687 superbajoquacitale.
3231 5621 3286 5665 At
3310 5614 3426 5668 editi
3449 5613 3527 5665 alii
3566 5618 3618 5665 et
3645 5620 3773 5675 Mss,
3800 5615 3892 5678 qui

2314 5695 2402 5747 per
2422 5676 2689 5743 superbiam
2706 5676 3015 5741 loquacitatis.
