  <div class='ocr_page' id='page_1' title='image "/cluster/home/n/w/nwhite01/storage/ocr_20150623/36/hvd.32044096580584/064.png"; bbox 0 0 2023 3100; ppageno 0'>
   <div class='ocr_carea' id='block_1_1' title="bbox 17 2834 20 2848">
    <p class='ocr_par' dir='ltr' id='par_1_1' title="bbox 17 2834 20 2848">
     <span class='ocr_line' id='line_1_1' title="bbox 17 2834 20 2848; baseline 0 0"><span class='ocrx_word' id='word_1_1' title='bbox 17 2834 20 2848; x_wconf 78' lang='lat' dir='ltr'><strong>l</strong></span> 
     </span>
    </p>
   </div>
   <div class='ocr_carea' id='block_1_2' title="bbox 74 197 1694 234">
    <p class='ocr_par' dir='ltr' id='par_1_2' title="bbox 74 197 1694 234">
     <span class='ocr_line' id='line_1_2' title="bbox 74 197 1694 234; baseline 0.001 -7"><span class='ocrx_word' id='word_1_2' title='bbox 74 199 123 227; x_wconf 76' lang='lat' dir='ltr'><strong>H3</strong></span> <span class='ocrx_word' id='word_1_3' title='bbox 618 198 817 229; x_wconf 77' lang='lat' dir='ltr'><strong>ENARRA&#39;I&#39;IO</strong></span> <span class='ocrx_word' id='word_1_4' title='bbox 835 197 868 227; x_wconf 80' lang='lat' dir='ltr'><strong>IN</strong></span> <span class='ocrx_word' id='word_1_5' title='bbox 889 198 1049 227; x_wconf 79' lang='lat' dir='ltr'><strong>PSALMUM</strong></span> <span class='ocrx_word' id='word_1_6' title='bbox 1069 200 1134 228; x_wconf 73' lang='lat' dir='ltr'><strong>Vlll.</strong></span> <span class='ocrx_word' id='word_1_7' title='bbox 1644 206 1694 234; x_wconf 67' lang='lat' dir='ltr'><strong>tu</strong></span> 
     </span>
    </p>
   </div>
   <div class='ocr_carea' id='block_1_3' title="bbox 74 255 859 290">
    <p class='ocr_par' dir='ltr' id='par_1_3' title="bbox 74 255 859 290">
     <span class='ocr_line' id='line_1_3' title="bbox 74 255 859 290; baseline 0 -8"><span class='ocrx_word' id='word_1_8' title='bbox 74 261 116 282; x_wconf 81' lang='lat' dir='ltr'><strong>aut</strong></span> <span class='ocrx_word' id='word_1_9' title='bbox 130 255 205 290; x_wconf 79' lang='lat' dir='ltr'><strong>ﬁlius</strong></span> <span class='ocrx_word' id='word_1_10' title='bbox 214 255 333 287; x_wconf 80' lang='lat' dir='ltr'><strong>hominis,</strong></span> <span class='ocrx_word' id='word_1_11' title='bbox 348 256 466 290; x_wconf 82' lang='lat' dir='ltr'><strong>quoniam</strong></span> <span class='ocrx_word' id='word_1_12' title='bbox 477 259 502 282; x_wconf 87' lang='lat' dir='ltr'><strong>tu</strong></span> <span class='ocrx_word' id='word_1_13' title='bbox 515 255 600 282; x_wconf 81' lang='lat' dir='ltr'><strong>visitas</strong></span> <span class='ocrx_word' id='word_1_14' title='bbox 613 264 669 283; x_wconf 85' lang='lat' dir='ltr'><strong>eum</strong></span> <span class='ocrx_word' id='word_1_15' title='bbox 679 256 691 282; x_wconf 69' lang='lat'><strong>.9</strong></span> <span class='ocrx_word' id='word_1_16' title='bbox 702 255 769 289; x_wconf 81' lang='lat' dir='ltr'><strong>Quid</strong></span> <span class='ocrx_word' id='word_1_17' title='bbox 790 256 859 282; x_wconf 80' lang='lat' dir='ltr'><strong>inter</strong></span> 
     </span>
    </p>
   </div>
   <div class='ocr_carea' id='block_1_4' title="bbox 75 300 858 335">
    <p class='ocr_par' dir='ltr' id='par_1_4' title="bbox 75 300 858 335">
     <span class='ocr_line' id='line_1_4' title="bbox 75 300 858 335; baseline -0.003 -7"><span class='ocrx_word' id='word_1_18' title='bbox 75 302 209 329; x_wconf 85' lang='lat' dir='ltr'><strong>hominem</strong></span> <span class='ocrx_word' id='word_1_19' title='bbox 232 305 260 329; x_wconf 91' lang='lat' dir='ltr'><strong>et</strong></span> <span class='ocrx_word' id='word_1_20' title='bbox 280 300 362 328; x_wconf 93' lang='lat' dir='ltr'><strong>ﬁlium</strong></span> <span class='ocrx_word' id='word_1_21' title='bbox 378 301 492 328; x_wconf 83' lang='lat' dir='ltr'><strong>hominis</strong></span> <span class='ocrx_word' id='word_1_22' title='bbox 514 300 604 333; x_wconf 86' lang='lat' dir='ltr'><strong>distet,</strong></span> <span class='ocrx_word' id='word_1_23' title='bbox 619 301 710 335; x_wconf 66' lang='lat' dir='ltr'><strong>quaeri</strong></span> <span class='ocrx_word' id='word_1_24' title='bbox 721 305 822 335; x_wconf 74' lang='lat' dir='ltr'><strong>potest;</strong></span> <span class='ocrx_word' id='word_1_25' title='bbox 837 300 858 326; x_wconf 85' lang='lat' dir='ltr'><strong>si</strong></span> 
     </span>
    </p>
   </div>
   <div class='ocr_carea' id='block_1_5' title="bbox 74 346 858 381">
    <p class='ocr_par' dir='ltr' id='par_1_5' title="bbox 74 346 858 381">
     <span class='ocr_line' id='line_1_5' title="bbox 74 346 858 381; baseline -0.004 -6"><span class='ocrx_word' id='word_1_26' title='bbox 74 349 143 375; x_wconf 77' lang='lat' dir='ltr'><strong>enim</strong></span> <span class='ocrx_word' id='word_1_27' title='bbox 165 347 231 375; x_wconf 85' lang='lat' dir='ltr'><strong>nihil</strong></span> <span class='ocrx_word' id='word_1_28' title='bbox 252 346 374 381; x_wconf 73' lang='lat' dir='ltr'><strong>distaret,</strong></span> <span class='ocrx_word' id='word_1_29' title='bbox 389 354 440 374; x_wconf 92' lang='lat' dir='ltr'><strong>non</strong></span> <span class='ocrx_word' id='word_1_30' title='bbox 456 347 489 374; x_wconf 89' lang='lat' dir='ltr'><strong>ita</strong></span> <span class='ocrx_word' id='word_1_31' title='bbox 505 352 656 381; x_wconf 79' lang='lat' dir='ltr'><strong>poneretur,</strong></span> <span class='ocrx_word' id='word_1_32' title='bbox 670 347 754 379; x_wconf 89' lang='lat' dir='ltr'><strong>homo,</strong></span> <span class='ocrx_word' id='word_1_33' title='bbox 770 351 813 372; x_wconf 82' lang='lat' dir='ltr'><strong>aut</strong></span> <span class='ocrx_word' id='word_1_34' title='bbox 826 346 858 378; x_wconf 82' lang='lat' dir='ltr'><strong><em>ﬁ-</em></strong></span> 
     </span>
    </p>
   </div>
   <div class='ocr_carea' id='block_1_6' title="bbox 73 392 858 427">
    <p class='ocr_par' dir='ltr' id='par_1_6' title="bbox 73 392 858 427">
     <span class='ocr_line' id='line_1_6' title="bbox 73 392 858 427; baseline -0.004 -7"><span class='ocrx_word' id='word_1_35' title='bbox 73 394 120 420; x_wconf 78' lang='lat' dir='ltr'><strong>lius</strong></span> <span class='ocrx_word' id='word_1_36' title='bbox 133 393 246 420; x_wconf 80' lang='lat' dir='ltr'><strong>hominis</strong></span> <span class='ocrx_word' id='word_1_37' title='bbox 256 413 263 425; x_wconf 92' lang='lat'><strong>,</strong></span> <span class='ocrx_word' id='word_1_38' title='bbox 277 400 326 427; x_wconf 89' lang='lat' dir='ltr'><strong>per</strong></span> <span class='ocrx_word' id='word_1_39' title='bbox 335 392 549 427; x_wconf 85' lang='lat' dir='ltr'><strong>disjunctionem.</strong></span> <span class='ocrx_word' id='word_1_40' title='bbox 563 392 627 419; x_wconf 84' lang='lat' dir='ltr'><strong>Nam</strong></span> <span class='ocrx_word' id='word_1_41' title='bbox 641 393 662 419; x_wconf 89' lang='lat' dir='ltr'><strong>si</strong></span> <span class='ocrx_word' id='word_1_42' title='bbox 677 393 711 418; x_wconf 81' lang='lat' dir='ltr'><strong>ita</strong></span> <span class='ocrx_word' id='word_1_43' title='bbox 734 392 858 426; x_wconf 90' lang='lat' dir='ltr'><strong>scriptum</strong></span> 
     </span>
    </p>
   </div>
   <div class='ocr_carea' id='block_1_7' title="bbox 73 437 859 472">
    <p class='ocr_par' dir='ltr' id='par_1_7' title="bbox 73 437 859 472">
     <span class='ocr_line' id='line_1_7' title="bbox 73 437 859 472; baseline -0.003 -8"><span class='ocrx_word' id='word_1_44' title='bbox 73 444 143 466; x_wconf 50' lang='lat' dir='ltr'><strong>rgat</strong></span> <span class='ocrx_word' id='word_1_45' title='bbox 160 438 251 472; x_wconf 85' lang='lat' dir='ltr'><strong>:Quid</strong></span> <span class='ocrx_word' id='word_1_46' title='bbox 275 443 315 465; x_wconf 89' lang='lat' dir='ltr'><strong>est</strong></span> <span class='ocrx_word' id='word_1_47' title='bbox 339 437 418 464; x_wconf 88' lang='lat' dir='ltr'><strong>homo</strong></span> <span class='ocrx_word' id='word_1_48' title='bbox 441 438 503 472; x_wconf 92' lang='lat' dir='ltr'><strong>quia</strong></span> <span class='ocrx_word' id='word_1_49' title='bbox 514 444 616 464; x_wconf 88' lang='lat' dir='ltr'><strong>memor</strong></span> <span class='ocrx_word' id='word_1_50' title='bbox 627 445 656 464; x_wconf 89' lang='lat' dir='ltr'><strong>es</strong></span> <span class='ocrx_word' id='word_1_51' title='bbox 668 437 735 472; x_wconf 82' lang='lat' dir='ltr'><strong>ejus,</strong></span> <span class='ocrx_word' id='word_1_52' title='bbox 751 442 778 463; x_wconf 87' lang='lat' dir='ltr'><strong>et</strong></span> <span class='ocrx_word' id='word_1_53' title='bbox 792 437 859 463; x_wconf 84' lang='lat' dir='ltr'><strong>ﬁlius</strong></span> 
     </span>
    </p>
   </div>
   <div class='ocr_carea' id='block_1_8' title="bbox 73 481 861 518">
    <p class='ocr_par' dir='ltr' id='par_1_8' title="bbox 73 481 861 518">
     <span class='ocr_line' id='line_1_8' title="bbox 73 481 861 518; baseline -0.003 -8"><span class='ocrx_word' id='word_1_54' title='bbox 73 484 192 510; x_wconf 90' lang='lat' dir='ltr'><strong>hominis</strong></span> <span class='ocrx_word' id='word_1_55' title='bbox 210 484 334 518; x_wconf 90' lang='lat' dir='ltr'><strong>quoniam</strong></span> <span class='ocrx_word' id='word_1_56' title='bbox 357 482 449 509; x_wconf 88' lang='lat' dir='ltr'><strong>visilas</strong></span> <span class='ocrx_word' id='word_1_57' title='bbox 472 490 548 509; x_wconf 88' lang='lat' dir='ltr'><strong>eum:</strong></span> <span class='ocrx_word' id='word_1_58' title='bbox 563 482 703 517; x_wconf 88' lang='lat' dir='ltr'><strong>repetitum</strong></span> <span class='ocrx_word' id='word_1_59' title='bbox 727 481 861 509; x_wconf 75' lang='lat' dir='ltr'><strong>videretur</strong></span> 
     </span>
    </p>
   </div>
   <div class='ocr_carea' id='block_1_9' title="bbox 73 527 859 561">
    <p class='ocr_par' dir='ltr' id='par_1_9' title="bbox 73 527 859 561">
     <span class='ocr_line' id='line_1_9' title="bbox 73 527 859 561; baseline 0 -8"><span class='ocrx_word' id='word_1_60' title='bbox 73 529 142 561; x_wconf 78' lang='lat' dir='ltr'><strong>quod</strong></span> <span class='ocrx_word' id='word_1_61' title='bbox 158 529 258 556; x_wconf 87' lang='lat' dir='ltr'><strong>dictum</strong></span> <span class='ocrx_word' id='word_1_62' title='bbox 276 533 327 560; x_wconf 88' lang='lat' dir='ltr'><strong>est,</strong></span> <span class='ocrx_word' id='word_1_63' title='bbox 345 529 434 559; x_wconf 87' lang='lat' dir='ltr'><strong>homo;</strong></span> <span class='ocrx_word' id='word_1_64' title='bbox 448 536 517 554; x_wconf 88' lang='lat' dir='ltr'><strong>nunc</strong></span> <span class='ocrx_word' id='word_1_65' title='bbox 530 535 594 555; x_wconf 86' lang='lat' dir='ltr'><strong>vero</strong></span> <span class='ocrx_word' id='word_1_66' title='bbox 605 535 665 555; x_wconf 88' lang='lat' dir='ltr'><strong>cum</strong></span> <span class='ocrx_word' id='word_1_67' title='bbox 677 531 763 560; x_wconf 85' lang='lat' dir='ltr'><strong>sonat,</strong></span> <span class='ocrx_word' id='word_1_68' title='bbox 775 527 859 558; x_wconf 85' lang='lat' dir='ltr'><strong>homo.</strong></span> 
     </span>
    </p>
   </div>
   <div class='ocr_carea' id='block_1_10' title="bbox 73 572 859 607">
    <p class='ocr_par' dir='ltr' id='par_1_10' title="bbox 73 572 859 607">
     <span class='ocr_line' id='line_1_10' title="bbox 73 572 859 607; baseline 0 -8"><span class='ocrx_word' id='word_1_69' title='bbox 73 579 114 599; x_wconf 79' lang='lat' dir='ltr'><strong>mu</strong></span> <span class='ocrx_word' id='word_1_70' title='bbox 138 575 208 607; x_wconf 78' lang='lat' dir='ltr'><strong>[ilius</strong></span> <span class='ocrx_word' id='word_1_71' title='bbox 228 574 346 606; x_wconf 83' lang='lat' dir='ltr'><strong>hominis,</strong></span> <span class='ocrx_word' id='word_1_72' title='bbox 370 573 532 600; x_wconf 78' lang='lat' dir='ltr'><strong>manifestior</strong></span> <span class='ocrx_word' id='word_1_73' title='bbox 556 573 702 601; x_wconf 73' lang='lat' dir='ltr'><strong>insinuatur</strong></span> <span class='ocrx_word' id='word_1_74' title='bbox 726 572 859 600; x_wconf 78' lang='lat' dir='ltr'><strong>distantia.</strong></span> 
     </span>
    </p>
   </div>
   <div class='ocr_carea' id='block_1_11' title="bbox 76 617 861 653">
    <p class='ocr_par' dir='ltr' id='par_1_11' title="bbox 76 617 861 653">
     <span class='ocr_line' id='line_1_11' title="bbox 76 617 861 653; baseline -0.003 -7"><span class='ocrx_word' id='word_1_75' title='bbox 76 620 128 646; x_wconf 81' lang='lat' dir='ltr'><strong>llnc</strong></span> <span class='ocrx_word' id='word_1_76' title='bbox 144 627 211 646; x_wconf 84' lang='lat' dir='ltr'><strong>sane</strong></span> <span class='ocrx_word' id='word_1_77' title='bbox 232 619 398 646; x_wconf 85' lang='lat' dir='ltr'><strong>retinendum</strong></span> <span class='ocrx_word' id='word_1_78' title='bbox 415 624 465 651; x_wconf 85' lang='lat' dir='ltr'><strong>est,</strong></span> <span class='ocrx_word' id='word_1_79' title='bbox 482 619 541 653; x_wconf 89' lang='lat' dir='ltr'><strong>quia</strong></span> <span class='ocrx_word' id='word_1_80' title='bbox 564 618 649 645; x_wconf 90' lang='lat' dir='ltr'><strong>omnis</strong></span> <span class='ocrx_word' id='word_1_81' title='bbox 662 618 730 645; x_wconf 87' lang='lat' dir='ltr'><strong>ﬁlius</strong></span> <span class='ocrx_word' id='word_1_82' title='bbox 747 617 861 644; x_wconf 85' lang='lat' dir='ltr'><strong>hominis</strong></span> 
     </span>
    </p>
   </div>
   <div class='ocr_carea' id='block_1_12' title="bbox 76 663 861 699">
    <p class='ocr_par' dir='ltr' id='par_1_12' title="bbox 76 663 861 699">
     <span class='ocr_line' id='line_1_12' title="bbox 76 663 861 699; baseline 0 -10"><span class='ocrx_word' id='word_1_83' title='bbox 76 666 166 696; x_wconf 83' lang='lat' dir='ltr'><strong>homo,</strong></span> <span class='ocrx_word' id='word_1_84' title='bbox 180 665 301 699; x_wconf 83' lang='lat' dir='ltr'><strong>quamvis</strong></span> <span class='ocrx_word' id='word_1_85' title='bbox 315 673 366 691; x_wconf 90' lang='lat' dir='ltr'><strong>non</strong></span> <span class='ocrx_word' id='word_1_86' title='bbox 381 665 466 691; x_wconf 84' lang='lat' dir='ltr'><strong>omnis</strong></span> <span class='ocrx_word' id='word_1_87' title='bbox 480 664 559 690; x_wconf 87' lang='lat' dir='ltr'><strong>homo</strong></span> <span class='ocrx_word' id='word_1_88' title='bbox 573 663 643 690; x_wconf 89' lang='lat' dir='ltr'><strong>ﬁlius</strong></span> <span class='ocrx_word' id='word_1_89' title='bbox 656 663 768 690; x_wconf 90' lang='lat' dir='ltr'><strong>hominis</strong></span> <span class='ocrx_word' id='word_1_90' title='bbox 779 663 861 697; x_wconf 79' lang='lat' dir='ltr'><strong>possit</strong></span> 
     </span>
    </p>
   </div>
   <div class='ocr_carea' id='block_1_13' title="bbox 78 708 859 745">
    <p class='ocr_par' dir='ltr' id='par_1_13' title="bbox 78 708 859 745">
     <span class='ocr_line' id='line_1_13' title="bbox 78 708 859 745; baseline -0.003 -9"><span class='ocrx_word' id='word_1_91' title='bbox 78 711 188 745; x_wconf 75' lang='lat' dir='ltr'><strong>intelligi</strong></span> <span class='ocrx_word' id='word_1_92' title='bbox 202 720 208 737; x_wconf 89' lang='lat'><strong>:</strong></span> <span class='ocrx_word' id='word_1_93' title='bbox 226 711 309 738; x_wconf 80' lang='lat' dir='ltr'><strong>Adam</strong></span> <span class='ocrx_word' id='word_1_94' title='bbox 323 711 419 745; x_wconf 84' lang='lat' dir='ltr'><strong>quippe</strong></span> <span class='ocrx_word' id='word_1_95' title='bbox 431 711 518 742; x_wconf 87' lang='lat' dir='ltr'><strong>homo,</strong></span> <span class='ocrx_word' id='word_1_96' title='bbox 531 709 577 736; x_wconf 85' lang='lat' dir='ltr'><strong>sed</strong></span> <span class='ocrx_word' id='word_1_97' title='bbox 591 717 642 737; x_wconf 94' lang='lat' dir='ltr'><strong>non</strong></span> <span class='ocrx_word' id='word_1_98' title='bbox 656 709 724 736; x_wconf 88' lang='lat' dir='ltr'><strong>ﬁlius</strong></span> <span class='ocrx_word' id='word_1_99' title='bbox 734 708 859 736; x_wconf 84' lang='lat' dir='ltr'><strong>hominis.</strong></span> 
     </span>
    </p>
   </div>
   <div class='ocr_carea' id='block_1_14' title="bbox 76 754 860 791">
    <p class='ocr_par' dir='ltr' id='par_1_14' title="bbox 76 754 860 791">
     <span class='ocr_line' id='line_1_14' title="bbox 76 754 860 791; baseline -0.003 -8"><span class='ocrx_word' id='word_1_100' title='bbox 76 758 243 791; x_wconf 79' lang='lat' dir='ltr'><strong>Quapropter</strong></span> <span class='ocrx_word' id='word_1_101' title='bbox 259 756 319 783; x_wconf 86' lang='lat' dir='ltr'><strong>hinc</strong></span> <span class='ocrx_word' id='word_1_102' title='bbox 332 756 386 788; x_wconf 89' lang='lat' dir='ltr'><strong>jam</strong></span> <span class='ocrx_word' id='word_1_103' title='bbox 406 757 467 783; x_wconf 87' lang='lat' dir='ltr'><strong>licet</strong></span> <span class='ocrx_word' id='word_1_104' title='bbox 483 755 619 783; x_wconf 83' lang='lat' dir='ltr'><strong>attendere</strong></span> <span class='ocrx_word' id='word_1_105' title='bbox 631 759 712 790; x_wconf 88' lang='lat' dir='ltr'><strong>atque</strong></span> <span class='ocrx_word' id='word_1_106' title='bbox 725 754 860 782; x_wconf 84' lang='lat' dir='ltr'><strong>discerne-</strong></span> 
     </span>
    </p>
   </div>
   <div class='ocr_carea' id='block_1_15' title="bbox 78 799 861 836">
    <p class='ocr_par' dir='ltr' id='par_1_15' title="bbox 78 799 861 836">
     <span class='ocr_line' id='line_1_15' title="bbox 78 799 861 836; baseline -0.004 -7"><span class='ocrx_word' id='word_1_107' title='bbox 78 811 116 834; x_wconf 87' lang='lat' dir='ltr'><strong>re,</strong></span> <span class='ocrx_word' id='word_1_108' title='bbox 133 802 196 836; x_wconf 87' lang='lat' dir='ltr'><strong>quid</strong></span> <span class='ocrx_word' id='word_1_109' title='bbox 214 802 263 828; x_wconf 89' lang='lat' dir='ltr'><strong>hoc</strong></span> <span class='ocrx_word' id='word_1_110' title='bbox 278 802 305 828; x_wconf 91' lang='lat' dir='ltr'><strong>in</strong></span> <span class='ocrx_word' id='word_1_111' title='bbox 329 801 386 828; x_wconf 88' lang='lat' dir='ltr'><strong>loco</strong></span> <span class='ocrx_word' id='word_1_112' title='bbox 402 802 469 827; x_wconf 82' lang='lat' dir='ltr'><strong>inter</strong></span> <span class='ocrx_word' id='word_1_113' title='bbox 484 801 616 827; x_wconf 75' lang='lat' dir='ltr'><strong>hominem</strong></span> <span class='ocrx_word' id='word_1_114' title='bbox 632 804 660 827; x_wconf 90' lang='lat' dir='ltr'><strong>et</strong></span> <span class='ocrx_word' id='word_1_115' title='bbox 674 800 758 827; x_wconf 88' lang='lat' dir='ltr'><strong>tilium</strong></span> <span class='ocrx_word' id='word_1_116' title='bbox 775 799 861 826; x_wconf 82' lang='lat' dir='ltr'><strong>homi—</strong></span> 
     </span>
    </p>
   </div>
   <div class='ocr_carea' id='block_1_16' title="bbox 79 845 860 881">
    <p class='ocr_par' dir='ltr' id='par_1_16' title="bbox 79 845 860 881">
     <span class='ocr_line' id='line_1_16' title="bbox 79 845 860 881; baseline 0 -8"><span class='ocrx_word' id='word_1_117' title='bbox 79 848 117 873; x_wconf 87' lang='lat' dir='ltr'><strong>nis</strong></span> <span class='ocrx_word' id='word_1_118' title='bbox 127 848 212 874; x_wconf 85' lang='lat' dir='ltr'><strong>distet</strong></span> <span class='ocrx_word' id='word_1_119' title='bbox 226 856 232 873; x_wconf 88' lang='lat'><strong>:</strong></span> <span class='ocrx_word' id='word_1_120' title='bbox 249 852 276 872; x_wconf 90' lang='lat' dir='ltr'><strong>ut</strong></span> <span class='ocrx_word' id='word_1_121' title='bbox 290 847 334 881; x_wconf 89' lang='lat' dir='ltr'><strong>qui</strong></span> <span class='ocrx_word' id='word_1_122' title='bbox 352 852 457 881; x_wconf 86' lang='lat' dir='ltr'><strong>portant</strong></span> <span class='ocrx_word' id='word_1_123' title='bbox 469 847 607 880; x_wconf 79' lang='lat' dir='ltr'><strong>imaginem</strong></span> <span class='ocrx_word' id='word_1_124' title='bbox 624 845 720 873; x_wconf 90' lang='lat' dir='ltr'><strong>terreni</strong></span> <span class='ocrx_word' id='word_1_125' title='bbox 736 845 860 873; x_wconf 85' lang='lat' dir='ltr'><strong>hominis.</strong></span> 
     </span>
    </p>
   </div>
   <div class='ocr_carea' id='block_1_17' title="bbox 78 890 863 926">
    <p class='ocr_par' dir='ltr' id='par_1_17' title="bbox 78 890 863 926">
     <span class='ocr_line' id='line_1_17' title="bbox 78 890 863 926; baseline -0.004 -7"><span class='ocrx_word' id='word_1_126' title='bbox 78 893 119 926; x_wconf 89' lang='lat' dir='ltr'><strong>qui</strong></span> <span class='ocrx_word' id='word_1_127' title='bbox 136 900 187 919; x_wconf 90' lang='lat' dir='ltr'><strong>non</strong></span> <span class='ocrx_word' id='word_1_128' title='bbox 199 896 242 919; x_wconf 87' lang='lat' dir='ltr'><strong>est</strong></span> <span class='ocrx_word' id='word_1_129' title='bbox 256 893 325 919; x_wconf 88' lang='lat' dir='ltr'><strong>lilius</strong></span> <span class='ocrx_word' id='word_1_130' title='bbox 340 892 464 924; x_wconf 75' lang='lat' dir='ltr'><strong>hominis,</strong></span> <span class='ocrx_word' id='word_1_131' title='bbox 479 892 615 918; x_wconf 85' lang='lat' dir='ltr'><strong>hominum</strong></span> <span class='ocrx_word' id='word_1_132' title='bbox 636 891 742 918; x_wconf 88' lang='lat' dir='ltr'><strong>nomine</strong></span> <span class='ocrx_word' id='word_1_133' title='bbox 763 890 863 925; x_wconf 74' lang='lat' dir='ltr'><strong>signiﬁ-</strong></span> 
     </span>
    </p>
   </div>
   <div class='ocr_carea' id='block_1_18' title="bbox 78 936 862 973">
    <p class='ocr_par' dir='ltr' id='par_1_18' title="bbox 78 936 862 973">
     <span class='ocr_line' id='line_1_18' title="bbox 78 936 862 973; baseline -0.004 -8"><span class='ocrx_word' id='word_1_134' title='bbox 78 943 189 969; x_wconf 84' lang='lat' dir='ltr'><strong>centur;</strong></span> <span class='ocrx_word' id='word_1_135' title='bbox 205 939 248 973; x_wconf 89' lang='lat' dir='ltr'><strong>qui</strong></span> <span class='ocrx_word' id='word_1_136' title='bbox 268 944 356 965; x_wconf 85' lang='lat' dir='ltr'><strong>autem</strong></span> <span class='ocrx_word' id='word_1_137' title='bbox 372 943 475 973; x_wconf 89' lang='lat' dir='ltr'><strong>portant</strong></span> <span class='ocrx_word' id='word_1_138' title='bbox 492 938 632 972; x_wconf 81' lang='lat' dir='ltr'><strong>imaginem</strong></span> <span class='ocrx_word' id='word_1_139' title='bbox 646 937 761 964; x_wconf 72' lang='lat' dir='ltr'><strong>cmlestis</strong></span> <span class='ocrx_word' id='word_1_140' title='bbox 775 936 862 963; x_wconf 89' lang='lat' dir='ltr'><strong>homi-</strong></span> 
     </span>
    </p>
   </div>
   <div class='ocr_carea' id='block_1_19' title="bbox 79 984 859 1021">
    <p class='ocr_par' dir='ltr' id='par_1_19' title="bbox 79 984 859 1021">
     <span class='ocr_line' id='line_1_19' title="bbox 79 984 859 1021; baseline -0.003 -9"><span class='ocrx_word' id='word_1_141' title='bbox 79 986 118 1013; x_wconf 61' lang='lat' dir='ltr'><strong>nis</strong></span> <span class='ocrx_word' id='word_1_142' title='bbox 134 986 154 1020; x_wconf 89' lang='lat' dir='ltr'><strong>(I</strong></span> <span class='ocrx_word' id='word_1_143' title='bbox 168 985 227 1013; x_wconf 86' lang='lat' dir='ltr'><strong>Cor.</strong></span> <span class='ocrx_word' id='word_1_144' title='bbox 242 993 289 1018; x_wconf 76' lang='lat' dir='ltr'><strong>xv,</strong></span> <span class='ocrx_word' id='word_1_145' title='bbox 302 984 357 1021; x_wconf 72' lang='grc'><strong>49),</strong></span> <span class='ocrx_word' id='word_1_146' title='bbox 374 985 418 1012; x_wconf 90' lang='lat' dir='ltr'><strong>ﬁlii</strong></span> <span class='ocrx_word' id='word_1_147' title='bbox 436 985 572 1011; x_wconf 82' lang='lat' dir='ltr'><strong>hominum</strong></span> <span class='ocrx_word' id='word_1_148' title='bbox 587 985 674 1019; x_wconf 87' lang='lat' dir='ltr'><strong>potius</strong></span> <span class='ocrx_word' id='word_1_149' title='bbox 686 984 859 1019; x_wconf 85' lang='lat' dir='ltr'><strong>appellentur.</strong></span> 
     </span>
    </p>
   </div>
   <div class='ocr_carea' id='block_1_20' title="bbox 81 1031 862 1064">
    <p class='ocr_par' dir='ltr' id='par_1_20' title="bbox 81 1031 862 1064">
     <span class='ocr_line' id='line_1_20' title="bbox 81 1031 862 1064; baseline 0 -7"><span class='ocrx_word' id='word_1_150' title='bbox 81 1032 124 1058; x_wconf 87' lang='lat' dir='ltr'><strong>llle</strong></span> <span class='ocrx_word' id='word_1_151' title='bbox 151 1032 221 1058; x_wconf 89' lang='lat' dir='ltr'><strong>enim</strong></span> <span class='ocrx_word' id='word_1_152' title='bbox 237 1037 264 1059; x_wconf 87' lang='lat' dir='ltr'><strong>et</strong></span> <span class='ocrx_word' id='word_1_153' title='bbox 291 1037 366 1059; x_wconf 86' lang='lat' dir='ltr'><strong>vetus</strong></span> <span class='ocrx_word' id='word_1_154' title='bbox 389 1032 467 1058; x_wconf 89' lang='lat' dir='ltr'><strong>homo</strong></span> <span class='ocrx_word' id='word_1_155' title='bbox 481 1032 586 1064; x_wconf 80' lang='lat' dir='ltr'><strong>dicitur,</strong></span> <span class='ocrx_word' id='word_1_156' title='bbox 610 1031 660 1058; x_wconf 84' lang='lat' dir='ltr'><strong>iste</strong></span> <span class='ocrx_word' id='word_1_157' title='bbox 673 1034 762 1058; x_wconf 84' lang='lat' dir='ltr'><strong>autem</strong></span> <span class='ocrx_word' id='word_1_158' title='bbox 778 1038 862 1057; x_wconf 86' lang='lat' dir='ltr'><strong>novus</strong></span> 
     </span>
    </p>
   </div>
   <div class='ocr_carea' id='block_1_21' title="bbox 80 1075 863 1111">
    <p class='ocr_par' dir='ltr' id='par_1_21' title="bbox 80 1075 863 1111">
     <span class='ocr_line' id='line_1_21' title="bbox 80 1075 863 1111; baseline 0 -9"><span class='ocrx_word' id='word_1_159' title='bbox 80 1076 185 1111; x_wconf 71' lang='lat' dir='ltr'><strong>(Ep/tes.</strong></span> <span class='ocrx_word' id='word_1_160' title='bbox 202 1085 237 1107; x_wconf 84' lang='lat' dir='ltr'><strong>iv.</strong></span> <span class='ocrx_word' id='word_1_161' title='bbox 253 1077 297 1109; x_wconf 72' lang='lat'><strong>2‘2,</strong></span> <span class='ocrx_word' id='word_1_162' title='bbox 321 1077 367 1110; x_wconf 62' lang='grc'><strong>24)</strong></span> <span class='ocrx_word' id='word_1_163' title='bbox 382 1086 387 1103; x_wconf 93' lang='lat'><em>:</em></span> <span class='ocrx_word' id='word_1_164' title='bbox 402 1077 448 1104; x_wconf 88' lang='lat' dir='ltr'><strong>sed</strong></span> <span class='ocrx_word' id='word_1_165' title='bbox 473 1085 556 1103; x_wconf 87' lang='lat' dir='ltr'><strong>novus</strong></span> <span class='ocrx_word' id='word_1_166' title='bbox 574 1084 606 1104; x_wconf 77' lang='lat' dir='ltr'><strong>ex</strong></span> <span class='ocrx_word' id='word_1_167' title='bbox 623 1081 713 1104; x_wconf 86' lang='lat' dir='ltr'><strong>vetere</strong></span> <span class='ocrx_word' id='word_1_168' title='bbox 734 1075 863 1109; x_wconf 86' lang='lat' dir='ltr'><strong>nascitur,</strong></span> 
     </span>
    </p>
   </div>
   <div class='ocr_carea' id='block_1_22' title="bbox 80 1118 865 1156">
    <p class='ocr_par' dir='ltr' id='par_1_22' title="bbox 80 1118 865 1156">
     <span class='ocr_line' id='line_1_22' title="bbox 80 1118 865 1156; baseline 0.001 -9"><span class='ocrx_word' id='word_1_169' title='bbox 80 1123 201 1155; x_wconf 87' lang='lat' dir='ltr'><strong>quoniam</strong></span> <span class='ocrx_word' id='word_1_170' title='bbox 224 1123 367 1156; x_wconf 84' lang='lat' dir='ltr'><strong>spiritualis</strong></span> <span class='ocrx_word' id='word_1_171' title='bbox 379 1118 543 1156; x_wconf 72' lang='lat' dir='ltr'><strong>regeneratio</strong></span> <span class='ocrx_word' id='word_1_172' title='bbox 566 1122 711 1149; x_wconf 88' lang='lat' dir='ltr'><strong>mutatione</strong></span> <span class='ocrx_word' id='word_1_173' title='bbox 735 1121 796 1149; x_wconf 66' lang='lat' dir='ltr'><strong>vitae</strong></span> <span class='ocrx_word' id='word_1_174' title='bbox 812 1126 865 1148; x_wconf 82' lang='lat' dir='ltr'><strong>ter-</strong></span> 
     </span>
    </p>
   </div>
   <div class='ocr_carea' id='block_1_23' title="bbox 81 1167 864 1202">
    <p class='ocr_par' dir='ltr' id='par_1_23' title="bbox 81 1167 864 1202">
     <span class='ocr_line' id='line_1_23' title="bbox 81 1167 864 1202; baseline 0.001 -8"><span class='ocrx_word' id='word_1_175' title='bbox 81 1175 147 1194; x_wconf 62' lang='grc' dir='ltr'><strong>τυτΙὶῐὲ</strong></span> <span class='ocrx_word' id='word_1_176' title='bbox 160 1173 243 1202; x_wconf 85' lang='lat' dir='ltr'><strong>atque</strong></span> <span class='ocrx_word' id='word_1_177' title='bbox 266 1168 400 1194; x_wconf 69' lang='lat' dir='ltr'><strong>scccularis</strong></span> <span class='ocrx_word' id='word_1_178' title='bbox 423 1167 580 1199; x_wconf 85' lang='lat' dir='ltr'><strong>inchoatur;</strong></span> <span class='ocrx_word' id='word_1_179' title='bbox 599 1171 626 1195; x_wconf 88' lang='lat' dir='ltr'><strong>et</strong></span> <span class='ocrx_word' id='word_1_180' title='bbox 645 1167 705 1195; x_wconf 90' lang='lat' dir='ltr'><strong>ideo</strong></span> <span class='ocrx_word' id='word_1_181' title='bbox 719 1167 770 1195; x_wconf 82' lang='lat' dir='ltr'><strong>iste</strong></span> <span class='ocrx_word' id='word_1_182' title='bbox 795 1167 864 1195; x_wconf 84' lang='lat' dir='ltr'><strong>ﬁlius</strong></span> 
     </span>
    </p>
   </div>
   <div class='ocr_carea' id='block_1_24' title="bbox 83 1213 863 1248">
    <p class='ocr_par' dir='ltr' id='par_1_24' title="bbox 83 1213 863 1248">
     <span class='ocr_line' id='line_1_24' title="bbox 83 1213 863 1248; baseline 0.003 -10"><span class='ocrx_word' id='word_1_183' title='bbox 83 1214 193 1239; x_wconf 84' lang='lat' dir='ltr'><strong>hominis</strong></span> <span class='ocrx_word' id='word_1_184' title='bbox 209 1218 383 1247; x_wconf 76' lang='lat' dir='ltr'><strong>nuncupatur.</strong></span> <span class='ocrx_word' id='word_1_185' title='bbox 400 1213 483 1240; x_wconf 89' lang='lat' dir='ltr'><strong>Ilomo</strong></span> <span class='ocrx_word' id='word_1_186' title='bbox 496 1214 576 1248; x_wconf 79' lang='lat' dir='ltr'><strong>igitur</strong></span> <span class='ocrx_word' id='word_1_187' title='bbox 589 1213 640 1240; x_wconf 89' lang='lat' dir='ltr'><strong>hoc</strong></span> <span class='ocrx_word' id='word_1_188' title='bbox 651 1213 710 1240; x_wconf 89' lang='lat' dir='ltr'><strong>loco</strong></span> <span class='ocrx_word' id='word_1_189' title='bbox 724 1217 765 1241; x_wconf 88' lang='lat' dir='ltr'><strong>est</strong></span> <span class='ocrx_word' id='word_1_190' title='bbox 778 1217 863 1240; x_wconf 89' lang='lat' dir='ltr'><strong>terre-</strong></span> 
     </span>
    </p>
   </div>
   <div class='ocr_carea' id='block_1_25' title="bbox 84 1259 863 1294">
    <p class='ocr_par' dir='ltr' id='par_1_25' title="bbox 84 1259 863 1294">
     <span class='ocr_line' id='line_1_25' title="bbox 84 1259 863 1294; baseline 0.001 -9"><span class='ocrx_word' id='word_1_191' title='bbox 84 1268 136 1290; x_wconf 78' lang='lat' dir='ltr'><strong>nus,</strong></span> <span class='ocrx_word' id='word_1_192' title='bbox 151 1260 220 1286; x_wconf 86' lang='lat' dir='ltr'><strong>titius</strong></span> <span class='ocrx_word' id='word_1_193' title='bbox 241 1264 328 1286; x_wconf 85' lang='lat' dir='ltr'><strong>autem</strong></span> <span class='ocrx_word' id='word_1_194' title='bbox 354 1260 468 1286; x_wconf 89' lang='lat' dir='ltr'><strong>hominis</strong></span> <span class='ocrx_word' id='word_1_195' title='bbox 481 1259 618 1287; x_wconf 77' lang='lat' dir='ltr'><strong>caelestis:</strong></span> <span class='ocrx_word' id='word_1_196' title='bbox 636 1263 664 1287; x_wconf 86' lang='lat' dir='ltr'><strong>et</strong></span> <span class='ocrx_word' id='word_1_197' title='bbox 676 1259 721 1287; x_wconf 92' lang='lat' dir='ltr'><strong>ille</strong></span> <span class='ocrx_word' id='word_1_198' title='bbox 731 1259 807 1294; x_wconf 89' lang='lat' dir='ltr'><strong>longe</strong></span> <span class='ocrx_word' id='word_1_199' title='bbox 820 1266 863 1286; x_wconf 88' lang='lat' dir='ltr'><strong>se-</strong></span> 
     </span>
    </p>
   </div>
   <div class='ocr_carea' id='block_1_26' title="bbox 83 1306 864 1341">
    <p class='ocr_par' dir='ltr' id='par_1_26' title="bbox 83 1306 864 1341">
     <span class='ocr_line' id='line_1_26' title="bbox 83 1306 864 1341; baseline 0.005 -12"><span class='ocrx_word' id='word_1_200' title='bbox 83 1306 183 1338; x_wconf 70' lang='lat' dir='ltr'><strong>junctus</strong></span> <span class='ocrx_word' id='word_1_201' title='bbox 197 1314 211 1331; x_wconf 88' lang='lat' dir='ltr'><strong>a</strong></span> <span class='ocrx_word' id='word_1_202' title='bbox 225 1306 289 1338; x_wconf 87' lang='lat' dir='ltr'><strong>Deo,</strong></span> <span class='ocrx_word' id='word_1_203' title='bbox 306 1306 348 1333; x_wconf 90' lang='lat' dir='ltr'><strong>hic</strong></span> <span class='ocrx_word' id='word_1_204' title='bbox 359 1311 445 1333; x_wconf 86' lang='lat' dir='ltr'><strong>autem</strong></span> <span class='ocrx_word' id='word_1_205' title='bbox 464 1313 581 1341; x_wconf 71' lang='lat' dir='ltr'><strong>prmseus</strong></span> <span class='ocrx_word' id='word_1_206' title='bbox 594 1306 650 1333; x_wconf 90' lang='lat' dir='ltr'><strong>Deo</strong></span> <span class='ocrx_word' id='word_1_207' title='bbox 662 1314 669 1334; x_wconf 91' lang='lat'><strong>:</strong></span> <span class='ocrx_word' id='word_1_208' title='bbox 684 1309 711 1333; x_wconf 87' lang='lat' dir='ltr'><strong>et</strong></span> <span class='ocrx_word' id='word_1_209' title='bbox 724 1311 864 1341; x_wconf 84' lang='lat' dir='ltr'><strong>propterea</strong></span> 
     </span>
    </p>
   </div>
   <div class='ocr_carea' id='block_1_27' title="bbox 83 1351 865 1386">
    <p class='ocr_par' dir='ltr' id='par_1_27' title="bbox 83 1351 865 1386">
     <span class='ocr_line' id='line_1_27' title="bbox 83 1351 865 1386; baseline 0.005 -11"><span class='ocrx_word' id='word_1_210' title='bbox 83 1351 146 1377; x_wconf 85' lang='lat' dir='ltr'><strong>illius</strong></span> <span class='ocrx_word' id='word_1_211' title='bbox 160 1358 265 1377; x_wconf 84' lang='lat' dir='ltr'><strong>memor</strong></span> <span class='ocrx_word' id='word_1_212' title='bbox 283 1356 332 1381; x_wconf 81' lang='lat' dir='ltr'><strong>est.</strong></span> <span class='ocrx_word' id='word_1_213' title='bbox 350 1357 472 1386; x_wconf 81' lang='lat' dir='ltr'><strong>tanquam</strong></span> <span class='ocrx_word' id='word_1_214' title='bbox 487 1352 512 1378; x_wconf 91' lang='lat' dir='ltr'><strong>in</strong></span> <span class='ocrx_word' id='word_1_215' title='bbox 530 1351 673 1386; x_wconf 84' lang='lat' dir='ltr'><strong>longinquo</strong></span> <span class='ocrx_word' id='word_1_216' title='bbox 686 1351 781 1386; x_wconf 87' lang='lat' dir='ltr'><strong>positi;</strong></span> <span class='ocrx_word' id='word_1_217' title='bbox 795 1351 865 1379; x_wconf 91' lang='lat' dir='ltr'><strong>hunc</strong></span> 
     </span>
    </p>
   </div>
   <div class='ocr_carea' id='block_1_28' title="bbox 84 1395 866 1431">
    <p class='ocr_par' dir='ltr' id='par_1_28' title="bbox 84 1395 866 1431">
     <span class='ocr_line' id='line_1_28' title="bbox 84 1395 866 1431; baseline 0.004 -11"><span class='ocrx_word' id='word_1_218' title='bbox 84 1403 141 1421; x_wconf 76' lang='lat' dir='ltr'><strong>vero</strong></span> <span class='ocrx_word' id='word_1_219' title='bbox 154 1396 253 1427; x_wconf 82' lang='lat' dir='ltr'><strong>visitat,</strong></span> <span class='ocrx_word' id='word_1_220' title='bbox 267 1404 344 1430; x_wconf 83' lang='lat' dir='ltr'><strong>quem</strong></span> <span class='ocrx_word' id='word_1_221' title='bbox 361 1403 476 1430; x_wconf 66' lang='lat' dir='ltr'><strong>prmsens</strong></span> <span class='ocrx_word' id='word_1_222' title='bbox 489 1397 604 1423; x_wconf 87' lang='lat' dir='ltr'><strong>illustrat</strong></span> <span class='ocrx_word' id='word_1_223' title='bbox 617 1396 691 1423; x_wconf 93' lang='lat' dir='ltr'><strong>vultu</strong></span> <span class='ocrx_word' id='word_1_224' title='bbox 701 1403 749 1422; x_wconf 89' lang='lat' dir='ltr'><strong>suo</strong></span> <span class='ocrx_word' id='word_1_225' title='bbox 761 1404 768 1423; x_wconf 93' lang='lat'>:</span> <span class='ocrx_word' id='word_1_226' title='bbox 780 1395 866 1431; x_wconf 84' lang='lat' dir='ltr'><strong>Longe</strong></span> 
     </span>
    </p>
   </div>
   <div class='ocr_carea' id='block_1_29' title="bbox 81 1442 863 1478">
    <p class='ocr_par' dir='ltr' id='par_1_29' title="bbox 81 1442 863 1478">
     <span class='ocr_line' id='line_1_29' title="bbox 81 1442 863 1478; baseline 0.003 -11"><span class='ocrx_word' id='word_1_227' title='bbox 81 1446 112 1466; x_wconf 47' lang='lat' dir='ltr'><strong>est</strong></span> <span class='ocrx_word' id='word_1_228' title='bbox 126 1442 197 1468; x_wconf 88' lang='lat' dir='ltr'><strong>enim</strong></span> <span class='ocrx_word' id='word_1_229' title='bbox 220 1450 236 1467; x_wconf 89' lang='lat' dir='ltr'><strong>a</strong></span> <span class='ocrx_word' id='word_1_230' title='bbox 258 1442 427 1475; x_wconf 80' lang='lat' dir='ltr'><strong>peccatoribus</strong></span> <span class='ocrx_word' id='word_1_231' title='bbox 445 1442 513 1468; x_wconf 79' lang='lat' dir='ltr'><strong>salus</strong></span> <span class='ocrx_word' id='word_1_232' title='bbox 525 1442 610 1475; x_wconf 83' lang='lat' dir='ltr'><strong>(Psat.</strong></span> <span class='ocrx_word' id='word_1_233' title='bbox 624 1449 716 1474; x_wconf 81' lang='lat' dir='ltr'><strong>cxvm,</strong></span> <span class='ocrx_word' id='word_1_234' title='bbox 729 1442 802 1478; x_wconf 70' lang='lat'><strong>155),</strong></span> <span class='ocrx_word' id='word_1_235' title='bbox 817 1446 843 1469; x_wconf 87' lang='lat' dir='ltr'><strong>ct</strong></span> <span class='ocrx_word' id='word_1_236' title='bbox 855 1462 863 1474; x_wconf 88' lang='lat'><strong>,</strong></span> 
     </span>
    </p>
   </div>
   <div class='ocr_carea' id='block_1_30' title="bbox 84 1486 863 1522">
    <p class='ocr_par' dir='ltr' id='par_1_30' title="bbox 84 1486 863 1522">
     <span class='ocr_line' id='line_1_30' title="bbox 84 1486 863 1522; baseline 0.001 -10"><span class='ocrx_word' id='word_1_237' title='bbox 84 1486 212 1521; x_wconf 73' lang='lat' dir='ltr'><strong>Signinum</strong></span> <span class='ocrx_word' id='word_1_238' title='bbox 224 1492 261 1513; x_wconf 81' lang='lat' dir='ltr'><strong>est</strong></span> <span class='ocrx_word' id='word_1_239' title='bbox 274 1487 301 1513; x_wconf 84' lang='lat' dir='ltr'><strong>in</strong></span> <span class='ocrx_word' id='word_1_240' title='bbox 315 1487 385 1513; x_wconf 77' lang='lat' dir='ltr'><strong>nobis</strong></span> <span class='ocrx_word' id='word_1_241' title='bbox 399 1488 482 1513; x_wconf 88' lang='lat' dir='ltr'><strong>lumen</strong></span> <span class='ocrx_word' id='word_1_242' title='bbox 493 1488 577 1514; x_wconf 80' lang='lat' dir='ltr'><strong>vultus</strong></span> <span class='ocrx_word' id='word_1_243' title='bbox 592 1487 638 1520; x_wconf 83' lang='lat' dir='ltr'><strong>tui,</strong></span> <span class='ocrx_word' id='word_1_244' title='bbox 656 1486 764 1514; x_wconf 81' lang='lat' dir='ltr'><strong>Domine</strong></span> <span class='ocrx_word' id='word_1_245' title='bbox 779 1486 863 1522; x_wconf 83' lang='lat' dir='ltr'><strong>(Psal.</strong></span> 
     </span>
    </p>
   </div>
   <div class='ocr_carea' id='block_1_31' title="bbox 84 1532 863 1567">
    <p class='ocr_par' dir='ltr' id='par_1_31' title="bbox 84 1532 863 1567">
     <span class='ocr_line' id='line_1_31' title="bbox 84 1532 863 1567; baseline 0.004 -11"><span class='ocrx_word' id='word_1_246' title='bbox 84 1540 115 1561; x_wconf 84' lang='lat' dir='ltr'><strong>IV,</strong></span> <span class='ocrx_word' id='word_1_247' title='bbox 126 1533 163 1565; x_wconf 85' lang='lat'><strong>7).</strong></span> <span class='ocrx_word' id='word_1_248' title='bbox 177 1532 222 1559; x_wconf 88' lang='lat' dir='ltr'><strong>Sic</strong></span> <span class='ocrx_word' id='word_1_249' title='bbox 234 1532 259 1558; x_wconf 92' lang='lat' dir='ltr'><strong>in</strong></span> <span class='ocrx_word' id='word_1_250' title='bbox 274 1533 324 1558; x_wconf 90' lang='lat' dir='ltr'><strong>alio</strong></span> <span class='ocrx_word' id='word_1_251' title='bbox 335 1533 436 1567; x_wconf 87' lang='lat' dir='ltr'><strong>psalmo</strong></span> <span class='ocrx_word' id='word_1_252' title='bbox 445 1532 699 1567; x_wconf 81' lang='lat' dir='ltr'><strong>homincsjumentis</strong></span> <span class='ocrx_word' id='word_1_253' title='bbox 709 1533 863 1564; x_wconf 88' lang='lat' dir='ltr'><strong>associatos,</strong></span> 
     </span>
    </p>
   </div>
   <div class='ocr_carea' id='block_1_32' title="bbox 83 1578 865 1611">
    <p class='ocr_par' dir='ltr' id='par_1_32' title="bbox 83 1578 865 1611">
     <span class='ocr_line' id='line_1_32' title="bbox 83 1578 865 1611; baseline 0.005 -9"><span class='ocrx_word' id='word_1_254' title='bbox 83 1585 130 1603; x_wconf 91' lang='lat' dir='ltr'><strong>non</strong></span> <span class='ocrx_word' id='word_1_255' title='bbox 144 1585 191 1611; x_wconf 87' lang='lat' dir='ltr'><strong>per</strong></span> <span class='ocrx_word' id='word_1_256' title='bbox 211 1582 368 1611; x_wconf 71' lang='lat' dir='ltr'><strong>pnesentem</strong></span> <span class='ocrx_word' id='word_1_257' title='bbox 391 1578 542 1604; x_wconf 84' lang='lat' dir='ltr'><strong>interiorem</strong></span> <span class='ocrx_word' id='word_1_258' title='bbox 568 1578 796 1611; x_wconf 87' lang='lat' dir='ltr'><strong>illuminationem,</strong></span> <span class='ocrx_word' id='word_1_259' title='bbox 819 1578 865 1606; x_wconf 90' lang='lat' dir='ltr'><strong>sed</strong></span> 
     </span>
    </p>
   </div>
   <div class='ocr_carea' id='block_1_33' title="bbox 82 1622 866 1658">
    <p class='ocr_par' dir='ltr' id='par_1_33' title="bbox 82 1622 866 1658">
     <span class='ocr_line' id='line_1_33' title="bbox 82 1622 866 1658; baseline 0.004 -10"><span class='ocrx_word' id='word_1_260' title='bbox 82 1630 126 1655; x_wconf 82' lang='lat' dir='ltr'><strong>per</strong></span> <span class='ocrx_word' id='word_1_261' title='bbox 153 1623 400 1656; x_wconf 86' lang='lat' dir='ltr'><strong>multiplicationcm</strong></span> <span class='ocrx_word' id='word_1_262' title='bbox 419 1622 606 1650; x_wconf 78' lang='lat' dir='ltr'><strong>misericordize</strong></span> <span class='ocrx_word' id='word_1_263' title='bbox 618 1623 666 1650; x_wconf 88' lang='lat' dir='ltr'><strong>Dei</strong></span> <span class='ocrx_word' id='word_1_264' title='bbox 679 1631 729 1658; x_wconf 90' lang='lat' dir='ltr'><strong>qua</strong></span> <span class='ocrx_word' id='word_1_265' title='bbox 744 1623 801 1658; x_wconf 89' lang='lat' dir='ltr'><strong>ejus</strong></span> <span class='ocrx_word' id='word_1_266' title='bbox 816 1623 866 1651; x_wconf 91' lang='lat' dir='ltr'><strong>bo-</strong></span> 
     </span>
    </p>
   </div>
   <div class='ocr_carea' id='block_1_34' title="bbox 82 1669 866 1704">
    <p class='ocr_par' dir='ltr' id='par_1_34' title="bbox 82 1669 866 1704">
     <span class='ocr_line' id='line_1_34' title="bbox 82 1669 866 1704; baseline 0.006 -11"><span class='ocrx_word' id='word_1_267' title='bbox 82 1669 148 1695; x_wconf 85' lang='lat' dir='ltr'><strong>nitas</strong></span> <span class='ocrx_word' id='word_1_268' title='bbox 170 1676 255 1703; x_wconf 82' lang='lat' dir='ltr'><strong>usque</strong></span> <span class='ocrx_word' id='word_1_269' title='bbox 277 1669 309 1695; x_wconf 86' lang='lat' dir='ltr'><strong>ad</strong></span> <span class='ocrx_word' id='word_1_270' title='bbox 334 1670 423 1695; x_wconf 86' lang='lat' dir='ltr'><strong>inﬁma</strong></span> <span class='ocrx_word' id='word_1_271' title='bbox 440 1670 594 1704; x_wconf 82' lang='lat' dir='ltr'><strong>intenditur,</strong></span> <span class='ocrx_word' id='word_1_272' title='bbox 617 1671 704 1698; x_wconf 91' lang='lat' dir='ltr'><strong>salvos</strong></span> <span class='ocrx_word' id='word_1_273' title='bbox 726 1669 783 1698; x_wconf 89' lang='lat' dir='ltr'><strong>ﬁeri</strong></span> <span class='ocrx_word' id='word_1_274' title='bbox 802 1670 866 1698; x_wconf 87' lang='lat' dir='ltr'><strong>dicit</strong></span> 
     </span>
    </p>
   </div>
   <div class='ocr_carea' id='block_1_35' title="bbox 82 1715 866 1750">
    <p class='ocr_par' dir='ltr' id='par_1_35' title="bbox 82 1715 866 1750">
     <span class='ocr_line' id='line_1_35' title="bbox 82 1715 866 1750; baseline 0.005 -10"><span class='ocrx_word' id='word_1_275' title='bbox 82 1722 140 1741; x_wconf 87' lang='lat' dir='ltr'><strong>cum</strong></span> <span class='ocrx_word' id='word_1_276' title='bbox 162 1715 228 1749; x_wconf 82' lang='lat' dir='ltr'><strong>ipsis</strong></span> <span class='ocrx_word' id='word_1_277' title='bbox 249 1715 391 1749; x_wconf 82' lang='lat' dir='ltr'><strong>jumentis;</strong></span> <span class='ocrx_word' id='word_1_278' title='bbox 419 1717 543 1750; x_wconf 84' lang='lat' dir='ltr'><strong>quoniam</strong></span> <span class='ocrx_word' id='word_1_279' title='bbox 567 1717 710 1744; x_wconf 87' lang='lat' dir='ltr'><strong>carnalium</strong></span> <span class='ocrx_word' id='word_1_280' title='bbox 730 1717 866 1744; x_wconf 89' lang='lat' dir='ltr'><strong>hominum</strong></span> 
     </span>
    </p>
   </div>
   <div class='ocr_carea' id='block_1_36' title="bbox 81 1759 865 1795">
    <p class='ocr_par' dir='ltr' id='par_1_36' title="bbox 81 1759 865 1795">
     <span class='ocr_line' id='line_1_36' title="bbox 81 1759 865 1795; baseline 0.005 -10"><span class='ocrx_word' id='word_1_281' title='bbox 81 1759 150 1785; x_wconf 80' lang='lat' dir='ltr'><strong>salus</strong></span> <span class='ocrx_word' id='word_1_282' title='bbox 164 1760 280 1786; x_wconf 84' lang='lat' dir='ltr'><strong>carnalis</strong></span> <span class='ocrx_word' id='word_1_283' title='bbox 294 1764 345 1791; x_wconf 83' lang='lat' dir='ltr'><strong>est,</strong></span> <span class='ocrx_word' id='word_1_284' title='bbox 369 1765 491 1795; x_wconf 90' lang='lat' dir='ltr'><strong>tanquam</strong></span> <span class='ocrx_word' id='word_1_285' title='bbox 514 1768 648 1795; x_wconf 84' lang='lat' dir='ltr'><strong>pecorum.</strong></span> <span class='ocrx_word' id='word_1_286' title='bbox 675 1761 755 1789; x_wconf 86' lang='lat' dir='ltr'><strong>Filios</strong></span> <span class='ocrx_word' id='word_1_287' title='bbox 776 1766 865 1789; x_wconf 72' lang='lat' dir='ltr'><strong>autem</strong></span> 
     </span>
    </p>
   </div>
   <div class='ocr_carea' id='block_1_37' title="bbox 84 1804 866 1842">
    <p class='ocr_par' dir='ltr' id='par_1_37' title="bbox 84 1804 866 1842">
     <span class='ocr_line' id='line_1_37' title="bbox 84 1804 866 1842; baseline 0.008 -13"><span class='ocrx_word' id='word_1_288' title='bbox 84 1804 217 1831; x_wconf 86' lang='lat' dir='ltr'><strong>hominum</strong></span> <span class='ocrx_word' id='word_1_289' title='bbox 233 1805 375 1839; x_wconf 77' lang='lat' dir='ltr'><strong>scjungcns</strong></span> <span class='ocrx_word' id='word_1_290' title='bbox 389 1806 422 1832; x_wconf 88' lang='lat' dir='ltr'><strong>ab</strong></span> <span class='ocrx_word' id='word_1_291' title='bbox 442 1806 480 1833; x_wconf 80' lang='lat' dir='ltr'><strong>cis</strong></span> <span class='ocrx_word' id='word_1_292' title='bbox 495 1814 561 1840; x_wconf 90' lang='lat' dir='ltr'><strong>quos</strong></span> <span class='ocrx_word' id='word_1_293' title='bbox 582 1806 702 1834; x_wconf 86' lang='lat' dir='ltr'><strong>homines</strong></span> <span class='ocrx_word' id='word_1_294' title='bbox 720 1807 866 1842; x_wconf 88' lang='lat' dir='ltr'><strong>pecudibus</strong></span> 
     </span>
    </p>
   </div>
   <div class='ocr_carea' id='block_1_38' title="bbox 81 1850 866 1888">
    <p class='ocr_par' dir='ltr' id='par_1_38' title="bbox 81 1850 866 1888">
     <span class='ocr_line' id='line_1_38' title="bbox 81 1850 866 1888; baseline 0.008 -12"><span class='ocrx_word' id='word_1_295' title='bbox 81 1850 174 1883; x_wconf 82' lang='lat' dir='ltr'><strong>junxit,</strong></span> <span class='ocrx_word' id='word_1_296' title='bbox 189 1851 268 1885; x_wconf 81' lang='lat' dir='ltr'><strong>longe</strong></span> <span class='ocrx_word' id='word_1_297' title='bbox 282 1852 428 1878; x_wconf 82' lang='lat' dir='ltr'><strong>sublimiori</strong></span> <span class='ocrx_word' id='word_1_298' title='bbox 448 1853 534 1883; x_wconf 87' lang='lat' dir='ltr'><strong>modo,</strong></span> <span class='ocrx_word' id='word_1_299' title='bbox 561 1853 645 1888; x_wconf 88' lang='lat' dir='ltr'><strong>ipsius</strong></span> <span class='ocrx_word' id='word_1_300' title='bbox 664 1854 784 1882; x_wconf 84' lang='lat' dir='ltr'><strong>veritatis</strong></span> <span class='ocrx_word' id='word_1_301' title='bbox 806 1854 866 1882; x_wconf 89' lang='lat' dir='ltr'><strong>illu-</strong></span> 
     </span>
    </p>
   </div>
   <div class='ocr_carea' id='block_1_39' title="bbox 82 1897 868 1933">
    <p class='ocr_par' dir='ltr' id='par_1_39' title="bbox 82 1897 868 1933">
     <span class='ocr_line' id='line_1_39' title="bbox 82 1897 868 1933; baseline 0.009 -12"><span class='ocrx_word' id='word_1_302' title='bbox 82 1897 220 1929; x_wconf 82' lang='lat' dir='ltr'><strong>stratione,</strong></span> <span class='ocrx_word' id='word_1_303' title='bbox 244 1901 271 1923; x_wconf 87' lang='lat' dir='ltr'><strong>et</strong></span> <span class='ocrx_word' id='word_1_304' title='bbox 286 1897 400 1931; x_wconf 70' lang='lat' dir='ltr'><strong>quatiam</strong></span> <span class='ocrx_word' id='word_1_305' title='bbox 416 1898 500 1925; x_wconf 79' lang='lat' dir='ltr'><strong>vitalis</strong></span> <span class='ocrx_word' id='word_1_306' title='bbox 515 1898 593 1925; x_wconf 87' lang='lat' dir='ltr'><strong>fontis</strong></span> <span class='ocrx_word' id='word_1_307' title='bbox 607 1899 786 1933; x_wconf 88' lang='lat' dir='ltr'><strong>inundatione,</strong></span> <span class='ocrx_word' id='word_1_308' title='bbox 801 1901 868 1928; x_wconf 76' lang='lat' dir='ltr'><strong>bea-</strong></span> 
     </span>
    </p>
   </div>
   <div class='ocr_carea' id='block_1_40' title="bbox 84 1942 866 1981">
    <p class='ocr_par' dir='ltr' id='par_1_40' title="bbox 84 1942 866 1981">
     <span class='ocr_line' id='line_1_40' title="bbox 84 1942 866 1981; baseline 0.008 -14"><span class='ocrx_word' id='word_1_309' title='bbox 84 1946 119 1968; x_wconf 84' lang='lat' dir='ltr'><strong>los</strong></span> <span class='ocrx_word' id='word_1_310' title='bbox 133 1942 191 1968; x_wconf 88' lang='lat' dir='ltr'><strong>ﬁeri</strong></span> <span class='ocrx_word' id='word_1_311' title='bbox 205 1942 341 1976; x_wconf 69' lang='lat' dir='ltr'><strong>praedicat.</strong></span> <span class='ocrx_word' id='word_1_312' title='bbox 357 1943 400 1970; x_wconf 87' lang='lat' dir='ltr'><strong>Sic</strong></span> <span class='ocrx_word' id='word_1_313' title='bbox 412 1944 482 1970; x_wconf 88' lang='lat' dir='ltr'><strong>enim</strong></span> <span class='ocrx_word' id='word_1_314' title='bbox 496 1944 575 1970; x_wconf 87' lang='lat' dir='ltr'><strong>dicit:</strong></span> <span class='ocrx_word' id='word_1_315' title='bbox 589 1943 711 1972; x_wconf 79' lang='lat' dir='ltr'><strong>Homines</strong></span> <span class='ocrx_word' id='word_1_316' title='bbox 720 1950 742 1972; x_wconf 83' lang='lat' dir='ltr'><strong>et</strong></span> <span class='ocrx_word' id='word_1_317' title='bbox 751 1946 866 1981; x_wconf 85' lang='lat' dir='ltr'><strong>jumenta</strong></span> 
     </span>
    </p>
   </div>
   <div class='ocr_carea' id='block_1_41' title="bbox 82 1988 867 2024">
    <p class='ocr_par' dir='ltr' id='par_1_41' title="bbox 82 1988 867 2024">
     <span class='ocr_line' id='line_1_41' title="bbox 82 1988 867 2024; baseline 0.006 -11"><span class='ocrx_word' id='word_1_318' title='bbox 82 1988 159 2014; x_wconf 68' lang='lat' dir='ltr'><strong>saltos</strong></span> <span class='ocrx_word' id='word_1_319' title='bbox 174 1988 262 2022; x_wconf 83' lang='lat' dir='ltr'><strong>facies,</strong></span> <span class='ocrx_word' id='word_1_320' title='bbox 281 1988 406 2021; x_wconf 84' lang='lat' dir='ltr'><strong>Domine;</strong></span> <span class='ocrx_word' id='word_1_321' title='bbox 422 1990 485 2015; x_wconf 80' lang='lat' dir='ltr'><strong>sicut</strong></span> <span class='ocrx_word' id='word_1_322' title='bbox 497 1990 664 2024; x_wconf 82' lang='lat' dir='ltr'><strong>multiplicata</strong></span> <span class='ocrx_word' id='word_1_323' title='bbox 678 1994 714 2017; x_wconf 86' lang='lat' dir='ltr'><strong>est</strong></span> <span class='ocrx_word' id='word_1_324' title='bbox 728 1991 867 2018; x_wconf 77' lang='lat' dir='ltr'><strong>misericor-</strong></span> 
     </span>
    </p>
   </div>
   <div class='ocr_carea' id='block_1_42' title="bbox 83 2033 867 2070">
    <p class='ocr_par' dir='ltr' id='par_1_42' title="bbox 83 2033 867 2070">
     <span class='ocr_line' id='line_1_42' title="bbox 83 2033 867 2070; baseline 0.008 -13"><span class='ocrx_word' id='word_1_325' title='bbox 83 2034 120 2058; x_wconf 82' lang='lat' dir='ltr'><strong>dia</strong></span> <span class='ocrx_word' id='word_1_326' title='bbox 130 2038 188 2066; x_wconf 84' lang='lat' dir='ltr'><strong>tua,</strong></span> <span class='ocrx_word' id='word_1_327' title='bbox 203 2033 282 2060; x_wconf 87' lang='lat' dir='ltr'><strong>Deus.</strong></span> <span class='ocrx_word' id='word_1_328' title='bbox 299 2034 362 2060; x_wconf 81' lang='lat' dir='ltr'><strong>Filii</strong></span> <span class='ocrx_word' id='word_1_329' title='bbox 375 2040 455 2061; x_wconf 84' lang='lat' dir='ltr'><strong>autem</strong></span> <span class='ocrx_word' id='word_1_330' title='bbox 470 2036 600 2062; x_wconf 81' lang='lat' dir='ltr'><strong>hominum</strong></span> <span class='ocrx_word' id='word_1_331' title='bbox 610 2036 636 2062; x_wconf 86' lang='lat' dir='ltr'><strong>in</strong></span> <span class='ocrx_word' id='word_1_332' title='bbox 650 2037 801 2070; x_wconf 86' lang='lat' dir='ltr'><strong>protectione</strong></span> <span class='ocrx_word' id='word_1_333' title='bbox 812 2037 867 2063; x_wconf 85' lang='lat' dir='ltr'><strong>ala-</strong></span> 
     </span>
    </p>
   </div>
   <div class='ocr_carea' id='block_1_43' title="bbox 82 2079 867 2113">
    <p class='ocr_par' dir='ltr' id='par_1_43' title="bbox 82 2079 867 2113">
     <span class='ocr_line' id='line_1_43' title="bbox 82 2079 867 2113; baseline 0.006 -10"><span class='ocrx_word' id='word_1_334' title='bbox 82 2086 132 2104; x_wconf 82' lang='lat' dir='ltr'><strong>rum</strong></span> <span class='ocrx_word' id='word_1_335' title='bbox 144 2083 249 2104; x_wconf 86' lang='lat' dir='ltr'><strong>tuarum</strong></span> <span class='ocrx_word' id='word_1_336' title='bbox 257 2079 401 2113; x_wconf 82' lang='lat' dir='ltr'><strong>sperabunt.</strong></span> <span class='ocrx_word' id='word_1_337' title='bbox 420 2079 612 2107; x_wconf 79' lang='lat' dir='ltr'><strong>lm‘briabuntur</strong></span> <span class='ocrx_word' id='word_1_338' title='bbox 623 2081 654 2108; x_wconf 88' lang='lat' dir='ltr'><strong>ab</strong></span> <span class='ocrx_word' id='word_1_339' title='bbox 666 2081 765 2108; x_wconf 84' lang='lat' dir='ltr'><strong>uberate</strong></span> <span class='ocrx_word' id='word_1_340' title='bbox 779 2082 867 2109; x_wconf 79' lang='lat' dir='ltr'><strong>domus</strong></span> 
     </span>
    </p>
   </div>
   <div class='ocr_carea' id='block_1_44' title="bbox 83 2126 868 2162">
    <p class='ocr_par' dir='ltr' id='par_1_44' title="bbox 83 2126 868 2162">
     <span class='ocr_line' id='line_1_44' title="bbox 83 2126 868 2162; baseline 0.008 -13"><span class='ocrx_word' id='word_1_341' title='bbox 83 2129 137 2156; x_wconf 72' lang='lat' dir='ltr'><strong>Iw,</strong></span> <span class='ocrx_word' id='word_1_342' title='bbox 153 2129 179 2150; x_wconf 83' lang='lat' dir='ltr'><strong>et</strong></span> <span class='ocrx_word' id='word_1_343' title='bbox 200 2128 312 2152; x_wconf 78' lang='lat' dir='ltr'><strong>torrente</strong></span> <span class='ocrx_word' id='word_1_344' title='bbox 334 2126 479 2152; x_wconf 83' lang='lat' dir='ltr'><strong>deliciarum</strong></span> <span class='ocrx_word' id='word_1_345' title='bbox 501 2131 600 2153; x_wconf 84' lang='lat' dir='ltr'><strong>tuarum</strong></span> <span class='ocrx_word' id='word_1_346' title='bbox 621 2126 718 2162; x_wconf 70' lang='lat' dir='ltr'><strong>potabis</strong></span> <span class='ocrx_word' id='word_1_347' title='bbox 730 2136 781 2154; x_wconf 83' lang='lat' dir='ltr'><strong>eos.</strong></span> <span class='ocrx_word' id='word_1_348' title='bbox 800 2128 868 2161; x_wconf 79' lang='lat' dir='ltr'><strong>Quo-</strong></span> 
     </span>
    </p>
   </div>
   <div class='ocr_carea' id='block_1_45' title="bbox 81 2170 867 2205">
    <p class='ocr_par' dir='ltr' id='par_1_45' title="bbox 81 2170 867 2205">
     <span class='ocr_line' id='line_1_45' title="bbox 81 2170 867 2205; baseline 0.008 -10"><span class='ocrx_word' id='word_1_349' title='bbox 81 2170 145 2196; x_wconf 81' lang='lat' dir='ltr'><strong>niam</strong></span> <span class='ocrx_word' id='word_1_350' title='bbox 158 2171 234 2204; x_wconf 82' lang='lat' dir='ltr'><strong>apud</strong></span> <span class='ocrx_word' id='word_1_351' title='bbox 248 2175 270 2196; x_wconf 85' lang='lat' dir='ltr'><strong>te</strong></span> <span class='ocrx_word' id='word_1_352' title='bbox 283 2177 320 2197; x_wconf 84' lang='lat' dir='ltr'><strong>cst</strong></span> <span class='ocrx_word' id='word_1_353' title='bbox 337 2172 394 2205; x_wconf 78' lang='lat' dir='ltr'><strong>fons</strong></span> <span class='ocrx_word' id='word_1_354' title='bbox 410 2173 476 2205; x_wconf 73' lang='lat' dir='ltr'><strong>uiue,</strong></span> <span class='ocrx_word' id='word_1_355' title='bbox 491 2178 514 2199; x_wconf 80' lang='lat' dir='ltr'><strong>et</strong></span> <span class='ocrx_word' id='word_1_356' title='bbox 530 2173 555 2199; x_wconf 87' lang='lat' dir='ltr'><strong>in</strong></span> <span class='ocrx_word' id='word_1_357' title='bbox 570 2172 665 2200; x_wconf 85' lang='lat' dir='ltr'><strong>lumine</strong></span> <span class='ocrx_word' id='word_1_358' title='bbox 679 2178 721 2200; x_wconf 84' lang='lat' dir='ltr'><strong>tuo</strong></span> <span class='ocrx_word' id='word_1_359' title='bbox 732 2173 867 2201; x_wconf 83' lang='lat' dir='ltr'><strong>videbimus</strong></span> 
     </span>
    </p>
   </div>
   <div class='ocr_carea' id='block_1_46' title="bbox 81 2216 868 2246">
    <p class='ocr_par' dir='ltr' id='par_1_46' title="bbox 81 2216 868 2246">
     <span class='ocr_line' id='line_1_46' title="bbox 81 2216 868 2246; baseline 0.008 -6"><span class='ocrx_word' id='word_1_360' title='bbox 81 2217 177 2243; x_wconf 69' lang='lat' dir='ltr'><strong>tamen.</strong></span> <span class='ocrx_word' id='word_1_361' title='bbox 207 2216 341 2244; x_wconf 76' lang='lat' dir='ltr'><strong>I’rtetende</strong></span> <span class='ocrx_word' id='word_1_362' title='bbox 364 2218 561 2244; x_wconf 77' lang='lat' dir='ltr'><strong>misericordiam</strong></span> <span class='ocrx_word' id='word_1_363' title='bbox 585 2223 654 2245; x_wconf 86' lang='lat' dir='ltr'><strong>tuam</strong></span> <span class='ocrx_word' id='word_1_364' title='bbox 686 2218 818 2246; x_wconf 81' lang='lat' dir='ltr'><strong>scientibus</strong></span> <span class='ocrx_word' id='word_1_365' title='bbox 837 2223 868 2246; x_wconf 65' lang='grc' dir='ltr'><strong>’τε</strong></span> 
     </span>
    </p>
   </div>
   <div class='ocr_carea' id='block_1_47' title="bbox 82 2261 868 2299">
    <p class='ocr_par' dir='ltr' id='par_1_47' title="bbox 82 2261 868 2299">
     <span class='ocr_line' id='line_1_47' title="bbox 82 2261 868 2299; baseline 0.005 -12"><span class='ocrx_word' id='word_1_366' title='bbox 82 2261 164 2291; x_wconf 81' lang='lat' dir='ltr'><strong>(Psal.</strong></span> <span class='ocrx_word' id='word_1_367' title='bbox 190 2269 261 2288; x_wconf 77' lang='lat' dir='ltr'><strong>xxxv</strong></span> <span class='ocrx_word' id='word_1_368' title='bbox 275 2283 282 2292; x_wconf 82' lang='lat'><strong><em>.</em></strong></span> <span class='ocrx_word' id='word_1_369' title='bbox 298 2262 384 2296; x_wconf 83' lang='lat' dir='ltr'><strong>7-H).</strong></span> <span class='ocrx_word' id='word_1_370' title='bbox 398 2263 497 2290; x_wconf 88' lang='lat' dir='ltr'><strong>Memor</strong></span> <span class='ocrx_word' id='word_1_371' title='bbox 523 2268 562 2290; x_wconf 90' lang='lat' dir='ltr'><strong>est</strong></span> <span class='ocrx_word' id='word_1_372' title='bbox 588 2263 666 2298; x_wconf 80' lang='lat' dir='ltr'><strong>igitur</strong></span> <span class='ocrx_word' id='word_1_373' title='bbox 689 2264 802 2292; x_wconf 90' lang='lat' dir='ltr'><strong>hominis</strong></span> <span class='ocrx_word' id='word_1_374' title='bbox 821 2272 868 2299; x_wconf 86' lang='lat' dir='ltr'><strong>per</strong></span> 
     </span>
    </p>
   </div>
   <div class='ocr_carea' id='block_1_48' title="bbox 82 2307 866 2343">
    <p class='ocr_par' dir='ltr' id='par_1_48' title="bbox 82 2307 866 2343">
     <span class='ocr_line' id='line_1_48' title="bbox 82 2307 866 2343; baseline 0.004 -11"><span class='ocrx_word' id='word_1_375' title='bbox 82 2307 328 2341; x_wconf 80' lang='lat' dir='ltr'><strong>multiplicationcm</strong></span> <span class='ocrx_word' id='word_1_376' title='bbox 354 2308 552 2341; x_wconf 63' lang='lat' dir='ltr'><strong>misericordiic,</strong></span> <span class='ocrx_word' id='word_1_377' title='bbox 577 2308 645 2335; x_wconf 87' lang='lat' dir='ltr'><strong>sicut</strong></span> <span class='ocrx_word' id='word_1_378' title='bbox 667 2308 866 2343; x_wconf 90' lang='lat' dir='ltr'><strong>jumentorum;</strong></span> 
     </span>
    </p>
   </div>
   <div class='ocr_carea' id='block_1_49' title="bbox 80 2352 868 2390">
    <p class='ocr_par' dir='ltr' id='par_1_49' title="bbox 80 2352 868 2390">
     <span class='ocr_line' id='line_1_49' title="bbox 80 2352 868 2390; baseline 0.005 -12"><span class='ocrx_word' id='word_1_379' title='bbox 80 2353 140 2385; x_wconf 78' lang='lat' dir='ltr'><strong>quia</strong></span> <span class='ocrx_word' id='word_1_380' title='bbox 157 2352 330 2387; x_wconf 85' lang='lat' dir='ltr'><strong>multiplicata</strong></span> <span class='ocrx_word' id='word_1_381' title='bbox 346 2354 524 2381; x_wconf 80' lang='lat' dir='ltr'><strong>misericordia</strong></span> <span class='ocrx_word' id='word_1_382' title='bbox 539 2354 617 2381; x_wconf 81' lang='lat' dir='ltr'><strong>etiam</strong></span> <span class='ocrx_word' id='word_1_383' title='bbox 630 2354 662 2381; x_wconf 91' lang='lat' dir='ltr'><strong>ad</strong></span> <span class='ocrx_word' id='word_1_384' title='bbox 678 2354 754 2389; x_wconf 84' lang='lat' dir='ltr'><strong>longe</strong></span> <span class='ocrx_word' id='word_1_385' title='bbox 768 2355 868 2390; x_wconf 92' lang='lat' dir='ltr'><strong>positos</strong></span> 
     </span>
    </p>
   </div>
   <div class='ocr_carea' id='block_1_50' title="bbox 82 2399 869 2436">
    <p class='ocr_par' dir='ltr' id='par_1_50' title="bbox 82 2399 869 2436">
     <span class='ocr_line' id='line_1_50' title="bbox 82 2399 869 2436; baseline 0.004 -11"><span class='ocrx_word' id='word_1_386' title='bbox 82 2399 205 2431; x_wconf 79' lang='lat' dir='ltr'><strong>pervenit</strong></span> <span class='ocrx_word' id='word_1_387' title='bbox 220 2408 226 2425; x_wconf 92' lang='lat'><strong>:</strong></span> <span class='ocrx_word' id='word_1_388' title='bbox 241 2399 329 2426; x_wconf 85' lang='lat' dir='ltr'><strong>visitat</strong></span> <span class='ocrx_word' id='word_1_389' title='bbox 352 2408 414 2427; x_wconf 86' lang='lat' dir='ltr'><strong>vero</strong></span> <span class='ocrx_word' id='word_1_390' title='bbox 436 2401 517 2427; x_wconf 89' lang='lat' dir='ltr'><strong>ﬁlium</strong></span> <span class='ocrx_word' id='word_1_391' title='bbox 533 2401 658 2433; x_wconf 84' lang='lat' dir='ltr'><strong>hominis,</strong></span> <span class='ocrx_word' id='word_1_392' title='bbox 673 2401 714 2427; x_wconf 90' lang='lat' dir='ltr'><strong>cui</strong></span> <span class='ocrx_word' id='word_1_393' title='bbox 738 2402 786 2428; x_wconf 89' lang='lat' dir='ltr'><strong>sub</strong></span> <span class='ocrx_word' id='word_1_394' title='bbox 808 2408 869 2436; x_wconf 89' lang='lat' dir='ltr'><strong>pro-</strong></span> 
     </span>
    </p>
   </div>
   <div class='ocr_carea' id='block_1_51' title="bbox 80 2440 868 2481">
    <p class='ocr_par' dir='ltr' id='par_1_51' title="bbox 80 2440 868 2481">
     <span class='ocr_line' id='line_1_51' title="bbox 80 2440 868 2481; baseline 0.004 -11"><span class='ocrx_word' id='word_1_395' title='bbox 80 2444 199 2471; x_wconf 69' lang='lat' dir='ltr'><strong>iectione</strong></span> <span class='ocrx_word' id='word_1_396' title='bbox 213 2445 315 2472; x_wconf 87' lang='lat' dir='ltr'><strong>alarum</strong></span> <span class='ocrx_word' id='word_1_397' title='bbox 329 2453 435 2472; x_wconf 88' lang='lat' dir='ltr'><strong>suarum</strong></span> <span class='ocrx_word' id='word_1_398' title='bbox 451 2447 535 2481; x_wconf 88' lang='lat' dir='ltr'><strong>posito</strong></span> <span class='ocrx_word' id='word_1_399' title='bbox 560 2440 703 2481; x_wconf 52' lang='lat' dir='ltr'><strong>praetendit</strong></span> <span class='ocrx_word' id='word_1_400' title='bbox 717 2446 868 2473; x_wconf 87' lang='lat' dir='ltr'><strong>misericor-</strong></span> 
     </span>
    </p>
   </div>
   <div class='ocr_carea' id='block_1_52' title="bbox 79 2490 869 2526">
    <p class='ocr_par' dir='ltr' id='par_1_52' title="bbox 79 2490 869 2526">
     <span class='ocr_line' id='line_1_52' title="bbox 79 2490 869 2526; baseline 0.005 -11"><span class='ocrx_word' id='word_1_401' title='bbox 79 2490 161 2521; x_wconf 77' lang='lat' dir='ltr'><strong>diam,</strong></span> <span class='ocrx_word' id='word_1_402' title='bbox 179 2494 206 2516; x_wconf 84' lang='lat' dir='ltr'><strong>et</strong></span> <span class='ocrx_word' id='word_1_403' title='bbox 218 2490 245 2517; x_wconf 94' lang='lat' dir='ltr'><strong>in</strong></span> <span class='ocrx_word' id='word_1_404' title='bbox 257 2490 354 2518; x_wconf 87' lang='lat' dir='ltr'><strong>lumine</strong></span> <span class='ocrx_word' id='word_1_405' title='bbox 369 2499 417 2518; x_wconf 85' lang='lat' dir='ltr'><strong>suo</strong></span> <span class='ocrx_word' id='word_1_406' title='bbox 432 2492 517 2519; x_wconf 86' lang='lat' dir='ltr'><strong>lumen</strong></span> <span class='ocrx_word' id='word_1_407' title='bbox 532 2492 639 2526; x_wconf 67' lang='lat' dir='ltr'><strong>praebet,</strong></span> <span class='ocrx_word' id='word_1_408' title='bbox 653 2495 680 2519; x_wconf 89' lang='lat' dir='ltr'><strong>et</strong></span> <span class='ocrx_word' id='word_1_409' title='bbox 693 2499 753 2519; x_wconf 88' lang='lat' dir='ltr'><strong>eum</strong></span> <span class='ocrx_word' id='word_1_410' title='bbox 766 2491 869 2519; x_wconf 86' lang='lat' dir='ltr'><strong>deliciis</strong></span> 
     </span>
    </p>
   </div>
   <div class='ocr_carea' id='block_1_53' title="bbox 78 2536 868 2571">
    <p class='ocr_par' dir='ltr' id='par_1_53' title="bbox 78 2536 868 2571">
     <span class='ocr_line' id='line_1_53' title="bbox 78 2536 868 2571; baseline 0.004 -9"><span class='ocrx_word' id='word_1_411' title='bbox 78 2536 134 2563; x_wconf 76' lang='lat' dir='ltr'><strong>suis</strong></span> <span class='ocrx_word' id='word_1_412' title='bbox 146 2540 233 2571; x_wconf 85' lang='lat' dir='ltr'><strong>potat,</strong></span> <span class='ocrx_word' id='word_1_413' title='bbox 247 2540 273 2564; x_wconf 86' lang='lat' dir='ltr'><strong>et</strong></span> <span class='ocrx_word' id='word_1_414' title='bbox 295 2537 409 2564; x_wconf 86' lang='lat' dir='ltr'><strong>inebriat</strong></span> <span class='ocrx_word' id='word_1_415' title='bbox 424 2538 543 2566; x_wconf 84' lang='lat' dir='ltr'><strong>ubertate</strong></span> <span class='ocrx_word' id='word_1_416' title='bbox 556 2538 651 2566; x_wconf 88' lang='lat' dir='ltr'><strong>domus</strong></span> <span class='ocrx_word' id='word_1_417' title='bbox 674 2546 739 2571; x_wconf 77' lang='lat' dir='ltr'><strong>suze,</strong></span> <span class='ocrx_word' id='word_1_418' title='bbox 755 2538 788 2565; x_wconf 90' lang='lat' dir='ltr'><strong>ad</strong></span> <span class='ocrx_word' id='word_1_419' title='bbox 802 2538 868 2565; x_wconf 85' lang='lat' dir='ltr'><strong>obli—</strong></span> 
     </span>
    </p>
   </div>
   <div class='ocr_carea' id='block_1_54' title="bbox 78 2575 869 2620">
    <p class='ocr_par' dir='ltr' id='par_1_54' title="bbox 78 2575 869 2620">
     <span class='ocr_line' id='line_1_54' title="bbox 78 2575 869 2620; baseline 0.005 -12"><span class='ocrx_word' id='word_1_420' title='bbox 78 2582 223 2610; x_wconf 82' lang='lat' dir='ltr'><strong>viscendas</strong></span> <span class='ocrx_word' id='word_1_421' title='bbox 244 2585 375 2611; x_wconf 65' lang='lat' dir='ltr'><strong>erumnas</strong></span> <span class='ocrx_word' id='word_1_422' title='bbox 395 2588 423 2611; x_wconf 88' lang='lat' dir='ltr'><strong>et</strong></span> <span class='ocrx_word' id='word_1_423' title='bbox 448 2592 552 2612; x_wconf 88' lang='lat' dir='ltr'><strong>errores</strong></span> <span class='ocrx_word' id='word_1_424' title='bbox 577 2575 716 2620; x_wconf 65' lang='lat' dir='ltr'><strong>praaterita:</strong></span> <span class='ocrx_word' id='word_1_425' title='bbox 728 2592 869 2612; x_wconf 86' lang='lat' dir='ltr'><strong>conversa-</strong></span> 
     </span>
    </p>
   </div>
   <div class='ocr_carea' id='block_1_55' title="bbox 79 2629 867 2664">
    <p class='ocr_par' dir='ltr' id='par_1_55' title="bbox 79 2629 867 2664">
     <span class='ocr_line' id='line_1_55' title="bbox 79 2629 867 2664; baseline 0.004 -8"><span class='ocrx_word' id='word_1_426' title='bbox 79 2629 172 2657; x_wconf 80' lang='lat' dir='ltr'><strong>tionis.</strong></span> <span class='ocrx_word' id='word_1_427' title='bbox 191 2629 267 2657; x_wconf 84' lang='lat' dir='ltr'><strong>Hunc</strong></span> <span class='ocrx_word' id='word_1_428' title='bbox 280 2630 361 2658; x_wconf 85' lang='lat' dir='ltr'><strong>ﬁlium</strong></span> <span class='ocrx_word' id='word_1_429' title='bbox 376 2630 501 2664; x_wconf 81' lang='lat' dir='ltr'><strong>hominis,</strong></span> <span class='ocrx_word' id='word_1_430' title='bbox 518 2630 543 2658; x_wconf 91' lang='lat' dir='ltr'><strong>id</strong></span> <span class='ocrx_word' id='word_1_431' title='bbox 556 2635 596 2659; x_wconf 87' lang='lat' dir='ltr'><strong>est</strong></span> <span class='ocrx_word' id='word_1_432' title='bbox 611 2631 744 2659; x_wconf 93' lang='lat' dir='ltr'><strong>hominem</strong></span> <span class='ocrx_word' id='word_1_433' title='bbox 758 2639 867 2664; x_wconf 91' lang='lat' dir='ltr'><strong>novum,</strong></span> 
     </span>
    </p>
   </div>
   <div class='ocr_carea' id='block_1_56' title="bbox 80 2671 868 2713">
    <p class='ocr_par' dir='ltr' id='par_1_56' title="bbox 80 2671 868 2713">
     <span class='ocr_line' id='line_1_56' title="bbox 80 2671 868 2713; baseline 0.004 -10"><span class='ocrx_word' id='word_1_434' title='bbox 80 2676 238 2711; x_wconf 76' lang='lat' dir='ltr'><strong>paenitentia</strong></span> <span class='ocrx_word' id='word_1_435' title='bbox 263 2677 361 2704; x_wconf 85' lang='lat' dir='ltr'><strong>veteris</strong></span> <span class='ocrx_word' id='word_1_436' title='bbox 384 2677 576 2712; x_wconf 84' lang='lat' dir='ltr'><strong>parturit&#39;cum</strong></span> <span class='ocrx_word' id='word_1_437' title='bbox 599 2671 690 2705; x_wconf 84' lang='lat' dir='ltr'><strong>dolore</strong></span> <span class='ocrx_word' id='word_1_438' title='bbox 713 2682 739 2705; x_wconf 87' lang='lat' dir='ltr'><strong>et</strong></span> <span class='ocrx_word' id='word_1_439' title='bbox 757 2678 868 2713; x_wconf 77' lang='lat' dir='ltr'><strong>gemitu.</strong></span> 
     </span>
    </p>
   </div>
   <div class='ocr_carea' id='block_1_57' title="bbox 80 2719 868 2756">
    <p class='ocr_par' dir='ltr' id='par_1_57' title="bbox 80 2719 868 2756">
     <span class='ocr_line' id='line_1_57' title="bbox 80 2719 868 2756; baseline 0.003 -8"><span class='ocrx_word' id='word_1_440' title='bbox 80 2719 130 2748; x_wconf 75' lang='lat' dir='ltr'><strong>Iste</strong></span> <span class='ocrx_word' id='word_1_441' title='bbox 156 2721 284 2756; x_wconf 80' lang='lat' dir='ltr'><strong>quamvis</strong></span> <span class='ocrx_word' id='word_1_442' title='bbox 304 2729 399 2754; x_wconf 85' lang='lat' dir='ltr'><strong>novus,</strong></span> <span class='ocrx_word' id='word_1_443' title='bbox 423 2726 510 2749; x_wconf 84' lang='lat' dir='ltr'><strong>tamen</strong></span> <span class='ocrx_word' id='word_1_444' title='bbox 532 2721 618 2750; x_wconf 88' lang='lat' dir='ltr'><strong>adhuc</strong></span> <span class='ocrx_word' id='word_1_445' title='bbox 635 2722 748 2750; x_wconf 85' lang='lat' dir='ltr'><strong>carnalis</strong></span> <span class='ocrx_word' id='word_1_446' title='bbox 761 2722 868 2756; x_wconf 89' lang='lat' dir='ltr'><strong>dicitur,</strong></span> 
     </span>
    </p>
   </div>
   <div class='ocr_carea' id='block_1_58' title="bbox 79 2767 868 2804">
    <p class='ocr_par' dir='ltr' id='par_1_58' title="bbox 79 2767 868 2804">
     <span class='ocr_line' id='line_1_58' title="bbox 79 2767 868 2804; baseline 0.003 -10"><span class='ocrx_word' id='word_1_447' title='bbox 79 2774 138 2794; x_wconf 75' lang='lat' dir='ltr'><strong>cum</strong></span> <span class='ocrx_word' id='word_1_448' title='bbox 154 2768 227 2795; x_wconf 81' lang='lat' dir='ltr'><strong>lacte</strong></span> <span class='ocrx_word' id='word_1_449' title='bbox 243 2768 368 2801; x_wconf 88' lang='lat' dir='ltr'><strong>nutritur,</strong></span> <span class='ocrx_word' id='word_1_450' title='bbox 382 2767 443 2795; x_wconf 85' lang='lat' dir='ltr'><strong>Non</strong></span> <span class='ocrx_word' id='word_1_451' title='bbox 462 2767 532 2803; x_wconf 79' lang='lat' dir='ltr'><strong>potui</strong></span> <span class='ocrx_word' id='word_1_452' title='bbox 544 2768 611 2795; x_wconf 77' lang='lat' dir='ltr'><strong>vobis</strong></span> <span class='ocrx_word' id='word_1_453' title='bbox 624 2768 691 2804; x_wconf 84' lang='lat' dir='ltr'><strong>loqui</strong></span> <span class='ocrx_word' id='word_1_454' title='bbox 705 2769 776 2804; x_wconf 82' lang='lat' dir='ltr'><strong>quasi</strong></span> <span class='ocrx_word' id='word_1_455' title='bbox 790 2769 868 2803; x_wconf 75' lang='lat' dir='ltr'><strong>spiri-</strong></span> 
     </span>
    </p>
   </div>
   <div class='ocr_carea' id='block_1_59' title="bbox 83 2814 869 2850">
    <p class='ocr_par' dir='ltr' id='par_1_59' title="bbox 83 2814 869 2850">
     <span class='ocr_line' id='line_1_59' title="bbox 83 2814 869 2850; baseline 0.004 -9"><span class='ocrx_word' id='word_1_456' title='bbox 83 2814 202 2847; x_wconf 67' lang='grc' dir='ltr'><strong>ωσι-ι,</strong></span> <span class='ocrx_word' id='word_1_457' title='bbox 217 2815 264 2842; x_wconf 80' lang='lat' dir='ltr'><strong>sed</strong></span> <span class='ocrx_word' id='word_1_458' title='bbox 277 2815 349 2850; x_wconf 79' lang='lat' dir='ltr'><strong>quasi</strong></span> <span class='ocrx_word' id='word_1_459' title='bbox 357 2814 512 2848; x_wconf 84' lang='lat' dir='ltr'><strong>carnalibus,</strong></span> <span class='ocrx_word' id='word_1_460' title='bbox 527 2814 612 2849; x_wconf 89' lang='lat' dir='ltr'><strong>inquit</strong></span> <span class='ocrx_word' id='word_1_461' title='bbox 625 2815 784 2850; x_wconf 82' lang='lat' dir='ltr'><strong>Apostolus;</strong></span> <span class='ocrx_word' id='word_1_462' title='bbox 800 2821 827 2843; x_wconf 87' lang='lat' dir='ltr'><strong>ct</strong></span> <span class='ocrx_word' id='word_1_463' title='bbox 839 2820 869 2843; x_wconf 84' lang='lat' dir='ltr'><strong>ut</strong></span> 
     </span>
    </p>
   </div>
   <div class='ocr_carea' id='block_1_60' title="bbox 84 2858 869 2896">
    <p class='ocr_par' dir='ltr' id='par_1_60' title="bbox 84 2858 869 2896">
     <span class='ocr_line' id='line_1_60' title="bbox 84 2858 869 2896; baseline 0.004 -10"><span class='ocrx_word' id='word_1_464' title='bbox 84 2859 236 2888; x_wconf 71' lang='lat' dir='ltr'><strong>ostenderet</strong></span> <span class='ocrx_word' id='word_1_465' title='bbox 246 2861 301 2896; x_wconf 85' lang='lat' dir='ltr'><strong>jam</strong></span> <span class='ocrx_word' id='word_1_466' title='bbox 315 2865 494 2896; x_wconf 87' lang='lat' dir='ltr'><strong>regeneratos,</strong></span> <span class='ocrx_word' id='word_1_467' title='bbox 507 2858 638 2895; x_wconf 82' lang='lat' dir='ltr'><strong>Tanquam</strong></span> <span class='ocrx_word' id='word_1_468' title='bbox 652 2861 772 2895; x_wconf 83' lang='lat' dir='ltr'><strong>paruulis,</strong></span> <span class='ocrx_word' id='word_1_469' title='bbox 781 2861 828 2895; x_wconf 87' lang='lat' dir='ltr'><strong>ait,</strong></span> <span class='ocrx_word' id='word_1_470' title='bbox 842 2861 869 2889; x_wconf 88' lang='lat' dir='ltr'><strong>in</strong></span> 
     </span>
    </p>
   </div>
   <div class='ocr_carea' id='block_1_61' title="bbox 88 2903 863 2942">
    <p class='ocr_par' dir='ltr' id='par_1_61' title="bbox 88 2903 863 2942">
     <span class='ocr_line' id='line_1_61' title="bbox 88 2903 863 2942; baseline 0.004 -11"><span class='ocrx_word' id='word_1_471' title='bbox 88 2903 192 2938; x_wconf 66' lang='lat' dir='ltr'><strong>arista,</strong></span> <span class='ocrx_word' id='word_1_472' title='bbox 207 2907 248 2934; x_wconf 81' lang='lat' dir='ltr'><strong>lac</strong></span> <span class='ocrx_word' id='word_1_473' title='bbox 263 2906 331 2935; x_wconf 78' lang='lat' dir='ltr'><strong>vobis</strong></span> <span class='ocrx_word' id='word_1_474' title='bbox 347 2910 432 2942; x_wconf 86' lang='lat' dir='ltr'><strong>patum</strong></span> <span class='ocrx_word' id='word_1_475' title='bbox 442 2906 509 2939; x_wconf 84' lang='lat' dir='ltr'><strong>dedi,</strong></span> <span class='ocrx_word' id='word_1_476' title='bbox 521 2914 570 2933; x_wconf 88' lang='lat' dir='ltr'><strong>non</strong></span> <span class='ocrx_word' id='word_1_477' title='bbox 585 2905 675 2933; x_wconf 77' lang='lat' dir='ltr'><strong>cibmn.</strong></span> <span class='ocrx_word' id='word_1_478' title='bbox 692 2905 742 2936; x_wconf 78' lang='lat' dir='ltr'><strong>iste</strong></span> <span class='ocrx_word' id='word_1_479' title='bbox 752 2915 811 2935; x_wconf 87' lang='lat' dir='ltr'><strong>cum</strong></span> <span class='ocrx_word' id='word_1_480' title='bbox 822 2914 863 2935; x_wconf 89' lang='lat' dir='ltr'><strong>rc-</strong></span> 
     </span>
    </p>
   </div>
   <div class='ocr_carea' id='block_1_62' title="bbox 914 255 1695 296">
    <p class='ocr_par' dir='ltr' id='par_1_62' title="bbox 914 255 1695 296">
     <span class='ocr_line' id='line_1_62' title="bbox 914 255 1695 296; baseline 0.012 -14"><span class='ocrx_word' id='word_1_481' title='bbox 914 255 1020 289; x_wconf 86' lang='lat' dir='ltr'><strong>labitur,</strong></span> <span class='ocrx_word' id='word_1_482' title='bbox 1036 257 1105 291; x_wconf 90' lang='lat' dir='ltr'><strong>quod</strong></span> <span class='ocrx_word' id='word_1_483' title='bbox 1125 262 1196 293; x_wconf 67' lang='lat' dir='ltr'><strong>smpe</strong></span> <span class='ocrx_word' id='word_1_484' title='bbox 1210 258 1314 291; x_wconf 87' lang='lat' dir='ltr'><strong>accidit.</strong></span> <span class='ocrx_word' id='word_1_485' title='bbox 1338 257 1369 287; x_wconf 87' lang='lat' dir='ltr'><strong>ad</strong></span> <span class='ocrx_word' id='word_1_486' title='bbox 1386 263 1500 289; x_wconf 86' lang='lat' dir='ltr'><strong>veterem</strong></span> <span class='ocrx_word' id='word_1_487' title='bbox 1523 262 1613 296; x_wconf 84' lang='lat' dir='ltr'><strong>vitam,</strong></span> <span class='ocrx_word' id='word_1_488' title='bbox 1635 272 1695 292; x_wconf 82' lang='lat' dir='ltr'><strong>etim</strong></span> 
     </span>
    </p>
   </div>
   <div class='ocr_carea' id='block_1_63' title="bbox 914 303 1694 340">
    <p class='ocr_par' dir='ltr' id='par_1_63' title="bbox 914 303 1694 340">
     <span class='ocr_line' id='line_1_63' title="bbox 914 303 1694 340; baseline 0.009 -11"><span class='ocrx_word' id='word_1_489' title='bbox 914 303 1117 336; x_wconf 83' lang='lat' dir='ltr'><strong>exprobratione</strong></span> <span class='ocrx_word' id='word_1_490' title='bbox 1131 304 1202 332; x_wconf 84' lang='lat' dir='ltr'><strong>audit</strong></span> <span class='ocrx_word' id='word_1_491' title='bbox 1218 305 1288 340; x_wconf 89' lang='lat' dir='ltr'><strong>quod</strong></span> <span class='ocrx_word' id='word_1_492' title='bbox 1304 306 1383 334; x_wconf 91' lang='lat' dir='ltr'><strong>homo</strong></span> <span class='ocrx_word' id='word_1_493' title='bbox 1395 307 1429 334; x_wconf 90' lang='lat' dir='ltr'><strong>sit</strong></span> <span class='ocrx_word' id='word_1_494' title='bbox 1449 316 1456 334; x_wconf 74' lang='grc' dir='ltr'><em>τ</em></span> <span class='ocrx_word' id='word_1_495' title='bbox 1476 307 1569 336; x_wconf 84' lang='lat' dir='ltr'><strong>Nonne</strong></span> <span class='ocrx_word' id='word_1_496' title='bbox 1581 309 1694 338; x_wconf 81' lang='lat' dir='ltr'><strong>homines</strong></span> 
     </span>
    </p>
   </div>
   <div class='ocr_carea' id='block_1_64' title="bbox 914 346 1695 392">
    <p class='ocr_par' dir='ltr' id='par_1_64' title="bbox 914 346 1695 392">
     <span class='ocr_line' id='line_1_64' title="bbox 914 346 1695 392; baseline 0.013 -19"><span class='ocrx_word' id='word_1_497' title='bbox 914 349 982 379; x_wconf 84' lang='lat' dir='ltr'><strong>estis,</strong></span> <span class='ocrx_word' id='word_1_498' title='bbox 997 349 1088 383; x_wconf 85' lang='lat' dir='ltr'><strong>inquit,</strong></span> <span class='ocrx_word' id='word_1_499' title='bbox 1112 346 1279 378; x_wconf 68' lang='lat' dir='ltr'><strong>etsecundum</strong></span> <span class='ocrx_word' id='word_1_500' title='bbox 1293 351 1418 379; x_wconf 83' lang='lat' dir='ltr'><strong>hominem</strong></span> <span class='ocrx_word' id='word_1_501' title='bbox 1437 354 1570 382; x_wconf 78' lang='lat' dir='ltr'><strong>ambulntt&#39;s</strong></span> <span class='ocrx_word' id='word_1_502' title='bbox 1587 354 1614 392; x_wconf 89' lang='grc' dir='ltr'>(Ι</span> <span class='ocrx_word' id='word_1_503' title='bbox 1634 354 1695 383; x_wconf 85' lang='lat' dir='ltr'><strong>Cor.</strong></span> 
     </span>
    </p>
   </div>
   <div class='ocr_carea' id='block_1_65' title="bbox 914 395 1030 428">
    <p class='ocr_par' dir='ltr' id='par_1_65' title="bbox 914 395 1030 428">
     <span class='ocr_line' id='line_1_65' title="bbox 914 395 1030 428; baseline 0.009 -9"><span class='ocrx_word' id='word_1_504' title='bbox 914 400 951 425; x_wconf 87' lang='lat' dir='ltr'><strong>tu,</strong></span> <span class='ocrx_word' id='word_1_505' title='bbox 964 395 1030 428; x_wconf 79' lang='grc'><strong>1-5).</strong></span> 
     </span>
    </p>
   </div>
   <div class='ocr_carea' id='block_1_66' title="bbox 950 438 1696 480">
    <p class='ocr_par' dir='ltr' id='par_1_66' title="bbox 950 438 1696 480">
     <span class='ocr_line' id='line_1_66' title="bbox 950 438 1696 480; baseline 0.012 -15"><span class='ocrx_word' id='word_1_506' title='bbox 950 440 991 465; x_wconf 88' lang='lat' dir='ltr'><strong>tl.</strong></span> <span class='ocrx_word' id='word_1_507' title='bbox 1005 438 1078 475; x_wconf 82' lang='lat' dir='ltr'><strong>[vers.</strong></span> <span class='ocrx_word' id='word_1_508' title='bbox 1088 440 1156 478; x_wconf 64' lang='lat'><strong>6,1]</strong></span> <span class='ocrx_word' id='word_1_509' title='bbox 1164 441 1245 469; x_wconf 85' lang='lat' dir='ltr'><strong>Filius</strong></span> <span class='ocrx_word' id='word_1_510' title='bbox 1255 442 1333 478; x_wconf 75' lang='lat' dir='ltr'><strong>igitur</strong></span> <span class='ocrx_word' id='word_1_511' title='bbox 1341 443 1456 472; x_wconf 87' lang='lat' dir='ltr'><strong>hominis</strong></span> <span class='ocrx_word' id='word_1_512' title='bbox 1463 445 1546 480; x_wconf 90' lang='lat' dir='ltr'><strong>primo</strong></span> <span class='ocrx_word' id='word_1_513' title='bbox 1556 447 1563 462; x_wconf 90' lang='grc'>¹</span> <span class='ocrx_word' id='word_1_514' title='bbox 1574 447 1696 474; x_wconf 86' lang='lat' dir='ltr'><strong>visitatus</strong></span> 
     </span>
    </p>
   </div>
   <div class='ocr_carea' id='block_1_67' title="bbox 915 485 1697 525">
    <p class='ocr_par' dir='ltr' id='par_1_67' title="bbox 915 485 1697 525">
     <span class='ocr_line' id='line_1_67' title="bbox 915 485 1697 525; baseline 0.012 -14"><span class='ocrx_word' id='word_1_515' title='bbox 915 490 955 511; x_wconf 84' lang='lat' dir='ltr'><strong>est</strong></span> <span class='ocrx_word' id='word_1_516' title='bbox 968 486 995 512; x_wconf 94' lang='lat' dir='ltr'><strong>in</strong></span> <span class='ocrx_word' id='word_1_517' title='bbox 1010 485 1067 520; x_wconf 91' lang='lat' dir='ltr'><strong>ipso</strong></span> <span class='ocrx_word' id='word_1_518' title='bbox 1080 486 1187 514; x_wconf 88' lang='lat' dir='ltr'><strong>homine</strong></span> <span class='ocrx_word' id='word_1_519' title='bbox 1202 488 1339 516; x_wconf 91' lang='lat' dir='ltr'><strong>Dominico</strong></span> <span class='ocrx_word' id='word_1_520' title='bbox 1355 489 1403 525; x_wconf 86' lang='lat' dir='ltr'><strong>(a),</strong></span> <span class='ocrx_word' id='word_1_521' title='bbox 1425 495 1487 518; x_wconf 88' lang='lat' dir='ltr'><strong>nato</strong></span> <span class='ocrx_word' id='word_1_522' title='bbox 1498 499 1531 519; x_wconf 79' lang='lat' dir='ltr'><strong>ex</strong></span> <span class='ocrx_word' id='word_1_523' title='bbox 1546 491 1626 519; x_wconf 87' lang='lat' dir='ltr'><strong>Maria</strong></span> <span class='ocrx_word' id='word_1_524' title='bbox 1641 492 1697 519; x_wconf 88' lang='lat' dir='ltr'><strong>vir-</strong></span> 
     </span>
    </p>
   </div>
   <div class='ocr_carea' id='block_1_68' title="bbox 914 531 1696 570">
    <p class='ocr_par' dir='ltr' id='par_1_68' title="bbox 914 531 1696 570">
     <span class='ocr_line' id='line_1_68' title="bbox 914 531 1696 570; baseline 0.01 -13"><span class='ocrx_word' id='word_1_525' title='bbox 914 531 984 565; x_wconf 86' lang='lat' dir='ltr'><strong>gine.</strong></span> <span class='ocrx_word' id='word_1_526' title='bbox 1012 531 1048 558; x_wconf 89' lang='lat' dir='ltr'><strong>De</strong></span> <span class='ocrx_word' id='word_1_527' title='bbox 1074 539 1126 566; x_wconf 87' lang='lat' dir='ltr'><strong>quo</strong></span> <span class='ocrx_word' id='word_1_528' title='bbox 1152 538 1259 568; x_wconf 85' lang='lat' dir='ltr'><strong>propter</strong></span> <span class='ocrx_word' id='word_1_529' title='bbox 1281 534 1363 569; x_wconf 83' lang='lat' dir='ltr'><strong>ipsam</strong></span> <span class='ocrx_word' id='word_1_530' title='bbox 1388 535 1566 564; x_wconf 86' lang='lat' dir='ltr'><strong>inﬁrmitatem</strong></span> <span class='ocrx_word' id='word_1_531' title='bbox 1587 539 1696 570; x_wconf 89' lang='lat' dir='ltr'><strong>carnis,</strong></span> 
     </span>
    </p>
   </div>
   <div class='ocr_carea' id='block_1_69' title="bbox 916 571 1697 617">
    <p class='ocr_par' dir='ltr' id='par_1_69' title="bbox 916 571 1697 617">
     <span class='ocr_line' id='line_1_69' title="bbox 916 571 1697 617; baseline 0.01 -15"><span class='ocrx_word' id='word_1_532' title='bbox 916 584 994 610; x_wconf 91' lang='lat' dir='ltr'><strong>quam</strong></span> <span class='ocrx_word' id='word_1_533' title='bbox 1008 576 1143 611; x_wconf 84' lang='lat' dir='ltr'><strong>Sapientia</strong></span> <span class='ocrx_word' id='word_1_534' title='bbox 1160 578 1205 605; x_wconf 89' lang='lat' dir='ltr'><strong>Dei</strong></span> <span class='ocrx_word' id='word_1_535' title='bbox 1217 571 1322 613; x_wconf 69' lang='lat' dir='ltr'><strong>gestare</strong></span> <span class='ocrx_word' id='word_1_536' title='bbox 1334 580 1439 615; x_wconf 79' lang='lat' dir='ltr'><strong>dignata</strong></span> <span class='ocrx_word' id='word_1_537' title='bbox 1454 586 1514 615; x_wconf 85' lang='lat' dir='ltr'><strong>est,</strong></span> <span class='ocrx_word' id='word_1_538' title='bbox 1528 587 1555 609; x_wconf 91' lang='lat' dir='ltr'><strong>et</strong></span> <span class='ocrx_word' id='word_1_539' title='bbox 1569 583 1697 617; x_wconf 81' lang='lat' dir='ltr'><strong>passionis</strong></span> 
     </span>
    </p>
   </div>
   <div class='ocr_carea' id='block_1_70' title="bbox 915 623 1698 663">
    <p class='ocr_par' dir='ltr' id='par_1_70' title="bbox 915 623 1698 663">
     <span class='ocr_line' id='line_1_70' title="bbox 915 623 1698 663; baseline 0.008 -14"><span class='ocrx_word' id='word_1_540' title='bbox 915 623 1091 651; x_wconf 85' lang='lat' dir='ltr'><strong>humilitatem</strong></span> <span class='ocrx_word' id='word_1_541' title='bbox 1107 629 1178 652; x_wconf 83' lang='lat' dir='ltr'><strong>recte</strong></span> <span class='ocrx_word' id='word_1_542' title='bbox 1191 625 1286 653; x_wconf 89' lang='lat' dir='ltr'><strong>dicitur</strong></span> <span class='ocrx_word' id='word_1_543' title='bbox 1300 635 1307 653; x_wconf 91' lang='lat'>:</span> <span class='ocrx_word' id='word_1_544' title='bbox 1321 626 1437 654; x_wconf 81' lang='lat' dir='ltr'><strong>Minuiin</strong></span> <span class='ocrx_word' id='word_1_545' title='bbox 1455 636 1510 654; x_wconf 87' lang='lat' dir='ltr'><strong>eum</strong></span> <span class='ocrx_word' id='word_1_546' title='bbox 1525 629 1600 663; x_wconf 86' lang='lat' dir='ltr'><strong>paulo</strong></span> <span class='ocrx_word' id='word_1_547' title='bbox 1615 629 1698 656; x_wconf 81' lang='lat' dir='ltr'><strong>minus</strong></span> 
     </span>
    </p>
   </div>
   <div class='ocr_carea' id='block_1_71' title="bbox 915 669 1699 709">
    <p class='ocr_par' dir='ltr' id='par_1_71' title="bbox 915 669 1699 709">
     <span class='ocr_line' id='line_1_71' title="bbox 915 669 1699 709; baseline 0.009 -15"><span class='ocrx_word' id='word_1_548' title='bbox 915 670 945 695; x_wconf 86' lang='lat' dir='ltr'><strong>ab</strong></span> <span class='ocrx_word' id='word_1_549' title='bbox 961 669 1072 704; x_wconf 77' lang='lat' dir='ltr'><strong>Angelis.</strong></span> <span class='ocrx_word' id='word_1_550' title='bbox 1086 669 1139 698; x_wconf 90' lang='lat' dir='ltr'><strong>Sed</strong></span> <span class='ocrx_word' id='word_1_551' title='bbox 1152 670 1257 697; x_wconf 84' lang='lat' dir='ltr'><strong>additur</strong></span> <span class='ocrx_word' id='word_1_552' title='bbox 1267 672 1311 698; x_wconf 90' lang='lat' dir='ltr'><strong>illa</strong></span> <span class='ocrx_word' id='word_1_553' title='bbox 1332 671 1485 700; x_wconf 84' lang='lat' dir='ltr'><strong>clariﬁcatio</strong></span> <span class='ocrx_word' id='word_1_554' title='bbox 1495 680 1545 708; x_wconf 86' lang='lat' dir='ltr'><strong>qua</strong></span> <span class='ocrx_word' id='word_1_555' title='bbox 1557 681 1699 709; x_wconf 76' lang='lat' dir='ltr'><strong>resurgens</strong></span> 
     </span>
    </p>
   </div>
   <div class='ocr_carea' id='block_1_72' title="bbox 915 715 1699 752">
    <p class='ocr_par' dir='ltr' id='par_1_72' title="bbox 915 715 1699 752">
     <span class='ocr_line' id='line_1_72' title="bbox 915 715 1699 752; baseline 0.006 -11"><span class='ocrx_word' id='word_1_556' title='bbox 915 715 1033 742; x_wconf 86' lang='lat' dir='ltr'><strong>ascendit</strong></span> <span class='ocrx_word' id='word_1_557' title='bbox 1054 716 1079 742; x_wconf 91' lang='lat' dir='ltr'><strong>in</strong></span> <span class='ocrx_word' id='word_1_558' title='bbox 1102 716 1198 743; x_wconf 75' lang='lat' dir='ltr'><strong>cmlum</strong></span> <span class='ocrx_word' id='word_1_559' title='bbox 1214 726 1220 743; x_wconf 90' lang='lat'>:</span> <span class='ocrx_word' id='word_1_560' title='bbox 1236 716 1338 750; x_wconf 83' lang='lat' dir='ltr'><strong>Gloria,</strong></span> <span class='ocrx_word' id='word_1_561' title='bbox 1355 718 1455 752; x_wconf 86' lang='lat' dir='ltr'><strong>inquit,</strong></span> <span class='ocrx_word' id='word_1_562' title='bbox 1474 723 1498 745; x_wconf 89' lang='lat' dir='ltr'><strong>et</strong></span> <span class='ocrx_word' id='word_1_563' title='bbox 1520 718 1612 745; x_wconf 86' lang='lat' dir='ltr'><strong>honore</strong></span> <span class='ocrx_word' id='word_1_564' title='bbox 1626 727 1699 746; x_wconf 87' lang='lat' dir='ltr'><strong>coro-</strong></span> 
     </span>
    </p>
   </div>
   <div class='ocr_carea' id='block_1_73' title="bbox 915 761 1700 798">
    <p class='ocr_par' dir='ltr' id='par_1_73' title="bbox 915 761 1700 798">
     <span class='ocr_line' id='line_1_73' title="bbox 915 761 1700 798; baseline 0.005 -12"><span class='ocrx_word' id='word_1_565' title='bbox 915 761 981 786; x_wconf 89' lang='lat' dir='ltr'><strong>nasti</strong></span> <span class='ocrx_word' id='word_1_566' title='bbox 990 769 1045 787; x_wconf 89' lang='lat' dir='ltr'><strong>eum</strong></span> <span class='ocrx_word' id='word_1_567' title='bbox 1056 769 1064 792; x_wconf 86' lang='lat'><em>;</em></span> <span class='ocrx_word' id='word_1_568' title='bbox 1079 765 1101 787; x_wconf 85' lang='lat' dir='ltr'><strong>et</strong></span> <span class='ocrx_word' id='word_1_569' title='bbox 1114 762 1263 788; x_wconf 80' lang='lat' dir='ltr'><strong>constituisti</strong></span> <span class='ocrx_word' id='word_1_570' title='bbox 1276 770 1331 788; x_wconf 86' lang='lat' dir='ltr'><strong>eum</strong></span> <span class='ocrx_word' id='word_1_571' title='bbox 1344 770 1418 798; x_wconf 80' lang='lat' dir='ltr'><strong>super</strong></span> <span class='ocrx_word' id='word_1_572' title='bbox 1430 771 1506 798; x_wconf 86' lang='lat' dir='ltr'><strong>opera</strong></span> <span class='ocrx_word' id='word_1_573' title='bbox 1515 772 1633 790; x_wconf 83' lang='lat' dir='ltr'><strong>manuum</strong></span> <span class='ocrx_word' id='word_1_574' title='bbox 1643 768 1700 790; x_wconf 87' lang='lat' dir='ltr'><strong>tua-</strong></span> 
     </span>
    </p>
   </div>
   <div class='ocr_carea' id='block_1_74' title="bbox 915 806 1699 843">
    <p class='ocr_par' dir='ltr' id='par_1_74' title="bbox 915 806 1699 843">
     <span class='ocr_line' id='line_1_74' title="bbox 915 806 1699 843; baseline 0.005 -11"><span class='ocrx_word' id='word_1_575' title='bbox 915 814 980 833; x_wconf 84' lang='lat' dir='ltr'><strong>rum.</strong></span> <span class='ocrx_word' id='word_1_576' title='bbox 1001 806 1218 841; x_wconf 85' lang='lat' dir='ltr'><strong>Quandoquidem</strong></span> <span class='ocrx_word' id='word_1_577' title='bbox 1243 811 1270 833; x_wconf 89' lang='lat' dir='ltr'><strong>et</strong></span> <span class='ocrx_word' id='word_1_578' title='bbox 1285 807 1377 842; x_wconf 83' lang='lat' dir='ltr'><strong>Angeli</strong></span> <span class='ocrx_word' id='word_1_579' title='bbox 1398 813 1458 836; x_wconf 90' lang='lat' dir='ltr'><strong>sunt</strong></span> <span class='ocrx_word' id='word_1_580' title='bbox 1479 815 1559 843; x_wconf 90' lang='lat' dir='ltr'><strong>opera</strong></span> <span class='ocrx_word' id='word_1_581' title='bbox 1575 816 1699 836; x_wconf 86' lang='lat' dir='ltr'><strong>manuum</strong></span> 
     </span>
    </p>
   </div>
   <div class='ocr_carea' id='block_1_75' title="bbox 917 852 1700 888">
    <p class='ocr_par' dir='ltr' id='par_1_75' title="bbox 917 852 1700 888">
     <span class='ocr_line' id='line_1_75' title="bbox 917 852 1700 888; baseline 0.003 -10"><span class='ocrx_word' id='word_1_582' title='bbox 917 852 973 883; x_wconf 88' lang='lat' dir='ltr'><strong>Dei.</strong></span> <span class='ocrx_word' id='word_1_583' title='bbox 989 852 1068 879; x_wconf 87' lang='lat' dir='ltr'><strong>etiam</strong></span> <span class='ocrx_word' id='word_1_584' title='bbox 1082 860 1161 887; x_wconf 86' lang='lat' dir='ltr'><strong>super</strong></span> <span class='ocrx_word' id='word_1_585' title='bbox 1174 852 1289 888; x_wconf 84' lang='lat' dir='ltr'><strong>Angelos</strong></span> <span class='ocrx_word' id='word_1_586' title='bbox 1302 854 1472 880; x_wconf 87' lang='lat' dir='ltr'><strong>constitutum</strong></span> <span class='ocrx_word' id='word_1_587' title='bbox 1486 854 1629 887; x_wconf 83' lang='lat' dir='ltr'><strong>accipimus</strong></span> <span class='ocrx_word' id='word_1_588' title='bbox 1642 854 1700 881; x_wconf 91' lang='lat' dir='ltr'><strong>uni-</strong></span> 
     </span>
    </p>
   </div>
   <div class='ocr_carea' id='block_1_76' title="bbox 902 897 1698 933">
    <p class='ocr_par' dir='ltr' id='par_1_76' title="bbox 902 897 1698 933">
     <span class='ocr_line' id='line_1_76' title="bbox 902 897 1698 933; baseline 0 -8"><span class='ocrx_word' id='word_1_589' title='bbox 902 897 1032 932; x_wconf 83' lang='lat' dir='ltr'><strong>.genitum</strong></span> <span class='ocrx_word' id='word_1_590' title='bbox 1046 897 1150 929; x_wconf 89' lang='lat' dir='ltr'><strong>Filium,</strong></span> <span class='ocrx_word' id='word_1_591' title='bbox 1160 905 1237 932; x_wconf 89' lang='lat' dir='ltr'><strong>quem</strong></span> <span class='ocrx_word' id='word_1_592' title='bbox 1253 898 1382 925; x_wconf 90' lang='lat' dir='ltr'><strong>minutum</strong></span> <span class='ocrx_word' id='word_1_593' title='bbox 1404 899 1482 933; x_wconf 84' lang='lat' dir='ltr'><strong>paulo</strong></span> <span class='ocrx_word' id='word_1_594' title='bbox 1495 899 1581 926; x_wconf 89' lang='lat' dir='ltr'><strong>minus</strong></span> <span class='ocrx_word' id='word_1_595' title='bbox 1597 899 1630 925; x_wconf 85' lang='lat' dir='ltr'><strong>ab</strong></span> <span class='ocrx_word' id='word_1_596' title='bbox 1642 899 1698 926; x_wconf 85' lang='lat' dir='ltr'><strong>An-</strong></span> 
     </span>
    </p>
   </div>
   <div class='ocr_carea' id='block_1_77' title="bbox 915 942 1700 978">
    <p class='ocr_par' dir='ltr' id='par_1_77' title="bbox 915 942 1700 978">
     <span class='ocr_line' id='line_1_77' title="bbox 915 942 1700 978; baseline 0.003 -10"><span class='ocrx_word' id='word_1_597' title='bbox 915 942 982 976; x_wconf 79' lang='lat' dir='ltr'><strong>gelis</strong></span> <span class='ocrx_word' id='word_1_598' title='bbox 1007 949 1054 976; x_wconf 77' lang='lat' dir='ltr'><strong>per</strong></span> <span class='ocrx_word' id='word_1_599' title='bbox 1078 942 1392 970; x_wconf 83' lang='lat' dir='ltr'><strong>humilitatemcarnalis</strong></span> <span class='ocrx_word' id='word_1_600' title='bbox 1417 943 1596 978; x_wconf 82' lang='lat' dir='ltr'><strong>generationis</strong></span> <span class='ocrx_word' id='word_1_601' title='bbox 1620 947 1700 978; x_wconf 87' lang='lat' dir='ltr'><strong>atque</strong></span> 
     </span>
    </p>
   </div>
   <div class='ocr_carea' id='block_1_78' title="bbox 916 987 1375 1022">
    <p class='ocr_par' dir='ltr' id='par_1_78' title="bbox 916 987 1375 1022">
     <span class='ocr_line' id='line_1_78' title="bbox 916 987 1375 1022; baseline 0.002 -9"><span class='ocrx_word' id='word_1_602' title='bbox 916 987 1048 1022; x_wconf 86' lang='lat' dir='ltr'><strong>passionis</strong></span> <span class='ocrx_word' id='word_1_603' title='bbox 1061 987 1182 1014; x_wconf 85' lang='lat' dir='ltr'><strong>audimus</strong></span> <span class='ocrx_word' id='word_1_604' title='bbox 1194 992 1221 1014; x_wconf 89' lang='lat' dir='ltr'><strong>ct</strong></span> <span class='ocrx_word' id='word_1_605' title='bbox 1232 988 1375 1015; x_wconf 89' lang='lat' dir='ltr'><strong>credimus.</strong></span> 
     </span>
    </p>
   </div>
   <div class='ocr_carea' id='block_1_79' title="bbox 952 1032 1699 1069">
    <p class='ocr_par' dir='ltr' id='par_1_79' title="bbox 952 1032 1699 1069">
     <span class='ocr_line' id='line_1_79' title="bbox 952 1032 1699 1069; baseline -0.001 -9"><span class='ocrx_word' id='word_1_606' title='bbox 952 1033 996 1060; x_wconf 77' lang='lat' dir='ltr'><strong>I2.</strong></span> <span class='ocrx_word' id='word_1_607' title='bbox 1017 1033 1027 1069; x_wconf 68' lang='grc' dir='ltr'>ι</span> <span class='ocrx_word' id='word_1_608' title='bbox 1039 1041 1103 1060; x_wconf 74' lang='lat' dir='ltr'><strong>11ers.</strong></span> <span class='ocrx_word' id='word_1_609' title='bbox 1117 1034 1144 1064; x_wconf 83' lang='lat'><strong>8,</strong></span> <span class='ocrx_word' id='word_1_610' title='bbox 1161 1033 1215 1069; x_wconf 70' lang='lat'><strong>9.].</strong></span> <span class='ocrx_word' id='word_1_611' title='bbox 1226 1034 1332 1066; x_wconf 87' lang='lat' dir='ltr'><strong>Omnia,</strong></span> <span class='ocrx_word' id='word_1_612' title='bbox 1348 1033 1447 1068; x_wconf 87' lang='lat' dir='ltr'><strong>inquit,</strong></span> <span class='ocrx_word' id='word_1_613' title='bbox 1461 1033 1587 1068; x_wconf 81' lang='lat' dir='ltr'><strong>subjecisti</strong></span> <span class='ocrx_word' id='word_1_614' title='bbox 1599 1032 1644 1060; x_wconf 85' lang='lat' dir='ltr'><strong>sub</strong></span> <span class='ocrx_word' id='word_1_615' title='bbox 1655 1041 1699 1067; x_wconf 84' lang='lat' dir='ltr'><strong>pe-</strong></span> 
     </span>
    </p>
   </div>
   <div class='ocr_carea' id='block_1_80' title="bbox 917 1078 1700 1114">
    <p class='ocr_par' dir='ltr' id='par_1_80' title="bbox 917 1078 1700 1114">
     <span class='ocr_line' id='line_1_80' title="bbox 917 1078 1700 1114; baseline -0.001 -9"><span class='ocrx_word' id='word_1_616' title='bbox 917 1078 989 1106; x_wconf 87' lang='lat' dir='ltr'><strong>dibus</strong></span> <span class='ocrx_word' id='word_1_617' title='bbox 1003 1079 1068 1114; x_wconf 79' lang='lat' dir='ltr'><strong>ejus.</strong></span> <span class='ocrx_word' id='word_1_618' title='bbox 1083 1078 1153 1106; x_wconf 80' lang='lat' dir='ltr'><strong>Nihil</strong></span> <span class='ocrx_word' id='word_1_619' title='bbox 1164 1079 1271 1113; x_wconf 81' lang='lat' dir='ltr'><strong>excipit,</strong></span> <span class='ocrx_word' id='word_1_620' title='bbox 1285 1086 1345 1106; x_wconf 92' lang='lat' dir='ltr'><strong>cum</strong></span> <span class='ocrx_word' id='word_1_621' title='bbox 1356 1079 1418 1106; x_wconf 91' lang='lat' dir='ltr'><strong>dicit</strong></span> <span class='ocrx_word' id='word_1_622' title='bbox 1428 1079 1522 1105; x_wconf 87' lang='lat' dir='ltr'><strong>omnia.</strong></span> <span class='ocrx_word' id='word_1_623' title='bbox 1538 1078 1572 1105; x_wconf 85' lang='lat' dir='ltr'><strong>Et</strong></span> <span class='ocrx_word' id='word_1_624' title='bbox 1583 1085 1615 1106; x_wconf 89' lang='lat' dir='ltr'><strong>ne</strong></span> <span class='ocrx_word' id='word_1_625' title='bbox 1625 1078 1700 1105; x_wconf 85' lang='lat' dir='ltr'><strong>aliter</strong></span> 
     </span>
    </p>
   </div>
   <div class='ocr_carea' id='block_1_81' title="bbox 918 1123 1698 1159">
    <p class='ocr_par' dir='ltr' id='par_1_81' title="bbox 918 1123 1698 1159">
     <span class='ocr_line' id='line_1_81' title="bbox 918 1123 1698 1159; baseline -0.003 -7"><span class='ocrx_word' id='word_1_626' title='bbox 918 1124 1010 1152; x_wconf 88' lang='lat' dir='ltr'><strong>liceret</strong></span> <span class='ocrx_word' id='word_1_627' title='bbox 1023 1124 1142 1159; x_wconf 77' lang='lat' dir='ltr'><strong>intelligi,</strong></span> <span class='ocrx_word' id='word_1_628' title='bbox 1157 1124 1196 1151; x_wconf 89' lang='lat' dir='ltr'><strong>sic</strong></span> <span class='ocrx_word' id='word_1_629' title='bbox 1210 1124 1353 1158; x_wconf 85' lang='lat' dir='ltr'><strong>Apostolus</strong></span> <span class='ocrx_word' id='word_1_630' title='bbox 1363 1123 1435 1151; x_wconf 88' lang='lat' dir='ltr'><strong>credi</strong></span> <span class='ocrx_word' id='word_1_631' title='bbox 1446 1123 1536 1158; x_wconf 83' lang='lat' dir='ltr'><strong>jubet,</strong></span> <span class='ocrx_word' id='word_1_632' title='bbox 1552 1130 1613 1151; x_wconf 89' lang='lat' dir='ltr'><strong>cum</strong></span> <span class='ocrx_word' id='word_1_633' title='bbox 1624 1123 1698 1154; x_wconf 86' lang='lat' dir='ltr'><strong>dicit,</strong></span> 
     </span>
    </p>
   </div>
   <div class='ocr_carea' id='block_1_82' title="bbox 917 1168 1701 1205">
    <p class='ocr_par' dir='ltr' id='par_1_82' title="bbox 917 1168 1701 1205">
     <span class='ocr_line' id='line_1_82' title="bbox 917 1168 1701 1205; baseline -0.003 -8"><span class='ocrx_word' id='word_1_634' title='bbox 917 1174 1019 1205; x_wconf 76' lang='lat' dir='ltr'><strong>mepte</strong></span> <span class='ocrx_word' id='word_1_635' title='bbox 1043 1178 1072 1197; x_wconf 85' lang='lat' dir='ltr'><strong>eo</strong></span> <span class='ocrx_word' id='word_1_636' title='bbox 1091 1170 1135 1205; x_wconf 83' lang='lat' dir='ltr'><strong>qui</strong></span> <span class='ocrx_word' id='word_1_637' title='bbox 1158 1170 1180 1196; x_wconf 81' lang='lat' dir='ltr'><strong>ei</strong></span> <span class='ocrx_word' id='word_1_638' title='bbox 1201 1170 1304 1204; x_wconf 84' lang='lat' dir='ltr'><strong>subjecit</strong></span> <span class='ocrx_word' id='word_1_639' title='bbox 1324 1170 1408 1197; x_wconf 87' lang='lat' dir='ltr'><strong>omnia</strong></span> <span class='ocrx_word' id='word_1_640' title='bbox 1427 1168 1492 1204; x_wconf 85' lang='lat' dir='ltr'><strong>(Id.</strong></span> <span class='ocrx_word' id='word_1_641' title='bbox 1508 1176 1543 1196; x_wconf 78' lang='lat' dir='ltr'><strong>xv</strong></span> <span class='ocrx_word' id='word_1_642' title='bbox 1555 1190 1562 1201; x_wconf 91' lang='lat'><strong>,</strong></span> <span class='ocrx_word' id='word_1_643' title='bbox 1582 1168 1652 1204; x_wconf 76' lang='lat'><strong>27);</strong></span> <span class='ocrx_word' id='word_1_644' title='bbox 1674 1174 1701 1196; x_wconf 86' lang='lat' dir='ltr'><strong>et</strong></span> 
     </span>
    </p>
   </div>
   <div class='ocr_carea' id='block_1_83' title="bbox 917 1214 1719 1251">
    <p class='ocr_par' dir='ltr' id='par_1_83' title="bbox 917 1214 1719 1251">
     <span class='ocr_line' id='line_1_83' title="bbox 917 1214 1719 1251; baseline -0.002 -9"><span class='ocrx_word' id='word_1_645' title='bbox 917 1215 968 1243; x_wconf 89' lang='lat' dir='ltr'><strong>hoc</strong></span> <span class='ocrx_word' id='word_1_646' title='bbox 984 1216 1041 1251; x_wconf 83' lang='lat' dir='ltr'><strong>ipso</strong></span> <span class='ocrx_word' id='word_1_647' title='bbox 1055 1215 1134 1250; x_wconf 89' lang='lat' dir='ltr'><strong>hujus</strong></span> <span class='ocrx_word' id='word_1_648' title='bbox 1147 1215 1242 1250; x_wconf 85' lang='lat' dir='ltr'><strong>psalmi</strong></span> <span class='ocrx_word' id='word_1_649' title='bbox 1256 1215 1407 1242; x_wconf 88' lang='lat' dir='ltr'><strong>testimonio</strong></span> <span class='ocrx_word' id='word_1_650' title='bbox 1430 1215 1511 1242; x_wconf 89' lang='lat' dir='ltr'><strong>utitur</strong></span> <span class='ocrx_word' id='word_1_651' title='bbox 1525 1214 1558 1241; x_wconf 89' lang='lat' dir='ltr'><strong>ad</strong></span> <span class='ocrx_word' id='word_1_652' title='bbox 1575 1214 1699 1241; x_wconf 69' lang='lat' dir='ltr'><strong>llebracos</strong></span> <span class='ocrx_word' id='word_1_653' title='bbox 1718 1228 1719 1233; x_wconf 61' lang='grc' dir='ltr'><strong>η</strong></span> 
     </span>
    </p>
   </div>
   <div class='ocr_carea' id='block_1_84' title="bbox 917 1259 1699 1297">
    <p class='ocr_par' dir='ltr' id='par_1_84' title="bbox 917 1259 1699 1297">
     <span class='ocr_line' id='line_1_84' title="bbox 917 1259 1699 1297; baseline -0.004 -9"><span class='ocrx_word' id='word_1_654' title='bbox 917 1261 927 1297; x_wconf 92' lang='grc'>(</span> <span class='ocrx_word' id='word_1_655' title='bbox 943 1260 1021 1288; x_wconf 84' lang='lat' dir='ltr'><strong>Hebr.</strong></span> <span class='ocrx_word' id='word_1_656' title='bbox 1040 1269 1069 1294; x_wconf 85' lang='grc' dir='ltr'><strong>ιι,</strong></span> <span class='ocrx_word' id='word_1_657' title='bbox 1083 1260 1133 1295; x_wconf 90' lang='lat'><strong>8),</strong></span> <span class='ocrx_word' id='word_1_658' title='bbox 1147 1268 1206 1288; x_wconf 88' lang='lat' dir='ltr'><strong>cum</strong></span> <span class='ocrx_word' id='word_1_659' title='bbox 1223 1261 1256 1288; x_wconf 88' lang='lat' dir='ltr'><strong>ita</strong></span> <span class='ocrx_word' id='word_1_660' title='bbox 1270 1261 1325 1288; x_wconf 85' lang='lat' dir='ltr'><strong>vult</strong></span> <span class='ocrx_word' id='word_1_661' title='bbox 1339 1261 1426 1288; x_wconf 88' lang='lat' dir='ltr'><strong>omnia</strong></span> <span class='ocrx_word' id='word_1_662' title='bbox 1439 1260 1549 1295; x_wconf 75' lang='lat' dir='ltr'><strong>intelligi</strong></span> <span class='ocrx_word' id='word_1_663' title='bbox 1567 1267 1624 1287; x_wconf 88' lang='lat' dir='ltr'><strong>esse</strong></span> <span class='ocrx_word' id='word_1_664' title='bbox 1635 1259 1699 1286; x_wconf 88' lang='lat' dir='ltr'><strong>sub-</strong></span> 
     </span>
    </p>
   </div>
   <div class='ocr_carea' id='block_1_85' title="bbox 914 1305 1699 1342">
    <p class='ocr_par' dir='ltr' id='par_1_85' title="bbox 914 1305 1699 1342">
     <span class='ocr_line' id='line_1_85' title="bbox 914 1305 1699 1342; baseline -0.005 -8"><span class='ocrx_word' id='word_1_665' title='bbox 914 1307 984 1342; x_wconf 86' lang='lat' dir='ltr'><strong>jecta</strong></span> <span class='ocrx_word' id='word_1_666' title='bbox 998 1307 1111 1334; x_wconf 90' lang='lat' dir='ltr'><strong>Domino</strong></span> <span class='ocrx_word' id='word_1_667' title='bbox 1124 1310 1215 1333; x_wconf 90' lang='lat' dir='ltr'><strong>nostro</strong></span> <span class='ocrx_word' id='word_1_668' title='bbox 1228 1306 1291 1333; x_wconf 84' lang='lat' dir='ltr'><strong>Jesu</strong></span> <span class='ocrx_word' id='word_1_669' title='bbox 1301 1306 1408 1333; x_wconf 89' lang='lat' dir='ltr'><strong>Christo</strong></span> <span class='ocrx_word' id='word_1_670' title='bbox 1419 1326 1427 1338; x_wconf 93' lang='lat'><strong>,</strong></span> <span class='ocrx_word' id='word_1_671' title='bbox 1443 1309 1473 1332; x_wconf 91' lang='lat' dir='ltr'><strong>ut</strong></span> <span class='ocrx_word' id='word_1_672' title='bbox 1486 1305 1551 1333; x_wconf 87' lang='lat' dir='ltr'><strong>nihil</strong></span> <span class='ocrx_word' id='word_1_673' title='bbox 1561 1309 1699 1339; x_wconf 80' lang='lat' dir='ltr'><strong>exceptant</strong></span> 
     </span>
    </p>
   </div>
   <div class='ocr_carea' id='block_1_86' title="bbox 917 1349 1699 1389">
    <p class='ocr_par' dir='ltr' id='par_1_86' title="bbox 917 1349 1699 1389">
     <span class='ocr_line' id='line_1_86' title="bbox 917 1349 1699 1389; baseline -0.006 -9"><span class='ocrx_word' id='word_1_674' title='bbox 917 1353 961 1380; x_wconf 87' lang='lat' dir='ltr'><strong>sit.</strong></span> <span class='ocrx_word' id='word_1_675' title='bbox 970 1353 1024 1380; x_wconf 81' lang='lat' dir='ltr'><strong>Nec</strong></span> <span class='ocrx_word' id='word_1_676' title='bbox 1031 1357 1118 1379; x_wconf 89' lang='lat' dir='ltr'><strong>tamen</strong></span> <span class='ocrx_word' id='word_1_677' title='bbox 1126 1352 1199 1386; x_wconf 87' lang='lat' dir='ltr'><strong>quasi</strong></span> <span class='ocrx_word' id='word_1_678' title='bbox 1206 1352 1303 1386; x_wconf 84' lang='lat' dir='ltr'><strong>aliquid</strong></span> <span class='ocrx_word' id='word_1_679' title='bbox 1310 1359 1434 1385; x_wconf 80' lang='lat' dir='ltr'><strong>magnum</strong></span> <span class='ocrx_word' id='word_1_680' title='bbox 1441 1349 1699 1389; x_wconf 82' lang='lat' dir='ltr'><strong>videturadjungere,</strong></span> 
     </span>
    </p>
   </div>
   <div class='ocr_carea' id='block_1_87' title="bbox 917 1397 1699 1431">
    <p class='ocr_par' dir='ltr' id='par_1_87' title="bbox 917 1397 1699 1431">
     <span class='ocr_line' id='line_1_87' title="bbox 917 1397 1699 1431; baseline -0.006 -5"><span class='ocrx_word' id='word_1_681' title='bbox 917 1406 976 1427; x_wconf 88' lang='lat' dir='ltr'><strong>cum</strong></span> <span class='ocrx_word' id='word_1_682' title='bbox 992 1399 1057 1426; x_wconf 88' lang='lat' dir='ltr'><strong>dicit</strong></span> <span class='ocrx_word' id='word_1_683' title='bbox 1073 1407 1079 1424; x_wconf 93' lang='lat'>:</span> <span class='ocrx_word' id='word_1_684' title='bbox 1095 1397 1159 1425; x_wconf 78' lang='lat' dir='ltr'><strong>Oves</strong></span> <span class='ocrx_word' id='word_1_685' title='bbox 1182 1402 1204 1424; x_wconf 87' lang='lat' dir='ltr'><strong>et</strong></span> <span class='ocrx_word' id='word_1_686' title='bbox 1217 1397 1288 1424; x_wconf 82' lang='lat' dir='ltr'><strong>boves</strong></span> <span class='ocrx_word' id='word_1_687' title='bbox 1301 1398 1439 1430; x_wconf 82' lang='lat' dir='ltr'><strong>universas,</strong></span> <span class='ocrx_word' id='word_1_688' title='bbox 1455 1397 1557 1431; x_wconf 83' lang='lat' dir='ltr'><strong>insuper</strong></span> <span class='ocrx_word' id='word_1_689' title='bbox 1570 1400 1592 1422; x_wconf 87' lang='lat' dir='ltr'><strong>et</strong></span> <span class='ocrx_word' id='word_1_690' title='bbox 1609 1403 1699 1430; x_wconf 86' lang='lat' dir='ltr'><strong>pecora</strong></span> 
     </span>
    </p>
   </div>
   <div class='ocr_carea' id='block_1_88' title="bbox 917 1436 1744 1480">
    <p class='ocr_par' dir='ltr' id='par_1_88' title="bbox 917 1436 1744 1480">
     <span class='ocr_line' id='line_1_88' title="bbox 917 1436 1744 1480; baseline -0.005 -8"><span class='ocrx_word' id='word_1_691' title='bbox 917 1445 1016 1480; x_wconf 82' lang='lat' dir='ltr'><strong>campi;</strong></span> <span class='ocrx_word' id='word_1_692' title='bbox 1037 1446 1150 1472; x_wconf 82' lang='lat' dir='ltr'><strong>volucres</strong></span> <span class='ocrx_word' id='word_1_693' title='bbox 1169 1444 1242 1477; x_wconf 64' lang='lat' dir='ltr'><strong>caeli,</strong></span> <span class='ocrx_word' id='word_1_694' title='bbox 1266 1449 1288 1470; x_wconf 85' lang='lat' dir='ltr'><strong>et</strong></span> <span class='ocrx_word' id='word_1_695' title='bbox 1301 1444 1380 1479; x_wconf 74' lang='lat' dir='ltr'><strong>pisces</strong></span> <span class='ocrx_word' id='word_1_696' title='bbox 1399 1444 1488 1476; x_wconf 87' lang='lat' dir='ltr'><strong>ntaris,</strong></span> <span class='ocrx_word' id='word_1_697' title='bbox 1510 1443 1553 1478; x_wconf 81' lang='lat' dir='ltr'><strong>qui</strong></span> <span class='ocrx_word' id='word_1_698' title='bbox 1570 1443 1702 1478; x_wconf 79' lang='lat' dir='ltr'><strong>perambu-</strong></span> <span class='ocrx_word' id='word_1_699' title='bbox 1740 1436 1744 1440; x_wconf 64' lang='grc'><em>’</em></span> 
     </span>
    </p>
   </div>
   <div class='ocr_carea' id='block_1_89' title="bbox 918 1488 1701 1520">
    <p class='ocr_par' dir='ltr' id='par_1_89' title="bbox 918 1488 1701 1520">
     <span class='ocr_line' id='line_1_89' title="bbox 918 1488 1701 1520; baseline -0.006 -1"><span class='ocrx_word' id='word_1_700' title='bbox 918 1492 971 1519; x_wconf 84' lang='lat' dir='ltr'><strong>lant</strong></span> <span class='ocrx_word' id='word_1_701' title='bbox 985 1492 1084 1519; x_wconf 81' lang='lat' dir='ltr'><strong>semitas</strong></span> <span class='ocrx_word' id='word_1_702' title='bbox 1107 1491 1194 1518; x_wconf 86' lang='lat' dir='ltr'><strong>maris.</strong></span> <span class='ocrx_word' id='word_1_703' title='bbox 1211 1490 1319 1520; x_wconf 85' lang='lat' dir='ltr'><strong>Videtur</strong></span> <span class='ocrx_word' id='word_1_704' title='bbox 1338 1490 1408 1517; x_wconf 89' lang='lat' dir='ltr'><strong>enim</strong></span> <span class='ocrx_word' id='word_1_705' title='bbox 1430 1489 1529 1517; x_wconf 89' lang='lat' dir='ltr'><strong>relictis</strong></span> <span class='ocrx_word' id='word_1_706' title='bbox 1550 1488 1701 1517; x_wconf 68' lang='lat' dir='ltr'><strong>cmicstibus</strong></span> 
     </span>
    </p>
   </div>
   <div class='ocr_carea' id='block_1_90' title="bbox 917 1534 1701 1565">
    <p class='ocr_par' dir='ltr' id='par_1_90' title="bbox 917 1534 1701 1565">
     <span class='ocr_line' id='line_1_90' title="bbox 917 1534 1701 1565; baseline -0.005 0"><span class='ocrx_word' id='word_1_707' title='bbox 917 1537 1065 1565; x_wconf 76' lang='lat' dir='ltr'><strong>Virtutibus</strong></span> <span class='ocrx_word' id='word_1_708' title='bbox 1090 1541 1117 1564; x_wconf 82' lang='lat' dir='ltr'><strong>et</strong></span> <span class='ocrx_word' id='word_1_709' title='bbox 1142 1537 1320 1564; x_wconf 87' lang='lat' dir='ltr'><strong>Potestatihus</strong></span> <span class='ocrx_word' id='word_1_710' title='bbox 1342 1541 1368 1563; x_wconf 85' lang='lat' dir='ltr'><strong>et</strong></span> <span class='ocrx_word' id='word_1_711' title='bbox 1397 1535 1519 1562; x_wconf 89' lang='lat' dir='ltr'><strong>omnibus</strong></span> <span class='ocrx_word' id='word_1_712' title='bbox 1540 1534 1701 1562; x_wconf 78' lang='lat' dir='ltr'><strong>exercitibus</strong></span> 
     </span>
    </p>
   </div>
   <div class='ocr_carea' id='block_1_91' title="bbox 918 1579 1701 1618">
    <p class='ocr_par' dir='ltr' id='par_1_91' title="bbox 918 1579 1701 1618">
     <span class='ocr_line' id='line_1_91' title="bbox 918 1579 1701 1618; baseline -0.005 -8"><span class='ocrx_word' id='word_1_713' title='bbox 918 1584 1090 1618; x_wconf 83' lang='lat' dir='ltr'><strong>Angelorum,</strong></span> <span class='ocrx_word' id='word_1_714' title='bbox 1105 1582 1204 1610; x_wconf 90' lang='lat' dir='ltr'><strong>relictis</strong></span> <span class='ocrx_word' id='word_1_715' title='bbox 1217 1582 1295 1609; x_wconf 89' lang='lat' dir='ltr'><strong>etiam</strong></span> <span class='ocrx_word' id='word_1_716' title='bbox 1310 1581 1373 1616; x_wconf 88' lang='lat' dir='ltr'><strong>ipsis</strong></span> <span class='ocrx_word' id='word_1_717' title='bbox 1388 1580 1548 1613; x_wconf 87' lang='lat' dir='ltr'><strong>hominibus,</strong></span> <span class='ocrx_word' id='word_1_718' title='bbox 1563 1584 1662 1607; x_wconf 86' lang='lat' dir='ltr'><strong>tantum</strong></span> <span class='ocrx_word' id='word_1_719' title='bbox 1676 1579 1701 1606; x_wconf 88' lang='lat' dir='ltr'><strong>ei</strong></span> 
     </span>
    </p>
   </div>
   <div class='ocr_carea' id='block_1_92' title="bbox 918 1621 1702 1664">
    <p class='ocr_par' dir='ltr' id='par_1_92' title="bbox 918 1621 1702 1664">
     <span class='ocr_line' id='line_1_92' title="bbox 918 1621 1702 1664; baseline -0.005 -7"><span class='ocrx_word' id='word_1_720' title='bbox 918 1637 1013 1664; x_wconf 85' lang='lat' dir='ltr'><strong>pecora</strong></span> <span class='ocrx_word' id='word_1_721' title='bbox 1037 1629 1197 1663; x_wconf 74' lang='lat' dir='ltr'><strong>subiecisse;</strong></span> <span class='ocrx_word' id='word_1_722' title='bbox 1218 1628 1268 1656; x_wconf 92' lang='lat' dir='ltr'><strong>nisi</strong></span> <span class='ocrx_word' id='word_1_723' title='bbox 1291 1635 1358 1655; x_wconf 89' lang='lat' dir='ltr'><strong>oves</strong></span> <span class='ocrx_word' id='word_1_724' title='bbox 1382 1632 1408 1655; x_wconf 89' lang='lat' dir='ltr'><strong>et</strong></span> <span class='ocrx_word' id='word_1_725' title='bbox 1428 1627 1509 1655; x_wconf 87' lang='lat' dir='ltr'><strong>boves</strong></span> <span class='ocrx_word' id='word_1_726' title='bbox 1524 1621 1702 1661; x_wconf 82' lang='lat' dir='ltr'><strong>intelligamus</strong></span> 
     </span>
    </p>
   </div>
   <div class='ocr_carea' id='block_1_93' title="bbox 917 1671 1702 1706">
    <p class='ocr_par' dir='ltr' id='par_1_93' title="bbox 917 1671 1702 1706">
     <span class='ocr_line' id='line_1_93' title="bbox 917 1671 1702 1706; baseline -0.005 -4"><span class='ocrx_word' id='word_1_727' title='bbox 917 1675 1020 1702; x_wconf 86' lang='lat' dir='ltr'><strong>animas</strong></span> <span class='ocrx_word' id='word_1_728' title='bbox 1033 1679 1137 1702; x_wconf 83' lang='lat' dir='ltr'><strong>sanctas</strong></span> <span class='ocrx_word' id='word_1_729' title='bbox 1148 1695 1156 1706; x_wconf 95' lang='lat'><strong>,</strong></span> <span class='ocrx_word' id='word_1_730' title='bbox 1169 1674 1210 1701; x_wconf 88' lang='lat' dir='ltr'><strong>vel</strong></span> <span class='ocrx_word' id='word_1_731' title='bbox 1226 1673 1381 1701; x_wconf 64' lang='lat' dir='ltr'><strong>innocentiae</strong></span> <span class='ocrx_word' id='word_1_732' title='bbox 1400 1673 1513 1700; x_wconf 90' lang='lat' dir='ltr'><strong>fructum</strong></span> <span class='ocrx_word' id='word_1_733' title='bbox 1533 1672 1626 1699; x_wconf 84' lang='lat' dir='ltr'><strong>dantes</strong></span> <span class='ocrx_word' id='word_1_734' title='bbox 1638 1692 1645 1703; x_wconf 84' lang='lat'><strong>.</strong></span> <span class='ocrx_word' id='word_1_735' title='bbox 1659 1671 1702 1699; x_wconf 92' lang='lat' dir='ltr'><strong>vel</strong></span> 
     </span>
    </p>
   </div>
   <div class='ocr_carea' id='block_1_94' title="bbox 918 1717 1701 1755">
    <p class='ocr_par' dir='ltr' id='par_1_94' title="bbox 918 1717 1701 1755">
     <span class='ocr_line' id='line_1_94' title="bbox 918 1717 1701 1755; baseline -0.006 -7"><span class='ocrx_word' id='word_1_736' title='bbox 918 1721 996 1748; x_wconf 88' lang='lat' dir='ltr'><strong>etiam</strong></span> <span class='ocrx_word' id='word_1_737' title='bbox 1008 1724 1149 1755; x_wconf 86' lang='lat' dir='ltr'><strong>operantes</strong></span> <span class='ocrx_word' id='word_1_738' title='bbox 1162 1724 1189 1747; x_wconf 90' lang='lat' dir='ltr'><strong>ut</strong></span> <span class='ocrx_word' id='word_1_739' title='bbox 1202 1724 1271 1747; x_wconf 91' lang='lat' dir='ltr'><strong>terra</strong></span> <span class='ocrx_word' id='word_1_740' title='bbox 1287 1719 1436 1752; x_wconf 86' lang='lat' dir='ltr'><strong>fructilicet,</strong></span> <span class='ocrx_word' id='word_1_741' title='bbox 1449 1718 1476 1745; x_wconf 93' lang='lat' dir='ltr'><strong>id</strong></span> <span class='ocrx_word' id='word_1_742' title='bbox 1489 1722 1545 1750; x_wconf 86' lang='lat' dir='ltr'><strong>est,</strong></span> <span class='ocrx_word' id='word_1_743' title='bbox 1560 1722 1589 1744; x_wconf 88' lang='lat' dir='ltr'><strong>ut</strong></span> <span class='ocrx_word' id='word_1_744' title='bbox 1602 1717 1701 1744; x_wconf 89' lang='lat' dir='ltr'><strong>terreni</strong></span> 
     </span>
    </p>
   </div>
   <div class='ocr_carea' id='block_1_95' title="bbox 918 1762 1702 1800">
    <p class='ocr_par' dir='ltr' id='par_1_95' title="bbox 918 1762 1702 1800">
     <span class='ocr_line' id='line_1_95' title="bbox 918 1762 1702 1800; baseline -0.003 -8"><span class='ocrx_word' id='word_1_745' title='bbox 918 1765 1038 1792; x_wconf 88' lang='lat' dir='ltr'><strong>homines</strong></span> <span class='ocrx_word' id='word_1_746' title='bbox 1050 1765 1082 1792; x_wconf 84' lang='lat' dir='ltr'><strong>ad</strong></span> <span class='ocrx_word' id='word_1_747' title='bbox 1097 1765 1259 1800; x_wconf 81' lang='lat' dir='ltr'><strong>spiritualem</strong></span> <span class='ocrx_word' id='word_1_748' title='bbox 1272 1764 1419 1792; x_wconf 88' lang='lat' dir='ltr'><strong>ubertatem</strong></span> <span class='ocrx_word' id='word_1_749' title='bbox 1435 1767 1633 1798; x_wconf 83' lang='lat' dir='ltr'><strong>regenerentur.</strong></span> <span class='ocrx_word' id='word_1_750' title='bbox 1648 1762 1702 1790; x_wconf 88' lang='lat' dir='ltr'><strong>llas</strong></span> 
     </span>
    </p>
   </div>
   <div class='ocr_carea' id='block_1_96' title="bbox 917 1808 1701 1846">
    <p class='ocr_par' dir='ltr' id='par_1_96' title="bbox 917 1808 1701 1846">
     <span class='ocr_line' id='line_1_96' title="bbox 917 1808 1701 1846; baseline -0.005 -8"><span class='ocrx_word' id='word_1_751' title='bbox 917 1819 981 1846; x_wconf 90' lang='lat' dir='ltr'><strong>ergo</strong></span> <span class='ocrx_word' id='word_1_752' title='bbox 993 1812 1094 1838; x_wconf 88' lang='lat' dir='ltr'><strong>animas</strong></span> <span class='ocrx_word' id='word_1_753' title='bbox 1105 1815 1219 1844; x_wconf 86' lang='lat' dir='ltr'><strong>sanctas,</strong></span> <span class='ocrx_word' id='word_1_754' title='bbox 1229 1818 1280 1838; x_wconf 94' lang='lat' dir='ltr'><strong>non</strong></span> <span class='ocrx_word' id='word_1_755' title='bbox 1292 1810 1427 1837; x_wconf 87' lang='lat' dir='ltr'><strong>hominum</strong></span> <span class='ocrx_word' id='word_1_756' title='bbox 1443 1813 1553 1841; x_wconf 89' lang='lat' dir='ltr'><strong>tantum,</strong></span> <span class='ocrx_word' id='word_1_757' title='bbox 1565 1808 1611 1835; x_wconf 87' lang='lat' dir='ltr'><strong>sed</strong></span> <span class='ocrx_word' id='word_1_758' title='bbox 1622 1809 1701 1835; x_wconf 86' lang='lat' dir='ltr'><strong>etiam</strong></span> 
     </span>
    </p>
   </div>
   <div class='ocr_carea' id='block_1_97' title="bbox 918 1852 1702 1891">
    <p class='ocr_par' dir='ltr' id='par_1_97' title="bbox 918 1852 1702 1891">
     <span class='ocr_line' id='line_1_97' title="bbox 918 1852 1702 1891; baseline -0.006 -8"><span class='ocrx_word' id='word_1_759' title='bbox 918 1856 1034 1884; x_wconf 92' lang='lat' dir='ltr'><strong>omnium</strong></span> <span class='ocrx_word' id='word_1_760' title='bbox 1045 1856 1206 1891; x_wconf 85' lang='lat' dir='ltr'><strong>Angelorum</strong></span> <span class='ocrx_word' id='word_1_761' title='bbox 1216 1859 1320 1890; x_wconf 89' lang='lat' dir='ltr'><strong>oportet</strong></span> <span class='ocrx_word' id='word_1_762' title='bbox 1331 1855 1461 1889; x_wconf 88' lang='lat' dir='ltr'><strong>accipere,</strong></span> <span class='ocrx_word' id='word_1_763' title='bbox 1474 1854 1496 1880; x_wconf 83' lang='lat' dir='ltr'><strong>si</strong></span> <span class='ocrx_word' id='word_1_764' title='bbox 1506 1853 1628 1879; x_wconf 88' lang='lat' dir='ltr'><strong>volumus</strong></span> <span class='ocrx_word' id='word_1_765' title='bbox 1641 1852 1702 1879; x_wconf 92' lang='lat' dir='ltr'><strong>hinc</strong></span> 
     </span>
    </p>
   </div>
   <div class='ocr_carea' id='block_1_98' title="bbox 918 1898 1702 1936">
    <p class='ocr_par' dir='ltr' id='par_1_98' title="bbox 918 1898 1702 1936">
     <span class='ocr_line' id='line_1_98' title="bbox 918 1898 1702 1936; baseline -0.006 -7"><span class='ocrx_word' id='word_1_766' title='bbox 918 1902 1065 1936; x_wconf 84' lang='lat' dir='ltr'><strong>intelligere</strong></span> <span class='ocrx_word' id='word_1_767' title='bbox 1079 1901 1167 1928; x_wconf 88' lang='lat' dir='ltr'><strong>omnia</strong></span> <span class='ocrx_word' id='word_1_768' title='bbox 1186 1909 1246 1928; x_wconf 90' lang='lat' dir='ltr'><strong>esse</strong></span> <span class='ocrx_word' id='word_1_769' title='bbox 1268 1900 1385 1935; x_wconf 82' lang='lat' dir='ltr'><strong>subjecta</strong></span> <span class='ocrx_word' id='word_1_770' title='bbox 1404 1899 1515 1926; x_wconf 92' lang='lat' dir='ltr'><strong>Domino</strong></span> <span class='ocrx_word' id='word_1_771' title='bbox 1533 1902 1625 1925; x_wconf 87' lang='lat' dir='ltr'><strong>nostro</strong></span> <span class='ocrx_word' id='word_1_772' title='bbox 1637 1898 1702 1925; x_wconf 85' lang='lat' dir='ltr'><strong>.lesu</strong></span> 
     </span>
    </p>
   </div>
   <div class='ocr_carea' id='block_1_99' title="bbox 918 1942 1702 1977">
    <p class='ocr_par' dir='ltr' id='par_1_99' title="bbox 918 1942 1702 1977">
     <span class='ocr_line' id='line_1_99' title="bbox 918 1942 1702 1977; baseline -0.004 -4"><span class='ocrx_word' id='word_1_773' title='bbox 918 1946 1041 1977; x_wconf 84' lang='lat' dir='ltr'><strong>Christo;</strong></span> <span class='ocrx_word' id='word_1_774' title='bbox 1063 1946 1134 1973; x_wconf 88' lang='lat' dir='ltr'><strong>nulla</strong></span> <span class='ocrx_word' id='word_1_775' title='bbox 1150 1946 1219 1973; x_wconf 92' lang='lat' dir='ltr'><strong>enim</strong></span> <span class='ocrx_word' id='word_1_776' title='bbox 1235 1949 1354 1972; x_wconf 86' lang='lat' dir='ltr'><strong>creatura</strong></span> <span class='ocrx_word' id='word_1_777' title='bbox 1369 1942 1486 1977; x_wconf 79' lang='lat' dir='ltr'><strong>subjccm</strong></span> <span class='ocrx_word' id='word_1_778' title='bbox 1500 1950 1552 1970; x_wconf 94' lang='lat' dir='ltr'><strong>non</strong></span> <span class='ocrx_word' id='word_1_779' title='bbox 1572 1943 1623 1971; x_wconf 86' lang='lat' dir='ltr'><strong>erit</strong></span> <span class='ocrx_word' id='word_1_780' title='bbox 1636 1964 1644 1975; x_wconf 89' lang='lat'><strong>,</strong></span> <span class='ocrx_word' id='word_1_781' title='bbox 1659 1943 1702 1971; x_wconf 88' lang='lat' dir='ltr'><strong>cui</strong></span> 
     </span>
    </p>
   </div>
   <div class='ocr_carea' id='block_1_100' title="bbox 918 1988 1701 2027">
    <p class='ocr_par' dir='ltr' id='par_1_100' title="bbox 918 1988 1701 2027">
     <span class='ocr_line' id='line_1_100' title="bbox 918 1988 1701 2027; baseline -0.003 -9"><span class='ocrx_word' id='word_1_782' title='bbox 918 1992 1064 2027; x_wconf 83' lang='lat' dir='ltr'><strong>primates,</strong></span> <span class='ocrx_word' id='word_1_783' title='bbox 1081 1995 1109 2018; x_wconf 89' lang='lat' dir='ltr'><strong>ut</strong></span> <span class='ocrx_word' id='word_1_784' title='bbox 1134 1991 1170 2017; x_wconf 89' lang='lat' dir='ltr'><strong>ita</strong></span> <span class='ocrx_word' id='word_1_785' title='bbox 1197 1991 1297 2023; x_wconf 86' lang='lat' dir='ltr'><strong>dicam,</strong></span> <span class='ocrx_word' id='word_1_786' title='bbox 1319 1990 1425 2025; x_wconf 89' lang='lat' dir='ltr'><strong>spiritus</strong></span> <span class='ocrx_word' id='word_1_787' title='bbox 1450 1989 1633 2024; x_wconf 87' lang='lat' dir='ltr'><strong>subjiciuntur.</strong></span> <span class='ocrx_word' id='word_1_788' title='bbox 1648 1988 1701 2017; x_wconf 90' lang='lat' dir='ltr'><strong>Sed</strong></span> 
     </span>
    </p>
   </div>
   <div class='ocr_carea' id='block_1_101' title="bbox 918 2035 1704 2071">
    <p class='ocr_par' dir='ltr' id='par_1_101' title="bbox 918 2035 1704 2071">
     <span class='ocr_line' id='line_1_101' title="bbox 918 2035 1704 2071; baseline -0.003 -7"><span class='ocrx_word' id='word_1_789' title='bbox 918 2037 988 2064; x_wconf 89' lang='lat' dir='ltr'><strong>unde</strong></span> <span class='ocrx_word' id='word_1_790' title='bbox 1001 2037 1170 2071; x_wconf 85' lang='lat' dir='ltr'><strong>probabimus</strong></span> <span class='ocrx_word' id='word_1_791' title='bbox 1182 2044 1245 2064; x_wconf 86' lang='lat' dir='ltr'><strong>oves</strong></span> <span class='ocrx_word' id='word_1_792' title='bbox 1260 2043 1337 2071; x_wconf 90' lang='lat' dir='ltr'><strong>posse</strong></span> <span class='ocrx_word' id='word_1_793' title='bbox 1351 2035 1434 2069; x_wconf 85' lang='lat' dir='ltr'><strong>accipi</strong></span> <span class='ocrx_word' id='word_1_794' title='bbox 1455 2035 1534 2062; x_wconf 88' lang='lat' dir='ltr'><strong>etiam</strong></span> <span class='ocrx_word' id='word_1_795' title='bbox 1553 2035 1704 2063; x_wconf 84' lang='lat' dir='ltr'><strong>sublimiter</strong></span> 
     </span>
    </p>
   </div>
   <div class='ocr_carea' id='block_1_102' title="bbox 918 2081 1701 2116">
    <p class='ocr_par' dir='ltr' id='par_1_102' title="bbox 918 2081 1701 2116">
     <span class='ocr_line' id='line_1_102' title="bbox 918 2081 1701 2116; baseline -0.004 -5"><span class='ocrx_word' id='word_1_796' title='bbox 918 2083 1019 2116; x_wconf 89' lang='lat' dir='ltr'><strong>beatos,</strong></span> <span class='ocrx_word' id='word_1_797' title='bbox 1034 2091 1087 2110; x_wconf 91' lang='lat' dir='ltr'><strong>non</strong></span> <span class='ocrx_word' id='word_1_798' title='bbox 1100 2083 1230 2115; x_wconf 88' lang='lat' dir='ltr'><strong>homines,</strong></span> <span class='ocrx_word' id='word_1_799' title='bbox 1244 2082 1290 2109; x_wconf 88' lang='lat' dir='ltr'><strong>sed</strong></span> <span class='ocrx_word' id='word_1_800' title='bbox 1304 2081 1429 2116; x_wconf 63' lang='lat' dir='ltr'><strong>angelica:</strong></span> <span class='ocrx_word' id='word_1_801' title='bbox 1441 2085 1570 2108; x_wconf 68' lang='lat' dir='ltr'><strong>creatura:</strong></span> <span class='ocrx_word' id='word_1_802' title='bbox 1581 2081 1701 2116; x_wconf 86' lang='lat' dir='ltr'><strong>spiritus?</strong></span> 
     </span>
    </p>
   </div>
   <div class='ocr_carea' id='block_1_103' title="bbox 919 2127 1702 2165">
    <p class='ocr_par' dir='ltr' id='par_1_103' title="bbox 919 2127 1702 2165">
     <span class='ocr_line' id='line_1_103' title="bbox 919 2127 1702 2165; baseline -0.004 -8"><span class='ocrx_word' id='word_1_803' title='bbox 919 2130 959 2157; x_wconf 75' lang='lat' dir='ltr'><strong>An</strong></span> <span class='ocrx_word' id='word_1_804' title='bbox 977 2137 1009 2157; x_wconf 84' lang='lat' dir='ltr'><strong>ex</strong></span> <span class='ocrx_word' id='word_1_805' title='bbox 1022 2137 1055 2157; x_wconf 92' lang='lat' dir='ltr'><strong>eo</strong></span> <span class='ocrx_word' id='word_1_806' title='bbox 1068 2129 1138 2165; x_wconf 91' lang='lat' dir='ltr'><strong>quod</strong></span> <span class='ocrx_word' id='word_1_807' title='bbox 1151 2129 1277 2156; x_wconf 88' lang='lat' dir='ltr'><strong>Dominus</strong></span> <span class='ocrx_word' id='word_1_808' title='bbox 1289 2128 1353 2155; x_wconf 87' lang='lat' dir='ltr'><strong>dicit</strong></span> <span class='ocrx_word' id='word_1_809' title='bbox 1366 2127 1505 2163; x_wconf 90' lang='lat' dir='ltr'><strong>reliquisse</strong></span> <span class='ocrx_word' id='word_1_810' title='bbox 1517 2135 1547 2155; x_wconf 88' lang='lat' dir='ltr'><strong>se</strong></span> <span class='ocrx_word' id='word_1_811' title='bbox 1559 2127 1702 2163; x_wconf 75' lang='lat' dir='ltr'><strong>nonaginta</strong></span> 
     </span>
    </p>
   </div>
   <div class='ocr_carea' id='block_1_104' title="bbox 920 2173 1702 2206">
    <p class='ocr_par' dir='ltr' id='par_1_104' title="bbox 920 2173 1702 2206">
     <span class='ocr_line' id='line_1_104' title="bbox 920 2173 1702 2206; baseline -0.004 -4"><span class='ocrx_word' id='word_1_812' title='bbox 920 2183 1015 2202; x_wconf 80' lang='lat' dir='ltr'><strong>novem</strong></span> <span class='ocrx_word' id='word_1_813' title='bbox 1029 2183 1092 2202; x_wconf 87' lang='lat' dir='ltr'><strong>oves</strong></span> <span class='ocrx_word' id='word_1_814' title='bbox 1107 2175 1132 2201; x_wconf 93' lang='lat' dir='ltr'><strong>in</strong></span> <span class='ocrx_word' id='word_1_815' title='bbox 1148 2173 1281 2202; x_wconf 89' lang='lat' dir='ltr'><strong>montibus</strong></span> <span class='ocrx_word' id='word_1_816' title='bbox 1292 2195 1299 2206; x_wconf 90' lang='lat'><strong>,</strong></span> <span class='ocrx_word' id='word_1_817' title='bbox 1315 2173 1340 2200; x_wconf 89' lang='lat' dir='ltr'><strong>id</strong></span> <span class='ocrx_word' id='word_1_818' title='bbox 1357 2178 1397 2201; x_wconf 89' lang='lat' dir='ltr'><strong>est</strong></span> <span class='ocrx_word' id='word_1_819' title='bbox 1411 2173 1436 2200; x_wconf 94' lang='lat' dir='ltr'><strong>in</strong></span> <span class='ocrx_word' id='word_1_820' title='bbox 1450 2173 1647 2201; x_wconf 87' lang='lat' dir='ltr'><strong>sublimioribus</strong></span> <span class='ocrx_word' id='word_1_821' title='bbox 1661 2173 1702 2199; x_wconf 86' lang='lat' dir='ltr'><strong>lo-</strong></span> 
     </span>
    </p>
   </div>
   <div class='ocr_carea' id='block_1_105' title="bbox 919 2216 1704 2255">
    <p class='ocr_par' dir='ltr' id='par_1_105' title="bbox 919 2216 1704 2255">
     <span class='ocr_line' id='line_1_105' title="bbox 919 2216 1704 2255; baseline -0.005 -7"><span class='ocrx_word' id='word_1_822' title='bbox 919 2221 967 2253; x_wconf 85' lang='lat' dir='ltr'><strong>cis,</strong></span> <span class='ocrx_word' id='word_1_823' title='bbox 983 2225 1010 2248; x_wconf 87' lang='lat' dir='ltr'><strong>et</strong></span> <span class='ocrx_word' id='word_1_824' title='bbox 1020 2219 1189 2248; x_wconf 82' lang='lat' dir='ltr'><strong>descendisse</strong></span> <span class='ocrx_word' id='word_1_825' title='bbox 1205 2223 1311 2255; x_wconf 88' lang='lat' dir='ltr'><strong>propter</strong></span> <span class='ocrx_word' id='word_1_826' title='bbox 1325 2226 1403 2246; x_wconf 89' lang='lat' dir='ltr'><strong>unam</strong></span> <span class='ocrx_word' id='word_1_827' title='bbox 1419 2218 1531 2255; x_wconf 80' lang='lat' dir='ltr'><strong>(Matth.</strong></span> <span class='ocrx_word' id='word_1_828' title='bbox 1546 2226 1620 2251; x_wconf 81' lang='lat' dir='ltr'><strong>xvm,</strong></span> <span class='ocrx_word' id='word_1_829' title='bbox 1632 2216 1704 2253; x_wconf 59' lang='grc' dir='ltr'><strong><em>ην</em></strong></span> 
     </span>
    </p>
   </div>
   <div class='ocr_carea' id='block_1_106' title="bbox 909 2263 1726 2300">
    <p class='ocr_par' dir='ltr' id='par_1_106' title="bbox 909 2263 1726 2300">
     <span class='ocr_line' id='line_1_106' title="bbox 909 2263 1726 2300; baseline -0.001 -9"><span class='ocrx_word' id='word_1_830' title='bbox 909 2266 947 2293; x_wconf 85' lang='lat' dir='ltr'><strong>.Si</strong></span> <span class='ocrx_word' id='word_1_831' title='bbox 962 2266 1033 2293; x_wconf 88' lang='lat' dir='ltr'><strong>enim</strong></span> <span class='ocrx_word' id='word_1_832' title='bbox 1049 2273 1126 2292; x_wconf 87' lang='lat' dir='ltr'><strong>unam</strong></span> <span class='ocrx_word' id='word_1_833' title='bbox 1142 2272 1218 2292; x_wconf 89' lang='lat' dir='ltr'><strong>ovem</strong></span> <span class='ocrx_word' id='word_1_834' title='bbox 1236 2265 1336 2300; x_wconf 89' lang='lat' dir='ltr'><strong>lapsam</strong></span> <span class='ocrx_word' id='word_1_835' title='bbox 1350 2264 1492 2291; x_wconf 81' lang='lat' dir='ltr'><strong>humanam</strong></span> <span class='ocrx_word' id='word_1_836' title='bbox 1504 2264 1619 2291; x_wconf 88' lang='lat' dir='ltr'><strong>animam</strong></span> <span class='ocrx_word' id='word_1_837' title='bbox 1631 2263 1703 2290; x_wconf 86' lang='lat' dir='ltr'><strong>aeci-</strong></span> <span class='ocrx_word' id='word_1_838' title='bbox 1720 2288 1726 2291; x_wconf 92' lang='lat'>_</span> 
     </span>
    </p>
   </div>
   <div class='ocr_carea' id='block_1_107' title="bbox 921 2307 1704 2347">
    <p class='ocr_par' dir='ltr' id='par_1_107' title="bbox 921 2307 1704 2347">
     <span class='ocr_line' id='line_1_107' title="bbox 921 2307 1704 2347; baseline -0.004 -10"><span class='ocrx_word' id='word_1_839' title='bbox 921 2312 1022 2347; x_wconf 85' lang='lat' dir='ltr'><strong>piamus</strong></span> <span class='ocrx_word' id='word_1_840' title='bbox 1036 2312 1060 2338; x_wconf 91' lang='lat' dir='ltr'><strong>in</strong></span> <span class='ocrx_word' id='word_1_841' title='bbox 1074 2310 1168 2343; x_wconf 83' lang='lat' dir='ltr'><strong>Adam,</strong></span> <span class='ocrx_word' id='word_1_842' title='bbox 1182 2311 1242 2346; x_wconf 91' lang='lat' dir='ltr'><strong>quia</strong></span> <span class='ocrx_word' id='word_1_843' title='bbox 1253 2310 1333 2338; x_wconf 86' lang='lat' dir='ltr'><strong>etiam</strong></span> <span class='ocrx_word' id='word_1_844' title='bbox 1346 2310 1400 2337; x_wconf 86' lang='lat' dir='ltr'><strong>Eva</strong></span> <span class='ocrx_word' id='word_1_845' title='bbox 1414 2309 1448 2337; x_wconf 90' lang='lat' dir='ltr'><strong>de</strong></span> <span class='ocrx_word' id='word_1_846' title='bbox 1461 2309 1530 2336; x_wconf 88' lang='lat' dir='ltr'><strong>illius</strong></span> <span class='ocrx_word' id='word_1_847' title='bbox 1543 2309 1624 2335; x_wconf 87' lang='lat' dir='ltr'><strong>latere</strong></span> <span class='ocrx_word' id='word_1_848' title='bbox 1636 2307 1704 2335; x_wconf 87' lang='lat' dir='ltr'><strong>facta</strong></span> 
     </span>
    </p>
   </div>
   <div class='ocr_carea' id='block_1_108' title="bbox 920 2353 1704 2392">
    <p class='ocr_par' dir='ltr' id='par_1_108' title="bbox 920 2353 1704 2392">
     <span class='ocr_line' id='line_1_108' title="bbox 920 2353 1704 2392; baseline -0.005 -9"><span class='ocrx_word' id='word_1_849' title='bbox 920 2362 961 2384; x_wconf 68' lang='lat' dir='ltr'><strong>est</strong></span> <span class='ocrx_word' id='word_1_850' title='bbox 974 2357 983 2392; x_wconf 91' lang='lat'><strong>(</strong></span> <span class='ocrx_word' id='word_1_851' title='bbox 996 2355 1058 2384; x_wconf 85' lang='lat' dir='ltr'><strong>Gen.</strong></span> <span class='ocrx_word' id='word_1_852' title='bbox 1074 2363 1101 2383; x_wconf 83' lang='grc' dir='ltr'><strong>ιι.</strong></span> <span class='ocrx_word' id='word_1_853' title='bbox 1115 2356 1151 2383; x_wconf 70' lang='grc'><strong>22</strong></span> <span class='ocrx_word' id='word_1_854' title='bbox 1164 2356 1311 2392; x_wconf 76' lang='lat' dir='ltr'><strong>),&#39;quorum</strong></span> <span class='ocrx_word' id='word_1_855' title='bbox 1331 2354 1448 2382; x_wconf 91' lang='lat' dir='ltr'><strong>omnium</strong></span> <span class='ocrx_word' id='word_1_856' title='bbox 1465 2353 1637 2389; x_wconf 87' lang='lat' dir='ltr'><strong>spiritualiter</strong></span> <span class='ocrx_word' id='word_1_857' title='bbox 1649 2357 1704 2380; x_wconf 87' lang='lat' dir='ltr'><strong>tra-</strong></span> 
     </span>
    </p>
   </div>
   <div class='ocr_carea' id='block_1_109' title="bbox 920 2401 1704 2434">
    <p class='ocr_par' dir='ltr' id='par_1_109' title="bbox 920 2401 1704 2434">
     <span class='ocr_line' id='line_1_109' title="bbox 920 2401 1704 2434; baseline -0.005 -5"><span class='ocrx_word' id='word_1_858' title='bbox 920 2402 1074 2430; x_wconf 86' lang='lat' dir='ltr'><strong>ctandorum</strong></span> <span class='ocrx_word' id='word_1_859' title='bbox 1088 2406 1115 2429; x_wconf 90' lang='lat' dir='ltr'><strong>et</strong></span> <span class='ocrx_word' id='word_1_860' title='bbox 1124 2401 1377 2429; x_wconf 88' lang='lat' dir='ltr'><strong>considerandorum</strong></span> <span class='ocrx_word' id='word_1_861' title='bbox 1388 2407 1459 2427; x_wconf 89' lang='lat' dir='ltr'><strong>nunc</strong></span> <span class='ocrx_word' id='word_1_862' title='bbox 1473 2403 1576 2434; x_wconf 82' lang='lat' dir='ltr'><strong>tempus</strong></span> <span class='ocrx_word' id='word_1_863' title='bbox 1590 2405 1642 2426; x_wconf 92' lang='lat' dir='ltr'><strong>non</strong></span> <span class='ocrx_word' id='word_1_864' title='bbox 1652 2403 1704 2431; x_wconf 89' lang='lat' dir='ltr'><strong>est,</strong></span> 
     </span>
    </p>
   </div>
   <div class='ocr_carea' id='block_1_110' title="bbox 921 2442 1704 2483">
    <p class='ocr_par' dir='ltr' id='par_1_110' title="bbox 921 2442 1704 2483">
     <span class='ocr_line' id='line_1_110' title="bbox 921 2442 1704 2483; baseline -0.006 -8"><span class='ocrx_word' id='word_1_865' title='bbox 921 2442 1002 2476; x_wconf 85' lang='lat' dir='ltr'><strong>restat</strong></span> <span class='ocrx_word' id='word_1_866' title='bbox 1026 2453 1054 2475; x_wconf 92' lang='lat' dir='ltr'><strong>ut</strong></span> <span class='ocrx_word' id='word_1_867' title='bbox 1070 2448 1208 2483; x_wconf 78' lang='lat' dir='ltr'><strong>nonaginta</strong></span> <span class='ocrx_word' id='word_1_868' title='bbox 1225 2455 1318 2474; x_wconf 89' lang='lat' dir='ltr'><strong>novem</strong></span> <span class='ocrx_word' id='word_1_869' title='bbox 1333 2446 1433 2473; x_wconf 64' lang='lat' dir='ltr'><strong>relictae</strong></span> <span class='ocrx_word' id='word_1_870' title='bbox 1452 2445 1478 2472; x_wconf 90' lang='lat' dir='ltr'><strong>in</strong></span> <span class='ocrx_word' id='word_1_871' title='bbox 1493 2445 1637 2476; x_wconf 86' lang='lat' dir='ltr'><strong>montibus,</strong></span> <span class='ocrx_word' id='word_1_872' title='bbox 1652 2452 1704 2471; x_wconf 94' lang='lat' dir='ltr'><strong>non</strong></span> 
     </span>
    </p>
   </div>
   <div class='ocr_carea' id='block_1_111' title="bbox 920 2489 1705 2528">
    <p class='ocr_par' dir='ltr' id='par_1_111' title="bbox 920 2489 1705 2528">
     <span class='ocr_line' id='line_1_111' title="bbox 920 2489 1705 2528; baseline -0.006 -7"><span class='ocrx_word' id='word_1_873' title='bbox 920 2493 1038 2524; x_wconf 82' lang='lat' dir='ltr'><strong>humani,</strong></span> <span class='ocrx_word' id='word_1_874' title='bbox 1059 2493 1106 2520; x_wconf 88' lang='lat' dir='ltr'><strong>sed</strong></span> <span class='ocrx_word' id='word_1_875' title='bbox 1127 2492 1236 2528; x_wconf 72' lang='lat' dir='ltr'><strong>angelici</strong></span> <span class='ocrx_word' id='word_1_876' title='bbox 1251 2492 1358 2527; x_wconf 90' lang='lat' dir='ltr'><strong>spiritus</strong></span> <span class='ocrx_word' id='word_1_877' title='bbox 1380 2490 1570 2526; x_wconf 87' lang='lat' dir='ltr'><strong>intelligantur.</strong></span> <span class='ocrx_word' id='word_1_878' title='bbox 1585 2490 1652 2517; x_wconf 84' lang='lat' dir='ltr'><strong>Nam</strong></span> <span class='ocrx_word' id='word_1_879' title='bbox 1671 2489 1705 2517; x_wconf 85' lang='lat' dir='ltr'><strong>de</strong></span> 
     </span>
    </p>
   </div>
   <div class='ocr_carea' id='block_1_112' title="bbox 920 2536 1703 2575">
    <p class='ocr_par' dir='ltr' id='par_1_112' title="bbox 920 2536 1703 2575">
     <span class='ocr_line' id='line_1_112' title="bbox 920 2536 1703 2575; baseline -0.003 -8"><span class='ocrx_word' id='word_1_880' title='bbox 920 2541 1004 2568; x_wconf 87' lang='lat' dir='ltr'><strong>bobus</strong></span> <span class='ocrx_word' id='word_1_881' title='bbox 1016 2539 1099 2567; x_wconf 87' lang='lat' dir='ltr'><strong>facilis</strong></span> <span class='ocrx_word' id='word_1_882' title='bbox 1109 2539 1242 2575; x_wconf 81' lang='lat' dir='ltr'><strong>expeditio</strong></span> <span class='ocrx_word' id='word_1_883' title='bbox 1250 2540 1259 2554; x_wconf 89' lang='lat'>&#39;</span> <span class='ocrx_word' id='word_1_884' title='bbox 1272 2542 1313 2565; x_wconf 87' lang='lat' dir='ltr'><strong>est</strong></span> <span class='ocrx_word' id='word_1_885' title='bbox 1321 2537 1398 2572; x_wconf 88' lang='lat' dir='ltr'><strong>hujus</strong></span> <span class='ocrx_word' id='word_1_886' title='bbox 1408 2537 1563 2569; x_wconf 57' lang='lat' dir='ltr'><strong>sententiae;</strong></span> <span class='ocrx_word' id='word_1_887' title='bbox 1578 2536 1703 2571; x_wconf 86' lang='lat' dir='ltr'><strong>quoniam</strong></span> 
     </span>
    </p>
   </div>
   <div class='ocr_carea' id='block_1_113' title="bbox 921 2581 1702 2620">
    <p class='ocr_par' dir='ltr' id='par_1_113' title="bbox 921 2581 1702 2620">
     <span class='ocr_line' id='line_1_113' title="bbox 921 2581 1702 2620; baseline -0.005 -8"><span class='ocrx_word' id='word_1_888' title='bbox 921 2584 970 2620; x_wconf 66' lang='lat' dir='ltr'><strong>ipsi</strong></span> <span class='ocrx_word' id='word_1_889' title='bbox 981 2584 1101 2611; x_wconf 86' lang='lat' dir='ltr'><strong>homines</strong></span> <span class='ocrx_word' id='word_1_890' title='bbox 1114 2591 1167 2611; x_wconf 94' lang='lat' dir='ltr'><strong>non</strong></span> <span class='ocrx_word' id='word_1_891' title='bbox 1177 2583 1212 2610; x_wconf 89' lang='lat' dir='ltr'><strong>oh</strong></span> <span class='ocrx_word' id='word_1_892' title='bbox 1225 2582 1295 2610; x_wconf 84' lang='lat' dir='ltr'><strong>aliud</strong></span> <span class='ocrx_word' id='word_1_893' title='bbox 1308 2582 1390 2610; x_wconf 87' lang='lat' dir='ltr'><strong>boves</strong></span> <span class='ocrx_word' id='word_1_894' title='bbox 1404 2581 1468 2609; x_wconf 88' lang='lat' dir='ltr'><strong>dicti</strong></span> <span class='ocrx_word' id='word_1_895' title='bbox 1481 2585 1557 2613; x_wconf 88' lang='lat' dir='ltr'><strong>sunt,</strong></span> <span class='ocrx_word' id='word_1_896' title='bbox 1567 2581 1617 2608; x_wconf 90' lang='lat' dir='ltr'><strong>nisi</strong></span> <span class='ocrx_word' id='word_1_897' title='bbox 1631 2581 1702 2615; x_wconf 89' lang='lat' dir='ltr'><strong>quod</strong></span> 
     </span>
    </p>
   </div>
   <div class='ocr_carea' id='block_1_114' title="bbox 921 2627 1705 2665">
    <p class='ocr_par' dir='ltr' id='par_1_114' title="bbox 921 2627 1705 2665">
     <span class='ocr_line' id='line_1_114' title="bbox 921 2627 1705 2665; baseline -0.005 -7"><span class='ocrx_word' id='word_1_898' title='bbox 921 2629 1125 2665; x_wconf 83' lang='lat' dir='ltr'><strong>evangelizando</strong></span> <span class='ocrx_word' id='word_1_899' title='bbox 1149 2628 1258 2657; x_wconf 89' lang='lat' dir='ltr'><strong>verbum</strong></span> <span class='ocrx_word' id='word_1_900' title='bbox 1285 2629 1332 2656; x_wconf 91' lang='lat' dir='ltr'><strong>Dei</strong></span> <span class='ocrx_word' id='word_1_901' title='bbox 1353 2628 1469 2664; x_wconf 84' lang='lat' dir='ltr'><strong>Angelos</strong></span> <span class='ocrx_word' id='word_1_902' title='bbox 1489 2628 1634 2661; x_wconf 90' lang='lat' dir='ltr'><strong>imitantur,</strong></span> <span class='ocrx_word' id='word_1_903' title='bbox 1659 2627 1705 2655; x_wconf 88' lang='lat' dir='ltr'><strong>ubi</strong></span> 
     </span>
    </p>
   </div>
   <div class='ocr_carea' id='block_1_115' title="bbox 921 2672 1702 2710">
    <p class='ocr_par' dir='ltr' id='par_1_115' title="bbox 921 2672 1702 2710">
     <span class='ocr_line' id='line_1_115' title="bbox 921 2672 1702 2710; baseline -0.005 -6"><span class='ocrx_word' id='word_1_904' title='bbox 921 2677 1019 2704; x_wconf 90' lang='lat' dir='ltr'><strong>dictum</strong></span> <span class='ocrx_word' id='word_1_905' title='bbox 1032 2679 1093 2703; x_wconf 85' lang='lat' dir='ltr'><strong>est:</strong></span> <span class='ocrx_word' id='word_1_906' title='bbox 1109 2675 1172 2702; x_wconf 76' lang='lat' dir='ltr'><strong>Boni</strong></span> <span class='ocrx_word' id='word_1_907' title='bbox 1185 2675 1313 2702; x_wconf 87' lang='lat' dir='ltr'><strong>trituranti</strong></span> <span class='ocrx_word' id='word_1_908' title='bbox 1335 2683 1363 2702; x_wconf 82' lang='lat' dir='ltr'><strong>os</strong></span> <span class='ocrx_word' id='word_1_909' title='bbox 1383 2683 1434 2702; x_wconf 87' lang='lat' dir='ltr'><strong>non</strong></span> <span class='ocrx_word' id='word_1_910' title='bbox 1455 2674 1592 2710; x_wconf 76' lang='lat' dir='ltr'><strong>infrenabis</strong></span> <span class='ocrx_word' id='word_1_911' title='bbox 1604 2672 1702 2709; x_wconf 87' lang='lat' dir='ltr'><strong>(Deut.</strong></span> 
     </span>
    </p>
   </div>
   <div class='ocr_carea' id='block_1_116' title="bbox 921 2717 1705 2757">
    <p class='ocr_par' dir='ltr' id='par_1_116' title="bbox 921 2717 1705 2757">
     <span class='ocr_line' id='line_1_116' title="bbox 921 2717 1705 2757; baseline -0.006 -7"><span class='ocrx_word' id='word_1_912' title='bbox 921 2717 985 2756; x_wconf 68' lang='lat' dir='ltr'><strong>xxv,</strong></span> <span class='ocrx_word' id='word_1_913' title='bbox 999 2723 1016 2750; x_wconf 72' lang='grc'><strong>4</strong></span> <span class='ocrx_word' id='word_1_914' title='bbox 1031 2724 1050 2757; x_wconf 88' lang='grc'><strong>).</strong></span> <span class='ocrx_word' id='word_1_915' title='bbox 1062 2722 1166 2756; x_wconf 85' lang='lat' dir='ltr'><strong>Quanto</strong></span> <span class='ocrx_word' id='word_1_916' title='bbox 1181 2721 1259 2757; x_wconf 89' lang='lat' dir='ltr'><strong>igitur</strong></span> <span class='ocrx_word' id='word_1_917' title='bbox 1270 2722 1371 2749; x_wconf 87' lang='lat' dir='ltr'><strong>facilius</strong></span> <span class='ocrx_word' id='word_1_918' title='bbox 1384 2721 1456 2756; x_wconf 88' lang='lat' dir='ltr'><strong>ipsos</strong></span> <span class='ocrx_word' id='word_1_919' title='bbox 1469 2720 1585 2756; x_wconf 81' lang='lat' dir='ltr'><strong>Angelos</strong></span> <span class='ocrx_word' id='word_1_920' title='bbox 1598 2719 1705 2746; x_wconf 85' lang='lat' dir='ltr'><strong>nuntios</strong></span> 
     </span>
    </p>
   </div>
   <div class='ocr_carea' id='block_1_117' title="bbox 921 2765 1706 2803">
    <p class='ocr_par' dir='ltr' id='par_1_117' title="bbox 921 2765 1706 2803">
     <span class='ocr_line' id='line_1_117' title="bbox 921 2765 1706 2803; baseline -0.005 -7"><span class='ocrx_word' id='word_1_921' title='bbox 921 2769 1049 2802; x_wconf 85' lang='lat' dir='ltr'><strong>veritatis,</strong></span> <span class='ocrx_word' id='word_1_922' title='bbox 1065 2769 1145 2796; x_wconf 87' lang='lat' dir='ltr'><strong>boves</strong></span> <span class='ocrx_word' id='word_1_923' title='bbox 1155 2767 1316 2802; x_wconf 86' lang='lat' dir='ltr'><strong>accipimus;</strong></span> <span class='ocrx_word' id='word_1_924' title='bbox 1332 2766 1438 2803; x_wconf 84' lang='lat' dir='ltr'><strong>quando</strong></span> <span class='ocrx_word' id='word_1_925' title='bbox 1458 2765 1631 2802; x_wconf 70' lang='lat' dir='ltr'><strong>Evangelistte</strong></span> <span class='ocrx_word' id='word_1_926' title='bbox 1645 2771 1706 2799; x_wconf 84' lang='lat' dir='ltr'><strong>par-</strong></span> 
     </span>
    </p>
   </div>
   <div class='ocr_carea' id='block_1_118' title="bbox 954 2834 1398 2870">
    <p class='ocr_par' dir='ltr' id='par_1_118' title="bbox 954 2834 1398 2870">
     <span class='ocr_line' id='line_1_118' title="bbox 954 2834 1398 2870; baseline -0.002 -10"><span class='ocrx_word' id='word_1_927' title='bbox 954 2837 1003 2870; x_wconf 60' lang='lat' dir='ltr'><strong>tita</strong></span> <span class='ocrx_word' id='word_1_928' title='bbox 1014 2837 1038 2861; x_wconf 91' lang='lat' dir='ltr'><strong>in</strong></span> <span class='ocrx_word' id='word_1_929' title='bbox 1046 2836 1168 2870; x_wconf 35' lang='lat' dir='ltr'><strong>Mss.At‘in</strong></span> <span class='ocrx_word' id='word_1_930' title='bbox 1180 2835 1260 2865; x_wconf 81' lang='lat' dir='ltr'><strong>editis,</strong></span> <span class='ocrx_word' id='word_1_931' title='bbox 1270 2834 1398 2870; x_wconf 43' lang='lat' dir='ltr'><strong>primus.”</strong></span> 
     </span>
    </p>
   </div>
   <div class='ocr_carea' id='block_1_119' title="bbox 953 2866 1419 2898">
    <p class='ocr_par' dir='ltr' id='par_1_119' title="bbox 953 2866 1419 2898">
     <span class='ocr_line' id='line_1_119' title="bbox 953 2866 1419 2898; baseline -0.006 -6"><span class='ocrx_word' id='word_1_932' title='bbox 953 2868 963 2884; x_wconf 82' lang='grc'><strong><em>²</em></strong></span> <span class='ocrx_word' id='word_1_933' title='bbox 975 2871 1024 2892; x_wconf 84' lang='lat' dir='ltr'><strong>Am.</strong></span> <span class='ocrx_word' id='word_1_934' title='bbox 1036 2870 1074 2891; x_wconf 79' lang='lat' dir='ltr'><strong>Er.</strong></span> <span class='ocrx_word' id='word_1_935' title='bbox 1084 2871 1110 2893; x_wconf 87' lang='lat' dir='ltr'><strong>et</strong></span> <span class='ocrx_word' id='word_1_936' title='bbox 1120 2866 1210 2898; x_wconf 86' lang='lat' dir='ltr'><strong>aliquot</strong></span> <span class='ocrx_word' id='word_1_937' title='bbox 1220 2870 1283 2897; x_wconf 62' lang='lat' dir='ltr'><strong>Mss,</strong></span> <span class='ocrx_word' id='word_1_938' title='bbox 1295 2866 1419 2898; x_wconf 72' lang='lat' dir='ltr'><strong>expositio.</strong></span> 
     </span>
    </p>
   </div>
   <div class='ocr_carea' id='block_1_120' title="bbox 954 2907 1247 2941">
    <p class='ocr_par' dir='ltr' id='par_1_120' title="bbox 954 2907 1247 2941">
     <span class='ocr_line' id='line_1_120' title="bbox 954 2907 1247 2941; baseline -0.003 -7"><span class='ocrx_word' id='word_1_939' title='bbox 954 2910 989 2941; x_wconf 91' lang='lat' dir='ltr'><strong>(a)</strong></span> <span class='ocrx_word' id='word_1_940' title='bbox 1005 2913 1132 2940; x_wconf 52' lang='lat' dir='ltr'><strong>taetram,</strong></span> <span class='ocrx_word' id='word_1_941' title='bbox 1144 2915 1196 2940; x_wconf 81' lang='lat' dir='ltr'><strong>cap.</strong></span> <span class='ocrx_word' id='word_1_942' title='bbox 1211 2907 1247 2934; x_wconf 85' lang='lat' dir='ltr'><strong>t9.</strong></span> 
     </span>
    </p>
   </div>
  </div>
