4046 6200
606 335 703 392 iis
779 305 788 316 ’

600 455 902 526 ticipatione
928 449 1153 508 nominis
1181 462 1364 505 eorum
1381 488 1396 513 ,
1418 447 1580 503 boves
1603 445 1774 502 vocati
1803 455 1924 500 sunt
1965 442 2021 516 (I
2050 444 2167 497 Cor.

598 564 672 612 Ix.
707 546 771 610 9;
794 545 811 598 Ι
837 541 972 596 Tim.
1001 556 1055 605 v,
1083 538 1228 610 18)?
1253 535 1525 610 Subjecisti
1549 550 1711 608 ergo,
1750 535 1952 606 inquit,
1984 550 2094 588 oves
2124 543 2171 586 et

594 639 738 692 boves
778 632 1069 699 universas,
1096 629 1148 686 id
1176 639 1291 696 est,
1316 644 1527 685 omnem
1571 636 1804 682 sanctam
1844 626 2168 696 spiritualcm

592 736 930 784 creaturam:
964 722 1016 778 in
1045 737 1146 794 qua
1185 722 1346 778 etiam
1386 730 1692 775 sanctorum
1732 717 2004 771 hominum
2025 717 2039 746 ί
2075 730 2168 769 ac-

591 818 817 889 cipimus
833 817 924 887 qui
943 824 1068 870 sunt
1101 814 1156 869 in
1185 812 1423 868 Ecclesia
1445 853 1461 877 ,
1491 810 1543 864 in
1573 809 1674 865 illis
1699 808 1944 863 videlicet
1986 815 2165 860 torcu-

591 914 790 970 laribus
817 927 936 984 quie
962 907 1062 966 sub
1096 905 1200 963 alia
1230 904 1572 962 similitudine
1602 903 1742 958 Iona:
1783 917 1847 956 ac
1892 898 2164 956 stellarum

589 1005 850 1060 insinuata
872 1012 1014 1058 sunt.
1961 1071 1969 1082 l

662 1099 748 1154 1⁸5.
790 1095 1026 1166 Insuper.
1054 1093 1160 1161 ait,
1190 1101 1236 1146 et
1264 1107 1444 1163 pecora
1471 1088 1655 1158 campi.
1681 1085 1836 1142 Nullo
1878 1081 2039 1139 mOdo
2060 1096 2156 1134 va-

585 1199 676 1245 cat
699 1187 840 1260 quod
883 1185 1118 1240 additum
1163 1192 1276 1247 cst,
1310 1182 1534 1252 insuper.
1575 1179 1774 1241 Primo,
1805 1177 1927 1248 quia
1970 1188 2161 1246 pecora

585 1281 761 1350 campi
791 1287 1012 1350 possunt
1035 1274 1253 1345 intelligi
1281 1283 1336 1329 et
1359 1287 1486 1328 oves
1509 1280 1564 1327 et
1585 1271 1776 1335 boves;
1805 1279 1862 1323 ut
1887 1269 1929 1324 si
1952 1269 2158 1337 rupium

585 1382 639 1426 ct
669 1371 952 1426 arduorum
980 1368 1217 1423 locorum
1249 1379 1434 1435 pecora
1465 1378 1637 1432 Caprae
1659 1369 1810 1426 sunt,
1841 1359 1974 1415 bene
2003 1357 2160 1413 intel-

588 1466 820 1535 ligantur
863 1476 990 1516 oves
1019 1473 1207 1530 pecora
1235 1455 1428 1526 campi.
1456 1455 1636 1524 Itaque
1666 1452 1869 1508 etiamsi
1913 1451 1982 1505 ita
2016 1449 2158 1519 posi-

591 1567 710 1610 tum-
727 1562 887 1614 esset.
917 1550 1061 1609 Oves
1086 1560 1139 1604 et
1167 1551 1330 1604 boves
1355 1547 1629 1601 universas
1666 1555 1719 1599 et
1746 1558 1938 1614 pecora
1960 1543 2153 1612 campi,

588 1657 734 1704 recte
761 1654 1088 1718 quatreretur
1114 1641 1238 1714 quid
1268 1639 1368 1695 sibi
1389 1639 1583 1693 vellent
1606 1652 1793 1708 pecora
1817 1635 2008 1706 campi.
2035 1650 2155 1690 cum

587 1740 746 1795 etiam
776 1752 904 1792 oves
934 1745 988 1791 et
1014 1737 1176 1790 boves
1203 1732 1304 1787 hoc
1333 1729 1536 1802 possint
1565 1728 1782 1798 intelligi
1809 1744 1824 1792 ;
1857 1725 1998 1797 quod
2030 1739 2158 1779 vero

584 1828 820 1884 additum
860 1836 942 1881 est
983 1825 1139 1880 etiam
1164 1864 1179 1888 ,
1206 1823 1431 1891 insuper,
1459 1819 1599 1890 cogit
1622 1818 1838 1873 omnino
1863 1817 1929 1870 ad
1980 1818 2156 1870 nescio

583 1939 740 1994 quam
771 1919 1118 1977 dilI'ercntiam
1139 1913 1577 1986 cognoscendam.
1605 1909 1710 1966 Sed
1738 1910 1836 1965 sub
1863 1909 1963 1963 hoc
1990 1907 2155 1963 verbo

582 1993 724 2087 quod
762 2014 990 2084 positum
1016 2021 1117 2076 est,
1145 2012 1369 2079 insuper,
1403 2022 1507 2060 non
1537 1993 1708 2106 sol.um
1743 2018 1930 2072 pecora
1958 2001 2151 2072 campi,

580 2106 676 2162 sed
703 2107 859 2162 etiam
883 2104 1124 2159 volucres
1149 2101 1292 2166 cteli,
1323 2107 1376 2154 et
1403 2099 1574 2168 pisces
1602 2095 1761 2150 r'naris
1785 2136 1801 2160 ,
1827 2095 1916 2165 qui
1949 2108 2154 2163 peram-

580 2199 764 2254 bula'nt
779 2197 999 2254 semitas
1023 2195 1204 2258 maris.
1231 2189 1524 2261 accipiendi
1560 2199 1702 2243 sunt.
1732 2188 1859 2256 Quae
1887 2197 1968 2242 est
1998 2187 2154 2257 igitur

579 2290 678 2344 ista
699 2287 985 2343 distantia?
1005 2284 1232 2340 Veniant
1252 2284 1302 2338 in
1332 2291 1560 2336 mentem
1584 2279 1884 2345 toreularia,
1904 2278 2147 2333 habentia

576 2378 780 2434 vinacia
821 2385 878 2434 et
914 2377 1125 2443 vinum;
1155 2381 1208 2430 et
1244 2388 1367 2428 arca
1387 2413 1404 2440 ,
1433 2371 1712 2426 continens
1742 2369 1921 2440 paleas
1950 2378 2003 2424 et
2041 2369 2150 2423 Iru-

576 2478 813 2524 mentum
875 2466 896 2538 (
921 2465 1190 2531 Marem,
1221 2462 1364 2534 i2);
1408 2471 1464 2517 et
1511 2463 1675 2522 retia.
1728 2461 1919 2531 quibus
1960 2460 2146 2515 inclusi

575 2569 698 2615 sunt
727 2559 898 2629 pisces
927 2557 1051 2612 boni
1098 2565 1152 2612 et
1179 2555 1303 2610 mali
1349 2553 1369 2628 (
1394 2552 1579 2608 Hatth.
1610 2569 1704 2608 xm
1727 2595 1742 2618 ,
1769 2553 1836 2608 47
1862 2557 1915 2624 );
1943 2563 1996 2608 et
2025 2568 2146 2608 arca

572 2649 686 2705 Noe
710 2691 726 2717 ,
756 2649 808 2703 in
858 2662 960 2718 qua
1004 2653 1060 2702 et
1086 2645 1356 2702 immunda
1383 2653 1436 2699 et
1471 2644 1664 2699 munda
1696 2655 1848 2700 erant
1899 2644 2146 2699 animalia

574 2739 748 2814 (Gen.
791 2754 862 2794 vu
891 2779 906 2802 ,
950 2736 1034 2808 8)
1077 2755 1093 2792 :
1146 2747 1200 2791 et
1235 2735 1438 2792 videbis
1486 2735 1751 2792 Ecclesias
1788 2735 1998 2791 interim
2045 2736 2147 2792 hoc

575 2843 814 2900 tempore
838 2845 1004 2899 usque
1029 2828 1094 2883 ad
1119 2827 1359 2882 ultimum
1385 2825 1567 2897 judicii
1598 2837 1822 2898 tempus,
1849 2843 1954 2883 non
1976 2829 2157 2900 solum

572 2940 699 2979 oves
723 2935 778 2977 et
806 2923 969 2977 boves
995 2921 1290 2986 continere,
1320 2919 1372 2974 id
1403 2927 1484 2974 est
1512 2928 1723 2974 sanctos
1747 2920 1910 2975 laicos
1939 2927 1995 2976 et
2019 2936 2146 2975 san-

571 3027 686 3070 ctos
729 3014 1000 3068 ministros
1023 3053 1037 3076 ,
1069 3010 1162 3066 sed
1209 3011 1415 3077 insuper
1439 3017 1486 3062 et
1511 3025 1690 3079 pecora
1713 3012 1898 3079 campi,
1927 3015 2158 3067 volucres;

573 3109 681 3162 σαῖιὲ
707 3149 722 3172 ,
747 3115 795 3162 et
824 3106 981 3176 pisces
1023 3104 1178 3160 maris
1200 3145 1215 3167 ,
1243 3102 1330 3174 qui
1359 3101 1705 3172 perambulant
1728 3105 1944 3176 semitas
1969 3107 2141 3160 maris.

573 3200 772 3254 I‘ecora
809 3197 950 3251 enim
974 3194 1149 3264 campi
1188 3193 1661 3264 congruentissime
1689 3195 2019 3264 accipiuntur
2043 3197 2144 3252 ho-

572 3291 743 3345 mines
761 3289 811 3342 in
828 3285 1002 3342 carnis
1020 3287 1288 3356 voluptate
1299 3284 1610 3355 gaudentes,
1633 3285 1719 3340 ubi
1743 3286 1873 3340 nihil
1894 3289 2140 3356 arduum,

573 3383 700 3439 nihil
727 3382 1044 3438 laboriosum
1086 3379 1400 3435 ascendunt.
1442 3379 1671 3450 Campus
1713 3390 1794 3435 est
1819 3381 1958 3436 enim
1985 3383 2140 3438 etiam

572 3475 674 3530 lata
702 3474 804 3537 via,
836 3487 954 3543 qua:
976 3471 1120 3526 ducit
1148 3469 1216 3524 ad
1245 3470 1512 3525 interitum
1543 3469 1754 3541 (Matth.
1783 3487 1883 3535 vn,
1916 3473 1984 3528 15
2009 3474 2061 3544 );
2091 3485 2144 3529 et

573 3568 624 3622 in
653 3581 842 3635 campo
865 3564 994 3620 Abel
1022 3562 1278 3618 occiditur
1304 3560 1465 3633 (Gen.
1484 3578 1556 3630 ιν,
1585 3561 1679 3635 8).
1702 3562 1879 3630 Quare
1904 3577 2145 3622 metuen-

570 3660 696 3715 dum
726 3665 808 3714 est
830 3699 848 3724 ,
888 3672 956 3712 ne
984 3656 1205 3726 quisque
1228 3653 1556 3710 descendens
1579 3669 1612 3709 a
1639 3657 1904 3711 montibus
1923 3657 2141 3726 ju~titize

574 3753 690 3816 Dei,
717 3749 926 3805 Iustitia
952 3749 1105 3814 enim,
1136 3747 1323 3818 inquit,
1353 3757 1441 3800 tua
1461 3748 1591 3802 velut
1617 3759 1807 3803 montes
1831 3750 1926 3804 Dei
1954 3754 1972 3824 (
1996 3752 2138 3807 Psal.

571 3859 744 3909 xxxv,
773 3844 804 3896 7
833 3842 875 3910 ),
904 3839 1209 3895 latitudines
1230 3849 1284 3894 et
1312 3838 1591 3896 facilitates
1609 3840 1891 3910 voluptatis
1917 3845 2139 3900 carnalis
2236 3893 2260 3911 κ

572 3933 796 4002 eligens,
839 3947 867 3983 a
897 3930 1110 3986 diabolo
1137 3929 1446 3986 trucidetur.
1480 3929 1613 3985 Vide
1641 3945 1780 3986 nunc
1806 3932 1961 3986 etiam
1989 3935 2138 3988 volu-

571 4036 691 4076 cres
714 4020 836 4076 cmli
857 4061 871 4081 .
903 4021 1160 4090 superbos
1180 4061 1193 4084 ,
1222 4019 1288 4074 de
1313 4019 1502 4089 quibus
1521 4018 1712 4074 dicitur
1739 4037 1754 4074 :
1781 4018 2062 4076 Posuerunt
2089 4025 2139 4077 in

571 4115 750 4170 caelum
773 4129 829 4167 os
859 4129 1005 4167 suum
1026 4112 1044 4182 (
1065 4110 1209 4166 Psal.
1233 4127 1400 4176 usu,
1431 4109 1521 4182 9).
1548 4111 1678 4166 Vide
1703 4126 1858 4182 quam
1888 4113 1938 4166 in
1976 4114 2136 4169 altum

571 4213 728 4262 vento
765 4212 1061 4274 portentur,
1106 4202 1193 4270 qui
1223 4201 1404 4257 dicunt
1444 4219 1458 4254 :
1502 4200 1754 4272 Linguam
1782 4213 2002 4257 nostram
2031 4221 2140 4258 ma-

570 4293 937 4368 gniﬁcabimus,
963 4291 1099 4346 labia
1124 4300 1294 4344 nostra
1322 4291 1461 4362 apud
1485 4308 1574 4346 nos
1595 4293 1614 4324 ³
1633 4300 1786 4366 sunt,
1825 4295 1936 4364 quis
1973 4306 2139 4350 noster

569 4387 818 4442 Dominus
837 4381 951 4452 εει(
985 4379 1129 4434 Psal.
1152 4396 1228 4445 xi,
1257 4381 1290 4435 5
1319 4381 1378 4450 )?
1403 4381 1610 4437 Intuere
1635 4382 1792 4437 etiam
1832 4388 2002 4455 pisces
2021 4400 2135 4439 ma-

569 4483 662 4541 ris.
693 4477 796 4534 hoc
823 4473 907 4532 est
933 4474 1174 4530 curiosos
1199 4472 1286 4543 qui
1313 4473 1679 4543 perambulant
1711 4475 1928 4530 seruitus
1954 4477 2134 4550 maris,

568 4571 620 4625 id
650 4580 753 4634 est,
782 4569 1052 4638 inquirunt
1077 4566 1129 4622 in
1157 4563 1414 4636 profundo
1433 4564 1586 4634 hujus
1607 4567 1784 4621 saeculi
1808 4569 2133 4637 ternporalia,

567 4677 684 4728 quae
716 4669 960 4728 tanquam
993 4656 1197 4713 semitm
1229 4655 1282 4710 in
1303 4654 1434 4709 mari
1473 4661 1578 4708 tam
1614 4655 1720 4709 cito
1745 4668 2134 4714 evanescuntet

566 4755 855 4818 intereunt.
877 4767 1034 4821 qttam
1083 4763 1268 4804 rursus
1296 4763 1429 4817 aqua
1455 4746 1814 4812 confunditur,
1863 4760 2134 4819 postquam

489 4874 501 4884 -
569 4842 960 4899 transeuntibus
973 4842 1143 4896 locum
1157 4840 1363 4896 dederit
1376 4838 1458 4894 vel
1471 4827 1794 4900 navibus,vel
1809 4840 2138 4909 quibuscum-

568 4949 670 5003 que
683 4931 1075 4987 ambulantibus
1095 4941 1183 4986 aut
1198 4929 1519 4984 natantibus.
1538 4927 1649 4982 Non
1668 4928 1806 4982 enim
1819 4929 1893 4983 ait
1909 4939 2130 4996 tantum,

571 5026 852 5080 Ambulant
893 5024 1107 5078 semitas
1158 5024 1354 5088 maris;
1402 5019 1530 5086 sed,
1580 5022 1926 5093 perambulant
1969 5021 2133 5088 dixit;

565 5117 856 5172 ostemlens
882 5115 1357 5184 pertinacissimum
1384 5115 1615 5169 studium
1643 5113 1815 5168 inania
1840 5124 1895 5169 et
1922 5123 2133 5183 praeter-

567 5206 781 5264 lluentia
797 5206 1198 5276 requirentium.
1211 5205 1333 5259 I-Iacc
1348 5215 1522 5260 autem
1541 5205 1639 5259 tria
1653 5220 1848 5276 genere
1866 5205 2133 5272 vitiorum,

564 5299 617 5355 id
646 5307 731 5354 est.
742 5297 984 5368 voluptas
999 5297 1198 5359 carnis,
1215 5305 1269 5351 et
1283 5295 1548 5364 superbia,
1569 5306 1622 5350 et
1639 5297 1935 5357 curiositas.
1959 5297 2134 5350 omnia

567 5400 781 5466 peccata
826 5389 1168 5454 concludunt.
1219 5388 1346 5454 Quae
1394 5387 1521 5442 mihi
1575 5387 1821 5442 videntur
1862 5405 1892 5441 a
1933 5388 2136 5444 Joanne

566 5483 807 5558 apostolo
831 5495 1158 5543 enumerata,
1186 5497 1306 5534 cum
1332 5479 1459 5534 dicit
1490 5498 1504 5532 :
1538 5478 1712 5534 Nolite
1751 5480 1958 5550 diligere
1982 5499 2134 5535 mun-

567 5587 710 5646 dum,
742 5577 976 5647 quoniam
1005 5574 1174 5628 omnia
1201 5588 1312 5643 qua:
1331 5572 1383 5624 in
1410 5571 1594 5624 mundo
1616 5581 1752 5635 sunt,
1774 5573 2134 5639 concupisce-tt.

630 5738 648 5771 ³
674 5737 807 5796 Fditi,
824 5741 1009 5786 sandes
1031 5731 1256 5783 homines.
1285 5738 1409 5787 uss.
1429 5735 1697 5796 sanctortmt
1721 5728 1972 5780 hominum.

630 5800 650 5831 ί
676 5792 811 5857 aditi.
827 5797 1088 5851 nobiscum.
1119 5803 1164 5845 tt
1189 5801 1314 5853 3155.,
1338 5792 1468 5855 apud
1491 5804 1590 5841 nos.

1809 330 1866 386 s.
1909 286 2272 390 attonsum
2311 331 2609 392 EPISCOH

3740 339 3851 393 116

2283 445 2352 497 tia
2379 450 2545 502 carnis
2574 460 2680 514 est.
2722 458 2768 502 et
2793 451 3196 520 concupiscentia
3233 451 3488 508 oculorum
3513 493 3530 518 .
3571 463 3618 508 et
3646 455 3858 508 ambitio

2279 539 2488 609 δωεαιὶ(
2516 539 2531 592 l
2558 539 2715 596 Joan.
2744 557 2780 597 ιι
2799 583 2814 610 ,
2843 544 2930 606 15,
2956 541 3082 615 16).
3115 544 3217 599 Per
3240 545 3424 600 oculos
3449 547 3589 601 etaim
3619 549 3860 603 maxime

2277 630 2559 689 curiositas
2583 634 2866 704 praevalet;
2889 638 3085 708 reliqua
3108 652 3236 694 vero
3261 653 3365 707 quo
3389 641 3706 708 pertineant,
3730 655 3854 696 ma-

2277 721 2524 778 nifestum
2574 735 2677 780 est.
2717 727 2781 782 Et
2820 728 2905 784 illa
2939 729 3195 784 Dominici
3242 730 3475 785 hominis
3518 730 3594 801 (α)
3625 734 3855 787 tentatio

2277 813 2532 882 tripertita
2560 827 2642 872 est
2673 837 2687 872 :
2716 834 2811 889 per
2830 821 3028 889 cibum,
3061 821 3112 876 id
3137 832 3218 878 est
3241 838 3334 892 per
3351 823 3849 892 concupiscentiam

2271 906 2487 972 carnis,
2535 907 2622 962 ubi
2651 912 2966 980 suggeritur.
3009 911 3107 966 Dic
3135 912 3389 984 lapidibus
3435 915 3541 969 istis
3587 925 3640 970 ut
3687 934 3856 986 panes

2271 993 2397 1060 ﬁant
2422 995 2443 1068 (
2471 996 2655 1052 Matth.
2688 1016 2758 1066 Iv,
2801 1002 2836 1057 '5
2865 1000 2884 1072 )
2913 1018 3045 1072 :per
3074 1002 3282 1058 inanem
3306 1004 3636 1072 jactantiam.
3669 1008 3756 1060 ubi
3794 1008 3849 1060 in

2269 1096 2449 1156 monte
2499 1095 2784 1145 constituto
2827 1094 3182 1150 ostenduntur
3232 1096 3406 1149 omnia
3467 1112 3626 1168 regna
3683 1097 3848 1167 hujus

2271 1189 2426 1237 terra:
2447 1222 2465 1248 ,
2488 1191 2545 1238 et
2582 1186 2958 1254 promittuntur
2984 1189 3028 1242 si
3057 1188 3354 1244 adoraverit
3391 1206 3404 1243 :
3438 1205 3532 1260 per
3558 1192 3845 1245 curiosita-

2269 1283 2372 1329 tem
2398 1317 2413 1341 ,
2439 1276 2525 1330 ubi
2569 1277 2634 1333 de
2658 1279 2814 1348 pinna
2843 1280 3023 1350 templi
3068 1280 3381 1336 admonetur
3403 1292 3464 1337 ut
3486 1299 3545 1338 se
3573 1283 3827 1340 deorsum

2266 1365 2456 1426 mittat.
2488 1367 2722 1433 tentandi
2745 1370 2913 1438 gratia
2943 1353 3118 1424 utrum
3144 1371 3212 1426 ab
3237 1374 3454 1442 Angelis
3495 1375 3837 1444 suscipiatur.

2264 1454 2442 1527 Itaque
2462 1469 2642 1528 postea
2684 1475 2839 1529 quam
2882 1461 3026 1515 nullo
3054 1462 3274 1516 istorum
3306 1473 3630 1520 tentatuento
3657 1467 3841 1522 valere

2263 1549 2401 1618 apud
2430 1565 2552 1604 eum
2574 1551 2746 1620 potuit
2777 1551 3051 1618 inimicus,
3080 1553 3180 1610 hoc
3204 1554 3272 1609 de
3307 1555 3396 1608 illo
3421 1555 3613 1612 dicitur
3637 1597 3651 1611 .
3676 1557 3839 1613 Post-

2261 1658 2409 1711 quam
2435 1643 2697 1712 compleuit
2722 1660 2920 1698 onmem
2945 1647 3263 1700 teatationem
3287 1647 3517 1702 diabolus
3547 1650 3565 1718 (
3597 1648 3722 1704 Luc.
3755 1667 3833 1716 tv,

2263 1732 2332 1787 15
2357 1733 2397 1796 ).
2454 1731 2675 1803 PrOpter
2704 1733 3106 1790 torculariorum
3153 1735 3329 1806 itaque
3353 1737 3794 1808 signiﬁcationem
3815 1780 3834 1805 ,

2260 1823 2495 1892 subjecta
2524 1833 2648 1878 sunt
2671 1824 2893 1894 pedibus
2921 1825 3036 1894 ejus
3061 1839 3165 1880 non
3185 1827 3358 1881 solum
3379 1829 3521 1895 vina,
3549 1829 3644 1884 sed
3665 1831 3832 1886 etiam

2259 1913 2460 1968 vinacia
2493 1932 2507 1968 :
2536 1902 2643 1970 non
2690 1917 2861 1971 solum
2911 1917 3112 1973 scilicet
3153 1935 3280 1974 oves
3325 1929 3380 1975 et
3425 1921 3626 1987 boves,
3668 1922 3718 1978 id
3743 1935 3835 1980 est

2257 2013 2454 2059 sanctae
2479 2004 2669 2060 animae
2696 2005 2950 2075 ﬁdelium,
2969 2008 3054 2064 vel
3076 2010 3126 2064 in
3148 2009 3326 2079 plebe,
3349 2012 3433 2066 vel
3465 2013 3516 2065 in
3537 2012 3830 2080 ministris;

2255 2096 2349 2151 sed
2376 2097 2430 2151 in
2450 2113 2609 2168 super
2622 2107 2678 2154 et
2693 2114 2883 2168 pecora
2895 2102 3198 2171 voluptatis.
3213 2112 3265 2158 et
3277 2104 3518 2161 volucres
3539 2105 3828 2175 superbia,

2256 2197 2308 2242 et
2334 2188 2504 2257 pisces
2519 2191 2843 2246 curiositatis
2873 2209 2887 2244 :
2915 2209 3033 2262 qua:
3057 2195 3233 2248 omnia
3256 2209 3450 2266 genera
3478 2207 3826 2266 peccatorum

2256 2293 2395 2332 nunc
2415 2278 2568 2356 bonis
2589 2290 2644 2335 et
2665 2281 2861 2334 sanctis
2883 2283 3043 2336 mixta
3066 2297 3189 2338 esse
3214 2283 3266 2337 in
3287 2283 3541 2340 Ecelesiis
3560 2285 3827 2342 videmus.

2252 2367 2512 2438 Operetur
2541 2369 2698 2439 igitur
2723 2371 2778 2424 in
2808 2369 3061 2426 Ecclesiis
3085 2373 3196 2428 suis
3215 2413 3231 2440 ,
3259 2383 3314 2428 et
3338 2389 3368 2428 a
3394 2375 3612 2430 vinaciis
3641 2378 3827 2433 vinum

2250 2469 2464 2528 separet
2495 2477 2508 2512 :
2536 2474 2632 2514 nos
2653 2460 2845 2515 demus
2868 2476 3084 2531 operam
3112 2472 3170 2518 ut
3208 2463 3394 2542 vinum
3417 2454 3585 2520 'simus
3610 2477 3664 2522 ct
3690 2483 3826 2525 oves

2251 2562 2340 2605 aut
2361 2551 2559 2619 boves;
2587 2569 2692 2608 non
2719 2554 2921 2608 vinacia
2941 2595 2957 2620 ,
2997 2565 3088 2610 aut
3113 2570 3303 2624 pecora
3331 2559 3524 2628 campi,
3555 2569 3644 2613 aut
3671 2561 3825 2616 volu-

2250 2661 2367 2701 cres
2392 2646 2512 2701 ωεΙὶ
2533 2687 2548 2709 ,
2581 2654 2670 2700 aut
2715 2647 2886 2714 pisces
2911 2647 3071 2715 maris
3102 2648 3192 2717 qui
3217 2649 3582 2718 perambulant
3603 2651 3822 2707 semitas

2251 2737 2430 2790 maris.
2464 2735 2578 2790 Non
2605 2737 2729 2806 quia
2776 2736 2875 2790 ista
2905 2737 3120 2791 nomina
3149 2737 3250 2793 isto
3275 2739 3389 2793 solo
3417 2739 3574 2793 modo
3600 2741 3820 2811 intelligi

2249 2838 2304 2884 et
2325 2827 2574 2897 explicari
2599 2837 2836 2897 possunt,
2863 2828 2956 2883 sed
2976 2843 3075 2900 pro
3095 2829 3224 2885 locis
3241 2845 3257 2896 ;
3277 2845 3508 2902 namque
3532 2832 3651 2886 alibi
3673 2833 3819 2888 aliud

2248 2921 2562 2991 signiﬁcant.
2588 2919 2654 2973 Et
2679 2920 2792 2975 lucc
2816 2921 2995 2991 regula
3022 2920 3074 2974 in
3092 2921 3234 2975 omni
3262 2920 3510 2992 allegoria
3540 2923 3820 2978 retinenda

2249 3026 2350 3080 est,
2382 3024 2440 3068 ut
2465 3031 2557 3083 pro
2584 3015 2843 3069 sententia
2866 3017 3141 3084 praesentis
3161 3017 3263 3072 loci
3291 3018 3655 3074 consideretur
3673 3022 3820 3090 quod

2251 3120 2345 3174 per
2377 3105 2775 3160 similitudinem
2803 3106 3027 3172 dicitur;
3051 3108 3164 3162 huic
3183 3095 3268 3164 est
3309 3110 3450 3164 enim
3479 3111 3740 3166 dominica
3765 3112 3824 3166 et

2247 3195 2531 3264 apostolim
2559 3195 2856 3265 disciplina.
2893 3196 3213 3266 Repelamus
3252 3215 3380 3269 ergo
3424 3199 3666 3254 ultimum
3693 3216 3822 3256 ver-

2247 3301 2363 3340 sum
2398 3287 2487 3356 qui
2514 3287 2670 3341 etiam
2702 3288 2753 3340 in
2785 3288 3040 3357 principio
3065 3289 3259 3343 Psalmi
3288 3290 3519 3360 ponitur,
3546 3301 3598 3346 et
3628 3291 3819 3346 Iaude-

2245 3391 2364 3430 mus
2395 3377 2555 3430 Deum
2582 3377 2857 3432 dicentes:
2893 3378 3102 3432 Domine
3143 3379 3390 3435 Dominus
3437 3392 3624 3446 noster,
3663 3398 3822 3454 quant

2243 3466 2538 3521 admirabile
2563 3478 2634 3522 est
2663 3484 2841 3522 nomen
2870 3480 3007 3523 tuum
3028 3471 3079 3523 in
3101 3472 3329 3526 universa
3349 3483 3481 3526 terra
3507 3473 3528 3527 .’
3552 3473 3822 3531 Deceutet‘

2243 3559 2436 3628 quippe
2463 3569 2584 3627 post
2613 3568 2812 3613 textum
2853 3563 3114 3616 sermonis
3139 3562 3204 3616 ad
3245 3573 3404 3633 caput
3451 3565 3674 3632 reditur,
3706 3581 3821 3636 quo

2245 3659 2386 3703 totus
2411 3649 2551 3704 idem
2572 3665 2752 3706 sermo
2775 3651 3085 3708 referendus
3110 3663 3208 3708 est.

2711 3857 2793 3919 IN
2830 3859 3206 3923 PSALMUM
3248 3861 3339 3926 IX

2824 3974 3237 4037 ENAIiRATlO.

2315 4094 2365 4147 I.
2408 4091 2574 4166 [vers.
2612 4091 2704 4166 1.]
2734 4094 2925 4148 Psalmi
2950 4079 3106 4164 hujus
3127 4095 3397 4165 inscriptio
3418 4108 3499 4151 est
3524 4117 3537 4152 :
3565 4097 3632 4152 1n
3657 4099 3818 4167 ﬁnem

2245 4201 2335 4256 pro
2361 4186 2568 4240 occultis
2594 4185 2718 4240 Filii
2737 4226 2752 4250 ,
2781 4185 3012 4242 Psalmus
3037 4187 3133 4258 ipsi
3159 4187 3342 4241 David.
3375 4189 3445 4244 De
3472 4192 3692 4244 occultis
3717 4192 3816 4246 Fi-

2241 4277 2295 4331 lii
2321 4275 2487 4347 qumri
2517 4285 2691 4346 potest
2719 4294 2732 4331 :
2764 4275 2858 4332 sed
2897 4279 3017 4346 quia
3054 4292 3158 4355 non
3187 4277 3391 4332 addidit
3417 4279 3570 4349 cujus
3590 4323 3605 4348 ,
3636 4282 3816 4350 ipsum

2241 4369 2566 4440 unigenitum
2597 4370 2686 4424 Dei
2716 4359 2907 4424 Filium
2936 4378 3143 4438 Oportet
3167 4369 3409 4442 intelligi.
3441 4371 3542 4428 Ubi
3573 4375 3714 4429 enim
3740 4375 3819 4433 de

2241 4461 2349 4516 lilio
2381 4460 2541 4516 David
2571 4461 2812 4516 Psalmus
2837 4461 3118 4531 inscriptus
3143 4471 3225 4516 est
3248 4502 3263 4524 .
3307 4463 3432 4517 Cum
3462 4469 3650 4534 fugeret
3675 4505 3688 4528 ,
3723 4466 3815 4520 in—

2238 4553 2352 4624 quit
2374 4595 2390 4619 ,
2417 4570 2449 4606 a
2477 4553 2608 4623 [acie
2634 4553 2906 4607 Abessalon
2930 4553 3026 4623 filii
3046 4554 3125 4608 sui
3145 4553 3166 4623 (
3191 4551 3333 4608 Psal.
3363 4571 3416 4610 III
3440 4597 3454 4620 ,
3488 4557 3511 4610 1
3540 4555 3582 4626 );
3610 4572 3732 4611 cum
3753 4567 3822 4616 et

2241 4659 2433 4699 nomen
2461 4645 2577 4713 ejus
2598 4645 2794 4698 dictum
2816 4637 2956 4700 esset
2979 4687 2995 4711 ,
3026 4656 3080 4700 et
3098 4646 3166 4699 ob
3189 4644 3291 4700 hoc
3314 4645 3479 4702 latere
3503 4663 3607 4703 non
3629 4661 3824 4718 posset

2239 4735 2307 4790 de
2333 4751 2438 4805 quo
2467 4735 2729 4790 diceretur
2752 4777 2767 4800 ,
2798 4751 2900 4790 non
2929 4745 3102 4792 tamen
3139 4735 3337 4792 dictum
3377 4748 3460 4793 est
3507 4748 3708 4794 tantum
3733 4781 3750 4806 ,
3782 4759 3824 4796 α

2240 4827 2370 4897 facie
2397 4827 2666 4882 Abessalon
2691 4826 2804 4895 ﬁlii,
2829 4827 2923 4882 sed
2962 4827 3196 4884 additum
3239 4838 3342 4896 est,
3377 4830 3476 4884 sui.
3519 4830 3612 4884 Hic
3641 4847 3773 4886 vero
3800 4876 3820 4900 ,

2240 4929 2296 4974 ct
2320 4919 2458 4989 quod
2489 4935 2592 4974 non
2622 4918 2855 4972 additum
2884 4929 2967 4973 est
2991 4959 3008 4982 ,
3034 4921 3114 4973 sui
3137 4963 3152 4984 ,
3181 4931 3234 4974 ct
3267 4921 3406 4991 quod
3447 4921 3514 4976 de
3553 4921 3825 4980 Gentibus

2241 5012 2404 5065 multa
2431 5010 2560 5064 dicit
2581 5050 2596 5072 .
2630 5026 2736 5064 non
2765 5020 2938 5078 potest
2962 5019 3104 5066 recte
3130 5013 3296 5081 accipi
3323 5012 3614 5068 Abessalon
3654 5030 3672 5068 :
3715 5032 3826 5071 ne-

2238 5121 2342 5174 que
2361 5105 2503 5160 enim
2535 5103 2729 5158 bellum
2754 5103 2893 5173 quod
2922 5119 3041 5157 cum
3067 5113 3215 5173 patre
3242 5106 3331 5161 ille
3353 5105 3585 5176 perditus
3607 5109 3781 5176 gessit
3804 5154 3822 5174 ,

2240 5187 2348 5251 ullo
2373 5195 2532 5251 modo
2555 5195 2622 5249 ad
2652 5194 2848 5250 Gentes
2877 5196 3106 5264 pertinet
3127 5237 3141 5258 ,
3169 5212 3291 5251 cum
3334 5197 3557 5267 populus
3599 5207 3826 5258 tantum

2240 5287 2398 5343 Israel
2427 5285 2680 5342 adversus
2707 5301 2766 5341 se
2795 5285 2865 5340 ibi
2895 5287 3098 5342 divisus
3138 5288 3228 5342 sit.
3259 5289 3474 5343 Canitur
3503 5289 3680 5357 itaque
3711 5291 3827 5348 isto

2241 5381 2472 5451 psalmus
2501 5389 2597 5450 pro
2621 5379 2839 5434 occultis
2868 5380 3122 5450 unigeniti
3152 5379 3268 5434 Filii
3305 5381 3416 5435 Dei.
3448 5379 3576 5434 Nam
3607 5389 3663 5435 et
3695 5383 3826 5450 ipse

2242 5475 2495 5530 Dominus
2510 5488 2627 5528 cum
2647 5473 2764 5527 sine
2783 5473 3138 5528 additamento
3160 5474 3304 5542 ponit
3327 5473 3512 5527 Filium
3534 5515 3547 5537 ,
3572 5474 3823 5542 scipsum

2239 5553 2560 5635 unigenitum
2589 5565 2698 5617 vult
2725 5564 2942 5635 intelligi
2963 5605 2981 5629 ,
3011 5565 3096 5618 ubi
3125 5563 3197 5616 ait
3227 5581 3239 5616 ε
3270 5559 3330 5616 Si
3358 5580 3441 5617 vos
3482 5563 3640 5617 Filius
3679 5563 3825 5618 libe-

2209 5659 2440 5723 raverit,
2491 5667 2606 5710 tunc
2647 5672 2757 5709 vere
2799 5654 2938 5710 liberi
2964 5656 3098 5711 eritis
3141 5651 3340 5724 (Joan.
3375 5670 3486 5720 vui,
3518 5653 3646 5726 56).
3690 5654 3823 5717 Non

2301 5792 2374 5854 (η)
2407 5798 2422 5840 ι
2445 5797 2668 5852 neuneu,
2689 5802 2792 5852 cap.
2814 5790 2906 5840 ιο..
