4046 6200
229 373 325 433 ιη
406 362 415 367 ’

221 492 367 546 enim
394 489 564 555 dixit,
598 488 765 546 Filius
791 488 924 554 Dei;
952 489 1046 545 sed
1082 496 1283 544 tantum
1330 485 1555 543 dicendo
1593 484 1758 540 Filius
1780 525 1796 549 ,

216 583 307 636 dat
335 580 553 651 intelligi
593 581 747 651 cujus
765 581 834 636 sit
862 580 1017 635 Illius.
1044 580 1209 647 Quam
1238 580 1555 635 locutionem
1580 593 1685 633 non
1708 592 1798 631 re-

215 675 353 742 cipit
390 673 493 728 nisi
534 674 846 728 excellentia
882 672 997 742 ejus
1035 672 1103 727 de
1144 688 1249 743 quo
1288 671 1359 726 ita
1402 670 1663 740 loquimur
1691 710 1705 736 ,
1741 675 1801 722 ut

212 765 430 820 etiamsi
479 780 586 820 non
628 780 751 820 eum
794 764 1165 831 nominemus,
1210 762 1379 835 possit
1422 760 1681 829 intelligi:
1727 760 1797 813 ita

211 860 361 912 enim
387 857 619 913 dicimus
640 898 658 924 ,
690 856 829 912 Pluit
851 898 868 923 ,
896 865 1141 921 serenat,
1176 864 1323 911 tonat
1345 898 1359 921 ,
1391 863 1445 911 et
1472 855 1517 909 si
1545 864 1647 924 qua
1673 859 1798 908 sunt

216 950 344 1004 talia
367 989 384 1015 ,
416 964 517 1005 nec
541 948 783 1003 addimus
803 949 923 1019 quis
949 949 999 1003 id
1021 948 1207 1014 iaciat;
1230 948 1353 1019 quia
1378 946 1613 1001 omnium
1640 959 1794 1000 men-

215 1044 361 1099 tibus
410 1048 604 1112 Spo'nte
644 1056 764 1098 sese
808 1041 965 1097 oll'ert
1011 1041 1321 1097 excellentia
1370 1038 1645 1103 facientis,
1696 1051 1795 1092 nec

215 1136 379 1190 verba
423 1132 708 1189 desident.
758 1132 889 1202 Quae
927 1142 1050 1188 sunt
1092 1132 1249 1203 igitur
1294 1131 1496 1187 occulta
1540 1128 1701 1184 Filii?
1736 1127 1792 1182 In

214 1240 325 1295 quo
346 1224 513 1279 verbo
544 1224 768 1293 primum
797 1222 1194 1291 intelligendum
1220 1230 1302 1276 est
1327 1235 1445 1276 esse
1470 1218 1643 1289 aliqua
1672 1216 1793 1272 Filii

218 1313 498 1369 manifesta
523 1356 537 1379 ,
567 1330 596 1368 a
623 1314 814 1383 quibus
830 1312 1223 1383 distinguuntur
1246 1311 1361 1366 lucc
1385 1324 1503 1381 quae
1528 1308 1794 1380 appellan-

218 1416 307 1459 tur
349 1406 578 1461 occulta.
625 1404 980 1471 Quamobrem
1006 1446 1020 1471 ,
1070 1404 1319 1474 quoniam
1354 1403 1489 1458 duos
1535 1401 1792 1457 adventus

221 1498 433 1553 Domini
466 1496 733 1553 credimus
759 1536 775 1561 ,
820 1512 978 1549 unum
1020 1495 1343 1565 prteteritum
1371 1536 1385 1559 ,
1426 1510 1581 1562 quem
1623 1490 1793 1547 Judaei

222 1605 325 1644 non
355 1588 767 1650 intellexerunt,
812 1588 1035 1641 alterum
1075 1587 1306 1641 futurum
1331 1628 1346 1650 ,
1392 1600 1546 1655 quem
1586 1584 1829 1654 utrique~

222 1694 532 1751 speramus;
556 1689 609 1735 et
632 1680 879 1750 quoniam
903 1680 999 1734 iste
1019 1694 1171 1749 quem
1198 1678 1365 1733 Judaei
1393 1694 1495 1732 non
1521 1677 1797 1732 intellexe-

220 1780 380 1835 runt.
408 1771 672 1828 Gentibus
703 1772 897 1838 profuit
919 1813 933 1833 ,
981 1786 1083 1825 non
1132 1769 1564 1824 inconvenicutcr
1600 1768 1795 1838 accipi-

223 1873 309 1917 tur
333 1863 403 1919 de
430 1861 532 1917 hoc
555 1862 785 1916 adventu
816 1862 918 1915 dici
942 1903 956 1924 ,
991 1878 1082 1930 pro
1102 1859 1307 1915 occultis
1335 1857 1459 1912 Filii
1482 1900 1495 1924 ,
1526 1858 1609 1912 ulii
1639 1858 1792 1912 (ειυρί-

221 1964 387 2009 tasex
416 1964 568 2023 parte
600 1953 757 2008 Israel
788 1952 922 2007 facta
968 1962 1048 2007 est
1071 1994 1087 2019 ,
1132 1961 1190 2005 ut
1229 1950 1501 2021 plenitudo
1543 1948 1788 2004 Gentium

220 2046 440 2101 intraret
466 2044 487 2118 (
516 2040 661 2100 Rom.
691 2061 743 2099 xt
768 2087 784 2111 ,
809 2045 880 2099 25
976 2044 1087 2097 Duo
1112 2042 1268 2097 etiam
1293 2040 1485 2111 judicia
1517 2041 1807 2093 insinuan-'

221 2136 313 2193 ιιιέ
332 2152 428 2207 per
450 2136 753 2207 Scripturas
772 2178 787 2202 ,
815 2135 858 2190 si
880 2135 997 2205 quis
1023 2134 1296 2196 advertat;
1320 2146 1479 2185 unum
1502 2130 1786 2194 occultum,

219 2229 439 2283 alterum
470 2226 831 2283 manifestum.
876 2224 1150 2279 Occultum
1186 2237 1326 2277 nunc
1349 2221 1521 2291 agitur
1545 2262 1559 2283 ,
1590 2220 1658 2275 de
1684 2233 1793 2289 quo

218 2319 493 2389 apostolus
522 2319 710 2374 Petrus
734 2318 896 2372 dicit:
930 2316 1145 2385 Tempus
1186 2324 1257 2367 est
1291 2322 1345 2366 ut
1376 2311 1628 2382 judicium
1665 2311 1789 2363 inci-

222 2411 318 2476 piat
341 2428 375 2462 a
396 2409 549 2464 domo
579 2408 783 2462 Domini
807 2409 826 2478 (
854 2408 871 2459 Ι
902 2405 1039 2460 Pen.
1064 2421 1138 2471 iv,
1164 2405 1229 2458 17
1257 2405 1295 2469 ).
1315 2402 1592 2458 Occultum
1614 2401 1790 2470 itaque

218 2502 464 2571 judicium
495 2511 578 2556 est
604 2514 758 2571 paena
785 2541 799 2564 ,
834 2514 934 2569 qua
959 2511 1099 2551 nunc
1126 2496 1491 2565 unusquisque
1514 2491 1787 2545 hominum

218 2600 302 2647 aut
348 2601 629 2648 exercetur
676 2591 741 2645 ad
787 2590 1147 2660 purgationem
1173 2630 1188 2654 ,
1232 2594 1324 2641 aut
1361 2585 1677 2641 admonetur
1722 2582 1789 2637 ad

215 2684 615 2737 conversionem
642 2723 656 2744 ,
706 2690 797 2735 aut
842 2681 887 2735 si
942 2677 1321 2747 contempserit
1361 2674 1692 2730 vocationem
1734 2682 1790 2727 et

215 2772 547 2844 disciplinam
576 2772 712 2839 Dei,
745 2780 1041 2826 exerceatur
1080 2769 1147 2823 ad
1192 2768 1617 2841 damnationem.
1636 2762 1789 2819 ludi-

215 2865 350 2919 ciam
380 2876 559 2919 autem
587 2864 922 2917 manifestum
948 2870 1029 2916 est
1053 2903 1067 2927 ,
1099 2875 1205 2930 quo
1242 2867 1496 2914 venturus
1534 2855 1790 2935 Dominus

216 2954 464 3024 indicabit
492 2954 642 3008 vivos
666 2962 718 3008 et
748 2964 984 3006 mortuos
1011 2994 1025 3016 ,
1055 2951 1298 3005 omnibus
1344 2947 1627 3003 fatentibus
1665 2958 1809 3007 eum,

215 3061 330 3100 esse
359 3061 388 3099 a
412 3060 521 3118 quo
551 3055 606 3099 et
646 3045 796 3099 bonis
835 3043 1047 3113 pnemia
1076 3084 1089 3104 ,
1137 3053 1187 3097 et
1225 3034 1657 3110 malis'supplicia
1696 3037 1789 3092 tri-

216 3137 457 3191 buentur.
491 3135 595 3191 Sed
624 3144 750 3189 tunc
780 3134 867 3189 illa
896 3131 1159 3187 confessio
1183 3174 1198 3198 ,
1242 3146 1345 3185 non
1384 3130 1451 3185 ad
1495 3128 1787 3185 remedium

216 3229 473 3282 malorum
498 3269 513 3293 ,
546 3228 638 3282 sed
663 3228 728 3279 ad
770 3226 1037 3281 cumulum
1081 3224 1433 3278 damnationis
1471 3220 1684 3275 valehit.
1717 3220 1790 3274 De

219 3320 297 3373 liis
341 3319 553 3374 duobus
592 3318 843 3388 jndieiis,
884 3332 990 3370 uno
1032 3314 1275 3379 occulto,
1312 3310 1423 3367 alio
1470 3312 1786 3376 manifesto,

215 3413 423 3467 videtur
472 3412 602 3465 mihi
654 3411 905 3465 Dominus
950 3410 1183 3471 dixisse,
1237 3407 1323 3461 ubi
1367 3409 1440 3460 ait
1469 3420 1483 3455 :
1512 3405 1609 3473 Qui
1634 3406 1685 3457 in
1714 3418 1792 3456 me

215 3503 403 3567 credit,
456 3502 654 3556 transiit
697 3502 760 3554 dc
780 3511 937 3554 morte
978 3500 1045 3553 ad
1085 3501 1274 3563 vitam,
1322 3514 1411 3551 nec
1452 3498 1503 3550 in
1538 3496 1788 3567 judicium

218 3598 370 3649 sentiet
395 3594 591 3666 (Joan:
616 3610 667 3656 v.
688 3593 760 3647 24
779 3591 822 3663 ),
848 3593 897 3645 in
920 3592 1173 3661 judicium
1197 3590 1399 3644 scilicet
1416 3589 1785 3641 manifestum:

217 3705 333 3741 nam
367 3688 465 3740 hoc
495 3686 635 3754 quod
667 3685 855 3739 transit
882 3684 949 3737 de
976 3690 1146 3738 morte
1166 3681 1231 3735 ad
1255 3682 1416 3735 vitam
1443 3695 1538 3749 per
1566 3678 1792 3732 nonnul-

220 3780 314 3830 lam
348 3778 694 3831 amictionem
720 3818 734 3841 ,
762 3791 863 3845 qua
902 3774 1129 3844 ﬂagellat
1168 3788 1381 3827 omnem
1430 3772 1592 3825 lilium
1632 3785 1789 3840 quem

219 3869 441 3936 recipit,
480 3867 738 3936 judicium
783 3866 1049 3920 occultum
1085 3872 1201 3926 est;
1234 3863 1333 3929 Qui
1359 3872 1523 3915 autem
1551 3877 1650 3914 non
1679 3877 1790 3914 cre-

217 3962 321 4023 dit,
356 3959 523 4028 inquit
548 4001 563 4019 .
587 3960 698 4028 jam
718 3958 978 4027 judicatus
1004 3964 1078 4010 est
1121 3952 1247 4025 (Id.
1278 3969 1372 4015 ιιι,
1403 3953 1467 4006 18
1493 3954 1532 4019 );
1581 3951 1629 4003 id
1670 3960 1749 4003 est
1774 3991 1789 4013 ,

217 4054 314 4106 isto
338 4034 556 4105 occulto
583 4050 779 4119 judicio
814 4048 923 4117 jam
948 4055 1289 4117 praeparatus
1319 4054 1400 4098 est
1429 4043 1494 4097 ad
1525 4043 1649 4096 illud
1681 4057 1790 4095 ma-

219 4143 489 4197 nifestum.
515 4141 641 4196 Haec
685 4139 792 4194 duo
826 4137 1020 4207 judicia
1067 4136 1225 4192 etiam
1275 4137 1325 4189 in
1367 4134 1633 4204 Sapientia
1660 4125 1791 4198 legi-

217 4248 334 4286 tuus
361 4274 374 4295 ,
402 4231 491 4286 ubi
520 4231 776 4300 scriptum
808 4239 929 4284 est:
966 4228 1181 4299 Propter
1220 4226 1313 4279 hoc
1354 4234 1589 4294 tanquam
1629 4224 1793 4293 pueris

216 4321 484 4378 insensatis
516 4321 767 4391 judicium
802 4321 858 4373 in
901 4319 1121 4373 derisum
1157 4316 1372 4379 dedisti;
1406 4316 1457 4368 lii
1493 4324 1659 4367 autem
1702 4315 1795 4367 hoc

213 4417 410 4487 judicio
466 4431 563 4469 non
616 4414 863 4480 correcti,
924 4412 1130 4482 dignum
1176 4408 1269 4463 Dei
1308 4408 1559 4479 judicium
1607 4406 1794 4475 experti

217 4518 333 4562 sunt
368 4506 386 4579 (
412 4505 543 4577 Sap.
574 4522 645 4559 xu
671 4548 685 4569 ,
716 4506 787 4561 9.5
812 4546 827 4569 ,
859 4503 929 4558 26
954 4504 992 4574 ).
1022 4503 1121 4569 Qui
1158 4516 1285 4571 ergo
1327 4516 1430 4554 non
1461 4499 1797 4567 corriguntur

218 4601 320 4655 isto
364 4600 574 4655 occulto
619 4600 711 4654 Dei
752 4597 988 4668 judicio,
1039 4590 1347 4665 dignissime
1392 4593 1483 4647 illo
1520 4590 1797 4645 manifesto

222 4692 530 4761 punientur.
557 4689 815 4758 Quocirca
845 4690 895 4743 in
923 4687 1027 4743 hoc
1066 4686 1272 4757 psalmo
1313 4683 1637 4739 observanda
1675 4691 1800 4736 sunt

220 4783 429 4836 occulta
460 4780 621 4845 Filii,
652 4780 703 4835 id
732 4790 851 4845 est,
896 4788 952 4834 et
987 4778 1199 4832 humilis
1240 4776 1358 4845 ejus
1396 4774 1652 4830 adventus
1695 4786 1800 4842 quo

223 4873 421 4942 profuit
448 4872 707 4928 Gentibus
754 4886 873 4926 cum
916 4870 1153 4925 caecitate
1189 4866 1491 4922 Judmorum
1517 4906 1531 4931 ,
1562 4873 1616 4919 et
1644 4879 1801 4934 pinna

226 4982 349 5035 qum
376 4980 517 5019 nunc
544 4964 754 5019 occulte
782 4964 955 5034 agitur
976 5003 993 5028 ,
1025 4959 1256 5016 nondum
1297 4957 1637 5012 damnatione
1673 4971 1802 5025 pec-

229 5060 461 5111 cantium
487 5099 502 5122 ,
528 5056 644 5117 ,sed
686 5065 779 5110 aut
820 5054 1197 5110 exercitatione
1241 5063 1618 5106 converson
1642 5090 1656 5114 ,
1710 5056 1803 5103 aut

224 5149 586 5203 admonitione
606 5156 670 5201 ut
692 5153 1084 5209 convertantur,
1119 5151 1211 5196 aut
1235 5142 1469 5197 caecitate
1491 5146 1549 5193 ut
1575 5137 1800 5193 damna-

228 5238 359 5292 tioni
390 5248 753 5307 pneparentur
778 5235 867 5303 qui
893 5234 1128 5288 converti
1154 5231 1439 5287 noluerint.

295 5353 351 5408 9..
395 5351 415 5426 [
441 5370 567 5407 vers.
598 5349 699 5424 2.]
731 5348 1007 5419 Conﬁtebor
1034 5348 1120 5402 tibi
1145 5390 1159 5415 ,
1186 5347 1429 5413 Domine,
1458 5346 1509 5400 in
1534 5354 1637 5398 toto
1658 5343 1808 5397 corde

229 5460 357 5498 mea.
390 5442 505 5498 Non
537 5442 587 5496 in
618 5451 730 5495 toto
772 5438 932 5493 corde
973 5438 1253 5492 conlitetur
1287 5438 1397 5491 Deo
1421 5479 1434 5500 ,
1467 5436 1553 5506 qui
1584 5435 1651 5489 de
1678 5448 1806 5503 pro-

227 5536 458 5591 videntia
489 5534 607 5604 ejus
636 5533 689 5587 in
726 5531 902 5601 aliquo
940 5528 1179 5583 dubitat:
1222 5527 1316 5583 sed
1360 5527 1448 5598 qui
1491 5526 1597 5594 jam
1639 5524 1809 5580 cernit

224 5627 436 5682 occulta
463 5623 740 5696 sapientia:
783 5620 922 5685 Dei,
968 5627 1219 5689 quantum
1263 5618 1333 5673 sit
1378 5616 1641 5672 invisibile
1668 5630 1805 5685 pra:-

227 5720 389 5773 mium
429 5718 548 5787 ejus
572 5758 589 5781 ,
629 5714 718 5785 qui
764 5712 936 5777 dicit,
968 5708 1262 5764 Gaudemus
1309 5710 1362 5762 in
1407 5706 1807 5761 tribulationibus

228 5808 418 5875 (Rom.
455 5825 508 5867 v.
537 5806 634 5871 3i;
682 5813 733 5860 et
779 5799 1220 5874 quemadmodum
1266 5813 1451 5877 omnes
1495 5796 1759 5854 cruciatus
1788 5838 1804 5865 ,

1314 350 1708 429 manuario
1744 364 1809 419 lN
1848 364 2165 425 Ρειωιυιι
2205 369 2293 426 Ix.

3377 376 3477 433 H8

1914 486 2002 559 qui
2029 490 2372 560 corporaliter
2411 490 2707 548 inferuntur
2734 501 2825 548 aut
2864 502 3145 550 exerceant
3184 507 3476 553 conversos

1909 579 1974 633 ad
2004 580 2170 635 Deum
2195 620 2211 645 ,
2240 589 2333 636 aut
2360 589 2416 636 ut
2440 593 2813 638 convertantur
2831 584 3186 650 admoneant,
3212 585 3475 656 autjustze

1908 672 2233 729 damnationi
2262 674 2443 729 ultime
2473 683 2769 746 praeparent
2796 677 3078 732 obduratos
3108 718 3125 743 ,
3153 685 3207 732 et
3239 679 3315 733 sic
3354 694 3467 731 oni-

1907 762 1992 815 nia
2023 763 2088 818 ad
2117 763 2308 818 divina:
2339 766 2681 834 providentia:
2711 768 2943 836 regimen
2974 767 3269 824 referantur
3293 810 3307 831 ,
3351 784 3470 839 quae

1905 853 2051 907 stulti
2081 854 2229 923 quasi
2248 869 2374 910 casu
2398 864 2451 910 et
2474 864 2672 911 temere
2699 866 2752 911 et
2772 858 2910 913 nulla
2934 858 3111 913 divina
3134 858 3480 913 administrao

1904 944 2049 1000 tione
2078 944 2192 1001 ﬁeri
2224 954 2424 1018 putant.
2457 945 2695 1004 Narrabo
2730 949 2899 1003 omnia
2931 949 3179 1004 mirabilia
3203 959 3308 1004 tua.
3336 949 3470 1007 Nar-

1902 1045 1986 1091 rat
2011 1038 2187 1092 omnia
2216 1038 2475 1095 mirabilia
2506 1038 2603 1095 Dei
2628 1081 2644 1107 ,
2671 1039 2760 1110 qui
2787 1055 2847 1095 ea
2873 1056 2976 1096 non
2999 1041 3169 1097 solum
3200 1042 3254 1097 in
3276 1056 3469 1112 corpo-

1902 1130 2049 1186 ribus
2093 1130 2263 1200 palam
2291 1174 2307 1200 ,
2356 1132 2449 1187 sed
2500 1133 2553 1188 in
2600 1133 2792 1189 animis
2835 1132 3169 1205 invisibiliter
3212 1133 3423 1205 quidem
3449 1176 3465 1200 ,

1898 1220 1993 1275 sed
2022 1221 2177 1292 longe
2202 1222 2477 1278 sublimius
2500 1230 2555 1279 et
2589 1223 2934 1280 excellentius
2974 1226 3085 1279 ﬁeri
3129 1224 3291 1279 videt.
3334 1224 3466 1279 Nam

1900 1313 2097 1367 terreni
2128 1313 2367 1369 homines
2410 1322 2465 1369 et
2500 1315 2717 1370 occultis
2754 1314 2958 1381 dediti,
3003 1315 3170 1385 magis
3207 1315 3465 1371 mirantur

1897 1405 2256 1460 resurrexisse
2298 1406 2351 1460 in
2392 1421 2616 1476 corpore
2657 1415 2921 1461 mortuum
2965 1406 3218 1462 Lazarum
3244 1450 3260 1467 .
3306 1423 3462 1478 quam

1897 1496 2254 1550 resurrexisse
2302 1496 2353 1550 in
2402 1497 2578 1551 anima
2624 1504 3015 1566 persecutorem
3067 1496 3305 1551 Paulum.
3357 1496 3464 1552 Sed

1897 1583 2142 1653 quoniam
2179 1584 2383 1640 visibile
2409 1586 2720 1641 miraculum
2757 1586 2824 1641 ad
2873 1585 3308 1641 illuminationem
3353 1586 3467 1640 ani-

1898 1689 2037 1729 mam
2064 1685 2219 1730 vocat
2240 1717 2255 1743 ,
2287 1675 2550 1732 invisibile
2591 1685 2768 1732 autem
2808 1693 2924 1733 eam
2962 1693 3080 1747 qua:
3110 1686 3291 1732 vocata
3320 1677 3467 1732 venit

1897 1764 2193 1829 illuminat;
2222 1766 2397 1820 omnia
2426 1775 2605 1821 narrat
2650 1766 2905 1822 mirabilia
2950 1766 3045 1821 Dei
3075 1808 3091 1833 ,
3123 1768 3210 1836 qui
3236 1766 3463 1821 credens

1894 1857 2189 1913 visibilibus
2214 1859 2281 1912 ad
2307 1858 2644 1931 intelligenda
2668 1859 2945 1914 invisibilia
2978 1860 3253 1913 transitum
3283 1858 3424 1913 facit.

1965 1950 2018 2003 ’5.
2059 1948 2227 2022 [nem
2256 1952 2310 2006 5.
2334 1950 2354 2023 ]
2382 1951 2614 2006 Laetabor
2637 1994 2652 2019 ,
2683 1962 2729 2006 et
2754 1954 3013 2008 exsultatio
3040 1953 3095 2007 in
3121 1962 3187 2008 te.
3216 1952 3329 2007 Non
3349 1951 3461 2022 jam

1895 2041 1947 2093 in
1980 2038 2081 2094 hoc
2109 2042 2339 2107 saeculo;
2376 2056 2483 2097 non
2508 2043 2559 2097 in
2588 2043 2860 2112 voluptate
2886 2043 3320 2098 contreetationis
3343 2057 3462 2098 cor-

1894 2144 2079 2199 porum
2104 2172 2119 2196 ,
2156 2146 2258 2185 nec
2298 2132 2349 2185 in
2394 2133 2551 2201 palati
2578 2124 2648 2189 et
2691 2134 2881 2203 linguae
2921 2134 3197 2203 saporibus
3224 2175 3240 2201 ,
3282 2149 3381 2190 nec
3409 2134 3461 2188 in

1894 2220 2152 2275 suavitate
2178 2219 2423 2284 odorum.
2453 2236 2551 2277 nec
2575 2222 2627 2276 in
2656 2222 2982 2292 iucunditate
3005 2233 3256 2278 sonorum
3288 2231 3461 2278 trans-
3538 2248 3543 2255 ο

1893 2310 2130 2364 euntium
2154 2352 2169 2375 ,
2208 2326 2307 2366 nec
2340 2312 2393 2366 in
2444 2313 2625 2367 formis
2667 2328 2947 2385 corporum
2989 2314 3135 2370 varie
3173 2315 3419 2370 coloratis
3442 2355 3460 2381 ,

1894 2415 1992 2455 nec
2017 2400 2069 2454 in
2099 2402 2416 2457 vanitatibus
2454 2402 2626 2457 laudis
2656 2403 2899 2458 humanm
2922 2443 2938 2470 ,
2981 2416 3081 2459 nec
3124 2404 3177 2458 in
3221 2404 3464 2474 conjugio

1890 2502 1945 2543 ct
1988 2494 2136 2562 prole
2178 2494 2429 2549 moritura
2454 2537 2470 2561 ,
2523 2512 2621 2551 nec
2664 2496 2717 2550 in
2763 2496 3045 2566 superﬂuis
3092 2497 3458 2566 temporalium

1892 2584 2189 2640 divitiarum
2215 2625 2230 2648 ,
2263 2601 2359 2640 nec
2408 2587 2459 2639 in
2506 2587 2888 2656 conquisitione
2917 2587 3072 2656 hujus
3100 2588 3276 2641 sa‘culi
3304 2629 3318 2649 .
3346 2588 3460 2643 sive

1891 2695 2009 2748 qua:
2037 2679 2271 2733 locorum
2300 2679 2481 2748 spatiis
2511 2678 2745 2732 tenditur
2771 2719 2786 2741 ,
2824 2678 2936 2733 sive
2974 2694 3089 2747 qua:
3129 2678 3463 2733 successione

1893 2767 2146 2838 temporis
2189 2767 2453 2821 volvitur:
2500 2767 2593 2823 sed
2642 2769 2848 2822 (tutabor
2888 2777 2934 2822 et
2976 2766 3234 2823 exsultabo
3276 2770 3328 2821 in
3374 2776 3458 2833 te,

1892 2859 2138 2914 videlicet
2168 2856 2220 2911 in
2248 2858 2470 2912 occultis
2498 2857 2618 2913 Filii
2648 2900 2661 2921 ,
2708 2858 2795 2911 ubi
2824 2857 3085 2928 signatum
3115 2867 3197 2914 est
3225 2858 3275 2912 in
3308 2857 3460 2913 nobis

1888 2949 2071 3005 lumen
2122 2949 2298 3004 vultus
2344 2949 2458 3015 tui,
2509 2950 2728 3004 Domine
2781 2948 2964 3023 (Psal.
3007 2950 3208 3021 iv,7);
3262 2951 3456 3005 etenim

1889 3041 2175 3099 Abscondes
2201 3055 2285 3094 eos
2309 3082 2324 3105 ,
2351 3040 2556 3110 inquit,
2587 3041 2641 3095 in
2668 3040 2955 3095 abscondito
2982 3041 3244 3115 vultugtui
3269 3040 3288 3114 (
3316 3040 3458 3096 Psal.

1891 3145 1994 3189 xxx
2022 3172 2037 3197 ,
2061 3130 2125 3184 2t
2154 3128 2195 3199 ).
2229 3129 2518 3184 Laetabitur
2562 3145 2689 3201 ergo
2733 3138 2788 3185 et
2829 3130 3110 3186 exsultabit
3154 3131 3204 3184 in
3251 3139 3302 3184 te
3324 3171 3341 3197 ,
3368 3131 3460 3201 qui

1891 3230 2072 3278 narrat
2113 3222 2287 3277 omnia
2333 3222 2591 3276 mirabilia
2641 3232 2747 3275 tua.
2786 3221 3036 3277 Narrabit
3079 3232 3254 3276 autem
3285 3224 3461 3278 omnia

1892 3315 2152 3371 mirabilia
2182 3325 2266 3370 tua
2293 3356 2307 3378 ,
2336 3315 2595 3385 siquidem
2624 3329 2764 3369 nunc
2791 3330 2885 3385 per
2910 3315 3237 3385 prophetiam
3260 3314 3460 3371 dictum

1894 3415 1977 3460 est
2002 3405 2041 3469 ³,
2088 3406 2177 3460 ille
2211 3406 2299 3475 qui
2349 3421 2452 3458 non
2501 3404 2645 3458 venit
2685 3404 3009 3459 voluntatem
3053 3419 3201 3458 suam
3247 3404 3461 3469 lacere.

1893 3497 1988 3549 sed
2016 3496 2337 3549 voluntatem
2365 3495 2481 3564 ejus
2509 3495 2598 3565 qui
2630 3509 2749 3549 cum
2781 3494 2921 3548 misit
2949 3492 3142 3567 (Joan.
3173 3509 3224 3548 vt
3249 3536 3262 3558 ,
3290 3495 3359 3550 58
3381 3495 3421 3564 ).

1966 3588 2020 3641 ὁ.
2060 3583 2227 3657 (vers.
2258 3582 2354 3657 4.]
2383 3585 2497 3639 iam
2537 3584 2677 3639 enim
2722 3584 2904 3654 incipit
2939 3599 3193 3654 apparere
3237 3598 3462 3652 persona

1899 3675 2104 3731 Domini
2134 3676 2186 3729 in
2217 3675 2317 3729 hoc
2344 3674 2548 3745 psalmo
2579 3674 2818 3744 loquens.
2846 3672 2977 3728 Nam
3003 3673 3276 3743 sequitur:
3305 3671 3462 3726 Psal—

1894 3767 2002 3819 lam
2023 3766 2212 3820 nomini
2253 3778 2338 3820 tuo
2362 3808 2377 3833 ,
2419 3766 2669 3819 Altissime
2691 3806 2706 3828 ,
2750 3765 2805 3818 in
2842 3762 3168 3817 convertenda
3205 3762 3463 3815 inimicum

1896 3873 2059 3912 inemo
2084 3866 2381 3909 retrorsum.
2414 3854 2579 3923 Hujus
2616 3868 2744 3922 ergo
2787 3852 3033 3906 inimicus
3068 3850 3280 3921 quando
3320 3859 3466 3907 retro

1892 3958 2183 4001 conversus
2210 3943 2334 3999 est?
2363 3946 2442 3998 An
2474 3943 2683 4013 quando
2711 3942 2761 3998 ei
2787 3942 2984 3997 dictum
3010 3952 3092 3998 est
3116 3960 3129 3997 :
3156 3940 3287 3996 Redi
3304 3950 3465 3998 retro.

1893 4039 2117 4093 Satanas
2146 4035 2376 4111 (Matth.
2405 4050 2483 4102 iv,
2516 4034 2581 4089 l0
2601 4035 2649 4105 )?
2679 4044 2803 4089 tunc
2835 4033 2975 4089 enim
3006 4033 3093 4106 qui
3124 4032 3375 4089 tentando
3402 4050 3463 4091 se

1895 4142 2205 4200 [imponere
2226 4126 2474 4197 cupiebat
2498 4135 2643 4181 retro
2672 4125 2838 4179 factus
2861 4134 2943 4180 est
2971 4166 2984 4187 .
3016 4141 3123 4180 non
3154 4124 3467 4196 decipiendo

1899 4231 2155 4275 tentatum
2184 4228 2238 4274 et
2264 4219 2317 4273 in
2340 4233 2465 4273 eum
2498 4216 2632 4295 nihil
2670 4215 2913 4271 valendo.
2955 4215 3120 4271 Retro
3160 4217 3300 4271 enim
3343 4225 3471 4271 sunt

1899 4316 2093 4373 terreni
2121 4315 2400 4378 homines;
2430 4310 2660 4369 cmlcsﬁs
2702 4318 2878 4366 autem
2928 4310 3087 4365 homo
3118 4310 3260 4378 prior
3298 4308 3471 4363 lactus

1899 4421 1976 4464 est
2005 4452 2018 4475 ,
2047 4408 2287 4480 quamvis
2338 4416 2456 4477 post
2494 4405 2739 4461 venerit:
2787 4384 3001 4475 primus.
3021 4404 3162 4460 enim
3207 4404 3366 4457 homo
3400 4400 3469 4457 de

1903 4516 2038 4559 terra
2067 4514 2345 4567 terrenus;
2374 4494 2639 4557 secundus
2669 4499 2829 4553 homo
2868 4497 2937 4553 de
2971 4497 3109 4553 caelo
3152 4494 3381 4551 caelestis
3410 4493 3471 4561 (ἰ

1902 4596 2018 4663 Cor.
2049 4610 2141 4660 xv,
2170 4594 2299 4665 47).
2338 4592 2443 4649 Sed
2484 4592 2552 4648 de
2599 4593 2710 4662 ipsa
2755 4595 2922 4661 stirpe
2962 4590 3242 4654 veniebat,
3288 4603 3317 4641 a
3364 4604 3471 4657 quo

1903 4688 2099 4742 dictum
2127 4694 2246 4740 est:
2280 4684 2380 4752 Qui
2418 4694 2527 4755 post
2574 4700 2653 4737 me
2695 4674 2862 4747 venit,
2916 4690 3032 4734 ante
3076 4696 3155 4733 me
3200 4683 3363 4751 factus
3404 4687 3476 4732 est

1907 4777 1926 4844 (
1945 4776 2101 4831 Joan.
2128 4792 2144 4831 ι
2167 4819 2185 4843 ,
2214 4776 2282 4831 15
2302 4774 2343 4847 ).
2374 4774 2443 4829 Et
2468 4773 2752 4843 Apostolus
2776 4787 2839 4827 ea
2868 4785 2985 4841 qua:
3012 4776 3157 4825 retro
3182 4780 3304 4823 sunt
3332 4768 3473 4823 obli-

1907 4872 2123 4926 \‘iscitur
2149 4911 2164 4935 ,
2189 4879 2241 4924 et
2267 4870 2317 4923 in
2350 4883 2411 4923 ea
2438 4884 2556 4937 qua:
2581 4875 2704 4920 ante
2732 4874 2854 4919 sunt
2880 4878 2938 4918 se
2963 4861 3200 4917 extendit
3233 4861 3472 4933 (Philip.

1908 4980 1963 5021 ut
1989 5006 2002 5027 .
2031 4964 2099 5018 15
2124 4969 2160 5026 ι.
2190 4964 2487 5017 Conversus
2512 4970 2595 5015 est
2633 4959 2790 5028 igitur
2826 4956 3072 5012 inimicus
3115 4965 3259 5011 retro
3283 4997 3297 5019 ,
3330 4966 3478 5025 post-

1909 5069 2066 5127 quam
2098 5068 2200 5107 non
2227 5053 2390 5106 valuit
2420 5050 2684 5106 hominem
2724 5047 2996 5103 cmlestem
3025 5046 3272 5117 decipere
3310 5056 3480 5103 tenta-

1911 5157 2020 5201 tum
2045 5186 2061 5210 ,
2088 5154 2140 5198 et
2163 5158 2221 5197 se
2244 5142 2308 5196 ad
2336 5151 2577 5196 terrenos
2600 5138 2860 5193 convertit
2884 5138 2971 5193 ubi
2996 5137 3257 5193 dominari
3282 5147 3480 5209 potest.

1911 5237 2244 5306 Quapropter
2271 5232 2448 5286 nullus
2473 5230 2744 5285 hominum
2781 5245 2900 5285 eum
2943 5229 3196 5301 praecedit
3240 5238 3295 5284 et
3334 5238 3478 5284 retro

1914 5342 2034 5383 eum
2066 5340 2186 5380 esse
2214 5322 2374 5389 facit,
2406 5322 2505 5377 nisi
2534 5320 2623 5392 qui
2652 5320 2923 5390 deponens
2959 5321 3238 5389 imaginem
3285 5320 3479 5377 terreni

1916 5417 2144 5473 hominis
2163 5414 2446 5487 portaverit
2462 5414 2741 5483 imaginem
2762 5412 3036 5481 emlestis(
3063 5409 3212 5465 lCor.
3237 5425 3326 5476 xv,
3351 5411 3421 5467 49
3439 5412 3479 5483 ).

1912 5510 2029 5567 1am
2058 5524 2184 5566 vero
2212 5510 2257 5565 si
2286 5499 2427 5578 Quod
2451 5506 2645 5562 dictum
2671 5514 2753 5562 est
2777 5546 2791 5570 ,
2819 5505 3076 5559 inimicum
3096 5519 3261 5556 meum
3280 5542 3295 5567 ,
3322 5514 3483 5570 δεηθ-

1916 5604 2097 5659 raliter
2120 5600 2205 5657 vel
2248 5609 2579 5671 peecatorem
2618 5598 2703 5653 vel
2744 5596 2993 5668 gentilem
3024 5594 3292 5649 hominem
3320 5590 3483 5660 magis

1981 5805 1999 5837 ¹
2025 5802 2160 5865 aliti,
2186 5800 2343 5855 dictus
2359 5805 2428 5854 est
2450 5798 2531 5853 ille
2547 5796 2648 5863 qui,
2669 5805 2764 5852 etc.
2789 5805 2916 5860 Mss,
2946 5796 3128 5847 dictum
3149 5799 3236 5845 est.
