  <div class='ocr_page' id='page_1' title='image "/cluster/home/n/w/nwhite01/storage/ocr_20150623/36/hvd.32044096580584/067.png"; bbox 0 0 4046 6200; ppageno 0'>
   <div class='ocr_carea' id='block_1_1' title="bbox 453 285 552 342">
    <p class='ocr_par' dir='ltr' id='par_1_1' title="bbox 453 285 552 342">
     <span class='ocr_line' id='line_1_1' title="bbox 453 285 552 342; baseline 0 -1"><span class='ocrx_word' id='word_1_1' title='bbox 453 285 552 342; x_wconf 70' lang='lat' dir='ltr'><strong>Illi</strong></span> 
     </span>
    </p>
   </div>
   <div class='ocr_carea' id='block_1_2' title="bbox 452 387 2015 465">
    <p class='ocr_par' dir='ltr' id='par_1_2' title="bbox 452 387 2015 465">
     <span class='ocr_line' id='line_1_2' title="bbox 452 387 2015 465; baseline -0.008 -14"><span class='ocrx_word' id='word_1_2' title='bbox 452 399 674 454; x_wconf 75' lang='lat' dir='ltr'><strong>velimus</strong></span> <span class='ocrx_word' id='word_1_3' title='bbox 697 394 936 465; x_wconf 86' lang='lat' dir='ltr'><strong>accipere</strong></span> <span class='ocrx_word' id='word_1_4' title='bbox 956 435 972 461; x_wconf 96' lang='lat'><strong>,</strong></span> <span class='ocrx_word' id='word_1_5' title='bbox 1005 407 1112 449; x_wconf 90' lang='lat' dir='ltr'><strong>non</strong></span> <span class='ocrx_word' id='word_1_6' title='bbox 1139 392 1241 450; x_wconf 89' lang='lat' dir='ltr'><strong>erit</strong></span> <span class='ocrx_word' id='word_1_7' title='bbox 1263 388 1568 449; x_wconf 87' lang='lat' dir='ltr'><strong>absurdum.</strong></span> <span class='ocrx_word' id='word_1_8' title='bbox 1598 390 1707 447; x_wconf 85' lang='lat' dir='ltr'><strong>Nec</strong></span> <span class='ocrx_word' id='word_1_9' title='bbox 1731 404 1886 459; x_wconf 72' lang='lat' dir='ltr'><strong>pmna</strong></span> <span class='ocrx_word' id='word_1_10' title='bbox 1914 387 2015 443; x_wconf 89' lang='lat' dir='ltr'><strong>erit</strong></span> 
     </span>
    </p>
   </div>
   <div class='ocr_carea' id='block_1_3' title="bbox 453 482 2015 563">
    <p class='ocr_par' dir='ltr' id='par_1_3' title="bbox 453 482 2015 563">
     <span class='ocr_line' id='line_1_3' title="bbox 453 482 2015 563; baseline -0.004 -22"><span class='ocrx_word' id='word_1_11' title='bbox 453 487 592 560; x_wconf 90' lang='lat' dir='ltr'><strong>quod</strong></span> <span class='ocrx_word' id='word_1_12' title='bbox 607 487 803 544; x_wconf 86' lang='lat' dir='ltr'><strong>dictum</strong></span> <span class='ocrx_word' id='word_1_13' title='bbox 825 493 905 541; x_wconf 90' lang='lat' dir='ltr'><strong>est</strong></span> <span class='ocrx_word' id='word_1_14' title='bbox 919 527 934 551; x_wconf 90' lang='lat'><strong>,</strong></span> <span class='ocrx_word' id='word_1_15' title='bbox 950 483 1016 538; x_wconf 85' lang='grc' dir='ltr'><strong>ιη</strong></span> <span class='ocrx_word' id='word_1_16' title='bbox 1037 484 1362 563; x_wconf 78' lang='lat' dir='ltr'><strong>conuertenda</strong></span> <span class='ocrx_word' id='word_1_17' title='bbox 1377 482 1636 538; x_wconf 80' lang='lat' dir='ltr'><strong>inimicum</strong></span> <span class='ocrx_word' id='word_1_18' title='bbox 1651 498 1815 535; x_wconf 85' lang='lat' dir='ltr'><strong>meum</strong></span> <span class='ocrx_word' id='word_1_19' title='bbox 1834 492 2015 535; x_wconf 88' lang='lat' dir='ltr'><strong>retror-</strong></span> 
     </span>
    </p>
   </div>
   <div class='ocr_carea' id='block_1_4' title="bbox 453 571 2020 645">
    <p class='ocr_par' dir='ltr' id='par_1_4' title="bbox 453 571 2020 645">
     <span class='ocr_line' id='line_1_4' title="bbox 453 571 2020 645; baseline -0.005 -11"><span class='ocrx_word' id='word_1_20' title='bbox 453 597 604 645; x_wconf 81' lang='lat' dir='ltr'><strong>sum;</strong></span> <span class='ocrx_word' id='word_1_21' title='bbox 630 577 723 634; x_wconf 84' lang='lat' dir='ltr'><strong>sed</strong></span> <span class='ocrx_word' id='word_1_22' title='bbox 759 574 1071 632; x_wconf 88' lang='lat' dir='ltr'><strong>beneficium</strong></span> <span class='ocrx_word' id='word_1_23' title='bbox 1096 616 1113 641; x_wconf 95' lang='lat'><strong>,</strong></span> <span class='ocrx_word' id='word_1_24' title='bbox 1156 583 1212 629; x_wconf 90' lang='lat' dir='ltr'><strong>et</strong></span> <span class='ocrx_word' id='word_1_25' title='bbox 1255 574 1358 629; x_wconf 90' lang='lat' dir='ltr'><strong>tale</strong></span> <span class='ocrx_word' id='word_1_26' title='bbox 1404 572 1715 628; x_wconf 83' lang='lat' dir='ltr'><strong>bcneflcium</strong></span> <span class='ocrx_word' id='word_1_27' title='bbox 1741 613 1754 637; x_wconf 95' lang='lat'><strong>,</strong></span> <span class='ocrx_word' id='word_1_28' title='bbox 1799 582 1856 626; x_wconf 93' lang='lat' dir='ltr'><strong>ut</strong></span> <span class='ocrx_word' id='word_1_29' title='bbox 1897 571 2020 626; x_wconf 87' lang='lat' dir='ltr'><strong>huic</strong></span> 
     </span>
    </p>
   </div>
   <div class='ocr_carea' id='block_1_5' title="bbox 454 661 2017 739">
    <p class='ocr_par' dir='ltr' id='par_1_5' title="bbox 454 661 2017 739">
     <span class='ocr_line' id='line_1_5' title="bbox 454 661 2017 739; baseline -0.006 -14"><span class='ocrx_word' id='word_1_30' title='bbox 454 669 749 739; x_wconf 83' lang='lat' dir='ltr'><strong>comparari</strong></span> <span class='ocrx_word' id='word_1_31' title='bbox 776 666 907 722; x_wconf 86' lang='lat' dir='ltr'><strong>nihil</strong></span> <span class='ocrx_word' id='word_1_32' title='bbox 935 666 1119 736; x_wconf 91' lang='lat' dir='ltr'><strong>possit.</strong></span> <span class='ocrx_word' id='word_1_33' title='bbox 1150 665 1287 733; x_wconf 86' lang='lat' dir='ltr'><strong>Quid</strong></span> <span class='ocrx_word' id='word_1_34' title='bbox 1313 663 1452 719; x_wconf 88' lang='lat' dir='ltr'><strong>enim</strong></span> <span class='ocrx_word' id='word_1_35' title='bbox 1492 664 1695 717; x_wconf 89' lang='lat' dir='ltr'><strong>beatius</strong></span> <span class='ocrx_word' id='word_1_36' title='bbox 1738 677 1894 732; x_wconf 89' lang='lat' dir='ltr'><strong>quam</strong></span> <span class='ocrx_word' id='word_1_37' title='bbox 1923 661 2017 716; x_wconf 88' lang='lat' dir='ltr'><strong>de-</strong></span> 
     </span>
    </p>
   </div>
   <div class='ocr_carea' id='block_1_6' title="bbox 460 753 2013 828">
    <p class='ocr_par' dir='ltr' id='par_1_6' title="bbox 460 753 2013 828">
     <span class='ocr_line' id='line_1_6' title="bbox 460 753 2013 828; baseline -0.005 -14"><span class='ocrx_word' id='word_1_38' title='bbox 460 774 654 828; x_wconf 93' lang='lat' dir='ltr'><strong>ponere</strong></span> <span class='ocrx_word' id='word_1_39' title='bbox 681 758 979 828; x_wconf 79' lang='lat' dir='ltr'><strong>superbiam</strong></span> <span class='ocrx_word' id='word_1_40' title='bbox 1008 798 1023 823; x_wconf 92' lang='lat'><strong>,</strong></span> <span class='ocrx_word' id='word_1_41' title='bbox 1048 767 1099 812; x_wconf 91' lang='lat' dir='ltr'><strong>et</strong></span> <span class='ocrx_word' id='word_1_42' title='bbox 1123 770 1228 811; x_wconf 94' lang='lat' dir='ltr'><strong>non</strong></span> <span class='ocrx_word' id='word_1_43' title='bbox 1253 755 1390 809; x_wconf 83' lang='lat' dir='ltr'><strong>velle</strong></span> <span class='ocrx_word' id='word_1_44' title='bbox 1407 754 1674 809; x_wconf 77' lang='lat' dir='ltr'><strong>Christum</strong></span> <span class='ocrx_word' id='word_1_45' title='bbox 1697 753 2013 824; x_wconf 63' lang='lat' dir='ltr'><strong>praecedere,</strong></span> 
     </span>
    </p>
   </div>
   <div class='ocr_carea' id='block_1_7' title="bbox 457 847 2017 911">
    <p class='ocr_par' dir='ltr' id='par_1_7' title="bbox 457 847 2017 911">
     <span class='ocr_line' id='line_1_7' title="bbox 457 847 2017 911; baseline -0.003 -6"><span class='ocrx_word' id='word_1_46' title='bbox 457 851 619 907; x_wconf 82' lang='lat' dir='ltr'><strong>veluti</strong></span> <span class='ocrx_word' id='word_1_47' title='bbox 643 867 804 907; x_wconf 89' lang='lat' dir='ltr'><strong>sanus</strong></span> <span class='ocrx_word' id='word_1_48' title='bbox 830 852 897 907; x_wconf 90' lang='lat' dir='ltr'><strong>sit</strong></span> <span class='ocrx_word' id='word_1_49' title='bbox 921 851 1003 906; x_wconf 90' lang='lat' dir='ltr'><strong>cui</strong></span> <span class='ocrx_word' id='word_1_50' title='bbox 1033 850 1271 905; x_wconf 88' lang='lat' dir='ltr'><strong>medicus</strong></span> <span class='ocrx_word' id='word_1_51' title='bbox 1298 864 1402 904; x_wconf 91' lang='lat' dir='ltr'><strong>non</strong></span> <span class='ocrx_word' id='word_1_52' title='bbox 1430 849 1499 903; x_wconf 93' lang='lat' dir='ltr'><strong>sit</strong></span> <span class='ocrx_word' id='word_1_53' title='bbox 1524 848 1892 911; x_wconf 89' lang='lat' dir='ltr'><strong>necessarius;</strong></span> <span class='ocrx_word' id='word_1_54' title='bbox 1923 847 2017 902; x_wconf 87' lang='lat' dir='ltr'><strong>sed</strong></span> 
     </span>
    </p>
   </div>
   <div class='ocr_carea' id='block_1_8' title="bbox 461 939 2020 1012">
    <p class='ocr_par' dir='ltr' id='par_1_8' title="bbox 461 939 2020 1012">
     <span class='ocr_line' id='line_1_8' title="bbox 461 939 2020 1012; baseline -0.003 -14"><span class='ocrx_word' id='word_1_55' title='bbox 461 943 619 999; x_wconf 88' lang='lat' dir='ltr'><strong>malle</strong></span> <span class='ocrx_word' id='word_1_56' title='bbox 646 953 788 998; x_wconf 89' lang='lat' dir='ltr'><strong>retro</strong></span> <span class='ocrx_word' id='word_1_57' title='bbox 811 943 888 998; x_wconf 89' lang='lat' dir='ltr'><strong>ire</strong></span> <span class='ocrx_word' id='word_1_58' title='bbox 909 947 1025 1012; x_wconf 90' lang='lat' dir='ltr'><strong>post</strong></span> <span class='ocrx_word' id='word_1_59' title='bbox 1046 942 1314 995; x_wconf 75' lang='lat' dir='ltr'><strong>Christum</strong></span> <span class='ocrx_word' id='word_1_60' title='bbox 1336 981 1352 1007; x_wconf 95' lang='lat'><strong>,</strong></span> <span class='ocrx_word' id='word_1_61' title='bbox 1372 940 1462 1012; x_wconf 85' lang='lat' dir='ltr'><strong>qui</strong></span> <span class='ocrx_word' id='word_1_62' title='bbox 1486 939 1798 1009; x_wconf 91' lang='lat' dir='ltr'><strong>discipulum</strong></span> <span class='ocrx_word' id='word_1_63' title='bbox 1824 953 2020 993; x_wconf 91' lang='lat' dir='ltr'><strong>vocans</strong></span> 
     </span>
    </p>
   </div>
   <div class='ocr_carea' id='block_1_9' title="bbox 451 1031 2021 1106">
    <p class='ocr_par' dir='ltr' id='par_1_9' title="bbox 451 1031 2021 1106">
     <span class='ocr_line' id='line_1_9' title="bbox 451 1031 2021 1106; baseline -0.003 -16"><span class='ocrx_word' id='word_1_64' title='bbox 451 1049 510 1090; x_wconf 90' lang='lat' dir='ltr'><strong>ut</strong></span> <span class='ocrx_word' id='word_1_65' title='bbox 543 1037 844 1106; x_wconf 88' lang='lat' dir='ltr'><strong>perficiatur</strong></span> <span class='ocrx_word' id='word_1_66' title='bbox 872 1077 885 1099; x_wconf 93' lang='lat'><strong>,</strong></span> <span class='ocrx_word' id='word_1_67' title='bbox 913 1035 1041 1089; x_wconf 82' lang='lat' dir='ltr'><strong>dicit</strong></span> <span class='ocrx_word' id='word_1_68' title='bbox 1067 1050 1077 1083; x_wconf 92' lang='lat'><strong>:</strong></span> <span class='ocrx_word' id='word_1_69' title='bbox 1110 1033 1329 1104; x_wconf 79' lang='lat' dir='ltr'><strong>Sequere</strong></span> <span class='ocrx_word' id='word_1_70' title='bbox 1346 1050 1425 1088; x_wconf 90' lang='lat' dir='ltr'><strong>me</strong></span> <span class='ocrx_word' id='word_1_71' title='bbox 1449 1034 1467 1104; x_wconf 94' lang='lat'><strong>(</strong></span> <span class='ocrx_word' id='word_1_72' title='bbox 1494 1033 1677 1087; x_wconf 75' lang='lat' dir='ltr'><strong>Matth.</strong></span> <span class='ocrx_word' id='word_1_73' title='bbox 1707 1048 1795 1087; x_wconf 72' lang='lat' dir='ltr'><strong>XIX</strong></span> <span class='ocrx_word' id='word_1_74' title='bbox 1818 1073 1834 1098; x_wconf 93' lang='lat'><strong>,</strong></span> <span class='ocrx_word' id='word_1_75' title='bbox 1864 1032 1925 1086; x_wconf 76' lang='lat'><strong>2|</strong></span> <span class='ocrx_word' id='word_1_76' title='bbox 1956 1031 2021 1101; x_wconf 87' lang='lat'><strong>)?</strong></span> 
     </span>
    </p>
   </div>
   <div class='ocr_carea' id='block_1_10' title="bbox 451 1127 2021 1185">
    <p class='ocr_par' dir='ltr' id='par_1_10' title="bbox 451 1127 2021 1185">
     <span class='ocr_line' id='line_1_10' title="bbox 451 1127 2021 1185; baseline -0.003 -1"><span class='ocrx_word' id='word_1_77' title='bbox 451 1129 557 1185; x_wconf 84' lang='lat' dir='ltr'><strong>Sed</strong></span> <span class='ocrx_word' id='word_1_78' title='bbox 584 1138 759 1184; x_wconf 85' lang='lat' dir='ltr'><strong>tamen</strong></span> <span class='ocrx_word' id='word_1_79' title='bbox 785 1127 1229 1183; x_wconf 82' lang='lat' dir='ltr'><strong>accommodatius</strong></span> <span class='ocrx_word' id='word_1_80' title='bbox 1252 1128 1319 1183; x_wconf 91' lang='lat' dir='ltr'><strong>de</strong></span> <span class='ocrx_word' id='word_1_81' title='bbox 1349 1127 1559 1182; x_wconf 83' lang='lat' dir='ltr'><strong>diabolo</strong></span> <span class='ocrx_word' id='word_1_82' title='bbox 1584 1127 1780 1183; x_wconf 91' lang='lat' dir='ltr'><strong>dictum</strong></span> <span class='ocrx_word' id='word_1_83' title='bbox 1824 1127 2021 1181; x_wconf 90' lang='lat' dir='ltr'><strong>intelli-</strong></span> 
     </span>
    </p>
   </div>
   <div class='ocr_carea' id='block_1_11' title="bbox 451 1218 2018 1289">
    <p class='ocr_par' dir='ltr' id='par_1_11' title="bbox 451 1218 2018 1289">
     <span class='ocr_line' id='line_1_11' title="bbox 451 1218 2018 1289; baseline 0 -16"><span class='ocrx_word' id='word_1_84' title='bbox 451 1222 590 1289; x_wconf 73' lang='lat' dir='ltr'><strong>gitur</strong></span> <span class='ocrx_word' id='word_1_85' title='bbox 618 1238 632 1274; x_wconf 89' lang='lat'><strong><em>:</em></strong></span> <span class='ocrx_word' id='word_1_86' title='bbox 664 1218 733 1275; x_wconf 87' lang='lat' dir='ltr'><strong>In</strong></span> <span class='ocrx_word' id='word_1_87' title='bbox 758 1219 1084 1275; x_wconf 83' lang='lat' dir='ltr'><strong>convertenda</strong></span> <span class='ocrx_word' id='word_1_88' title='bbox 1112 1219 1368 1273; x_wconf 85' lang='lat' dir='ltr'><strong>inimicum</strong></span> <span class='ocrx_word' id='word_1_89' title='bbox 1394 1235 1557 1273; x_wconf 86' lang='lat' dir='ltr'><strong>meum</strong></span> <span class='ocrx_word' id='word_1_90' title='bbox 1581 1228 1870 1273; x_wconf 71' lang='lat' dir='ltr'><strong>retrorsum.</strong></span> <span class='ocrx_word' id='word_1_91' title='bbox 1899 1219 2018 1273; x_wconf 90' lang='lat' dir='ltr'><strong>Dia-</strong></span> 
     </span>
    </p>
   </div>
   <div class='ocr_carea' id='block_1_12' title="bbox 451 1310 2022 1382">
    <p class='ocr_par' dir='ltr' id='par_1_12' title="bbox 451 1310 2022 1382">
     <span class='ocr_line' id='line_1_12' title="bbox 451 1310 2022 1382; baseline -0.001 -17"><span class='ocrx_word' id='word_1_92' title='bbox 451 1311 605 1366; x_wconf 91' lang='lat' dir='ltr'><strong>bolus</strong></span> <span class='ocrx_word' id='word_1_93' title='bbox 629 1311 819 1382; x_wconf 88' lang='lat' dir='ltr'><strong>quippe</strong></span> <span class='ocrx_word' id='word_1_94' title='bbox 847 1322 1136 1365; x_wconf 83' lang='lat' dir='ltr'><strong>retrorsum</strong></span> <span class='ocrx_word' id='word_1_95' title='bbox 1165 1325 1451 1365; x_wconf 88' lang='lat' dir='ltr'><strong>conversus</strong></span> <span class='ocrx_word' id='word_1_96' title='bbox 1471 1319 1552 1365; x_wconf 87' lang='lat' dir='ltr'><strong>est</strong></span> <span class='ocrx_word' id='word_1_97' title='bbox 1576 1311 1732 1365; x_wconf 91' lang='lat' dir='ltr'><strong>etiam</strong></span> <span class='ocrx_word' id='word_1_98' title='bbox 1760 1310 1811 1363; x_wconf 93' lang='lat' dir='ltr'><strong>in</strong></span> <span class='ocrx_word' id='word_1_99' title='bbox 1842 1324 2022 1378; x_wconf 87' lang='lat' dir='ltr'><strong>perse—</strong></span> 
     </span>
    </p>
   </div>
   <div class='ocr_carea' id='block_1_13' title="bbox 451 1401 2014 1471">
    <p class='ocr_par' dir='ltr' id='par_1_13' title="bbox 451 1401 2014 1471">
     <span class='ocr_line' id='line_1_13' title="bbox 451 1401 2014 1471; baseline 0.001 -16"><span class='ocrx_word' id='word_1_100' title='bbox 451 1402 664 1457; x_wconf 90' lang='lat' dir='ltr'><strong>cutione</strong></span> <span class='ocrx_word' id='word_1_101' title='bbox 695 1401 954 1471; x_wconf 75' lang='lat' dir='ltr'><strong>iustorum</strong></span> <span class='ocrx_word' id='word_1_102' title='bbox 979 1443 995 1467; x_wconf 95' lang='lat'><strong>,</strong></span> <span class='ocrx_word' id='word_1_103' title='bbox 1044 1410 1098 1457; x_wconf 91' lang='lat' dir='ltr'><strong>et</strong></span> <span class='ocrx_word' id='word_1_104' title='bbox 1140 1402 1307 1456; x_wconf 91' lang='lat' dir='ltr'><strong>multo</strong></span> <span class='ocrx_word' id='word_1_105' title='bbox 1351 1401 1527 1456; x_wconf 88' lang='lat' dir='ltr'><strong>utilius</strong></span> <span class='ocrx_word' id='word_1_106' title='bbox 1572 1410 1875 1469; x_wconf 85' lang='lat' dir='ltr'><strong>persecutor</strong></span> <span class='ocrx_word' id='word_1_107' title='bbox 1899 1411 2014 1467; x_wconf 91' lang='lat' dir='ltr'><strong>est,</strong></span> 
     </span>
    </p>
   </div>
   <div class='ocr_carea' id='block_1_14' title="bbox 452 1491 2022 1564">
    <p class='ocr_par' dir='ltr' id='par_1_14' title="bbox 452 1491 2022 1564">
     <span class='ocr_line' id='line_1_14' title="bbox 452 1491 2022 1564; baseline 0.002 -18"><span class='ocrx_word' id='word_1_108' title='bbox 452 1508 610 1563; x_wconf 90' lang='lat' dir='ltr'><strong>quam</strong></span> <span class='ocrx_word' id='word_1_109' title='bbox 640 1491 684 1548; x_wconf 91' lang='lat' dir='ltr'><strong>si</strong></span> <span class='ocrx_word' id='word_1_110' title='bbox 714 1492 820 1548; x_wconf 81' lang='lat' dir='ltr'><strong>dux</strong></span> <span class='ocrx_word' id='word_1_111' title='bbox 848 1502 902 1548; x_wconf 90' lang='lat' dir='ltr'><strong>et</strong></span> <span class='ocrx_word' id='word_1_112' title='bbox 930 1494 1170 1562; x_wconf 87' lang='lat' dir='ltr'><strong>princeps</strong></span> <span class='ocrx_word' id='word_1_113' title='bbox 1197 1493 1426 1563; x_wconf 65' lang='lat' dir='ltr'><strong>praeiret.</strong></span> <span class='ocrx_word' id='word_1_114' title='bbox 1458 1492 1792 1549; x_wconf 85' lang='lat' dir='ltr'><strong>Psallendum</strong></span> <span class='ocrx_word' id='word_1_115' title='bbox 1821 1503 1902 1549; x_wconf 91' lang='lat' dir='ltr'><strong>est</strong></span> <span class='ocrx_word' id='word_1_116' title='bbox 1927 1494 2022 1564; x_wconf 81' lang='lat' dir='ltr'><strong>igi-</strong></span> 
     </span>
    </p>
   </div>
   <div class='ocr_carea' id='block_1_15' title="bbox 454 1585 2020 1642">
    <p class='ocr_par' dir='ltr' id='par_1_15' title="bbox 454 1585 2020 1642">
     <span class='ocr_line' id='line_1_15' title="bbox 454 1585 2020 1642; baseline 0.001 -4"><span class='ocrx_word' id='word_1_117' title='bbox 454 1596 539 1640; x_wconf 87' lang='lat' dir='ltr'><strong>tur</strong></span> <span class='ocrx_word' id='word_1_118' title='bbox 569 1586 766 1640; x_wconf 89' lang='lat' dir='ltr'><strong>nomini</strong></span> <span class='ocrx_word' id='word_1_119' title='bbox 798 1585 1055 1641; x_wconf 85' lang='lat' dir='ltr'><strong>Altissimi</strong></span> <span class='ocrx_word' id='word_1_120' title='bbox 1080 1586 1130 1639; x_wconf 90' lang='lat' dir='ltr'><strong>in</strong></span> <span class='ocrx_word' id='word_1_121' title='bbox 1151 1585 1505 1641; x_wconf 88' lang='lat' dir='ltr'><strong>convertendo</strong></span> <span class='ocrx_word' id='word_1_122' title='bbox 1525 1586 1791 1640; x_wconf 91' lang='lat' dir='ltr'><strong>inimicum</strong></span> <span class='ocrx_word' id='word_1_123' title='bbox 1820 1595 2020 1642; x_wconf 75' lang='lat' dir='ltr'><strong>retror—</strong></span> 
     </span>
    </p>
   </div>
   <div class='ocr_carea' id='block_1_16' title="bbox 452 1674 2022 1746">
    <p class='ocr_par' dir='ltr' id='par_1_16' title="bbox 452 1674 2022 1746">
     <span class='ocr_line' id='line_1_16' title="bbox 452 1674 2022 1746; baseline 0.002 -19"><span class='ocrx_word' id='word_1_124' title='bbox 452 1690 610 1740; x_wconf 89' lang='lat' dir='ltr'><strong>sum;</strong></span> <span class='ocrx_word' id='word_1_125' title='bbox 658 1677 905 1745; x_wconf 89' lang='lat' dir='ltr'><strong>quoniam</strong></span> <span class='ocrx_word' id='word_1_126' title='bbox 957 1675 1113 1730; x_wconf 88' lang='lat' dir='ltr'><strong>malle</strong></span> <span class='ocrx_word' id='word_1_127' title='bbox 1155 1674 1408 1731; x_wconf 85' lang='lat' dir='ltr'><strong>debemus</strong></span> <span class='ocrx_word' id='word_1_128' title='bbox 1453 1690 1574 1731; x_wconf 91' lang='lat' dir='ltr'><strong>eum</strong></span> <span class='ocrx_word' id='word_1_129' title='bbox 1621 1684 2022 1746; x_wconf 87' lang='lat' dir='ltr'><strong>persequentem</strong></span> 
     </span>
    </p>
   </div>
   <div class='ocr_carea' id='block_1_17' title="bbox 454 1766 2026 1837">
    <p class='ocr_par' dir='ltr' id='par_1_17' title="bbox 454 1766 2026 1837">
     <span class='ocr_line' id='line_1_17' title="bbox 454 1766 2026 1837; baseline 0.003 -20"><span class='ocrx_word' id='word_1_130' title='bbox 454 1767 632 1834; x_wconf 88' lang='lat' dir='ltr'><strong>fugere</strong></span> <span class='ocrx_word' id='word_1_131' title='bbox 655 1806 670 1831; x_wconf 92' lang='lat'><strong>,</strong></span> <span class='ocrx_word' id='word_1_132' title='bbox 696 1781 854 1835; x_wconf 87' lang='lat' dir='ltr'><strong>quam</strong></span> <span class='ocrx_word' id='word_1_133' title='bbox 892 1766 1172 1821; x_wconf 87' lang='lat' dir='ltr'><strong>ducentem</strong></span> <span class='ocrx_word' id='word_1_134' title='bbox 1207 1766 1354 1836; x_wconf 85' lang='lat' dir='ltr'><strong>sequi</strong></span> <span class='ocrx_word' id='word_1_135' title='bbox 1388 1785 1400 1820; x_wconf 92' lang='lat'><strong>:</strong></span> <span class='ocrx_word' id='word_1_136' title='bbox 1443 1766 1695 1821; x_wconf 86' lang='lat' dir='ltr'><strong>habemus</strong></span> <span class='ocrx_word' id='word_1_137' title='bbox 1731 1769 1871 1822; x_wconf 92' lang='lat' dir='ltr'><strong>enim</strong></span> <span class='ocrx_word' id='word_1_138' title='bbox 1920 1783 2026 1837; x_wconf 92' lang='lat' dir='ltr'><strong>quo</strong></span> 
     </span>
    </p>
   </div>
   <div class='ocr_carea' id='block_1_18' title="bbox 455 1857 2025 1928">
    <p class='ocr_par' dir='ltr' id='par_1_18' title="bbox 455 1857 2025 1928">
     <span class='ocr_line' id='line_1_18' title="bbox 455 1857 2025 1928; baseline 0.003 -19"><span class='ocrx_word' id='word_1_139' title='bbox 455 1857 714 1926; x_wconf 78' lang='lat' dir='ltr'><strong>fugiamus</strong></span> <span class='ocrx_word' id='word_1_140' title='bbox 741 1866 795 1912; x_wconf 91' lang='lat' dir='ltr'><strong>et</strong></span> <span class='ocrx_word' id='word_1_141' title='bbox 818 1858 1205 1912; x_wconf 87' lang='lat' dir='ltr'><strong>abscondamur</strong></span> <span class='ocrx_word' id='word_1_142' title='bbox 1247 1858 1297 1912; x_wconf 90' lang='lat' dir='ltr'><strong>in</strong></span> <span class='ocrx_word' id='word_1_143' title='bbox 1336 1858 1555 1915; x_wconf 87' lang='lat' dir='ltr'><strong>occultis</strong></span> <span class='ocrx_word' id='word_1_144' title='bbox 1582 1858 1735 1919; x_wconf 83' lang='lat' dir='ltr'><strong>Filii.</strong></span> <span class='ocrx_word' id='word_1_145' title='bbox 1768 1859 1887 1928; x_wconf 90' lang='lat' dir='ltr'><strong>quia</strong></span> <span class='ocrx_word' id='word_1_146' title='bbox 1919 1858 2025 1913; x_wconf 83' lang='lat' dir='ltr'><strong>Do-</strong></span> 
     </span>
    </p>
   </div>
   <div class='ocr_carea' id='block_1_19' title="bbox 454 1948 2023 2021">
    <p class='ocr_par' dir='ltr' id='par_1_19' title="bbox 454 1948 2023 2021">
     <span class='ocr_line' id='line_1_19' title="bbox 454 1948 2023 2021; baseline 0 -18"><span class='ocrx_word' id='word_1_147' title='bbox 454 1948 631 2004; x_wconf 85' lang='lat' dir='ltr'><strong>minus</strong></span> <span class='ocrx_word' id='word_1_148' title='bbox 661 1948 830 2004; x_wconf 86' lang='lat' dir='ltr'><strong>factus</strong></span> <span class='ocrx_word' id='word_1_149' title='bbox 855 1961 936 2007; x_wconf 87' lang='lat' dir='ltr'><strong>est</strong></span> <span class='ocrx_word' id='word_1_150' title='bbox 966 1949 1222 2021; x_wconf 78' lang='lat' dir='ltr'><strong>refugium</strong></span> <span class='ocrx_word' id='word_1_151' title='bbox 1255 1951 1404 2005; x_wconf 89' lang='lat' dir='ltr'><strong>nobis</strong></span> <span class='ocrx_word' id='word_1_152' title='bbox 1439 1948 1622 2021; x_wconf 83' lang='lat' dir='ltr'><strong>(Psal.</strong></span> <span class='ocrx_word' id='word_1_153' title='bbox 1652 1966 1857 2006; x_wconf 78' lang='lat' dir='ltr'><strong>Lxmx</strong></span> <span class='ocrx_word' id='word_1_154' title='bbox 1883 1991 1898 2015; x_wconf 90' lang='lat'><strong>,</strong></span> <span class='ocrx_word' id='word_1_155' title='bbox 1928 1952 1950 2005; x_wconf 76' lang='lat' dir='ltr'><strong>l</strong></span> <span class='ocrx_word' id='word_1_156' title='bbox 1984 1951 2023 2021; x_wconf 94' lang='lat'><strong>).</strong></span> 
     </span>
    </p>
   </div>
   <div class='ocr_carea' id='block_1_20' title="bbox 524 2037 2023 2113">
    <p class='ocr_par' dir='ltr' id='par_1_20' title="bbox 524 2037 2023 2113">
     <span class='ocr_line' id='line_1_20' title="bbox 524 2037 2023 2113; baseline 0.002 -20"><span class='ocrx_word' id='word_1_157' title='bbox 524 2038 577 2093; x_wconf 88' lang='lat'><strong>5.</strong></span> <span class='ocrx_word' id='word_1_158' title='bbox 620 2037 641 2111; x_wconf 94' lang='lat'>[</span> <span class='ocrx_word' id='word_1_159' title='bbox 661 2056 786 2094; x_wconf 85' lang='lat' dir='ltr'><strong>vers.</strong></span> <span class='ocrx_word' id='word_1_160' title='bbox 818 2041 871 2095; x_wconf 82' lang='lat'><strong>5.</strong></span> <span class='ocrx_word' id='word_1_161' title='bbox 892 2038 915 2113; x_wconf 93' lang='lat'>]</span> <span class='ocrx_word' id='word_1_162' title='bbox 935 2040 1332 2109; x_wconf 85' lang='lat' dir='ltr'><strong>ln/irmabuntur</strong></span> <span class='ocrx_word' id='word_1_163' title='bbox 1354 2084 1370 2108; x_wconf 91' lang='lat'><strong>,</strong></span> <span class='ocrx_word' id='word_1_164' title='bbox 1393 2051 1440 2096; x_wconf 86' lang='lat' dir='ltr'><strong>et</strong></span> <span class='ocrx_word' id='word_1_165' title='bbox 1456 2042 1684 2110; x_wconf 84' lang='lat' dir='ltr'><strong>peribunt</strong></span> <span class='ocrx_word' id='word_1_166' title='bbox 1708 2059 1740 2095; x_wconf 93' lang='lat' dir='ltr'><strong>a</strong></span> <span class='ocrx_word' id='word_1_167' title='bbox 1768 2043 1899 2113; x_wconf 80' lang='lat' dir='ltr'><strong>facie</strong></span> <span class='ocrx_word' id='word_1_168' title='bbox 1919 2053 2023 2097; x_wconf 87' lang='lat' dir='ltr'><strong>tua.</strong></span> 
     </span>
    </p>
   </div>
   <div class='ocr_carea' id='block_1_21' title="bbox 453 2129 2027 2203">
    <p class='ocr_par' dir='ltr' id='par_1_21' title="bbox 453 2129 2027 2203">
     <span class='ocr_line' id='line_1_21' title="bbox 453 2129 2027 2203; baseline 0.004 -21"><span class='ocrx_word' id='word_1_169' title='bbox 453 2129 553 2196; x_wconf 92' lang='lat' dir='ltr'><strong>Qui</strong></span> <span class='ocrx_word' id='word_1_170' title='bbox 585 2130 987 2187; x_wconf 86' lang='lat' dir='ltr'><strong>infirmabuntur</strong></span> <span class='ocrx_word' id='word_1_171' title='bbox 1016 2141 1070 2187; x_wconf 93' lang='lat' dir='ltr'><strong>et</strong></span> <span class='ocrx_word' id='word_1_172' title='bbox 1095 2133 1373 2203; x_wconf 87' lang='lat' dir='ltr'><strong>peribunt,</strong></span> <span class='ocrx_word' id='word_1_173' title='bbox 1406 2132 1507 2187; x_wconf 91' lang='lat' dir='ltr'><strong>nisi</strong></span> <span class='ocrx_word' id='word_1_174' title='bbox 1542 2133 1704 2202; x_wconf 85' lang='lat' dir='ltr'><strong>iniqui</strong></span> <span class='ocrx_word' id='word_1_175' title='bbox 1747 2140 1801 2188; x_wconf 92' lang='lat' dir='ltr'><strong>et</strong></span> <span class='ocrx_word' id='word_1_176' title='bbox 1838 2134 2027 2203; x_wconf 82' lang='lat' dir='ltr'><strong>impii?</strong></span> 
     </span>
    </p>
   </div>
   <div class='ocr_carea' id='block_1_22' title="bbox 456 2220 2027 2295">
    <p class='ocr_par' dir='ltr' id='par_1_22' title="bbox 456 2220 2027 2295">
     <span class='ocr_line' id='line_1_22' title="bbox 456 2220 2027 2295; baseline 0.004 -22"><span class='ocrx_word' id='word_1_177' title='bbox 456 2220 857 2290; x_wconf 76' lang='lat' dir='ltr'><strong>lnﬁrmabuntur</strong></span> <span class='ocrx_word' id='word_1_178' title='bbox 878 2264 897 2289; x_wconf 92' lang='lat'><strong>,</strong></span> <span class='ocrx_word' id='word_1_179' title='bbox 923 2223 1046 2277; x_wconf 92' lang='lat' dir='ltr'><strong>dum</strong></span> <span class='ocrx_word' id='word_1_180' title='bbox 1075 2225 1204 2278; x_wconf 87' lang='lat' dir='ltr'><strong>nihil</strong></span> <span class='ocrx_word' id='word_1_181' title='bbox 1225 2224 1473 2279; x_wconf 80' lang='lat' dir='ltr'><strong>valebunt</strong></span> <span class='ocrx_word' id='word_1_182' title='bbox 1497 2242 1512 2289; x_wconf 92' lang='lat'><strong>;</strong></span> <span class='ocrx_word' id='word_1_183' title='bbox 1543 2234 1592 2278; x_wconf 87' lang='lat' dir='ltr'><strong>et</strong></span> <span class='ocrx_word' id='word_1_184' title='bbox 1618 2225 1845 2293; x_wconf 86' lang='lat' dir='ltr'><strong>peribunt</strong></span> <span class='ocrx_word' id='word_1_185' title='bbox 1868 2267 1882 2290; x_wconf 94' lang='lat'><strong>,</strong></span> <span class='ocrx_word' id='word_1_186' title='bbox 1905 2226 2027 2295; x_wconf 87' lang='lat' dir='ltr'><strong>quia</strong></span> 
     </span>
    </p>
   </div>
   <div class='ocr_carea' id='block_1_23' title="bbox 456 2312 2022 2385">
    <p class='ocr_par' dir='ltr' id='par_1_23' title="bbox 456 2312 2022 2385">
     <span class='ocr_line' id='line_1_23' title="bbox 456 2312 2022 2385; baseline 0.004 -22"><span class='ocrx_word' id='word_1_187' title='bbox 456 2325 563 2366; x_wconf 88' lang='lat' dir='ltr'><strong>non</strong></span> <span class='ocrx_word' id='word_1_188' title='bbox 591 2320 744 2366; x_wconf 90' lang='lat' dir='ltr'><strong>erunt</strong></span> <span class='ocrx_word' id='word_1_189' title='bbox 771 2312 951 2381; x_wconf 87' lang='lat' dir='ltr'><strong>impii;</strong></span> <span class='ocrx_word' id='word_1_190' title='bbox 974 2315 1153 2385; x_wconf 23' lang='lat' dir='ltr'><strong>arfacie</strong></span> <span class='ocrx_word' id='word_1_191' title='bbox 1176 2314 1268 2368; x_wconf 90' lang='lat' dir='ltr'><strong>Dei</strong></span> <span class='ocrx_word' id='word_1_192' title='bbox 1296 2356 1311 2379; x_wconf 94' lang='lat'><strong>,</strong></span> <span class='ocrx_word' id='word_1_193' title='bbox 1337 2314 1389 2368; x_wconf 93' lang='lat' dir='ltr'><strong>id</strong></span> <span class='ocrx_word' id='word_1_194' title='bbox 1414 2323 1495 2369; x_wconf 90' lang='lat' dir='ltr'><strong>est</strong></span> <span class='ocrx_word' id='word_1_195' title='bbox 1513 2328 1541 2367; x_wconf 93' lang='lat' dir='ltr'><strong>a</strong></span> <span class='ocrx_word' id='word_1_196' title='bbox 1568 2316 1865 2385; x_wconf 84' lang='lat' dir='ltr'><strong>cognitione</strong></span> <span class='ocrx_word' id='word_1_197' title='bbox 1890 2316 1981 2371; x_wconf 93' lang='lat' dir='ltr'><strong>Dei</strong></span> <span class='ocrx_word' id='word_1_198' title='bbox 2006 2358 2022 2379; x_wconf 90' lang='lat'><strong>,</strong></span> 
     </span>
    </p>
   </div>
   <div class='ocr_carea' id='block_1_24' title="bbox 455 2396 2028 2477">
    <p class='ocr_par' dir='ltr' id='par_1_24' title="bbox 455 2396 2028 2477">
     <span class='ocr_line' id='line_1_24' title="bbox 455 2396 2028 2477; baseline 0.001 -20"><span class='ocrx_word' id='word_1_199' title='bbox 455 2403 589 2458; x_wconf 87' lang='lat' dir='ltr'><strong>sicut</strong></span> <span class='ocrx_word' id='word_1_200' title='bbox 610 2404 765 2473; x_wconf 86' lang='lat' dir='ltr'><strong>periit</strong></span> <span class='ocrx_word' id='word_1_201' title='bbox 783 2404 871 2459; x_wconf 91' lang='lat' dir='ltr'><strong>ille</strong></span> <span class='ocrx_word' id='word_1_202' title='bbox 890 2406 977 2475; x_wconf 90' lang='lat' dir='ltr'><strong>qui</strong></span> <span class='ocrx_word' id='word_1_203' title='bbox 997 2396 1130 2459; x_wconf 77' lang='lat' dir='ltr'><strong>dixit</strong></span> <span class='ocrx_word' id='word_1_204' title='bbox 1157 2422 1171 2458; x_wconf 92' lang='lat'><strong>:</strong></span> <span class='ocrx_word' id='word_1_205' title='bbox 1208 2405 1329 2459; x_wconf 77' lang='lat' dir='ltr'><strong>Vivo</strong></span> <span class='ocrx_word' id='word_1_206' title='bbox 1352 2416 1515 2459; x_wconf 85' lang='lat' dir='ltr'><strong>autem</strong></span> <span class='ocrx_word' id='word_1_207' title='bbox 1532 2407 1646 2477; x_wconf 80' lang='lat' dir='ltr'><strong>jam</strong></span> <span class='ocrx_word' id='word_1_208' title='bbox 1675 2422 1775 2460; x_wconf 89' lang='lat' dir='ltr'><strong>non</strong></span> <span class='ocrx_word' id='word_1_209' title='bbox 1800 2423 1890 2477; x_wconf 86' lang='lat' dir='ltr'><strong>ego</strong></span> <span class='ocrx_word' id='word_1_210' title='bbox 1913 2447 1927 2468; x_wconf 90' lang='lat'><strong>,</strong></span> <span class='ocrx_word' id='word_1_211' title='bbox 1950 2407 2028 2460; x_wconf 87' lang='lat' dir='ltr'><strong>ui-</strong></span> 
     </span>
    </p>
   </div>
   <div class='ocr_carea' id='block_1_25' title="bbox 454 2493 2029 2567">
    <p class='ocr_par' dir='ltr' id='par_1_25' title="bbox 454 2493 2029 2567">
     <span class='ocr_line' id='line_1_25' title="bbox 454 2493 2029 2567; baseline 0.004 -21"><span class='ocrx_word' id='word_1_212' title='bbox 454 2493 524 2547; x_wconf 73' lang='lat' dir='ltr'><strong>uit</strong></span> <span class='ocrx_word' id='word_1_213' title='bbox 542 2504 709 2548; x_wconf 88' lang='lat' dir='ltr'><strong>autem</strong></span> <span class='ocrx_word' id='word_1_214' title='bbox 727 2496 780 2548; x_wconf 92' lang='lat' dir='ltr'><strong>in</strong></span> <span class='ocrx_word' id='word_1_215' title='bbox 801 2512 880 2548; x_wconf 88' lang='lat' dir='ltr'><strong>me</strong></span> <span class='ocrx_word' id='word_1_216' title='bbox 908 2496 1135 2550; x_wconf 84' lang='lat' dir='ltr'><strong>Christus</strong></span> <span class='ocrx_word' id='word_1_217' title='bbox 1166 2495 1185 2567; x_wconf 95' lang='lat'><strong>(</strong></span> <span class='ocrx_word' id='word_1_218' title='bbox 1211 2494 1327 2551; x_wconf 86' lang='lat' dir='ltr'><strong>Gal.</strong></span> <span class='ocrx_word' id='word_1_219' title='bbox 1358 2511 1394 2550; x_wconf 82' lang='grc' dir='ltr'>ιι</span> <span class='ocrx_word' id='word_1_220' title='bbox 1417 2537 1433 2563; x_wconf 85' lang='grc'><em>,</em></span> <span class='ocrx_word' id='word_1_221' title='bbox 1463 2495 1534 2551; x_wconf 77' lang='grc'><strong>20</strong></span> <span class='ocrx_word' id='word_1_222' title='bbox 1557 2497 1596 2566; x_wconf 94' lang='grc'><strong>).</strong></span> <span class='ocrx_word' id='word_1_223' title='bbox 1624 2497 1726 2552; x_wconf 90' lang='lat' dir='ltr'><strong>Sed</strong></span> <span class='ocrx_word' id='word_1_224' title='bbox 1756 2512 1918 2567; x_wconf 89' lang='lat' dir='ltr'><strong>quare</strong></span> <span class='ocrx_word' id='word_1_225' title='bbox 1945 2497 2029 2552; x_wconf 82' lang='lat' dir='ltr'><strong>in-</strong></span> 
     </span>
    </p>
   </div>
   <div class='ocr_carea' id='block_1_26' title="bbox 418 2585 2029 2660">
    <p class='ocr_par' dir='ltr' id='par_1_26' title="bbox 418 2585 2029 2660">
     <span class='ocr_line' id='line_1_26' title="bbox 418 2585 2029 2660; baseline 0.003 -21"><span class='ocrx_word' id='word_1_226' title='bbox 418 2600 425 2607; x_wconf 83' lang='lat'><strong><em>&#39;</em></strong></span> <span class='ocrx_word' id='word_1_227' title='bbox 456 2585 822 2653; x_wconf 80' lang='lat' dir='ltr'><strong>firmabuntur,</strong></span> <span class='ocrx_word' id='word_1_228' title='bbox 845 2597 892 2641; x_wconf 90' lang='lat' dir='ltr'><strong>et</strong></span> <span class='ocrx_word' id='word_1_229' title='bbox 918 2589 1145 2659; x_wconf 87' lang='lat' dir='ltr'><strong>peribunt</strong></span> <span class='ocrx_word' id='word_1_230' title='bbox 1193 2588 1341 2658; x_wconf 89' lang='lat' dir='ltr'><strong>impii</strong></span> <span class='ocrx_word' id='word_1_231' title='bbox 1384 2606 1415 2642; x_wconf 91' lang='lat' dir='ltr'><strong>a</strong></span> <span class='ocrx_word' id='word_1_232' title='bbox 1454 2589 1583 2660; x_wconf 79' lang='lat' dir='ltr'><strong>faeie</strong></span> <span class='ocrx_word' id='word_1_233' title='bbox 1619 2598 1705 2643; x_wconf 88' lang='lat' dir='ltr'><strong>tua</strong></span> <span class='ocrx_word' id='word_1_234' title='bbox 1730 2589 1756 2642; x_wconf 68' lang='grc' dir='ltr'><strong><em>Ρ</em></strong></span> <span class='ocrx_word' id='word_1_235' title='bbox 1780 2588 2029 2655; x_wconf 79' lang='lat' dir='ltr'><strong>Quoniam</strong></span> 
     </span>
    </p>
   </div>
   <div class='ocr_carea' id='block_1_27' title="bbox 457 2678 2029 2761">
    <p class='ocr_par' dir='ltr' id='par_1_27' title="bbox 457 2678 2029 2761">
     <span class='ocr_line' id='line_1_27' title="bbox 457 2678 2029 2761; baseline 0.004 -29"><span class='ocrx_word' id='word_1_236' title='bbox 457 2678 617 2746; x_wconf 72' lang='lat' dir='ltr'><strong>fecisti</strong></span> <span class='ocrx_word' id='word_1_237' title='bbox 630 2680 882 2750; x_wconf 82' lang='lat' dir='ltr'><strong>judicium</strong></span> <span class='ocrx_word' id='word_1_238' title='bbox 909 2698 1112 2761; x_wconf 82' lang='lat' dir='ltr'><strong>meum,</strong></span> <span class='ocrx_word' id='word_1_239' title='bbox 1157 2682 1360 2753; x_wconf 82' lang='lat' dir='ltr'><strong>inquit,</strong></span> <span class='ocrx_word' id='word_1_240' title='bbox 1412 2692 1459 2737; x_wconf 89' lang='lat' dir='ltr'><strong>et</strong></span> <span class='ocrx_word' id='word_1_241' title='bbox 1491 2699 1695 2745; x_wconf 75' lang='lat' dir='ltr'><strong>causam</strong></span> <span class='ocrx_word' id='word_1_242' title='bbox 1732 2699 1892 2737; x_wconf 86' lang='lat' dir='ltr'><strong>meam</strong></span> <span class='ocrx_word' id='word_1_243' title='bbox 1914 2702 1933 2738; x_wconf 87' lang='lat'><strong><em>:</em></strong></span> <span class='ocrx_word' id='word_1_244' title='bbox 1977 2683 2029 2738; x_wconf 90' lang='lat' dir='ltr'><strong>id</strong></span> 
     </span>
    </p>
   </div>
   <div class='ocr_carea' id='block_1_28' title="bbox 455 2764 2029 2842">
    <p class='ocr_par' dir='ltr' id='par_1_28' title="bbox 455 2764 2029 2842">
     <span class='ocr_line' id='line_1_28' title="bbox 455 2764 2029 2842; baseline 0.004 -20"><span class='ocrx_word' id='word_1_245' title='bbox 455 2776 538 2823; x_wconf 88' lang='lat' dir='ltr'><strong>est</strong></span> <span class='ocrx_word' id='word_1_246' title='bbox 562 2810 578 2835; x_wconf 94' lang='lat'><strong>,</strong></span> <span class='ocrx_word' id='word_1_247' title='bbox 603 2768 857 2839; x_wconf 82' lang='lat' dir='ltr'><strong>judicium</strong></span> <span class='ocrx_word' id='word_1_248' title='bbox 885 2764 1013 2826; x_wconf 89' lang='lat' dir='ltr'><strong>illud</strong></span> <span class='ocrx_word' id='word_1_249' title='bbox 1039 2771 1089 2827; x_wconf 93' lang='lat' dir='ltr'><strong>in</strong></span> <span class='ocrx_word' id='word_1_250' title='bbox 1117 2788 1220 2842; x_wconf 89' lang='lat' dir='ltr'><strong>quo</strong></span> <span class='ocrx_word' id='word_1_251' title='bbox 1241 2772 1464 2842; x_wconf 88' lang='lat' dir='ltr'><strong>judicari</strong></span> <span class='ocrx_word' id='word_1_252' title='bbox 1490 2773 1634 2829; x_wconf 89' lang='lat' dir='ltr'><strong>visus</strong></span> <span class='ocrx_word' id='word_1_253' title='bbox 1659 2788 1775 2829; x_wconf 86' lang='lat' dir='ltr'><strong>sum</strong></span> <span class='ocrx_word' id='word_1_254' title='bbox 1799 2813 1815 2840; x_wconf 95' lang='lat'><strong>,</strong></span> <span class='ocrx_word' id='word_1_255' title='bbox 1847 2789 2029 2829; x_wconf 90' lang='lat' dir='ltr'><strong>meum</strong></span> 
     </span>
    </p>
   </div>
   <div class='ocr_carea' id='block_1_29' title="bbox 457 2862 2022 2937">
    <p class='ocr_par' dir='ltr' id='par_1_29' title="bbox 457 2862 2022 2937">
     <span class='ocr_line' id='line_1_29' title="bbox 457 2862 2022 2937; baseline 0.003 -20"><span class='ocrx_word' id='word_1_256' title='bbox 457 2862 624 2919; x_wconf 80' lang='lat' dir='ltr'><strong>fecisti</strong></span> <span class='ocrx_word' id='word_1_257' title='bbox 652 2880 667 2929; x_wconf 91' lang='lat'><strong>;</strong></span> <span class='ocrx_word' id='word_1_258' title='bbox 694 2874 748 2919; x_wconf 92' lang='lat' dir='ltr'><strong>et</strong></span> <span class='ocrx_word' id='word_1_259' title='bbox 776 2879 986 2920; x_wconf 89' lang='lat' dir='ltr'><strong>causam</strong></span> <span class='ocrx_word' id='word_1_260' title='bbox 1018 2864 1158 2919; x_wconf 85' lang='lat' dir='ltr'><strong>illam</strong></span> <span class='ocrx_word' id='word_1_261' title='bbox 1190 2866 1241 2919; x_wconf 91' lang='lat' dir='ltr'><strong>in</strong></span> <span class='ocrx_word' id='word_1_262' title='bbox 1271 2881 1374 2935; x_wconf 91' lang='lat' dir='ltr'><strong>qua</strong></span> <span class='ocrx_word' id='word_1_263' title='bbox 1417 2882 1503 2921; x_wconf 90' lang='lat' dir='ltr'><strong>me</strong></span> <span class='ocrx_word' id='word_1_264' title='bbox 1544 2867 1743 2937; x_wconf 89' lang='lat' dir='ltr'><strong>justum</strong></span> <span class='ocrx_word' id='word_1_265' title='bbox 1784 2876 1838 2922; x_wconf 89' lang='lat' dir='ltr'><strong>et</strong></span> <span class='ocrx_word' id='word_1_266' title='bbox 1872 2867 2022 2921; x_wconf 87' lang='lat' dir='ltr'><strong>inno-</strong></span> 
     </span>
    </p>
   </div>
   <div class='ocr_carea' id='block_1_30' title="bbox 457 2953 2032 3022">
    <p class='ocr_par' dir='ltr' id='par_1_30' title="bbox 457 2953 2032 3022">
     <span class='ocr_line' id='line_1_30' title="bbox 457 2953 2032 3022; baseline 0.004 -15"><span class='ocrx_word' id='word_1_267' title='bbox 457 2962 667 3008; x_wconf 88' lang='lat' dir='ltr'><strong>centem</strong></span> <span class='ocrx_word' id='word_1_268' title='bbox 710 2953 951 3010; x_wconf 88' lang='lat' dir='ltr'><strong>homines</strong></span> <span class='ocrx_word' id='word_1_269' title='bbox 996 2954 1419 3022; x_wconf 86' lang='lat' dir='ltr'><strong>damnaverunt,</strong></span> <span class='ocrx_word' id='word_1_270' title='bbox 1465 2972 1635 3011; x_wconf 88' lang='lat' dir='ltr'><strong>meam</strong></span> <span class='ocrx_word' id='word_1_271' title='bbox 1682 2955 1875 3012; x_wconf 79' lang='lat' dir='ltr'><strong>fecisti.</strong></span> <span class='ocrx_word' id='word_1_272' title='bbox 1908 2957 2032 3014; x_wconf 59' lang='lat' dir='ltr'><strong>ﬂare</strong></span> 
     </span>
    </p>
   </div>
   <div class='ocr_carea' id='block_1_31' title="bbox 458 3045 2033 3104">
    <p class='ocr_par' dir='ltr' id='par_1_31' title="bbox 458 3045 2033 3104">
     <span class='ocr_line' id='line_1_31' title="bbox 458 3045 2033 3104; baseline 0.003 -5"><span class='ocrx_word' id='word_1_273' title='bbox 458 3046 600 3099; x_wconf 90' lang='lat' dir='ltr'><strong>enim</strong></span> <span class='ocrx_word' id='word_1_274' title='bbox 627 3045 675 3100; x_wconf 90' lang='lat' dir='ltr'><strong>ei</strong></span> <span class='ocrx_word' id='word_1_275' title='bbox 706 3046 1065 3101; x_wconf 88' lang='lat' dir='ltr'><strong>militaverunt</strong></span> <span class='ocrx_word' id='word_1_276' title='bbox 1085 3048 1151 3101; x_wconf 91' lang='lat' dir='ltr'><strong>ad</strong></span> <span class='ocrx_word' id='word_1_277' title='bbox 1190 3060 1424 3102; x_wconf 90' lang='lat' dir='ltr'><strong>nostram</strong></span> <span class='ocrx_word' id='word_1_278' title='bbox 1455 3048 1817 3103; x_wconf 90' lang='lat' dir='ltr'><strong>liberationem</strong></span> <span class='ocrx_word' id='word_1_279' title='bbox 1842 3067 1855 3102; x_wconf 76' lang='grc' dir='ltr'>ε</span> <span class='ocrx_word' id='word_1_280' title='bbox 1893 3048 2033 3104; x_wconf 91' lang='lat' dir='ltr'><strong>sicut</strong></span> 
     </span>
    </p>
   </div>
   <div class='ocr_carea' id='block_1_32' title="bbox 460 3135 2034 3208">
    <p class='ocr_par' dir='ltr' id='par_1_32' title="bbox 460 3135 2034 3208">
     <span class='ocr_line' id='line_1_32' title="bbox 460 3135 2034 3208; baseline 0.003 -19"><span class='ocrx_word' id='word_1_281' title='bbox 460 3145 515 3189; x_wconf 91' lang='lat' dir='ltr'><strong>et</strong></span> <span class='ocrx_word' id='word_1_282' title='bbox 542 3142 713 3190; x_wconf 77' lang='lat' dir='ltr'><strong>nauta:</strong></span> <span class='ocrx_word' id='word_1_283' title='bbox 737 3135 920 3191; x_wconf 89' lang='lat' dir='ltr'><strong>dicunt</strong></span> <span class='ocrx_word' id='word_1_284' title='bbox 945 3144 1159 3192; x_wconf 91' lang='lat' dir='ltr'><strong>ventum</strong></span> <span class='ocrx_word' id='word_1_285' title='bbox 1201 3153 1351 3192; x_wconf 92' lang='lat' dir='ltr'><strong>suum</strong></span> <span class='ocrx_word' id='word_1_286' title='bbox 1381 3181 1396 3205; x_wconf 95' lang='lat'><strong>,</strong></span> <span class='ocrx_word' id='word_1_287' title='bbox 1427 3154 1531 3208; x_wconf 90' lang='lat' dir='ltr'><strong>quo</strong></span> <span class='ocrx_word' id='word_1_288' title='bbox 1561 3148 1776 3194; x_wconf 90' lang='lat' dir='ltr'><strong>utuntur</strong></span> <span class='ocrx_word' id='word_1_289' title='bbox 1802 3138 1867 3193; x_wconf 89' lang='lat' dir='ltr'><strong>ad</strong></span> <span class='ocrx_word' id='word_1_290' title='bbox 1896 3139 2034 3195; x_wconf 85' lang='lat' dir='ltr'><strong>bene</strong></span> 
     </span>
    </p>
   </div>
   <div class='ocr_carea' id='block_1_33' title="bbox 460 3227 832 3299">
    <p class='ocr_par' dir='ltr' id='par_1_33' title="bbox 460 3227 832 3299">
     <span class='ocr_line' id='line_1_33' title="bbox 460 3227 832 3299; baseline -0.003 -16"><span class='ocrx_word' id='word_1_291' title='bbox 460 3227 832 3299; x_wconf 86' lang='lat' dir='ltr'><strong>navigandum.</strong></span> 
     </span>
    </p>
   </div>
   <div class='ocr_carea' id='block_1_34' title="bbox 535 3319 2029 3393">
    <p class='ocr_par' dir='ltr' id='par_1_34' title="bbox 535 3319 2029 3393">
     <span class='ocr_line' id='line_1_34' title="bbox 535 3319 2029 3393; baseline 0 -17"><span class='ocrx_word' id='word_1_292' title='bbox 535 3319 589 3376; x_wconf 89' lang='lat'><strong>6.</strong></span> <span class='ocrx_word' id='word_1_293' title='bbox 631 3320 818 3375; x_wconf 89' lang='lat' dir='ltr'><strong>Sedisti</strong></span> <span class='ocrx_word' id='word_1_294' title='bbox 859 3337 1011 3390; x_wconf 82' lang='lat' dir='ltr'><strong>super</strong></span> <span class='ocrx_word' id='word_1_295' title='bbox 1053 3321 1324 3387; x_wconf 89' lang='lat' dir='ltr'><strong>thronum,</strong></span> <span class='ocrx_word' id='word_1_296' title='bbox 1363 3323 1449 3392; x_wconf 88' lang='lat' dir='ltr'><strong>qui</strong></span> <span class='ocrx_word' id='word_1_297' title='bbox 1480 3322 1686 3392; x_wconf 84' lang='lat' dir='ltr'><strong>judicas</strong></span> <span class='ocrx_word' id='word_1_298' title='bbox 1726 3324 2029 3393; x_wconf 72' lang='lat' dir='ltr'><strong>tequitatem.</strong></span> 
     </span>
    </p>
   </div>
   <div class='ocr_carea' id='block_1_35' title="bbox 382 3408 2033 3480">
    <p class='ocr_par' dir='ltr' id='par_1_35' title="bbox 382 3408 2033 3480">
     <span class='ocr_line' id='line_1_35' title="bbox 382 3408 2033 3480; baseline 0.001 -15"><span class='ocrx_word' id='word_1_299' title='bbox 382 3430 385 3435; x_wconf 94' lang='grc'>·</span> <span class='ocrx_word' id='word_1_300' title='bbox 462 3408 586 3465; x_wconf 76' lang='lat' dir='ltr'><strong>Sive</strong></span> <span class='ocrx_word' id='word_1_301' title='bbox 612 3408 778 3464; x_wconf 82' lang='lat' dir='ltr'><strong>Filius</strong></span> <span class='ocrx_word' id='word_1_302' title='bbox 808 3409 949 3464; x_wconf 87' lang='lat' dir='ltr'><strong>Patri</strong></span> <span class='ocrx_word' id='word_1_303' title='bbox 978 3409 1153 3476; x_wconf 82' lang='lat' dir='ltr'><strong>dicat,</strong></span> <span class='ocrx_word' id='word_1_304' title='bbox 1203 3410 1294 3480; x_wconf 93' lang='lat' dir='ltr'><strong>qui</strong></span> <span class='ocrx_word' id='word_1_305' title='bbox 1340 3410 1497 3466; x_wconf 88' lang='lat' dir='ltr'><strong>etiam</strong></span> <span class='ocrx_word' id='word_1_306' title='bbox 1538 3410 1667 3466; x_wconf 91' lang='lat' dir='ltr'><strong>illud</strong></span> <span class='ocrx_word' id='word_1_307' title='bbox 1709 3412 1879 3475; x_wconf 80' lang='lat' dir='ltr'><strong>dixit,</strong></span> <span class='ocrx_word' id='word_1_308' title='bbox 1913 3410 2033 3465; x_wconf 83' lang='lat' dir='ltr'><strong>Non</strong></span> 
     </span>
    </p>
   </div>
   <div class='ocr_carea' id='block_1_36' title="bbox 466 3498 2037 3573">
    <p class='ocr_par' dir='ltr' id='par_1_36' title="bbox 466 3498 2037 3573">
     <span class='ocr_line' id='line_1_36' title="bbox 466 3498 2037 3573; baseline 0.003 -22"><span class='ocrx_word' id='word_1_309' title='bbox 466 3498 669 3555; x_wconf 76' lang='lat' dir='ltr'><strong>haberes</strong></span> <span class='ocrx_word' id='word_1_310' title='bbox 696 3498 749 3552; x_wconf 87' lang='lat' dir='ltr'><strong>in</strong></span> <span class='ocrx_word' id='word_1_311' title='bbox 767 3516 845 3552; x_wconf 91' lang='lat' dir='ltr'><strong>me</strong></span> <span class='ocrx_word' id='word_1_312' title='bbox 867 3509 1157 3567; x_wconf 84' lang='lat' dir='ltr'><strong>potestatem</strong></span> <span class='ocrx_word' id='word_1_313' title='bbox 1176 3541 1191 3565; x_wconf 95' lang='lat'><strong>,</strong></span> <span class='ocrx_word' id='word_1_314' title='bbox 1215 3501 1313 3555; x_wconf 86' lang='lat' dir='ltr'><strong>nisi</strong></span> <span class='ocrx_word' id='word_1_315' title='bbox 1340 3500 1425 3573; x_wconf 73' lang='lat' dir='ltr'><strong>tibi</strong></span> <span class='ocrx_word' id='word_1_316' title='bbox 1444 3501 1613 3554; x_wconf 87' lang='lat' dir='ltr'><strong>datum</strong></span> <span class='ocrx_word' id='word_1_317' title='bbox 1632 3503 1804 3572; x_wconf 78' lang='lat' dir='ltr'><strong>fuisset</strong></span> <span class='ocrx_word' id='word_1_318' title='bbox 1824 3501 2037 3572; x_wconf 85' lang='lat' dir='ltr'><strong>desuper</strong></span> 
     </span>
    </p>
   </div>
   <div class='ocr_carea' id='block_1_37' title="bbox 468 3589 2035 3662">
    <p class='ocr_par' dir='ltr' id='par_1_37' title="bbox 468 3589 2035 3662">
     <span class='ocr_line' id='line_1_37' title="bbox 468 3589 2035 3662; baseline 0.002 -18"><span class='ocrx_word' id='word_1_319' title='bbox 468 3589 664 3662; x_wconf 87' lang='lat' dir='ltr'><strong>(Joan.</strong></span> <span class='ocrx_word' id='word_1_320' title='bbox 695 3607 785 3646; x_wconf 76' lang='lat' dir='ltr'><strong>xu:</strong></span> <span class='ocrx_word' id='word_1_321' title='bbox 809 3633 825 3657; x_wconf 96' lang='lat'><strong>,</strong></span> <span class='ocrx_word' id='word_1_322' title='bbox 854 3592 911 3646; x_wconf 83' lang='lat' dir='ltr'><strong>ll</strong></span> <span class='ocrx_word' id='word_1_323' title='bbox 944 3592 985 3659; x_wconf 86' lang='lat'><strong>),</strong></span> <span class='ocrx_word' id='word_1_324' title='bbox 1006 3591 1239 3662; x_wconf 19' lang='lat' dir='ltr'><strong>,idipsum</strong></span> <span class='ocrx_word' id='word_1_325' title='bbox 1267 3591 1331 3646; x_wconf 92' lang='lat' dir='ltr'><strong>ad</strong></span> <span class='ocrx_word' id='word_1_326' title='bbox 1360 3592 1657 3661; x_wconf 75' lang='lat' dir='ltr'><strong>tequitatem</strong></span> <span class='ocrx_word' id='word_1_327' title='bbox 1691 3592 1862 3649; x_wconf 85' lang='lat' dir='ltr'><strong>Patris</strong></span> <span class='ocrx_word' id='word_1_328' title='bbox 1888 3603 1941 3648; x_wconf 90' lang='lat' dir='ltr'><strong>et</strong></span> <span class='ocrx_word' id='word_1_329' title='bbox 1968 3594 2035 3648; x_wconf 86' lang='lat' dir='ltr'><strong>ad</strong></span> 
     </span>
    </p>
   </div>
   <div class='ocr_carea' id='block_1_38' title="bbox 465 3681 2037 3755">
    <p class='ocr_par' dir='ltr' id='par_1_38' title="bbox 465 3681 2037 3755">
     <span class='ocr_line' id='line_1_38' title="bbox 465 3681 2037 3755; baseline 0.001 -19"><span class='ocrx_word' id='word_1_330' title='bbox 465 3682 670 3737; x_wconf 87' lang='lat' dir='ltr'><strong>occulta</strong></span> <span class='ocrx_word' id='word_1_331' title='bbox 697 3696 791 3737; x_wconf 89' lang='lat' dir='ltr'><strong>sua</strong></span> <span class='ocrx_word' id='word_1_332' title='bbox 820 3681 1055 3737; x_wconf 78' lang='lat' dir='ltr'><strong>referens</strong></span> <span class='ocrx_word' id='word_1_333' title='bbox 1075 3725 1088 3746; x_wconf 91' lang='lat'><strong>,</strong></span> <span class='ocrx_word' id='word_1_334' title='bbox 1113 3682 1250 3752; x_wconf 91' lang='lat' dir='ltr'><strong>quod</strong></span> <span class='ocrx_word' id='word_1_335' title='bbox 1275 3682 1433 3752; x_wconf 75' lang='lat' dir='ltr'><strong>judex</strong></span> <span class='ocrx_word' id='word_1_336' title='bbox 1454 3682 1725 3737; x_wconf 85' lang='lat' dir='ltr'><strong>hominum</strong></span> <span class='ocrx_word' id='word_1_337' title='bbox 1750 3683 1816 3755; x_wconf 89' lang='lat' dir='ltr'><strong>ad</strong></span> <span class='ocrx_word' id='word_1_338' title='bbox 1842 3683 2037 3738; x_wconf 56' lang='lat' dir='ltr'><strong>utilita.</strong></span> 
     </span>
    </p>
   </div>
   <div class='ocr_carea' id='block_1_39' title="bbox 469 3771 2038 3845">
    <p class='ocr_par' dir='ltr' id='par_1_39' title="bbox 469 3771 2038 3845">
     <span class='ocr_line' id='line_1_39' title="bbox 469 3771 2038 3845; baseline 0.001 -16"><span class='ocrx_word' id='word_1_339' title='bbox 469 3785 575 3830; x_wconf 89' lang='lat' dir='ltr'><strong>tem</strong></span> <span class='ocrx_word' id='word_1_340' title='bbox 605 3771 875 3829; x_wconf 86' lang='lat' dir='ltr'><strong>hominum</strong></span> <span class='ocrx_word' id='word_1_341' title='bbox 900 3774 1165 3845; x_wconf 80' lang='lat' dir='ltr'><strong>judicatus</strong></span> <span class='ocrx_word' id='word_1_342' title='bbox 1208 3784 1327 3829; x_wconf 90' lang='lat' dir='ltr'><strong>est:</strong></span> <span class='ocrx_word' id='word_1_343' title='bbox 1368 3776 1479 3829; x_wconf 89' lang='lat' dir='ltr'><strong>sive</strong></span> <span class='ocrx_word' id='word_1_344' title='bbox 1513 3774 1672 3829; x_wconf 91' lang='lat' dir='ltr'><strong>homo</strong></span> <span class='ocrx_word' id='word_1_345' title='bbox 1705 3775 1846 3830; x_wconf 87' lang='lat' dir='ltr'><strong>dicat</strong></span> <span class='ocrx_word' id='word_1_346' title='bbox 1888 3776 1997 3831; x_wconf 91' lang='lat' dir='ltr'><strong>Deo</strong></span> <span class='ocrx_word' id='word_1_347' title='bbox 2019 3818 2038 3842; x_wconf 90' lang='lat'><strong>,</strong></span> 
     </span>
    </p>
   </div>
   <div class='ocr_carea' id='block_1_40' title="bbox 468 3854 2087 3937">
    <p class='ocr_par' dir='ltr' id='par_1_40' title="bbox 468 3854 2087 3937">
     <span class='ocr_line' id='line_1_40' title="bbox 468 3854 2087 3937; baseline -0.001 -17"><span class='ocrx_word' id='word_1_348' title='bbox 468 3865 659 3920; x_wconf 83' lang='lat' dir='ltr'><strong>Sedisti</strong></span> <span class='ocrx_word' id='word_1_349' title='bbox 680 3882 829 3935; x_wconf 86' lang='lat' dir='ltr'><strong>super</strong></span> <span class='ocrx_word' id='word_1_350' title='bbox 853 3867 1083 3919; x_wconf 88' lang='lat' dir='ltr'><strong>thronum</strong></span> <span class='ocrx_word' id='word_1_351' title='bbox 1107 3906 1124 3931; x_wconf 94' lang='lat'><strong>,</strong></span> <span class='ocrx_word' id='word_1_352' title='bbox 1144 3866 1230 3937; x_wconf 87' lang='lat' dir='ltr'><strong>qui</strong></span> <span class='ocrx_word' id='word_1_353' title='bbox 1241 3865 1446 3935; x_wconf 84' lang='lat' dir='ltr'><strong>judicas</strong></span> <span class='ocrx_word' id='word_1_354' title='bbox 1473 3867 1754 3930; x_wconf 77' lang='lat' dir='ltr'><strong>wquitatcm</strong></span> <span class='ocrx_word' id='word_1_355' title='bbox 1778 3906 1792 3931; x_wconf 93' lang='lat'><strong>,</strong></span> <span class='ocrx_word' id='word_1_356' title='bbox 1809 3866 2039 3919; x_wconf 87' lang='lat' dir='ltr'><strong>animam</strong></span> <span class='ocrx_word' id='word_1_357' title='bbox 2082 3854 2087 3861; x_wconf 50' lang='grc'><em>’</em></span> 
     </span>
    </p>
   </div>
   <div class='ocr_carea' id='block_1_41' title="bbox 469 3956 2042 4029">
    <p class='ocr_par' dir='ltr' id='par_1_41' title="bbox 469 3956 2042 4029">
     <span class='ocr_line' id='line_1_41' title="bbox 469 3956 2042 4029; baseline 0.003 -18"><span class='ocrx_word' id='word_1_358' title='bbox 469 3971 618 4011; x_wconf 84' lang='lat' dir='ltr'><strong>suam</strong></span> <span class='ocrx_word' id='word_1_359' title='bbox 650 3956 898 4011; x_wconf 90' lang='lat' dir='ltr'><strong>thronum</strong></span> <span class='ocrx_word' id='word_1_360' title='bbox 924 3959 1040 4026; x_wconf 89' lang='lat' dir='ltr'><strong>ejus</strong></span> <span class='ocrx_word' id='word_1_361' title='bbox 1067 3959 1339 4029; x_wconf 79' lang='lat' dir='ltr'><strong>appellans</strong></span> <span class='ocrx_word' id='word_1_362' title='bbox 1359 3998 1375 4023; x_wconf 89' lang='lat'><strong>,</strong></span> <span class='ocrx_word' id='word_1_363' title='bbox 1420 3968 1474 4013; x_wconf 92' lang='lat' dir='ltr'><strong>ut</strong></span> <span class='ocrx_word' id='word_1_364' title='bbox 1505 3973 1696 4029; x_wconf 87' lang='lat' dir='ltr'><strong>corpus</strong></span> <span class='ocrx_word' id='word_1_365' title='bbox 1723 3960 1793 4013; x_wconf 92' lang='lat' dir='ltr'><strong>sit</strong></span> <span class='ocrx_word' id='word_1_366' title='bbox 1819 3960 2042 4016; x_wconf 80' lang='lat' dir='ltr'><strong>fortasse</strong></span> 
     </span>
    </p>
   </div>
   <div class='ocr_carea' id='block_1_42' title="bbox 471 4048 2039 4123">
    <p class='ocr_par' dir='ltr' id='par_1_42' title="bbox 471 4048 2039 4123">
     <span class='ocr_line' id='line_1_42' title="bbox 471 4048 2039 4123; baseline 0.003 -23"><span class='ocrx_word' id='word_1_367' title='bbox 471 4056 653 4113; x_wconf 91' lang='lat' dir='ltr'><strong>terra,</strong></span> <span class='ocrx_word' id='word_1_368' title='bbox 700 4061 818 4115; x_wconf 83' lang='lat' dir='ltr'><strong>quae</strong></span> <span class='ocrx_word' id='word_1_369' title='bbox 850 4048 1136 4102; x_wconf 86' lang='lat' dir='ltr'><strong>scabellum</strong></span> <span class='ocrx_word' id='word_1_370' title='bbox 1186 4050 1377 4117; x_wconf 87' lang='lat' dir='ltr'><strong>pedum</strong></span> <span class='ocrx_word' id='word_1_371' title='bbox 1422 4049 1538 4119; x_wconf 87' lang='lat' dir='ltr'><strong>ejus</strong></span> <span class='ocrx_word' id='word_1_372' title='bbox 1583 4049 1720 4104; x_wconf 89' lang='lat' dir='ltr'><strong>dicta</strong></span> <span class='ocrx_word' id='word_1_373' title='bbox 1764 4049 2039 4123; x_wconf 83' lang='lat' dir='ltr'><strong>est(Isai.</strong></span> 
     </span>
    </p>
   </div>
   <div class='ocr_carea' id='block_1_43' title="bbox 473 4135 2043 4208">
    <p class='ocr_par' dir='ltr' id='par_1_43' title="bbox 473 4135 2043 4208">
     <span class='ocr_line' id='line_1_43' title="bbox 473 4135 2043 4208; baseline 0.001 -15"><span class='ocrx_word' id='word_1_374' title='bbox 473 4152 592 4193; x_wconf 72' lang='grc' dir='ltr'><strong>ιιγι</strong></span> <span class='ocrx_word' id='word_1_375' title='bbox 615 4178 631 4203; x_wconf 84' lang='grc'><em>,</em></span> <span class='ocrx_word' id='word_1_376' title='bbox 662 4137 689 4191; x_wconf 78' lang='lat' dir='ltr'><strong>l</strong></span> <span class='ocrx_word' id='word_1_377' title='bbox 715 4135 759 4208; x_wconf 90' lang='lat'><strong>);</strong></span> <span class='ocrx_word' id='word_1_378' title='bbox 795 4137 932 4190; x_wconf 85' lang='lat' dir='ltr'><strong>Deus</strong></span> <span class='ocrx_word' id='word_1_379' title='bbox 957 4138 1097 4191; x_wconf 88' lang='lat' dir='ltr'><strong>enim</strong></span> <span class='ocrx_word' id='word_1_380' title='bbox 1124 4149 1237 4193; x_wconf 90' lang='lat' dir='ltr'><strong>erat</strong></span> <span class='ocrx_word' id='word_1_381' title='bbox 1267 4141 1315 4193; x_wconf 93' lang='lat' dir='ltr'><strong>in</strong></span> <span class='ocrx_word' id='word_1_382' title='bbox 1343 4139 1551 4194; x_wconf 85' lang='lat' dir='ltr'><strong>Christo</strong></span> <span class='ocrx_word' id='word_1_383' title='bbox 1580 4140 1829 4194; x_wconf 87' lang='lat' dir='ltr'><strong>nutndum</strong></span> <span class='ocrx_word' id='word_1_384' title='bbox 1857 4156 2043 4195; x_wconf 85' lang='lat' dir='ltr'><strong>recon-</strong></span> 
     </span>
    </p>
   </div>
   <div class='ocr_carea' id='block_1_44' title="bbox 472 4224 2041 4299">
    <p class='ocr_par' dir='ltr' id='par_1_44' title="bbox 472 4224 2041 4299">
     <span class='ocr_line' id='line_1_44' title="bbox 472 4224 2041 4299; baseline 0.002 -17"><span class='ocrx_word' id='word_1_385' title='bbox 472 4227 660 4282; x_wconf 88' lang='lat' dir='ltr'><strong>cilians</strong></span> <span class='ocrx_word' id='word_1_386' title='bbox 705 4227 804 4281; x_wconf 91' lang='lat' dir='ltr'><strong>sibi</strong></span> <span class='ocrx_word' id='word_1_387' title='bbox 852 4224 934 4297; x_wconf 92' lang='lat' dir='ltr'><strong>(ll</strong></span> <span class='ocrx_word' id='word_1_388' title='bbox 962 4226 1077 4281; x_wconf 89' lang='lat' dir='ltr'><strong>Cor.</strong></span> <span class='ocrx_word' id='word_1_389' title='bbox 1106 4243 1158 4293; x_wconf 90' lang='lat' dir='ltr'><strong>v,</strong></span> <span class='ocrx_word' id='word_1_390' title='bbox 1188 4229 1330 4299; x_wconf 77' lang='lat' dir='ltr'><strong>l9):</strong></span> <span class='ocrx_word' id='word_1_391' title='bbox 1376 4231 1487 4285; x_wconf 83' lang='lat' dir='ltr'><strong>sive</strong></span> <span class='ocrx_word' id='word_1_392' title='bbox 1528 4232 1700 4284; x_wconf 88' lang='lat' dir='ltr'><strong>anima</strong></span> <span class='ocrx_word' id='word_1_393' title='bbox 1744 4230 1998 4285; x_wconf 82' lang='lat' dir='ltr'><strong>Ecclesia:</strong></span> <span class='ocrx_word' id='word_1_394' title='bbox 2025 4233 2041 4263; x_wconf 83' lang='grc'>¹</span> 
     </span>
    </p>
   </div>
   <div class='ocr_carea' id='block_1_45' title="bbox 474 4318 2042 4393">
    <p class='ocr_par' dir='ltr' id='par_1_45' title="bbox 474 4318 2042 4393">
     <span class='ocr_line' id='line_1_45' title="bbox 474 4318 2042 4393; baseline 0.003 -21"><span class='ocrx_word' id='word_1_395' title='bbox 474 4321 579 4388; x_wconf 87' lang='lat' dir='ltr'><strong>jam</strong></span> <span class='ocrx_word' id='word_1_396' title='bbox 611 4318 837 4392; x_wconf 87' lang='lat' dir='ltr'><strong>perfecta</strong></span> <span class='ocrx_word' id='word_1_397' title='bbox 864 4330 915 4373; x_wconf 88' lang='lat' dir='ltr'><strong>et</strong></span> <span class='ocrx_word' id='word_1_398' title='bbox 939 4321 1053 4375; x_wconf 88' lang='lat' dir='ltr'><strong>sine</strong></span> <span class='ocrx_word' id='word_1_399' title='bbox 1080 4322 1281 4375; x_wconf 84' lang='lat' dir='ltr'><strong>macula</strong></span> <span class='ocrx_word' id='word_1_400' title='bbox 1312 4332 1365 4375; x_wconf 87' lang='lat' dir='ltr'><strong>et</strong></span> <span class='ocrx_word' id='word_1_401' title='bbox 1403 4338 1529 4392; x_wconf 88' lang='lat' dir='ltr'><strong>ruga</strong></span> <span class='ocrx_word' id='word_1_402' title='bbox 1575 4322 1594 4393; x_wconf 95' lang='lat'><strong>(</strong></span> <span class='ocrx_word' id='word_1_403' title='bbox 1619 4323 1805 4391; x_wconf 86' lang='lat' dir='ltr'><strong>Ephes.</strong></span> <span class='ocrx_word' id='word_1_404' title='bbox 1829 4339 1881 4385; x_wconf 90' lang='lat' dir='ltr'><strong>v,</strong></span> <span class='ocrx_word' id='word_1_405' title='bbox 1908 4322 1976 4376; x_wconf 77' lang='lat'>27</span> <span class='ocrx_word' id='word_1_406' title='bbox 1998 4321 2042 4392; x_wconf 90' lang='lat'><strong>),</strong></span> 
     </span>
    </p>
   </div>
   <div class='ocr_carea' id='block_1_46' title="bbox 479 4410 2047 4496">
    <p class='ocr_par' dir='ltr' id='par_1_46' title="bbox 479 4410 2047 4496">
     <span class='ocr_line' id='line_1_46' title="bbox 479 4410 2047 4496; baseline 0.003 -31"><span class='ocrx_word' id='word_1_407' title='bbox 479 4411 630 4483; x_wconf 71' lang='lat' dir='ltr'><strong>iligna</strong></span> <span class='ocrx_word' id='word_1_408' title='bbox 656 4411 856 4496; x_wconf 60' lang='lat' dir='ltr'><strong>sc&#39;dicet</strong></span> <span class='ocrx_word' id='word_1_409' title='bbox 883 4411 1101 4465; x_wconf 85' lang='lat' dir='ltr'><strong>occultis</strong></span> <span class='ocrx_word' id='word_1_410' title='bbox 1128 4410 1242 4465; x_wconf 87' lang='lat' dir='ltr'><strong>Filii</strong></span> <span class='ocrx_word' id='word_1_411' title='bbox 1268 4453 1281 4471; x_wconf 92' lang='lat'><strong>,</strong></span> <span class='ocrx_word' id='word_1_412' title='bbox 1310 4412 1430 4481; x_wconf 86' lang='lat' dir='ltr'><strong>quia</strong></span> <span class='ocrx_word' id='word_1_413' title='bbox 1472 4413 1761 4468; x_wconf 76' lang='lat' dir='ltr'><strong>introduxit</strong></span> <span class='ocrx_word' id='word_1_414' title='bbox 1801 4429 1916 4469; x_wconf 88' lang='lat' dir='ltr'><strong>eam</strong></span> <span class='ocrx_word' id='word_1_415' title='bbox 1954 4431 2047 4469; x_wconf 83' lang='lat' dir='ltr'><strong>rex</strong></span> 
     </span>
    </p>
   </div>
   <div class='ocr_carea' id='block_1_47' title="bbox 476 4498 2045 4573">
    <p class='ocr_par' dir='ltr' id='par_1_47' title="bbox 476 4498 2045 4573">
     <span class='ocr_line' id='line_1_47' title="bbox 476 4498 2045 4573; baseline 0.001 -18"><span class='ocrx_word' id='word_1_416' title='bbox 476 4501 529 4555; x_wconf 91' lang='lat' dir='ltr'><strong>in</strong></span> <span class='ocrx_word' id='word_1_417' title='bbox 559 4502 854 4558; x_wconf 90' lang='lat' dir='ltr'><strong>cubiculum</strong></span> <span class='ocrx_word' id='word_1_418' title='bbox 881 4516 1033 4556; x_wconf 89' lang='lat' dir='ltr'><strong>suum</strong></span> <span class='ocrx_word' id='word_1_419' title='bbox 1063 4498 1248 4572; x_wconf 83' lang='lat' dir='ltr'><strong>(Cant.</strong></span> <span class='ocrx_word' id='word_1_420' title='bbox 1281 4516 1333 4564; x_wconf 90' lang='grc' dir='ltr'><strong>ι,</strong></span> <span class='ocrx_word' id='word_1_421' title='bbox 1363 4500 1456 4570; x_wconf 83' lang='grc'><strong>5),</strong></span> <span class='ocrx_word' id='word_1_422' title='bbox 1497 4502 1637 4557; x_wconf 90' lang='lat' dir='ltr'><strong>dicat</strong></span> <span class='ocrx_word' id='word_1_423' title='bbox 1677 4518 1873 4573; x_wconf 91' lang='lat' dir='ltr'><strong>sponso</strong></span> <span class='ocrx_word' id='word_1_424' title='bbox 1912 4518 2007 4557; x_wconf 91' lang='lat' dir='ltr'><strong>suo</strong></span> <span class='ocrx_word' id='word_1_425' title='bbox 2030 4547 2045 4569; x_wconf 90' lang='lat'><strong>,</strong></span> 
     </span>
    </p>
   </div>
   <div class='ocr_carea' id='block_1_48' title="bbox 479 4583 2047 4667">
    <p class='ocr_par' dir='ltr' id='par_1_48' title="bbox 479 4583 2047 4667">
     <span class='ocr_line' id='line_1_48' title="bbox 479 4583 2047 4667; baseline 0.003 -19"><span class='ocrx_word' id='word_1_426' title='bbox 479 4595 667 4649; x_wconf 82' lang='lat' dir='ltr'><strong>Sedisti</strong></span> <span class='ocrx_word' id='word_1_427' title='bbox 684 4612 833 4667; x_wconf 80' lang='lat' dir='ltr'><strong>super</strong></span> <span class='ocrx_word' id='word_1_428' title='bbox 851 4596 1083 4649; x_wconf 88' lang='lat' dir='ltr'><strong>thronum</strong></span> <span class='ocrx_word' id='word_1_429' title='bbox 1106 4635 1122 4661; x_wconf 93' lang='lat'><strong>,</strong></span> <span class='ocrx_word' id='word_1_430' title='bbox 1144 4595 1228 4664; x_wconf 87' lang='lat' dir='ltr'><strong>qui</strong></span> <span class='ocrx_word' id='word_1_431' title='bbox 1247 4594 1454 4665; x_wconf 84' lang='lat' dir='ltr'><strong>judiens</strong></span> <span class='ocrx_word' id='word_1_432' title='bbox 1477 4598 1754 4663; x_wconf 72' lang='lat' dir='ltr'><strong>(equitatem</strong></span> <span class='ocrx_word' id='word_1_433' title='bbox 1772 4636 1786 4661; x_wconf 96' lang='lat'><strong>,</strong></span> <span class='ocrx_word' id='word_1_434' title='bbox 1817 4597 1938 4666; x_wconf 89' lang='lat' dir='ltr'><strong>quia</strong></span> <span class='ocrx_word' id='word_1_435' title='bbox 1965 4583 2047 4652; x_wconf 9' lang='lat' dir='ltr'><strong>rel—</strong></span> 
     </span>
    </p>
   </div>
   <div class='ocr_carea' id='block_1_49' title="bbox 481 4682 2052 4750">
    <p class='ocr_par' dir='ltr' id='par_1_49' title="bbox 481 4682 2052 4750">
     <span class='ocr_line' id='line_1_49' title="bbox 481 4682 2052 4750; baseline 0.003 -13"><span class='ocrx_word' id='word_1_436' title='bbox 481 4684 755 4738; x_wconf 81' lang='lat' dir='ltr'><strong>surrexisti</strong></span> <span class='ocrx_word' id='word_1_437' title='bbox 780 4699 808 4736; x_wconf 90' lang='lat' dir='ltr'><strong>a</strong></span> <span class='ocrx_word' id='word_1_438' title='bbox 838 4685 1058 4740; x_wconf 87' lang='lat' dir='ltr'><strong>mortuis</strong></span> <span class='ocrx_word' id='word_1_439' title='bbox 1082 4726 1096 4750; x_wconf 93' lang='lat'><strong>,</strong></span> <span class='ocrx_word' id='word_1_440' title='bbox 1119 4694 1172 4739; x_wconf 88' lang='lat' dir='ltr'><strong>et</strong></span> <span class='ocrx_word' id='word_1_441' title='bbox 1191 4682 1475 4739; x_wconf 83' lang='lat' dir='ltr'><strong>ascendisti</strong></span> <span class='ocrx_word' id='word_1_442' title='bbox 1497 4683 1548 4737; x_wconf 92' lang='lat' dir='ltr'><strong>in</strong></span> <span class='ocrx_word' id='word_1_443' title='bbox 1570 4684 1760 4739; x_wconf 64' lang='lat' dir='ltr'><strong>caelum</strong></span> <span class='ocrx_word' id='word_1_444' title='bbox 1788 4726 1802 4749; x_wconf 96' lang='lat'><strong>,</strong></span> <span class='ocrx_word' id='word_1_445' title='bbox 1825 4698 1880 4739; x_wconf 91' lang='lat' dir='ltr'><strong>et</strong></span> <span class='ocrx_word' id='word_1_446' title='bbox 1897 4685 2052 4741; x_wconf 87' lang='lat' dir='ltr'><strong>sedes</strong></span> 
     </span>
    </p>
   </div>
   <div class='ocr_carea' id='block_1_50' title="bbox 481 4773 2050 4845">
    <p class='ocr_par' dir='ltr' id='par_1_50' title="bbox 481 4773 2050 4845">
     <span class='ocr_line' id='line_1_50' title="bbox 481 4773 2050 4845; baseline 0.001 -18"><span class='ocrx_word' id='word_1_447' title='bbox 481 4773 547 4827; x_wconf 80' lang='lat' dir='ltr'><strong>ad</strong></span> <span class='ocrx_word' id='word_1_448' title='bbox 572 4773 841 4828; x_wconf 80' lang='lat' dir='ltr'><strong>dexteram</strong></span> <span class='ocrx_word' id='word_1_449' title='bbox 875 4775 1084 4831; x_wconf 90' lang='lat' dir='ltr'><strong>Patris:</strong></span> <span class='ocrx_word' id='word_1_450' title='bbox 1117 4774 1363 4845; x_wconf 70' lang='lat' dir='ltr'><strong>qumllbet</strong></span> <span class='ocrx_word' id='word_1_451' title='bbox 1403 4789 1530 4845; x_wconf 86' lang='lat' dir='ltr'><strong>ergo</strong></span> <span class='ocrx_word' id='word_1_452' title='bbox 1565 4774 1749 4829; x_wconf 91' lang='lat' dir='ltr'><strong>harum</strong></span> <span class='ocrx_word' id='word_1_453' title='bbox 1793 4776 2050 4829; x_wconf 89' lang='lat' dir='ltr'><strong>sententia</strong></span> 
     </span>
    </p>
   </div>
   <div class='ocr_carea' id='block_1_51' title="bbox 485 4865 2053 4937">
    <p class='ocr_par' dir='ltr' id='par_1_51' title="bbox 485 4865 2053 4937">
     <span class='ocr_line' id='line_1_51' title="bbox 485 4865 2053 4937; baseline 0.003 -21"><span class='ocrx_word' id='word_1_454' title='bbox 485 4866 686 4934; x_wconf 83' lang='lat' dir='ltr'><strong>placeat</strong></span> <span class='ocrx_word' id='word_1_455' title='bbox 709 4907 724 4931; x_wconf 96' lang='lat'><strong>,</strong></span> <span class='ocrx_word' id='word_1_456' title='bbox 750 4881 856 4937; x_wconf 90' lang='lat' dir='ltr'><strong>quo</strong></span> <span class='ocrx_word' id='word_1_457' title='bbox 887 4866 984 4922; x_wconf 91' lang='lat' dir='ltr'><strong>iste</strong></span> <span class='ocrx_word' id='word_1_458' title='bbox 1009 4882 1193 4923; x_wconf 87' lang='lat' dir='ltr'><strong>versus</strong></span> <span class='ocrx_word' id='word_1_459' title='bbox 1219 4865 1479 4921; x_wconf 80' lang='lat' dir='ltr'><strong>referatur</strong></span> <span class='ocrx_word' id='word_1_460' title='bbox 1501 4905 1516 4931; x_wconf 93' lang='lat'><strong>,</strong></span> <span class='ocrx_word' id='word_1_461' title='bbox 1541 4865 1772 4936; x_wconf 83' lang='lat' dir='ltr'><strong>regulam</strong></span> <span class='ocrx_word' id='word_1_462' title='bbox 1802 4866 1920 4921; x_wconf 87' lang='lat' dir='ltr'><strong>fidei</strong></span> <span class='ocrx_word' id='word_1_463' title='bbox 1949 4882 2053 4921; x_wconf 91' lang='lat' dir='ltr'><strong>non</strong></span> 
     </span>
    </p>
   </div>
   <div class='ocr_carea' id='block_1_52' title="bbox 486 4956 1428 5011">
    <p class='ocr_par' dir='ltr' id='par_1_52' title="bbox 486 4956 1428 5011">
     <span class='ocr_line' id='line_1_52' title="bbox 486 4956 1428 5011; baseline -0.01 -1"><span class='ocrx_word' id='word_1_464' title='bbox 486 4957 710 5011; x_wconf 81' lang='lat' dir='ltr'><strong>excedit.</strong></span> <span class='ocrx_word' id='word_1_465' title='bbox 1342 4956 1345 4957; x_wconf 67' lang='lat'><strong><em>&#39;</em></strong></span> <span class='ocrx_word' id='word_1_466' title='bbox 1424 4971 1428 4976; x_wconf 60' lang='grc' dir='ltr'><strong>ν</strong></span> 
     </span>
    </p>
   </div>
   <div class='ocr_carea' id='block_1_53' title="bbox 556 5045 2052 5120">
    <p class='ocr_par' dir='ltr' id='par_1_53' title="bbox 556 5045 2052 5120">
     <span class='ocr_line' id='line_1_53' title="bbox 556 5045 2052 5120; baseline 0.001 -19"><span class='ocrx_word' id='word_1_467' title='bbox 556 5048 608 5101; x_wconf 89' lang='lat'><strong>7.</strong></span> <span class='ocrx_word' id='word_1_468' title='bbox 633 5045 782 5120; x_wconf 65' lang='lat' dir='ltr'><strong>[rem</strong></span> <span class='ocrx_word' id='word_1_469' title='bbox 809 5045 887 5119; x_wconf 87' lang='lat'><strong>6.]</strong></span> <span class='ocrx_word' id='word_1_470' title='bbox 910 5046 1194 5118; x_wconf 79' lang='lat' dir='ltr'><strong>Increpasti</strong></span> <span class='ocrx_word' id='word_1_471' title='bbox 1217 5060 1407 5118; x_wconf 83' lang='lat' dir='ltr'><strong>gentes,</strong></span> <span class='ocrx_word' id='word_1_472' title='bbox 1435 5058 1479 5102; x_wconf 81' lang='lat' dir='ltr'><strong>et</strong></span> <span class='ocrx_word' id='word_1_473' title='bbox 1508 5049 1652 5117; x_wconf 86' lang='lat' dir='ltr'><strong>periit</strong></span> <span class='ocrx_word' id='word_1_474' title='bbox 1677 5050 1884 5117; x_wconf 81' lang='lat' dir='ltr'><strong>impius.</strong></span> <span class='ocrx_word' id='word_1_475' title='bbox 1905 5048 2052 5103; x_wconf 57' lang='lat' dir='ltr'><strong>Con-</strong></span> 
     </span>
    </p>
   </div>
   <div class='ocr_carea' id='block_1_54' title="bbox 487 5138 2049 5209">
    <p class='ocr_par' dir='ltr' id='par_1_54' title="bbox 487 5138 2049 5209">
     <span class='ocr_line' id='line_1_54' title="bbox 487 5138 2049 5209; baseline 0.002 -19"><span class='ocrx_word' id='word_1_476' title='bbox 487 5138 783 5193; x_wconf 85' lang='lat' dir='ltr'><strong>venientius</strong></span> <span class='ocrx_word' id='word_1_477' title='bbox 806 5138 906 5192; x_wconf 92' lang='lat' dir='ltr'><strong>hoc</strong></span> <span class='ocrx_word' id='word_1_478' title='bbox 929 5138 1150 5192; x_wconf 91' lang='lat' dir='ltr'><strong>Domino</strong></span> <span class='ocrx_word' id='word_1_479' title='bbox 1174 5138 1299 5193; x_wconf 86' lang='lat' dir='ltr'><strong>Jesu</strong></span> <span class='ocrx_word' id='word_1_480' title='bbox 1321 5139 1535 5194; x_wconf 87' lang='lat' dir='ltr'><strong>Christo</strong></span> <span class='ocrx_word' id='word_1_481' title='bbox 1560 5139 1685 5203; x_wconf 90' lang='lat' dir='ltr'><strong>dici,</strong></span> <span class='ocrx_word' id='word_1_482' title='bbox 1701 5155 1856 5209; x_wconf 90' lang='lat' dir='ltr'><strong>quam</strong></span> <span class='ocrx_word' id='word_1_483' title='bbox 1881 5140 2049 5209; x_wconf 88' lang='lat' dir='ltr'><strong>ipsum</strong></span> 
     </span>
    </p>
   </div>
   <div class='ocr_carea' id='block_1_55' title="bbox 490 5228 2052 5303">
    <p class='ocr_par' dir='ltr' id='par_1_55' title="bbox 490 5228 2052 5303">
     <span class='ocr_line' id='line_1_55' title="bbox 490 5228 2052 5303; baseline 0.003 -20"><span class='ocrx_word' id='word_1_484' title='bbox 490 5229 689 5295; x_wconf 86' lang='lat' dir='ltr'><strong>dicere,</strong></span> <span class='ocrx_word' id='word_1_485' title='bbox 722 5228 1026 5299; x_wconf 83' lang='lat' dir='ltr'><strong>accipimus.</strong></span> <span class='ocrx_word' id='word_1_486' title='bbox 1056 5228 1183 5295; x_wconf 85' lang='lat' dir='ltr'><strong>Quis</strong></span> <span class='ocrx_word' id='word_1_487' title='bbox 1209 5230 1349 5283; x_wconf 90' lang='lat' dir='ltr'><strong>enim</strong></span> <span class='ocrx_word' id='word_1_488' title='bbox 1372 5231 1506 5284; x_wconf 89' lang='lat' dir='ltr'><strong>alius</strong></span> <span class='ocrx_word' id='word_1_489' title='bbox 1533 5232 1824 5301; x_wconf 87' lang='lat' dir='ltr'><strong>increpavit</strong></span> <span class='ocrx_word' id='word_1_490' title='bbox 1848 5243 2052 5303; x_wconf 68' lang='lat' dir='ltr'><strong>gentes,</strong></span> 
     </span>
    </p>
   </div>
   <div class='ocr_carea' id='block_1_56' title="bbox 490 5318 2059 5391">
    <p class='ocr_par' dir='ltr' id='par_1_56' title="bbox 490 5318 2059 5391">
     <span class='ocr_line' id='line_1_56' title="bbox 490 5318 2059 5391; baseline -0.002 -16"><span class='ocrx_word' id='word_1_491' title='bbox 490 5330 545 5376; x_wconf 92' lang='lat' dir='ltr'><strong>et</strong></span> <span class='ocrx_word' id='word_1_492' title='bbox 566 5321 722 5391; x_wconf 88' lang='lat' dir='ltr'><strong>periit</strong></span> <span class='ocrx_word' id='word_1_493' title='bbox 747 5319 957 5388; x_wconf 90' lang='lat' dir='ltr'><strong>impius,</strong></span> <span class='ocrx_word' id='word_1_494' title='bbox 982 5318 1081 5373; x_wconf 91' lang='lat' dir='ltr'><strong>nisi</strong></span> <span class='ocrx_word' id='word_1_495' title='bbox 1102 5319 1191 5388; x_wconf 91' lang='lat' dir='ltr'><strong>qui</strong></span> <span class='ocrx_word' id='word_1_496' title='bbox 1218 5329 1394 5387; x_wconf 88' lang='lat' dir='ltr'><strong>postea</strong></span> <span class='ocrx_word' id='word_1_497' title='bbox 1424 5336 1581 5389; x_wconf 91' lang='lat' dir='ltr'><strong>quam</strong></span> <span class='ocrx_word' id='word_1_498' title='bbox 1605 5324 1843 5377; x_wconf 81' lang='lat' dir='ltr'><strong>ascendit</strong></span> <span class='ocrx_word' id='word_1_499' title='bbox 1872 5325 1921 5377; x_wconf 93' lang='lat' dir='ltr'><strong>in</strong></span> <span class='ocrx_word' id='word_1_500' title='bbox 1949 5339 2059 5377; x_wconf 77' lang='lat' dir='ltr'><strong>cet-.-</strong></span> 
     </span>
    </p>
   </div>
   <div class='ocr_carea' id='block_1_57' title="bbox 497 5410 2051 5482">
    <p class='ocr_par' dir='ltr' id='par_1_57' title="bbox 497 5410 2051 5482">
     <span class='ocr_line' id='line_1_57' title="bbox 497 5410 2051 5482; baseline -0.001 -13"><span class='ocrx_word' id='word_1_501' title='bbox 497 5415 627 5479; x_wconf 89' lang='lat' dir='ltr'><strong>lutu,</strong></span> <span class='ocrx_word' id='word_1_502' title='bbox 648 5413 788 5467; x_wconf 88' lang='lat' dir='ltr'><strong>misit</strong></span> <span class='ocrx_word' id='word_1_503' title='bbox 815 5410 1068 5481; x_wconf 87' lang='lat' dir='ltr'><strong>Spiritum</strong></span> <span class='ocrx_word' id='word_1_504' title='bbox 1098 5420 1358 5474; x_wconf 86' lang='lat' dir='ltr'><strong>sanctum,</strong></span> <span class='ocrx_word' id='word_1_505' title='bbox 1386 5426 1491 5480; x_wconf 90' lang='lat' dir='ltr'><strong>quo</strong></span> <span class='ocrx_word' id='word_1_506' title='bbox 1519 5413 1765 5482; x_wconf 85' lang='lat' dir='ltr'><strong>complcti</strong></span> <span class='ocrx_word' id='word_1_507' title='bbox 1795 5415 2051 5482; x_wconf 79' lang='lat' dir='ltr'><strong>Apostoli,</strong></span> 
     </span>
    </p>
   </div>
   <div class='ocr_carea' id='block_1_58' title="bbox 494 5502 2055 5573">
    <p class='ocr_par' dir='ltr' id='par_1_58' title="bbox 494 5502 2055 5573">
     <span class='ocr_line' id='line_1_58' title="bbox 494 5502 2055 5573; baseline 0 -12"><span class='ocrx_word' id='word_1_508' title='bbox 494 5520 616 5563; x_wconf 86' lang='lat' dir='ltr'><strong>cum</strong></span> <span class='ocrx_word' id='word_1_509' title='bbox 652 5503 838 5558; x_wconf 79' lang='lat' dir='ltr'><strong>ﬁducia</strong></span> <span class='ocrx_word' id='word_1_510' title='bbox 867 5502 1211 5572; x_wconf 70' lang='lat' dir='ltr'><strong>prtediearent</strong></span> <span class='ocrx_word' id='word_1_511' title='bbox 1241 5502 1454 5556; x_wconf 84' lang='lat' dir='ltr'><strong>verbum</strong></span> <span class='ocrx_word' id='word_1_512' title='bbox 1478 5502 1570 5556; x_wconf 92' lang='lat' dir='ltr'><strong>Dei</strong></span> <span class='ocrx_word' id='word_1_513' title='bbox 1591 5543 1606 5569; x_wconf 95' lang='lat'><strong>,</strong></span> <span class='ocrx_word' id='word_1_514' title='bbox 1640 5514 1694 5557; x_wconf 91' lang='lat' dir='ltr'><strong>ct</strong></span> <span class='ocrx_word' id='word_1_515' title='bbox 1720 5513 1931 5573; x_wconf 86' lang='lat' dir='ltr'><strong>peccata</strong></span> <span class='ocrx_word' id='word_1_516' title='bbox 1963 5505 2055 5561; x_wconf 83' lang='lat' dir='ltr'><strong>ho-</strong></span> 
     </span>
    </p>
   </div>
   <div class='ocr_carea' id='block_1_59' title="bbox 559 5682 1757 5767">
    <p class='ocr_par' dir='ltr' id='par_1_59' title="bbox 559 5682 1757 5767">
     <span class='ocr_line' id='line_1_59' title="bbox 559 5682 1757 5767; baseline -0.01 -8"><span class='ocrx_word' id='word_1_517' title='bbox 559 5711 574 5739; x_wconf 83' lang='lat'><strong><em>‘</em></strong></span> <span class='ocrx_word' id='word_1_518' title='bbox 601 5709 672 5758; x_wconf 79' lang='lat' dir='ltr'><strong>ste</strong></span> <span class='ocrx_word' id='word_1_519' title='bbox 694 5708 742 5757; x_wconf 85' lang='lat' dir='ltr'><strong>in</strong></span> <span class='ocrx_word' id='word_1_520' title='bbox 769 5714 872 5759; x_wconf 69' lang='lat' dir='ltr'><strong>Mss.</strong></span> <span class='ocrx_word' id='word_1_521' title='bbox 900 5712 952 5755; x_wconf 80' lang='lat' dir='ltr'><strong>Al</strong></span> <span class='ocrx_word' id='word_1_522' title='bbox 976 5704 1096 5767; x_wconf 82' lang='lat' dir='ltr'><strong>apud</strong></span> <span class='ocrx_word' id='word_1_523' title='bbox 1118 5708 1242 5753; x_wconf 88' lang='lat' dir='ltr'><strong>Lov..</strong></span> <span class='ocrx_word' id='word_1_524' title='bbox 1269 5682 1364 5753; x_wconf 70' lang='lat' dir='ltr'><strong>sire</strong></span> <span class='ocrx_word' id='word_1_525' title='bbox 1380 5700 1503 5751; x_wconf 80' lang='lat' dir='ltr'><strong>enim</strong></span> <span class='ocrx_word' id='word_1_526' title='bbox 1529 5698 1757 5751; x_wconf 73' lang='lat' dir='ltr'><strong>Ecrlesia.</strong></span> 
     </span>
    </p>
   </div>
   <div class='ocr_carea' id='block_1_60' title="bbox 1674 272 2471 335">
    <p class='ocr_par' dir='ltr' id='par_1_60' title="bbox 1674 272 2471 335">
     <span class='ocr_line' id='line_1_60' title="bbox 1674 272 2471 335; baseline -0.001 -1"><span class='ocrx_word' id='word_1_527' title='bbox 1674 278 1729 334; x_wconf 85' lang='lat' dir='ltr'><strong>S.</strong></span> <span class='ocrx_word' id='word_1_528' title='bbox 1772 272 2132 331; x_wconf 73' lang='lat' dir='ltr'><strong>AUGUSTINI</strong></span> <span class='ocrx_word' id='word_1_529' title='bbox 2172 274 2471 335; x_wconf 79' lang='lat' dir='ltr'><strong>EPJSCOPl</strong></span> 
     </span>
    </p>
   </div>
   <div class='ocr_carea' id='block_1_61' title="bbox 3584 282 3719 340">
    <p class='ocr_par' dir='ltr' id='par_1_61' title="bbox 3584 282 3719 340">
     <span class='ocr_line' id='line_1_61' title="bbox 3584 282 3719 340; baseline -0.007 0"><span class='ocrx_word' id='word_1_530' title='bbox 3584 282 3719 340; x_wconf 60' lang='grc' dir='ltr'><strong>ων</strong></span> 
     </span>
    </p>
   </div>
   <div class='ocr_carea' id='block_1_62' title="bbox 2126 390 3687 473">
    <p class='ocr_par' dir='ltr' id='par_1_62' title="bbox 2126 390 3687 473">
     <span class='ocr_line' id='line_1_62' title="bbox 2126 390 3687 473; baseline 0.01 -31"><span class='ocrx_word' id='word_1_531' title='bbox 2126 390 2324 444; x_wconf 91' lang='lat' dir='ltr'><strong>minum</strong></span> <span class='ocrx_word' id='word_1_532' title='bbox 2355 394 2519 450; x_wconf 88' lang='lat' dir='ltr'><strong>libere</strong></span> <span class='ocrx_word' id='word_1_533' title='bbox 2544 401 2865 468; x_wconf 85' lang='lat' dir='ltr'><strong>arguerent?</strong></span> <span class='ocrx_word' id='word_1_534' title='bbox 2883 414 2985 470; x_wconf 84' lang='lat' dir='ltr'><strong>qua</strong></span> <span class='ocrx_word' id='word_1_535' title='bbox 3017 400 3374 470; x_wconf 83' lang='lat' dir='ltr'><strong>increpatione</strong></span> <span class='ocrx_word' id='word_1_536' title='bbox 3398 401 3555 473; x_wconf 89' lang='lat' dir='ltr'><strong>periit</strong></span> <span class='ocrx_word' id='word_1_537' title='bbox 3582 403 3687 456; x_wconf 89' lang='lat' dir='ltr'><strong>im-</strong></span> 
     </span>
    </p>
   </div>
   <div class='ocr_carea' id='block_1_63' title="bbox 2128 482 3689 563">
    <p class='ocr_par' dir='ltr' id='par_1_63' title="bbox 2128 482 3689 563">
     <span class='ocr_line' id='line_1_63' title="bbox 2128 482 3689 563; baseline 0.012 -33"><span class='ocrx_word' id='word_1_538' title='bbox 2128 482 2279 551; x_wconf 87' lang='lat' dir='ltr'><strong>pius;</strong></span> <span class='ocrx_word' id='word_1_539' title='bbox 2310 487 2430 554; x_wconf 86' lang='lat' dir='ltr'><strong>quia</strong></span> <span class='ocrx_word' id='word_1_540' title='bbox 2452 487 2769 556; x_wconf 85' lang='lat' dir='ltr'><strong>justificatus</strong></span> <span class='ocrx_word' id='word_1_541' title='bbox 2795 501 2878 546; x_wconf 79' lang='lat' dir='ltr'><strong>est</strong></span> <span class='ocrx_word' id='word_1_542' title='bbox 2905 490 3131 562; x_wconf 89' lang='lat' dir='ltr'><strong>impius,</strong></span> <span class='ocrx_word' id='word_1_543' title='bbox 3159 502 3213 547; x_wconf 86' lang='lat' dir='ltr'><strong>et</strong></span> <span class='ocrx_word' id='word_1_544' title='bbox 3240 491 3407 547; x_wconf 84' lang='lat' dir='ltr'><strong>factus</strong></span> <span class='ocrx_word' id='word_1_545' title='bbox 3438 501 3524 548; x_wconf 86' lang='lat' dir='ltr'><strong>est</strong></span> <span class='ocrx_word' id='word_1_546' title='bbox 3549 496 3689 563; x_wconf 88' lang='lat' dir='ltr'><strong>pius.</strong></span> 
     </span>
    </p>
   </div>
   <div class='ocr_carea' id='block_1_64' title="bbox 2128 573 3691 657">
    <p class='ocr_par' dir='ltr' id='par_1_64' title="bbox 2128 573 3691 657">
     <span class='ocr_line' id='line_1_64' title="bbox 2128 573 3691 657; baseline 0.006 -30"><span class='ocrx_word' id='word_1_547' title='bbox 2128 573 2327 630; x_wconf 82' lang='lat' dir='ltr'><strong>Nomen</strong></span> <span class='ocrx_word' id='word_1_548' title='bbox 2351 594 2524 633; x_wconf 86' lang='lat' dir='ltr'><strong>eorum</strong></span> <span class='ocrx_word' id='word_1_549' title='bbox 2544 579 2717 657; x_wconf 83' lang='lat' dir='ltr'><strong>delestt&#39;</strong></span> <span class='ocrx_word' id='word_1_550' title='bbox 2734 582 2787 635; x_wconf 81' lang='lat' dir='ltr'><strong>in</strong></span> <span class='ocrx_word' id='word_1_551' title='bbox 2808 582 3067 645; x_wconf 77' lang='lat' dir='ltr'><strong>steculum,</strong></span> <span class='ocrx_word' id='word_1_552' title='bbox 3085 593 3133 638; x_wconf 82' lang='lat' dir='ltr'><strong>et</strong></span> <span class='ocrx_word' id='word_1_553' title='bbox 3156 584 3209 637; x_wconf 81' lang='lat' dir='ltr'><strong>in</strong></span> <span class='ocrx_word' id='word_1_554' title='bbox 3234 582 3474 638; x_wconf 60' lang='lat' dir='ltr'><strong>suculam</strong></span> <span class='ocrx_word' id='word_1_555' title='bbox 3493 585 3691 638; x_wconf 69' lang='lat' dir='ltr'><strong>saeuit.</strong></span> 
     </span>
    </p>
   </div>
   <div class='ocr_carea' id='block_1_65' title="bbox 2127 666 3697 747">
    <p class='ocr_par' dir='ltr' id='par_1_65' title="bbox 2127 666 3697 747">
     <span class='ocr_line' id='line_1_65' title="bbox 2127 666 3697 747; baseline 0.006 -26"><span class='ocrx_word' id='word_1_556' title='bbox 2127 666 2363 723; x_wconf 83' lang='lat' dir='ltr'><strong>Deletum</strong></span> <span class='ocrx_word' id='word_1_557' title='bbox 2393 680 2474 725; x_wconf 90' lang='lat' dir='ltr'><strong>est</strong></span> <span class='ocrx_word' id='word_1_558' title='bbox 2502 687 2694 728; x_wconf 91' lang='lat' dir='ltr'><strong>nomen</strong></span> <span class='ocrx_word' id='word_1_559' title='bbox 2716 675 2996 744; x_wconf 89' lang='lat' dir='ltr'><strong>impiorum</strong></span> <span class='ocrx_word' id='word_1_560' title='bbox 3027 695 3040 730; x_wconf 91' lang='lat'><strong>:</strong></span> <span class='ocrx_word' id='word_1_561' title='bbox 3066 692 3169 731; x_wconf 91' lang='lat' dir='ltr'><strong>non</strong></span> <span class='ocrx_word' id='word_1_562' title='bbox 3191 677 3330 731; x_wconf 90' lang='lat' dir='ltr'><strong>enim</strong></span> <span class='ocrx_word' id='word_1_563' title='bbox 3358 678 3697 747; x_wconf 84' lang='lat' dir='ltr'><strong>appellantur</strong></span> 
     </span>
    </p>
   </div>
   <div class='ocr_carea' id='block_1_66' title="bbox 2126 759 3692 831">
    <p class='ocr_par' dir='ltr' id='par_1_66' title="bbox 2126 759 3692 831">
     <span class='ocr_line' id='line_1_66' title="bbox 2126 759 3692 831; baseline 0.005 -18"><span class='ocrx_word' id='word_1_564' title='bbox 2126 759 2307 827; x_wconf 92' lang='lat' dir='ltr'><strong>impii,</strong></span> <span class='ocrx_word' id='word_1_565' title='bbox 2338 761 2427 831; x_wconf 91' lang='lat' dir='ltr'><strong>qui</strong></span> <span class='ocrx_word' id='word_1_566' title='bbox 2458 762 2568 817; x_wconf 83' lang='lat' dir='ltr'><strong>Deo</strong></span> <span class='ocrx_word' id='word_1_567' title='bbox 2596 779 2741 819; x_wconf 21' lang='lat' dir='ltr'><strong>vero.</strong></span> <span class='ocrx_word' id='word_1_568' title='bbox 2763 765 3007 820; x_wconf 90' lang='lat' dir='ltr'><strong>credunt.</strong></span> <span class='ocrx_word' id='word_1_569' title='bbox 3048 766 3261 821; x_wconf 89' lang='lat' dir='ltr'><strong>Deletur</strong></span> <span class='ocrx_word' id='word_1_570' title='bbox 3293 776 3466 821; x_wconf 88' lang='lat' dir='ltr'><strong>autem</strong></span> <span class='ocrx_word' id='word_1_571' title='bbox 3494 781 3692 822; x_wconf 88' lang='lat' dir='ltr'><strong>nomen</strong></span> 
     </span>
    </p>
   </div>
   <div class='ocr_carea' id='block_1_67' title="bbox 2127 852 3696 927">
    <p class='ocr_par' dir='ltr' id='par_1_67' title="bbox 2127 852 3696 927">
     <span class='ocr_line' id='line_1_67' title="bbox 2127 852 3696 927; baseline 0.006 -23"><span class='ocrx_word' id='word_1_572' title='bbox 2127 864 2311 904; x_wconf 87' lang='lat' dir='ltr'><strong>eorum</strong></span> <span class='ocrx_word' id='word_1_573' title='bbox 2339 852 2391 905; x_wconf 86' lang='lat' dir='ltr'><strong>in</strong></span> <span class='ocrx_word' id='word_1_574' title='bbox 2409 854 2671 923; x_wconf 64' lang='lat' dir='ltr'><strong>saeculum,</strong></span> <span class='ocrx_word' id='word_1_575' title='bbox 2699 854 2751 909; x_wconf 89' lang='lat' dir='ltr'><strong>id</strong></span> <span class='ocrx_word' id='word_1_576' title='bbox 2777 864 2880 920; x_wconf 89' lang='lat' dir='ltr'><strong>est,</strong></span> <span class='ocrx_word' id='word_1_577' title='bbox 2907 856 3156 925; x_wconf 87' lang='lat' dir='ltr'><strong>quamdiu</strong></span> <span class='ocrx_word' id='word_1_578' title='bbox 3199 856 3492 927; x_wconf 89' lang='lat' dir='ltr'><strong>temporale</strong></span> <span class='ocrx_word' id='word_1_579' title='bbox 3516 872 3696 913; x_wconf 63' lang='lat' dir='ltr'><strong>saecu-</strong></span> 
     </span>
    </p>
   </div>
   <div class='ocr_carea' id='block_1_68' title="bbox 2126 940 3701 1014">
    <p class='ocr_par' dir='ltr' id='par_1_68' title="bbox 2126 940 3701 1014">
     <span class='ocr_line' id='line_1_68' title="bbox 2126 940 3701 1014; baseline 0.004 -19"><span class='ocrx_word' id='word_1_580' title='bbox 2126 940 2232 995; x_wconf 92' lang='lat' dir='ltr'><strong>lum</strong></span> <span class='ocrx_word' id='word_1_581' title='bbox 2264 942 2506 997; x_wconf 88' lang='lat' dir='ltr'><strong>volvitur.</strong></span> <span class='ocrx_word' id='word_1_582' title='bbox 2539 942 2606 997; x_wconf 83' lang='lat' dir='ltr'><strong>Et</strong></span> <span class='ocrx_word' id='word_1_583' title='bbox 2634 945 2687 999; x_wconf 87' lang='lat' dir='ltr'><strong>in</strong></span> <span class='ocrx_word' id='word_1_584' title='bbox 2714 947 2951 1000; x_wconf 75' lang='lat' dir='ltr'><strong>steculum</strong></span> <span class='ocrx_word' id='word_1_585' title='bbox 2977 948 3170 1001; x_wconf 78' lang='lat' dir='ltr'><strong>steculi.</strong></span> <span class='ocrx_word' id='word_1_586' title='bbox 3193 946 3331 1014; x_wconf 83' lang='lat' dir='ltr'><strong>Quid</strong></span> <span class='ocrx_word' id='word_1_587' title='bbox 3354 958 3435 1002; x_wconf 87' lang='lat' dir='ltr'><strong>est</strong></span> <span class='ocrx_word' id='word_1_588' title='bbox 3456 948 3701 1003; x_wconf 75' lang='lat' dir='ltr'><strong>steculum</strong></span> 
     </span>
    </p>
   </div>
   <div class='ocr_carea' id='block_1_69' title="bbox 2068 1020 3795 1106">
    <p class='ocr_par' dir='ltr' id='par_1_69' title="bbox 2068 1020 3795 1106">
     <span class='ocr_line' id='line_1_69' title="bbox 2068 1020 3795 1106; baseline 0.006 -23"><span class='ocrx_word' id='word_1_589' title='bbox 2068 1096 2071 1097; x_wconf 17' lang='grc' dir='ltr'><em>ν</em></span> <span class='ocrx_word' id='word_1_590' title='bbox 2126 1030 2300 1085; x_wconf 68' lang='grc' dir='ltr'><strong>διεσαιί</strong></span> <span class='ocrx_word' id='word_1_591' title='bbox 2315 1072 2332 1098; x_wconf 89' lang='grc'><em>,</em></span> <span class='ocrx_word' id='word_1_592' title='bbox 2363 1032 2462 1085; x_wconf 90' lang='lat' dir='ltr'><strong>nisi</strong></span> <span class='ocrx_word' id='word_1_593' title='bbox 2483 1033 2633 1103; x_wconf 89' lang='lat' dir='ltr'><strong>cujus</strong></span> <span class='ocrx_word' id='word_1_594' title='bbox 2658 1034 2888 1103; x_wconf 79' lang='lat' dir='ltr'><strong>effigiem</strong></span> <span class='ocrx_word' id='word_1_595' title='bbox 2915 1043 2971 1090; x_wconf 93' lang='lat' dir='ltr'><strong>et</strong></span> <span class='ocrx_word' id='word_1_596' title='bbox 2991 1045 3241 1106; x_wconf 84' lang='lat' dir='ltr'><strong>tanquam</strong></span> <span class='ocrx_word' id='word_1_597' title='bbox 3269 1036 3510 1092; x_wconf 84' lang='lat' dir='ltr'><strong>umbram</strong></span> <span class='ocrx_word' id='word_1_598' title='bbox 3538 1020 3704 1095; x_wconf 74' lang='lat' dir='ltr'><strong>liabet</strong></span> <span class='ocrx_word' id='word_1_599' title='bbox 3784 1067 3795 1075; x_wconf 95' lang='lat'><em>-</em></span> 
     </span>
    </p>
   </div>
   <div class='ocr_carea' id='block_1_70' title="bbox 2129 1120 3701 1199">
    <p class='ocr_par' dir='ltr' id='par_1_70' title="bbox 2129 1120 3701 1199">
     <span class='ocr_line' id='line_1_70' title="bbox 2129 1120 3701 1199; baseline 0.006 -24"><span class='ocrx_word' id='word_1_600' title='bbox 2129 1120 2230 1177; x_wconf 93' lang='lat' dir='ltr'><strong>hoc</strong></span> <span class='ocrx_word' id='word_1_601' title='bbox 2266 1125 2563 1179; x_wconf 62' lang='lat' dir='ltr'><strong>saxulum?</strong></span> <span class='ocrx_word' id='word_1_602' title='bbox 2602 1126 2925 1183; x_wconf 87' lang='lat' dir='ltr'><strong>Vicissitudo</strong></span> <span class='ocrx_word' id='word_1_603' title='bbox 2952 1128 3094 1183; x_wconf 91' lang='lat' dir='ltr'><strong>enim</strong></span> <span class='ocrx_word' id='word_1_604' title='bbox 3120 1137 3418 1199; x_wconf 91' lang='lat' dir='ltr'><strong>temporum</strong></span> <span class='ocrx_word' id='word_1_605' title='bbox 3447 1129 3548 1185; x_wconf 85' lang='lat' dir='ltr'><strong>sibi</strong></span> <span class='ocrx_word' id='word_1_606' title='bbox 3571 1144 3701 1185; x_wconf 84' lang='lat' dir='ltr'><strong>suc-</strong></span> 
     </span>
    </p>
   </div>
   <div class='ocr_carea' id='block_1_71' title="bbox 2126 1217 3699 1292">
    <p class='ocr_par' dir='ltr' id='par_1_71' title="bbox 2126 1217 3699 1292">
     <span class='ocr_line' id='line_1_71' title="bbox 2126 1217 3699 1292; baseline 0.005 -22"><span class='ocrx_word' id='word_1_607' title='bbox 2126 1217 2424 1273; x_wconf 89' lang='lat' dir='ltr'><strong>cedentium</strong></span> <span class='ocrx_word' id='word_1_608' title='bbox 2447 1261 2461 1280; x_wconf 90' lang='lat'><strong>.</strong></span> <span class='ocrx_word' id='word_1_609' title='bbox 2505 1218 2631 1274; x_wconf 93' lang='lat' dir='ltr'><strong>dum</strong></span> <span class='ocrx_word' id='word_1_610' title='bbox 2663 1220 2785 1275; x_wconf 91' lang='lat' dir='ltr'><strong>luna</strong></span> <span class='ocrx_word' id='word_1_611' title='bbox 2816 1221 3070 1276; x_wconf 90' lang='lat' dir='ltr'><strong>minttitur</strong></span> <span class='ocrx_word' id='word_1_612' title='bbox 3108 1230 3162 1278; x_wconf 90' lang='lat' dir='ltr'><strong>et</strong></span> <span class='ocrx_word' id='word_1_613' title='bbox 3182 1236 3373 1277; x_wconf 85' lang='lat' dir='ltr'><strong>rursus</strong></span> <span class='ocrx_word' id='word_1_614' title='bbox 3411 1222 3659 1292; x_wconf 85' lang='lat' dir='ltr'><strong>impletur</strong></span> <span class='ocrx_word' id='word_1_615' title='bbox 3679 1264 3699 1288; x_wconf 89' lang='lat'><strong>,</strong></span> 
     </span>
    </p>
   </div>
   <div class='ocr_carea' id='block_1_72' title="bbox 2128 1306 3700 1383">
    <p class='ocr_par' dir='ltr' id='par_1_72' title="bbox 2128 1306 3700 1383">
     <span class='ocr_line' id='line_1_72' title="bbox 2128 1306 3700 1383; baseline 0.003 -20"><span class='ocrx_word' id='word_1_616' title='bbox 2128 1309 2252 1363; x_wconf 92' lang='lat' dir='ltr'><strong>dum</strong></span> <span class='ocrx_word' id='word_1_617' title='bbox 2293 1312 2371 1366; x_wconf 93' lang='lat' dir='ltr'><strong>sol</strong></span> <span class='ocrx_word' id='word_1_618' title='bbox 2398 1312 2541 1366; x_wconf 89' lang='lat' dir='ltr'><strong>omni</strong></span> <span class='ocrx_word' id='word_1_619' title='bbox 2571 1328 2712 1366; x_wconf 89' lang='lat' dir='ltr'><strong>anno</strong></span> <span class='ocrx_word' id='word_1_620' title='bbox 2743 1312 2929 1371; x_wconf 79' lang='lat' dir='ltr'><strong>locum&#39;</strong></span> <span class='ocrx_word' id='word_1_621' title='bbox 2966 1306 3119 1367; x_wconf 86' lang='lat' dir='ltr'><strong>suum</strong></span> <span class='ocrx_word' id='word_1_622' title='bbox 3149 1315 3378 1383; x_wconf 90' lang='lat' dir='ltr'><strong>repetit,</strong></span> <span class='ocrx_word' id='word_1_623' title='bbox 3418 1313 3542 1369; x_wconf 91' lang='lat' dir='ltr'><strong>dum</strong></span> <span class='ocrx_word' id='word_1_624' title='bbox 3581 1328 3700 1378; x_wconf 87' lang='lat' dir='ltr'><strong>ver,</strong></span> 
     </span>
    </p>
   </div>
   <div class='ocr_carea' id='block_1_73' title="bbox 2127 1399 3698 1467">
    <p class='ocr_par' dir='ltr' id='par_1_73' title="bbox 2127 1399 3698 1467">
     <span class='ocr_line' id='line_1_73' title="bbox 2127 1399 3698 1467; baseline 0.005 -16"><span class='ocrx_word' id='word_1_625' title='bbox 2127 1399 2210 1454; x_wconf 89' lang='lat' dir='ltr'><strong>vel</strong></span> <span class='ocrx_word' id='word_1_626' title='bbox 2239 1409 2415 1465; x_wconf 77' lang='lat' dir='ltr'><strong>testas,</strong></span> <span class='ocrx_word' id='word_1_627' title='bbox 2441 1402 2523 1456; x_wconf 89' lang='lat' dir='ltr'><strong>vel</strong></span> <span class='ocrx_word' id='word_1_628' title='bbox 2539 1411 2843 1467; x_wconf 90' lang='lat' dir='ltr'><strong>autumnus,</strong></span> <span class='ocrx_word' id='word_1_629' title='bbox 2859 1403 2944 1458; x_wconf 86' lang='lat' dir='ltr'><strong>vel</strong></span> <span class='ocrx_word' id='word_1_630' title='bbox 2973 1403 3143 1458; x_wconf 90' lang='lat' dir='ltr'><strong>hiems</strong></span> <span class='ocrx_word' id='word_1_631' title='bbox 3168 1404 3245 1458; x_wconf 91' lang='lat' dir='ltr'><strong>sic</strong></span> <span class='ocrx_word' id='word_1_632' title='bbox 3270 1404 3459 1458; x_wconf 90' lang='lat' dir='ltr'><strong>transit</strong></span> <span class='ocrx_word' id='word_1_633' title='bbox 3486 1413 3546 1458; x_wconf 93' lang='lat' dir='ltr'><strong>ut</strong></span> <span class='ocrx_word' id='word_1_634' title='bbox 3570 1404 3698 1459; x_wconf 56' lang='lat' dir='ltr'><strong>red-</strong></span> 
     </span>
    </p>
   </div>
   <div class='ocr_carea' id='block_1_74' title="bbox 2127 1478 3765 1565">
    <p class='ocr_par' dir='ltr' id='par_1_74' title="bbox 2127 1478 3765 1565">
     <span class='ocr_line' id='line_1_74' title="bbox 2127 1478 3765 1565; baseline 0.003 -21"><span class='ocrx_word' id='word_1_635' title='bbox 2127 1500 2243 1556; x_wconf 82' lang='lat' dir='ltr'><strong>eat,</strong></span> <span class='ocrx_word' id='word_1_636' title='bbox 2273 1491 2580 1546; x_wconf 75' lang='lat' dir='ltr'><strong>mternitatis</strong></span> <span class='ocrx_word' id='word_1_637' title='bbox 2608 1493 2848 1563; x_wconf 56' lang='lat' dir='ltr'><strong>quadam</strong></span> <span class='ocrx_word' id='word_1_638' title='bbox 2888 1494 3110 1548; x_wconf 87' lang='lat' dir='ltr'><strong>imitatio</strong></span> <span class='ocrx_word' id='word_1_639' title='bbox 3153 1503 3254 1549; x_wconf 87' lang='lat' dir='ltr'><strong>est.</strong></span> <span class='ocrx_word' id='word_1_640' title='bbox 3283 1493 3573 1565; x_wconf 83' lang='lat' dir='ltr'><strong>Sedhujus</strong></span> <span class='ocrx_word' id='word_1_641' title='bbox 3597 1509 3704 1549; x_wconf 68' lang='grc' dir='ltr'><strong><em>διε-</em></strong></span> <span class='ocrx_word' id='word_1_642' title='bbox 3754 1478 3765 1481; x_wconf 47' lang='grc'><strong><em>“</em></strong></span> 
     </span>
    </p>
   </div>
   <div class='ocr_carea' id='block_1_75' title="bbox 2131 1582 3795 1655">
    <p class='ocr_par' dir='ltr' id='par_1_75' title="bbox 2131 1582 3795 1655">
     <span class='ocr_line' id='line_1_75' title="bbox 2131 1582 3795 1655; baseline 0.002 -19"><span class='ocrx_word' id='word_1_643' title='bbox 2131 1582 2233 1637; x_wconf 91' lang='lat' dir='ltr'><strong>culi</strong></span> <span class='ocrx_word' id='word_1_644' title='bbox 2261 1583 2513 1638; x_wconf 80' lang='lat' dir='ltr'><strong>saeculum</strong></span> <span class='ocrx_word' id='word_1_645' title='bbox 2539 1594 2621 1638; x_wconf 90' lang='lat' dir='ltr'><strong>est</strong></span> <span class='ocrx_word' id='word_1_646' title='bbox 2644 1584 2784 1655; x_wconf 90' lang='lat' dir='ltr'><strong>quod</strong></span> <span class='ocrx_word' id='word_1_647' title='bbox 2813 1584 3233 1640; x_wconf 89' lang='lat' dir='ltr'><strong>incommutabili</strong></span> <span class='ocrx_word' id='word_1_648' title='bbox 3257 1586 3551 1641; x_wconf 65' lang='lat' dir='ltr'><strong>aeternitate</strong></span> <span class='ocrx_word' id='word_1_649' title='bbox 3569 1600 3707 1640; x_wconf 66' lang='lat' dir='ltr'><strong>cono</strong></span> <span class='ocrx_word' id='word_1_650' title='bbox 3792 1588 3795 1589; x_wconf 64' lang='grc'><strong><em>⁷</em></strong></span> 
     </span>
    </p>
   </div>
   <div class='ocr_carea' id='block_1_76' title="bbox 2130 1673 3709 1739">
    <p class='ocr_par' dir='ltr' id='par_1_76' title="bbox 2130 1673 3709 1739">
     <span class='ocr_line' id='line_1_76' title="bbox 2130 1673 3709 1739; baseline 0.002 -12"><span class='ocrx_word' id='word_1_651' title='bbox 2130 1674 2286 1728; x_wconf 89' lang='lat' dir='ltr'><strong>sistit.</strong></span> <span class='ocrx_word' id='word_1_652' title='bbox 2312 1673 2461 1729; x_wconf 89' lang='lat' dir='ltr'><strong>Sicut</strong></span> <span class='ocrx_word' id='word_1_653' title='bbox 2499 1690 2684 1730; x_wconf 87' lang='lat' dir='ltr'><strong>versus</strong></span> <span class='ocrx_word' id='word_1_654' title='bbox 2710 1675 2763 1729; x_wconf 92' lang='lat' dir='ltr'><strong>in</strong></span> <span class='ocrx_word' id='word_1_655' title='bbox 2790 1673 2989 1739; x_wconf 87' lang='lat' dir='ltr'><strong>animo,</strong></span> <span class='ocrx_word' id='word_1_656' title='bbox 3020 1684 3074 1729; x_wconf 92' lang='lat' dir='ltr'><strong>et</strong></span> <span class='ocrx_word' id='word_1_657' title='bbox 3101 1689 3288 1730; x_wconf 84' lang='lat' dir='ltr'><strong>versus</strong></span> <span class='ocrx_word' id='word_1_658' title='bbox 3317 1675 3370 1730; x_wconf 90' lang='lat' dir='ltr'><strong>in</strong></span> <span class='ocrx_word' id='word_1_659' title='bbox 3398 1690 3529 1730; x_wconf 85' lang='lat' dir='ltr'><strong>voce</strong></span> <span class='ocrx_word' id='word_1_660' title='bbox 3562 1693 3577 1730; x_wconf 89' lang='lat'><strong>:</strong></span> <span class='ocrx_word' id='word_1_661' title='bbox 3607 1674 3709 1731; x_wconf 84' lang='lat' dir='ltr'><strong>ille</strong></span> 
     </span>
    </p>
   </div>
   <div class='ocr_carea' id='block_1_77' title="bbox 2135 1767 3724 1847">
    <p class='ocr_par' dir='ltr' id='par_1_77' title="bbox 2135 1767 3724 1847">
     <span class='ocr_line' id='line_1_77' title="bbox 2135 1767 3724 1847; baseline 0.001 -25"><span class='ocrx_word' id='word_1_662' title='bbox 2135 1769 2478 1837; x_wconf 78' lang='lat' dir='ltr'><strong>intelligitur,</strong></span> <span class='ocrx_word' id='word_1_663' title='bbox 2506 1770 2610 1824; x_wconf 91' lang='lat' dir='ltr'><strong>iste</strong></span> <span class='ocrx_word' id='word_1_664' title='bbox 2634 1768 2867 1833; x_wconf 87' lang='lat' dir='ltr'><strong>auditur;</strong></span> <span class='ocrx_word' id='word_1_665' title='bbox 2897 1777 2951 1823; x_wconf 87' lang='lat' dir='ltr'><strong>et</strong></span> <span class='ocrx_word' id='word_1_666' title='bbox 2994 1768 3085 1823; x_wconf 93' lang='lat' dir='ltr'><strong>ille</strong></span> <span class='ocrx_word' id='word_1_667' title='bbox 3123 1769 3280 1822; x_wconf 86' lang='lat' dir='ltr'><strong>istum</strong></span> <span class='ocrx_word' id='word_1_668' title='bbox 3309 1767 3577 1823; x_wconf 83' lang='lat' dir='ltr'><strong>modificat</strong></span> <span class='ocrx_word' id='word_1_669' title='bbox 3602 1786 3616 1822; x_wconf 90' lang='lat'><strong>:</strong></span> <span class='ocrx_word' id='word_1_670' title='bbox 3646 1777 3724 1847; x_wconf 36' lang='lat' dir='ltr'><strong>et.</strong></span> 
     </span>
    </p>
   </div>
   <div class='ocr_carea' id='block_1_78' title="bbox 2135 1858 3713 1929">
    <p class='ocr_par' dir='ltr' id='par_1_78' title="bbox 2135 1858 3713 1929">
     <span class='ocr_line' id='line_1_78' title="bbox 2135 1858 3713 1929; baseline 0 -16"><span class='ocrx_word' id='word_1_671' title='bbox 2135 1858 2255 1914; x_wconf 91' lang='lat' dir='ltr'><strong>ideo</strong></span> <span class='ocrx_word' id='word_1_672' title='bbox 2284 1859 2374 1913; x_wconf 89' lang='lat' dir='ltr'><strong>ille</strong></span> <span class='ocrx_word' id='word_1_673' title='bbox 2400 1861 2450 1912; x_wconf 92' lang='lat' dir='ltr'><strong>in</strong></span> <span class='ocrx_word' id='word_1_674' title='bbox 2478 1868 2592 1913; x_wconf 88' lang='lat' dir='ltr'><strong>arte</strong></span> <span class='ocrx_word' id='word_1_675' title='bbox 2615 1868 2866 1929; x_wconf 83' lang='lat' dir='ltr'><strong>Operatur</strong></span> <span class='ocrx_word' id='word_1_676' title='bbox 2895 1869 2948 1913; x_wconf 91' lang='lat' dir='ltr'><strong>et</strong></span> <span class='ocrx_word' id='word_1_677' title='bbox 2975 1869 3174 1923; x_wconf 88' lang='lat' dir='ltr'><strong>manet,</strong></span> <span class='ocrx_word' id='word_1_678' title='bbox 3198 1858 3296 1913; x_wconf 90' lang='lat' dir='ltr'><strong>iste</strong></span> <span class='ocrx_word' id='word_1_679' title='bbox 3327 1859 3378 1911; x_wconf 91' lang='lat' dir='ltr'><strong>in</strong></span> <span class='ocrx_word' id='word_1_680' title='bbox 3408 1871 3531 1913; x_wconf 81' lang='lat' dir='ltr'><strong>aere</strong></span> <span class='ocrx_word' id='word_1_681' title='bbox 3549 1867 3713 1913; x_wconf 82' lang='lat' dir='ltr'><strong>sonat</strong></span> 
     </span>
    </p>
   </div>
   <div class='ocr_carea' id='block_1_79' title="bbox 2135 1948 3713 2019">
    <p class='ocr_par' dir='ltr' id='par_1_79' title="bbox 2135 1948 3713 2019">
     <span class='ocr_line' id='line_1_79' title="bbox 2135 1948 3713 2019; baseline -0.001 -13"><span class='ocrx_word' id='word_1_682' title='bbox 2135 1961 2189 2006; x_wconf 93' lang='lat' dir='ltr'><strong>et</strong></span> <span class='ocrx_word' id='word_1_683' title='bbox 2218 1952 2426 2006; x_wconf 88' lang='lat' dir='ltr'><strong>transit.</strong></span> <span class='ocrx_word' id='word_1_684' title='bbox 2466 1950 2555 2006; x_wconf 89' lang='lat' dir='ltr'><strong>Sic</strong></span> <span class='ocrx_word' id='word_1_685' title='bbox 2583 1952 2741 2019; x_wconf 86' lang='lat' dir='ltr'><strong>hujus</strong></span> <span class='ocrx_word' id='word_1_686' title='bbox 2770 1950 3034 2005; x_wconf 87' lang='lat' dir='ltr'><strong>mutabilis</strong></span> <span class='ocrx_word' id='word_1_687' title='bbox 3064 1949 3247 2005; x_wconf 67' lang='lat' dir='ltr'><strong>saeculi</strong></span> <span class='ocrx_word' id='word_1_688' title='bbox 3290 1948 3480 2004; x_wconf 93' lang='lat' dir='ltr'><strong>modus</strong></span> <span class='ocrx_word' id='word_1_689' title='bbox 3515 1948 3583 2004; x_wconf 86' lang='lat' dir='ltr'><strong>ab</strong></span> <span class='ocrx_word' id='word_1_690' title='bbox 3610 1948 3713 2004; x_wconf 85' lang='lat' dir='ltr'><strong>illo</strong></span> 
     </span>
    </p>
   </div>
   <div class='ocr_carea' id='block_1_80' title="bbox 2136 2039 3708 2110">
    <p class='ocr_par' dir='ltr' id='par_1_80' title="bbox 2136 2039 3708 2110">
     <span class='ocr_line' id='line_1_80' title="bbox 2136 2039 3708 2110; baseline -0.003 -12"><span class='ocrx_word' id='word_1_691' title='bbox 2136 2043 2549 2099; x_wconf 85' lang='lat' dir='ltr'><strong>incommutabili</strong></span> <span class='ocrx_word' id='word_1_692' title='bbox 2570 2042 2767 2099; x_wconf 68' lang='lat' dir='ltr'><strong>smeulo</strong></span> <span class='ocrx_word' id='word_1_693' title='bbox 2787 2041 3055 2106; x_wconf 88' lang='lat' dir='ltr'><strong>definitur,</strong></span> <span class='ocrx_word' id='word_1_694' title='bbox 3068 2040 3207 2110; x_wconf 91' lang='lat' dir='ltr'><strong>quod</strong></span> <span class='ocrx_word' id='word_1_695' title='bbox 3228 2040 3423 2095; x_wconf 89' lang='lat' dir='ltr'><strong>dicitur</strong></span> <span class='ocrx_word' id='word_1_696' title='bbox 3443 2039 3708 2094; x_wconf 70' lang='lat' dir='ltr'><strong>malum</strong></span> 
     </span>
    </p>
   </div>
   <div class='ocr_carea' id='block_1_81' title="bbox 2134 2131 3708 2201">
    <p class='ocr_par' dir='ltr' id='par_1_81' title="bbox 2134 2131 3708 2201">
     <span class='ocr_line' id='line_1_81' title="bbox 2134 2131 3708 2201; baseline -0.005 -9"><span class='ocrx_word' id='word_1_697' title='bbox 2134 2137 2311 2192; x_wconf 72' lang='lat' dir='ltr'><strong>saeculi</strong></span> <span class='ocrx_word' id='word_1_698' title='bbox 2339 2155 2351 2190; x_wconf 89' lang='lat'><strong>:</strong></span> <span class='ocrx_word' id='word_1_699' title='bbox 2375 2148 2425 2191; x_wconf 91' lang='lat' dir='ltr'><strong>et</strong></span> <span class='ocrx_word' id='word_1_700' title='bbox 2450 2138 2567 2191; x_wconf 89' lang='lat' dir='ltr'><strong>ideo</strong></span> <span class='ocrx_word' id='word_1_701' title='bbox 2592 2136 2717 2190; x_wconf 88' lang='lat' dir='ltr'><strong>illud</strong></span> <span class='ocrx_word' id='word_1_702' title='bbox 2746 2136 2796 2189; x_wconf 90' lang='lat' dir='ltr'><strong>in</strong></span> <span class='ocrx_word' id='word_1_703' title='bbox 2829 2145 2944 2190; x_wconf 91' lang='lat' dir='ltr'><strong>arte</strong></span> <span class='ocrx_word' id='word_1_704' title='bbox 2972 2134 3096 2198; x_wconf 86' lang='lat' dir='ltr'><strong>Dei,</strong></span> <span class='ocrx_word' id='word_1_705' title='bbox 3122 2133 3224 2187; x_wconf 90' lang='lat' dir='ltr'><strong>hoc</strong></span> <span class='ocrx_word' id='word_1_706' title='bbox 3250 2142 3334 2189; x_wconf 82' lang='lat' dir='ltr'><strong>est</strong></span> <span class='ocrx_word' id='word_1_707' title='bbox 3358 2134 3409 2186; x_wconf 93' lang='lat' dir='ltr'><strong>in</strong></span> <span class='ocrx_word' id='word_1_708' title='bbox 3434 2131 3708 2201; x_wconf 84' lang='lat' dir='ltr'><strong>Sapientia</strong></span> 
     </span>
    </p>
   </div>
   <div class='ocr_carea' id='block_1_82' title="bbox 2134 2222 3711 2297">
    <p class='ocr_par' dir='ltr' id='par_1_82' title="bbox 2134 2222 3711 2297">
     <span class='ocr_line' id='line_1_82' title="bbox 2134 2222 3711 2297; baseline -0.006 -14"><span class='ocrx_word' id='word_1_709' title='bbox 2134 2240 2188 2284; x_wconf 90' lang='lat' dir='ltr'><strong>et</strong></span> <span class='ocrx_word' id='word_1_710' title='bbox 2212 2228 2419 2283; x_wconf 76' lang='lat' dir='ltr'><strong>Virtute</strong></span> <span class='ocrx_word' id='word_1_711' title='bbox 2446 2236 2747 2297; x_wconf 88' lang='lat' dir='ltr'><strong>permanet;</strong></span> <span class='ocrx_word' id='word_1_712' title='bbox 2772 2226 2873 2281; x_wconf 91' lang='lat' dir='ltr'><strong>hoc</strong></span> <span class='ocrx_word' id='word_1_713' title='bbox 2902 2235 3076 2280; x_wconf 89' lang='lat' dir='ltr'><strong>autem</strong></span> <span class='ocrx_word' id='word_1_714' title='bbox 3106 2225 3159 2278; x_wconf 90' lang='lat' dir='ltr'><strong>in</strong></span> <span class='ocrx_word' id='word_1_715' title='bbox 3188 2234 3445 2279; x_wconf 79' lang='lat' dir='ltr'><strong>creatura:</strong></span> <span class='ocrx_word' id='word_1_716' title='bbox 3472 2222 3711 2276; x_wconf 81' lang='lat' dir='ltr'><strong>admini-</strong></span> 
     </span>
    </p>
   </div>
   <div class='ocr_carea' id='block_1_83' title="bbox 2134 2313 3713 2388">
    <p class='ocr_par' dir='ltr' id='par_1_83' title="bbox 2134 2313 3713 2388">
     <span class='ocr_line' id='line_1_83' title="bbox 2134 2313 3713 2388; baseline -0.004 -17"><span class='ocrx_word' id='word_1_717' title='bbox 2134 2319 2387 2372; x_wconf 87' lang='lat' dir='ltr'><strong>stratione</strong></span> <span class='ocrx_word' id='word_1_718' title='bbox 2433 2317 2720 2388; x_wconf 79' lang='lat' dir='ltr'><strong>peragitur.</strong></span> <span class='ocrx_word' id='word_1_719' title='bbox 2757 2316 2812 2372; x_wconf 91' lang='lat' dir='ltr'><strong>Si</strong></span> <span class='ocrx_word' id='word_1_720' title='bbox 2845 2325 3019 2369; x_wconf 88' lang='lat' dir='ltr'><strong>tamen</strong></span> <span class='ocrx_word' id='word_1_721' title='bbox 3062 2330 3164 2368; x_wconf 91' lang='lat' dir='ltr'><strong>non</strong></span> <span class='ocrx_word' id='word_1_722' title='bbox 3210 2313 3452 2382; x_wconf 90' lang='lat' dir='ltr'><strong>repetitio</strong></span> <span class='ocrx_word' id='word_1_723' title='bbox 3489 2320 3600 2377; x_wconf 90' lang='lat' dir='ltr'><strong>est,</strong></span> <span class='ocrx_word' id='word_1_724' title='bbox 3644 2319 3713 2366; x_wconf 86' lang='lat' dir='ltr'><strong>ut</strong></span> 
     </span>
    </p>
   </div>
   <div class='ocr_carea' id='block_1_84' title="bbox 2136 2404 3711 2479">
    <p class='ocr_par' dir='ltr' id='par_1_84' title="bbox 2136 2404 3711 2479">
     <span class='ocr_line' id='line_1_84' title="bbox 2136 2404 3711 2479; baseline -0.003 -16"><span class='ocrx_word' id='word_1_725' title='bbox 2136 2418 2314 2479; x_wconf 88' lang='lat' dir='ltr'><strong>postea</strong></span> <span class='ocrx_word' id='word_1_726' title='bbox 2343 2424 2500 2478; x_wconf 88' lang='lat' dir='ltr'><strong>quam</strong></span> <span class='ocrx_word' id='word_1_727' title='bbox 2524 2408 2721 2463; x_wconf 90' lang='lat' dir='ltr'><strong>dictum</strong></span> <span class='ocrx_word' id='word_1_728' title='bbox 2746 2417 2829 2462; x_wconf 90' lang='lat' dir='ltr'><strong>est</strong></span> <span class='ocrx_word' id='word_1_729' title='bbox 2853 2408 2905 2461; x_wconf 90' lang='lat' dir='ltr'><strong>in</strong></span> <span class='ocrx_word' id='word_1_730' title='bbox 2930 2406 3190 2471; x_wconf 75' lang='lat' dir='ltr'><strong>sweulum,</strong></span> <span class='ocrx_word' id='word_1_731' title='bbox 3212 2421 3279 2459; x_wconf 90' lang='lat' dir='ltr'><strong>ne</strong></span> <span class='ocrx_word' id='word_1_732' title='bbox 3303 2404 3405 2460; x_wconf 92' lang='lat' dir='ltr'><strong>hoc</strong></span> <span class='ocrx_word' id='word_1_733' title='bbox 3431 2405 3711 2474; x_wconf 90' lang='lat' dir='ltr'><strong>accipere-</strong></span> 
     </span>
    </p>
   </div>
   <div class='ocr_carea' id='block_1_85' title="bbox 2136 2494 3711 2571">
    <p class='ocr_par' dir='ltr' id='par_1_85' title="bbox 2136 2494 3711 2571">
     <span class='ocr_line' id='line_1_85' title="bbox 2136 2494 3711 2571; baseline -0.006 -15"><span class='ocrx_word' id='word_1_734' title='bbox 2136 2512 2221 2556; x_wconf 94' lang='lat' dir='ltr'><strong>tur</strong></span> <span class='ocrx_word' id='word_1_735' title='bbox 2252 2500 2391 2571; x_wconf 90' lang='lat' dir='ltr'><strong>quod</strong></span> <span class='ocrx_word' id='word_1_736' title='bbox 2421 2500 2633 2563; x_wconf 89' lang='lat' dir='ltr'><strong>transit,</strong></span> <span class='ocrx_word' id='word_1_737' title='bbox 2655 2498 3002 2568; x_wconf 84' lang='lat' dir='ltr'><strong>subjiceretur</strong></span> <span class='ocrx_word' id='word_1_738' title='bbox 3021 2498 3072 2550; x_wconf 89' lang='lat' dir='ltr'><strong>in</strong></span> <span class='ocrx_word' id='word_1_739' title='bbox 3097 2496 3337 2551; x_wconf 70' lang='lat' dir='ltr'><strong>sarculum</strong></span> <span class='ocrx_word' id='word_1_740' title='bbox 3358 2496 3549 2550; x_wconf 78' lang='lat' dir='ltr'><strong>strculi.</strong></span> <span class='ocrx_word' id='word_1_741' title='bbox 3570 2494 3711 2548; x_wconf 78' lang='lat' dir='ltr'><strong>Nam</strong></span> 
     </span>
    </p>
   </div>
   <div class='ocr_carea' id='block_1_86' title="bbox 2133 2588 3713 2667">
    <p class='ocr_par' dir='ltr' id='par_1_86' title="bbox 2133 2588 3713 2667">
     <span class='ocr_line' id='line_1_86' title="bbox 2133 2588 3713 2667; baseline -0.006 -19"><span class='ocrx_word' id='word_1_742' title='bbox 2133 2593 2189 2648; x_wconf 91' lang='lat' dir='ltr'><strong>in</strong></span> <span class='ocrx_word' id='word_1_743' title='bbox 2215 2592 2401 2664; x_wconf 64' lang='lat' dir='ltr'><strong>grecis</strong></span> <span class='ocrx_word' id='word_1_744' title='bbox 2432 2590 2821 2663; x_wconf 81' lang='lat' dir='ltr'><strong>exemplaribus</strong></span> <span class='ocrx_word' id='word_1_745' title='bbox 2858 2588 2937 2644; x_wconf 88' lang='lat' dir='ltr'><strong>sic</strong></span> <span class='ocrx_word' id='word_1_746' title='bbox 2960 2596 3043 2645; x_wconf 90' lang='lat' dir='ltr'><strong>est</strong></span> <span class='ocrx_word' id='word_1_747' title='bbox 3081 2608 3095 2643; x_wconf 88' lang='lat'><strong>:</strong></span> <span class='ocrx_word' id='word_1_748' title='bbox 3131 2596 3296 2667; x_wconf 64' lang='grc' dir='ltr'><strong>ςιςπόν</strong></span> <span class='ocrx_word' id='word_1_749' title='bbox 3320 2597 3470 2641; x_wconf 73' lang='grc' dir='ltr'><strong>αἰῶνα</strong></span> <span class='ocrx_word' id='word_1_750' title='bbox 3489 2629 3504 2652; x_wconf 89' lang='grc'><em>,</em></span> <span class='ocrx_word' id='word_1_751' title='bbox 3536 2596 3713 2649; x_wconf 63' lang='lat' dir='ltr'><strong>nata;</strong></span> 
     </span>
    </p>
   </div>
   <div class='ocr_carea' id='block_1_87' title="bbox 2134 2679 3711 2751">
    <p class='ocr_par' dir='ltr' id='par_1_87' title="bbox 2134 2679 3711 2751">
     <span class='ocr_line' id='line_1_87' title="bbox 2134 2679 3711 2751; baseline -0.005 -11"><span class='ocrx_word' id='word_1_752' title='bbox 2134 2693 2212 2740; x_wconf 74' lang='grc' dir='ltr'><strong>τὸν</strong></span> <span class='ocrx_word' id='word_1_753' title='bbox 2239 2693 2389 2738; x_wconf 68' lang='grc' dir='ltr'><strong>αἰῶνα</strong></span> <span class='ocrx_word' id='word_1_754' title='bbox 2411 2692 2495 2737; x_wconf 81' lang='grc' dir='ltr'><strong>τοῦ</strong></span> <span class='ocrx_word' id='word_1_755' title='bbox 2520 2693 2685 2744; x_wconf 76' lang='grc' dir='ltr'><strong>αἰῶνος</strong></span> <span class='ocrx_word' id='word_1_756' title='bbox 2711 2697 2726 2747; x_wconf 90' lang='lat'><strong>;</strong></span> <span class='ocrx_word' id='word_1_757' title='bbox 2752 2681 2891 2751; x_wconf 90' lang='lat' dir='ltr'><strong>quod</strong></span> <span class='ocrx_word' id='word_1_758' title='bbox 2912 2680 3085 2737; x_wconf 82' lang='lat' dir='ltr'><strong>Latini</strong></span> <span class='ocrx_word' id='word_1_759' title='bbox 3115 2680 3349 2749; x_wconf 88' lang='lat' dir='ltr'><strong>plerique</strong></span> <span class='ocrx_word' id='word_1_760' title='bbox 3377 2679 3711 2748; x_wconf 87' lang='lat' dir='ltr'><strong>interpretati</strong></span> 
     </span>
    </p>
   </div>
   <div class='ocr_carea' id='block_1_88' title="bbox 2134 2767 3712 2840">
    <p class='ocr_par' dir='ltr' id='par_1_88' title="bbox 2134 2767 3712 2840">
     <span class='ocr_line' id='line_1_88' title="bbox 2134 2767 3712 2840; baseline -0.005 -9"><span class='ocrx_word' id='word_1_761' title='bbox 2134 2784 2287 2840; x_wconf 89' lang='lat' dir='ltr'><strong>sunt,</strong></span> <span class='ocrx_word' id='word_1_762' title='bbox 2314 2789 2420 2829; x_wconf 90' lang='lat' dir='ltr'><strong>non</strong></span> <span class='ocrx_word' id='word_1_763' title='bbox 2445 2774 2499 2827; x_wconf 88' lang='lat' dir='ltr'><strong>in</strong></span> <span class='ocrx_word' id='word_1_764' title='bbox 2524 2773 2763 2829; x_wconf 66' lang='lat' dir='ltr'><strong>naculum</strong></span> <span class='ocrx_word' id='word_1_765' title='bbox 2782 2813 2796 2836; x_wconf 84' lang='lat'><strong>,</strong></span> <span class='ocrx_word' id='word_1_766' title='bbox 2832 2781 2878 2826; x_wconf 87' lang='lat' dir='ltr'><strong>et</strong></span> <span class='ocrx_word' id='word_1_767' title='bbox 2910 2772 2962 2825; x_wconf 85' lang='lat' dir='ltr'><strong>in</strong></span> <span class='ocrx_word' id='word_1_768' title='bbox 2988 2770 3229 2825; x_wconf 81' lang='lat' dir='ltr'><strong>steculum</strong></span> <span class='ocrx_word' id='word_1_769' title='bbox 3252 2768 3425 2823; x_wconf 67' lang='grc' dir='ltr'><strong>αραιιὶ</strong></span> <span class='ocrx_word' id='word_1_770' title='bbox 3445 2809 3461 2833; x_wconf 82' lang='grc'>,</span> <span class='ocrx_word' id='word_1_771' title='bbox 3493 2767 3583 2823; x_wconf 89' lang='lat' dir='ltr'><strong>sed</strong></span> <span class='ocrx_word' id='word_1_772' title='bbox 3604 2810 3619 2834; x_wconf 95' lang='lat'><strong>,</strong></span> <span class='ocrx_word' id='word_1_773' title='bbox 3649 2770 3712 2823; x_wconf 69' lang='lat' dir='ltr'><strong>in</strong></span> 
     </span>
    </p>
   </div>
   <div class='ocr_carea' id='block_1_89' title="bbox 2134 2858 3712 2931">
    <p class='ocr_par' dir='ltr' id='par_1_89' title="bbox 2134 2858 3712 2931">
     <span class='ocr_line' id='line_1_89' title="bbox 2134 2858 3712 2931; baseline -0.004 -11"><span class='ocrx_word' id='word_1_774' title='bbox 2134 2875 2397 2931; x_wconf 74' lang='lat' dir='ltr'><strong>attentum,</strong></span> <span class='ocrx_word' id='word_1_775' title='bbox 2427 2874 2474 2919; x_wconf 86' lang='lat' dir='ltr'><strong>et</strong></span> <span class='ocrx_word' id='word_1_776' title='bbox 2499 2865 2554 2917; x_wconf 83' lang='lat' dir='ltr'><strong>in</strong></span> <span class='ocrx_word' id='word_1_777' title='bbox 2580 2862 2818 2917; x_wconf 79' lang='lat' dir='ltr'><strong>steculum</strong></span> <span class='ocrx_word' id='word_1_778' title='bbox 2841 2860 3015 2916; x_wconf 78' lang='lat' dir='ltr'><strong>swculi</strong></span> <span class='ocrx_word' id='word_1_779' title='bbox 3042 2878 3060 2915; x_wconf 91' lang='lat'><strong>:</strong></span> <span class='ocrx_word' id='word_1_780' title='bbox 3084 2870 3141 2915; x_wconf 93' lang='lat' dir='ltr'><strong>ut</strong></span> <span class='ocrx_word' id='word_1_781' title='bbox 3167 2860 3218 2914; x_wconf 92' lang='lat' dir='ltr'><strong>in</strong></span> <span class='ocrx_word' id='word_1_782' title='bbox 3248 2875 3314 2915; x_wconf 92' lang='lat' dir='ltr'><strong>eo</strong></span> <span class='ocrx_word' id='word_1_783' title='bbox 3340 2858 3481 2930; x_wconf 90' lang='lat' dir='ltr'><strong>quod</strong></span> <span class='ocrx_word' id='word_1_784' title='bbox 3504 2860 3712 2914; x_wconf 90' lang='lat' dir='ltr'><strong>dictum</strong></span> 
     </span>
    </p>
   </div>
   <div class='ocr_carea' id='block_1_90' title="bbox 2134 2950 3714 3021">
    <p class='ocr_par' dir='ltr' id='par_1_90' title="bbox 2134 2950 3714 3021">
     <span class='ocr_line' id='line_1_90' title="bbox 2134 2950 3714 3021; baseline -0.002 -11"><span class='ocrx_word' id='word_1_785' title='bbox 2134 2966 2217 3011; x_wconf 67' lang='lat' dir='ltr'><strong>est</strong></span> <span class='ocrx_word' id='word_1_786' title='bbox 2244 2956 2299 3009; x_wconf 87' lang='lat' dir='ltr'><strong>in</strong></span> <span class='ocrx_word' id='word_1_787' title='bbox 2327 2953 2786 3021; x_wconf 74' lang='lat' dir='ltr'><strong>swculum&#39;swculi,</strong></span> <span class='ocrx_word' id='word_1_788' title='bbox 2815 2951 2941 3007; x_wconf 87' lang='lat' dir='ltr'><strong>illud</strong></span> <span class='ocrx_word' id='word_1_789' title='bbox 2962 2960 3318 3021; x_wconf 80' lang='lat' dir='ltr'><strong>exponeretur</strong></span> <span class='ocrx_word' id='word_1_790' title='bbox 3343 2950 3483 3021; x_wconf 94' lang='lat' dir='ltr'><strong>quod</strong></span> <span class='ocrx_word' id='word_1_791' title='bbox 3509 2952 3714 3007; x_wconf 83' lang='lat' dir='ltr'><strong>dictum</strong></span> 
     </span>
    </p>
   </div>
   <div class='ocr_carea' id='block_1_91' title="bbox 2137 3045 3712 3115">
    <p class='ocr_par' dir='ltr' id='par_1_91' title="bbox 2137 3045 3712 3115">
     <span class='ocr_line' id='line_1_91' title="bbox 2137 3045 3712 3115; baseline -0.004 -11"><span class='ocrx_word' id='word_1_792' title='bbox 2137 3056 2220 3104; x_wconf 90' lang='lat' dir='ltr'><strong>est</strong></span> <span class='ocrx_word' id='word_1_793' title='bbox 2244 3048 2296 3103; x_wconf 84' lang='lat' dir='ltr'><strong>in</strong></span> <span class='ocrx_word' id='word_1_794' title='bbox 2321 3056 2584 3103; x_wconf 81' lang='lat' dir='ltr'><strong>teternum.</strong></span> <span class='ocrx_word' id='word_1_795' title='bbox 2615 3045 2816 3100; x_wconf 85' lang='lat' dir='ltr'><strong>Nomen</strong></span> <span class='ocrx_word' id='word_1_796' title='bbox 2843 3061 2970 3115; x_wconf 85' lang='lat' dir='ltr'><strong>ergo</strong></span> <span class='ocrx_word' id='word_1_797' title='bbox 2988 3046 3255 3115; x_wconf 82' lang='lat' dir='ltr'><strong>impiorum</strong></span> <span class='ocrx_word' id='word_1_798' title='bbox 3276 3045 3452 3098; x_wconf 82' lang='lat' dir='ltr'><strong>delein</strong></span> <span class='ocrx_word' id='word_1_799' title='bbox 3477 3045 3530 3098; x_wconf 82' lang='lat' dir='ltr'><strong>in</strong></span> <span class='ocrx_word' id='word_1_800' title='bbox 3556 3053 3712 3099; x_wconf 74' lang='lat' dir='ltr'><strong>teter-</strong></span> 
     </span>
    </p>
   </div>
   <div class='ocr_carea' id='block_1_92' title="bbox 2136 3134 3717 3207">
    <p class='ocr_par' dir='ltr' id='par_1_92' title="bbox 2136 3134 3717 3207">
     <span class='ocr_line' id='line_1_92' title="bbox 2136 3134 3717 3207; baseline -0.001 -16"><span class='ocrx_word' id='word_1_801' title='bbox 2136 3154 2276 3201; x_wconf 85' lang='lat' dir='ltr'><strong>num,</strong></span> <span class='ocrx_word' id='word_1_802' title='bbox 2303 3139 2424 3207; x_wconf 90' lang='lat' dir='ltr'><strong>quia</strong></span> <span class='ocrx_word' id='word_1_803' title='bbox 2455 3137 2707 3206; x_wconf 82' lang='lat' dir='ltr'><strong>deinceps</strong></span> <span class='ocrx_word' id='word_1_804' title='bbox 2726 3152 2991 3205; x_wconf 80' lang='lat' dir='ltr'><strong>nunquam</strong></span> <span class='ocrx_word' id='word_1_805' title='bbox 3019 3136 3357 3204; x_wconf 89' lang='lat' dir='ltr'><strong>eruntimpii.</strong></span> <span class='ocrx_word' id='word_1_806' title='bbox 3378 3134 3446 3189; x_wconf 86' lang='lat' dir='ltr'><strong>Et</strong></span> <span class='ocrx_word' id='word_1_807' title='bbox 3469 3135 3512 3189; x_wconf 91' lang='lat' dir='ltr'><strong>si</strong></span> <span class='ocrx_word' id='word_1_808' title='bbox 3530 3134 3581 3188; x_wconf 93' lang='lat' dir='ltr'><strong>in</strong></span> <span class='ocrx_word' id='word_1_809' title='bbox 3607 3134 3717 3191; x_wconf 87' lang='lat' dir='ltr'><strong>hoc</strong></span> 
     </span>
    </p>
   </div>
   <div class='ocr_carea' id='block_1_93' title="bbox 2137 3225 3714 3292">
    <p class='ocr_par' dir='ltr' id='par_1_93' title="bbox 2137 3225 3714 3292">
     <span class='ocr_line' id='line_1_93' title="bbox 2137 3225 3714 3292; baseline -0.001 -9"><span class='ocrx_word' id='word_1_810' title='bbox 2137 3229 2386 3283; x_wconf 30' lang='lat' dir='ltr'><strong>sarculum</strong></span> <span class='ocrx_word' id='word_1_811' title='bbox 2418 3244 2521 3283; x_wconf 88' lang='lat' dir='ltr'><strong>non</strong></span> <span class='ocrx_word' id='word_1_812' title='bbox 2544 3227 2776 3283; x_wconf 83' lang='lat' dir='ltr'><strong>tenditur</strong></span> <span class='ocrx_word' id='word_1_813' title='bbox 2803 3242 2997 3282; x_wconf 90' lang='lat' dir='ltr'><strong>nomen</strong></span> <span class='ocrx_word' id='word_1_814' title='bbox 3023 3241 3231 3292; x_wconf 89' lang='lat' dir='ltr'><strong>eorum,</strong></span> <span class='ocrx_word' id='word_1_815' title='bbox 3254 3225 3423 3281; x_wconf 84' lang='lat' dir='ltr'><strong>multo</strong></span> <span class='ocrx_word' id='word_1_816' title='bbox 3452 3226 3626 3281; x_wconf 89' lang='lat' dir='ltr'><strong>minus</strong></span> <span class='ocrx_word' id='word_1_817' title='bbox 3652 3227 3714 3283; x_wconf 84' lang='lat' dir='ltr'><strong>in</strong></span> 
     </span>
    </p>
   </div>
   <div class='ocr_carea' id='block_1_94' title="bbox 2138 3318 2615 3375">
    <p class='ocr_par' dir='ltr' id='par_1_94' title="bbox 2138 3318 2615 3375">
     <span class='ocr_line' id='line_1_94' title="bbox 2138 3318 2615 3375; baseline -0.008 0"><span class='ocrx_word' id='word_1_818' title='bbox 2138 3320 2392 3375; x_wconf 83' lang='lat' dir='ltr'><strong>saeculum</strong></span> <span class='ocrx_word' id='word_1_819' title='bbox 2417 3318 2615 3374; x_wconf 70' lang='lat' dir='ltr'><strong>szeculi.</strong></span> 
     </span>
    </p>
   </div>
   <div class='ocr_carea' id='block_1_95' title="bbox 2202 3400 3709 3482">
    <p class='ocr_par' dir='ltr' id='par_1_95' title="bbox 2202 3400 3709 3482">
     <span class='ocr_line' id='line_1_95' title="bbox 2202 3400 3709 3482; baseline -0.007 -16"><span class='ocrx_word' id='word_1_820' title='bbox 2202 3409 2256 3466; x_wconf 92' lang='lat'><strong>8.</strong></span> <span class='ocrx_word' id='word_1_821' title='bbox 2300 3413 2451 3482; x_wconf 75' lang='lat' dir='ltr'><strong>luere.</strong></span> <span class='ocrx_word' id='word_1_822' title='bbox 2484 3406 2561 3481; x_wconf 93' lang='lat'><strong>7.]</strong></span> <span class='ocrx_word' id='word_1_823' title='bbox 2587 3407 2794 3461; x_wconf 85' lang='lat' dir='ltr'><strong>Inimici</strong></span> <span class='ocrx_word' id='word_1_824' title='bbox 2807 3407 3089 3477; x_wconf 80' lang='lat' dir='ltr'><strong>defecerunt</strong></span> <span class='ocrx_word' id='word_1_825' title='bbox 3115 3404 3383 3473; x_wconf 73' lang='lat' dir='ltr'><strong>{rametein</strong></span> <span class='ocrx_word' id='word_1_826' title='bbox 3399 3402 3569 3471; x_wconf 78' lang='lat' dir='ltr'><strong>ﬁnem.</strong></span> <span class='ocrx_word' id='word_1_827' title='bbox 3588 3400 3709 3456; x_wconf 83' lang='lat' dir='ltr'><strong>Non</strong></span> 
     </span>
    </p>
   </div>
   <div class='ocr_carea' id='block_1_96' title="bbox 2134 3492 3708 3573">
    <p class='ocr_par' dir='ltr' id='par_1_96' title="bbox 2134 3492 3708 3573">
     <span class='ocr_line' id='line_1_96' title="bbox 2134 3492 3708 3573; baseline -0.008 -16"><span class='ocrx_word' id='word_1_828' title='bbox 2134 3500 2410 3573; x_wconf 89' lang='lat' dir='ltr'><strong>pluraliter</strong></span> <span class='ocrx_word' id='word_1_829' title='bbox 2455 3498 2687 3564; x_wconf 88' lang='lat' dir='ltr'><strong>inimici,</strong></span> <span class='ocrx_word' id='word_1_830' title='bbox 2745 3497 2840 3552; x_wconf 89' lang='lat' dir='ltr'><strong>sed</strong></span> <span class='ocrx_word' id='word_1_831' title='bbox 2892 3496 3229 3568; x_wconf 88' lang='lat' dir='ltr'><strong>singulariter</strong></span> <span class='ocrx_word' id='word_1_832' title='bbox 3282 3494 3437 3564; x_wconf 90' lang='lat' dir='ltr'><strong>hujus</strong></span> <span class='ocrx_word' id='word_1_833' title='bbox 3482 3492 3708 3547; x_wconf 87' lang='lat' dir='ltr'><strong>inimici.</strong></span> 
     </span>
    </p>
   </div>
   <div class='ocr_carea' id='block_1_97' title="bbox 2134 3584 3712 3662">
    <p class='ocr_par' dir='ltr' id='par_1_97' title="bbox 2134 3584 3712 3662">
     <span class='ocr_line' id='line_1_97' title="bbox 2134 3584 3712 3662; baseline -0.008 -14"><span class='ocrx_word' id='word_1_834' title='bbox 2134 3591 2300 3662; x_wconf 88' lang='lat' dir='ltr'><strong>Cujus</strong></span> <span class='ocrx_word' id='word_1_835' title='bbox 2324 3602 2498 3646; x_wconf 89' lang='lat' dir='ltr'><strong>autem</strong></span> <span class='ocrx_word' id='word_1_836' title='bbox 2526 3589 2744 3655; x_wconf 84' lang='lat' dir='ltr'><strong>inimici,</strong></span> <span class='ocrx_word' id='word_1_837' title='bbox 2769 3589 2866 3643; x_wconf 93' lang='lat' dir='ltr'><strong>nisi</strong></span> <span class='ocrx_word' id='word_1_838' title='bbox 2892 3588 3089 3643; x_wconf 88' lang='lat' dir='ltr'><strong>diaboli</strong></span> <span class='ocrx_word' id='word_1_839' title='bbox 3119 3585 3334 3642; x_wconf 81' lang='lat' dir='ltr'><strong>framea:</strong></span> <span class='ocrx_word' id='word_1_840' title='bbox 3362 3584 3712 3639; x_wconf 81' lang='lat' dir='ltr'><strong>defecerunt?</strong></span> 
     </span>
    </p>
   </div>
   <div class='ocr_carea' id='block_1_98' title="bbox 2135 3677 3707 3751">
    <p class='ocr_par' dir='ltr' id='par_1_98' title="bbox 2135 3677 3707 3751">
     <span class='ocr_line' id='line_1_98' title="bbox 2135 3677 3707 3751; baseline -0.006 -14"><span class='ocrx_word' id='word_1_841' title='bbox 2135 3683 2231 3737; x_wconf 80' lang='lat' dir='ltr'><strong>Ha:</strong></span> <span class='ocrx_word' id='word_1_842' title='bbox 2258 3694 2436 3738; x_wconf 90' lang='lat' dir='ltr'><strong>autem</strong></span> <span class='ocrx_word' id='word_1_843' title='bbox 2477 3681 2843 3751; x_wconf 83' lang='lat' dir='ltr'><strong>intelliguntur</strong></span> <span class='ocrx_word' id='word_1_844' title='bbox 2886 3679 3111 3735; x_wconf 77' lang='lat' dir='ltr'><strong>diversa:</strong></span> <span class='ocrx_word' id='word_1_845' title='bbox 3160 3679 3435 3748; x_wconf 89' lang='lat' dir='ltr'><strong>opiniones</strong></span> <span class='ocrx_word' id='word_1_846' title='bbox 3483 3677 3707 3739; x_wconf 90' lang='lat' dir='ltr'><strong>erroris,</strong></span> 
     </span>
    </p>
   </div>
   <div class='ocr_carea' id='block_1_99' title="bbox 2135 3764 3711 3853">
    <p class='ocr_par' dir='ltr' id='par_1_99' title="bbox 2135 3764 3711 3853">
     <span class='ocr_line' id='line_1_99' title="bbox 2135 3764 3711 3853; baseline -0.006 -25"><span class='ocrx_word' id='word_1_847' title='bbox 2135 3774 2327 3844; x_wconf 91' lang='lat' dir='ltr'><strong>quibus</strong></span> <span class='ocrx_word' id='word_1_848' title='bbox 2364 3772 2453 3828; x_wconf 91' lang='lat' dir='ltr'><strong>ille</strong></span> <span class='ocrx_word' id='word_1_849' title='bbox 2492 3772 2695 3826; x_wconf 89' lang='lat' dir='ltr'><strong>animas</strong></span> <span class='ocrx_word' id='word_1_850' title='bbox 2733 3781 2978 3840; x_wconf 88' lang='lat' dir='ltr'><strong>tanquam</strong></span> <span class='ocrx_word' id='word_1_851' title='bbox 3004 3768 3193 3841; x_wconf 87' lang='lat' dir='ltr'><strong>gladiis</strong></span> <span class='ocrx_word' id='word_1_852' title='bbox 3217 3768 3442 3838; x_wconf 88' lang='lat' dir='ltr'><strong>perimit.</strong></span> <span class='ocrx_word' id='word_1_853' title='bbox 3475 3766 3566 3853; x_wconf 53' lang='lat' dir='ltr'><strong>H‘is</strong></span> <span class='ocrx_word' id='word_1_854' title='bbox 3591 3764 3711 3834; x_wconf 80' lang='lat' dir='ltr'><strong>gla-</strong></span> 
     </span>
    </p>
   </div>
   <div class='ocr_carea' id='block_1_100' title="bbox 2138 3855 3717 3932">
    <p class='ocr_par' dir='ltr' id='par_1_100' title="bbox 2138 3855 3717 3932">
     <span class='ocr_line' id='line_1_100' title="bbox 2138 3855 3717 3932; baseline -0.006 -12"><span class='ocrx_word' id='word_1_855' title='bbox 2138 3865 2241 3921; x_wconf 89' lang='lat' dir='ltr'><strong>diis</strong></span> <span class='ocrx_word' id='word_1_856' title='bbox 2267 3863 2539 3920; x_wconf 87' lang='lat' dir='ltr'><strong>vincendis</strong></span> <span class='ocrx_word' id='word_1_857' title='bbox 2566 3873 2620 3919; x_wconf 89' lang='lat' dir='ltr'><strong>et</strong></span> <span class='ocrx_word' id='word_1_858' title='bbox 2661 3862 2727 3918; x_wconf 89' lang='lat' dir='ltr'><strong>ad</strong></span> <span class='ocrx_word' id='word_1_859' title='bbox 2767 3862 3026 3917; x_wconf 87' lang='lat' dir='ltr'><strong>defectum</strong></span> <span class='ocrx_word' id='word_1_860' title='bbox 3060 3860 3404 3932; x_wconf 87' lang='lat' dir='ltr'><strong>perducendis</strong></span> <span class='ocrx_word' id='word_1_861' title='bbox 3434 3859 3595 3918; x_wconf 85' lang='lat' dir='ltr'><strong>instat</strong></span> <span class='ocrx_word' id='word_1_862' title='bbox 3620 3855 3717 3911; x_wconf 84' lang='lat' dir='ltr'><strong>ille</strong></span> 
     </span>
    </p>
   </div>
   <div class='ocr_carea' id='block_1_101' title="bbox 2137 3948 3713 4027">
    <p class='ocr_par' dir='ltr' id='par_1_101' title="bbox 2137 3948 3713 4027">
     <span class='ocr_line' id='line_1_101' title="bbox 2137 3948 3713 4027; baseline -0.006 -16"><span class='ocrx_word' id='word_1_863' title='bbox 2137 3956 2363 4027; x_wconf 79' lang='lat' dir='ltr'><strong>gladius,</strong></span> <span class='ocrx_word' id='word_1_864' title='bbox 2387 3955 2455 4011; x_wconf 89' lang='lat' dir='ltr'><strong>de</strong></span> <span class='ocrx_word' id='word_1_865' title='bbox 2477 3970 2580 4026; x_wconf 93' lang='lat' dir='ltr'><strong>quo</strong></span> <span class='ocrx_word' id='word_1_866' title='bbox 2618 3954 2670 4008; x_wconf 92' lang='lat' dir='ltr'><strong>in</strong></span> <span class='ocrx_word' id='word_1_867' title='bbox 2697 3954 2922 4023; x_wconf 89' lang='lat' dir='ltr'><strong>septimo</strong></span> <span class='ocrx_word' id='word_1_868' title='bbox 2950 3955 3153 4023; x_wconf 77' lang='lat' dir='ltr'><strong>pSalnto</strong></span> <span class='ocrx_word' id='word_1_869' title='bbox 3180 3951 3372 4006; x_wconf 90' lang='lat' dir='ltr'><strong>dicitur</strong></span> <span class='ocrx_word' id='word_1_870' title='bbox 3396 3968 3409 4004; x_wconf 94' lang='lat'><strong>:</strong></span> <span class='ocrx_word' id='word_1_871' title='bbox 3442 3948 3559 4005; x_wconf 86' lang='lat' dir='ltr'><strong>Nisi</strong></span> <span class='ocrx_word' id='word_1_872' title='bbox 3585 3964 3713 4003; x_wconf 79' lang='lat' dir='ltr'><strong>con-</strong></span> 
     </span>
    </p>
   </div>
   <div class='ocr_carea' id='block_1_102' title="bbox 2142 4040 3719 4118">
    <p class='ocr_par' dir='ltr' id='par_1_102' title="bbox 2142 4040 3719 4118">
     <span class='ocr_line' id='line_1_102' title="bbox 2142 4040 3719 4118; baseline -0.006 -15"><span class='ocrx_word' id='word_1_873' title='bbox 2142 4050 2418 4115; x_wconf 71' lang='lat' dir='ltr'><strong>certamini,</strong></span> <span class='ocrx_word' id='word_1_874' title='bbox 2462 4048 2689 4118; x_wconf 85' lang='lat' dir='ltr'><strong>gladium</strong></span> <span class='ocrx_word' id='word_1_875' title='bbox 2716 4064 2863 4101; x_wconf 86' lang='lat' dir='ltr'><strong>suum</strong></span> <span class='ocrx_word' id='word_1_876' title='bbox 2891 4046 3097 4100; x_wconf 83' lang='lat' dir='ltr'><strong>uibrabit</strong></span> <span class='ocrx_word' id='word_1_877' title='bbox 3147 4043 3316 4113; x_wconf 88' lang='lat' dir='ltr'><strong>(Psal.</strong></span> <span class='ocrx_word' id='word_1_878' title='bbox 3364 4058 3458 4111; x_wconf 87' lang='lat' dir='ltr'><strong>vn,</strong></span> <span class='ocrx_word' id='word_1_879' title='bbox 3506 4042 3617 4111; x_wconf 76' lang='grc'><strong>15).</strong></span> <span class='ocrx_word' id='word_1_880' title='bbox 3647 4040 3719 4095; x_wconf 84' lang='lat' dir='ltr'><strong>Et</strong></span> 
     </span>
    </p>
   </div>
   <div class='ocr_carea' id='block_1_103' title="bbox 2144 4132 3713 4209">
    <p class='ocr_par' dir='ltr' id='par_1_103' title="bbox 2144 4132 3713 4209">
     <span class='ocr_line' id='line_1_103' title="bbox 2144 4132 3713 4209; baseline -0.006 -15"><span class='ocrx_word' id='word_1_881' title='bbox 2144 4145 2279 4197; x_wconf 84' lang='lat' dir='ltr'><strong>forte</strong></span> <span class='ocrx_word' id='word_1_882' title='bbox 2306 4143 2406 4197; x_wconf 89' lang='lat' dir='ltr'><strong>iste</strong></span> <span class='ocrx_word' id='word_1_883' title='bbox 2436 4151 2520 4197; x_wconf 90' lang='lat' dir='ltr'><strong>est</strong></span> <span class='ocrx_word' id='word_1_884' title='bbox 2544 4139 2660 4194; x_wconf 83' lang='lat' dir='ltr'><strong>linis</strong></span> <span class='ocrx_word' id='word_1_885' title='bbox 2686 4141 2739 4195; x_wconf 92' lang='lat' dir='ltr'><strong>in</strong></span> <span class='ocrx_word' id='word_1_886' title='bbox 2777 4154 2935 4209; x_wconf 89' lang='lat' dir='ltr'><strong>quem</strong></span> <span class='ocrx_word' id='word_1_887' title='bbox 2975 4137 3189 4192; x_wconf 84' lang='lat' dir='ltr'><strong>framea:</strong></span> <span class='ocrx_word' id='word_1_888' title='bbox 3214 4135 3467 4190; x_wconf 86' lang='lat' dir='ltr'><strong>deficiunt</strong></span> <span class='ocrx_word' id='word_1_889' title='bbox 3492 4132 3713 4200; x_wconf 90' lang='lat' dir='ltr'><strong>inimici,</strong></span> 
     </span>
    </p>
   </div>
   <div class='ocr_carea' id='block_1_104' title="bbox 2144 4226 3719 4304">
    <p class='ocr_par' dir='ltr' id='par_1_104' title="bbox 2144 4226 3719 4304">
     <span class='ocr_line' id='line_1_104' title="bbox 2144 4226 3719 4304; baseline -0.008 -15"><span class='ocrx_word' id='word_1_890' title='bbox 2144 4236 2262 4304; x_wconf 91' lang='lat' dir='ltr'><strong>quia</strong></span> <span class='ocrx_word' id='word_1_891' title='bbox 2294 4248 2461 4303; x_wconf 88' lang='lat' dir='ltr'><strong>usque</strong></span> <span class='ocrx_word' id='word_1_892' title='bbox 2488 4232 2552 4286; x_wconf 88' lang='lat' dir='ltr'><strong>ad</strong></span> <span class='ocrx_word' id='word_1_893' title='bbox 2581 4232 2751 4301; x_wconf 89' lang='lat' dir='ltr'><strong>ipsum</strong></span> <span class='ocrx_word' id='word_1_894' title='bbox 2772 4227 2970 4300; x_wconf 88' lang='lat' dir='ltr'><strong>aliquid</strong></span> <span class='ocrx_word' id='word_1_895' title='bbox 2996 4227 3201 4291; x_wconf 89' lang='lat' dir='ltr'><strong>valent;</strong></span> <span class='ocrx_word' id='word_1_896' title='bbox 3226 4226 3338 4293; x_wconf 78' lang='lat' dir='ltr'><strong>ipse</strong></span> <span class='ocrx_word' id='word_1_897' title='bbox 3370 4239 3507 4278; x_wconf 93' lang='lat' dir='ltr'><strong>nunc</strong></span> <span class='ocrx_word' id='word_1_898' title='bbox 3527 4238 3719 4293; x_wconf 81' lang='lat' dir='ltr'><strong>opera-</strong></span> 
     </span>
    </p>
   </div>
   <div class='ocr_carea' id='block_1_105' title="bbox 2146 4315 3716 4390">
    <p class='ocr_par' dir='ltr' id='par_1_105' title="bbox 2146 4315 3716 4390">
     <span class='ocr_line' id='line_1_105' title="bbox 2146 4315 3716 4390; baseline -0.01 -10"><span class='ocrx_word' id='word_1_899' title='bbox 2146 4337 2229 4380; x_wconf 92' lang='lat' dir='ltr'><strong>tnr</strong></span> <span class='ocrx_word' id='word_1_900' title='bbox 2256 4325 2483 4390; x_wconf 91' lang='lat' dir='ltr'><strong>occulte,</strong></span> <span class='ocrx_word' id='word_1_901' title='bbox 2517 4324 2701 4377; x_wconf 90' lang='lat' dir='ltr'><strong>ultimo</strong></span> <span class='ocrx_word' id='word_1_902' title='bbox 2729 4330 2903 4375; x_wconf 90' lang='lat' dir='ltr'><strong>autem</strong></span> <span class='ocrx_word' id='word_1_903' title='bbox 2937 4318 3136 4389; x_wconf 88' lang='lat' dir='ltr'><strong>judicio</strong></span> <span class='ocrx_word' id='word_1_904' title='bbox 3182 4316 3352 4386; x_wconf 84' lang='lat' dir='ltr'><strong>palam</strong></span> <span class='ocrx_word' id='word_1_905' title='bbox 3399 4315 3716 4368; x_wconf 89' lang='lat' dir='ltr'><strong>vibrabitur.</strong></span> 
     </span>
    </p>
   </div>
   <div class='ocr_carea' id='block_1_106' title="bbox 2148 4403 3723 4476">
    <p class='ocr_par' dir='ltr' id='par_1_106' title="bbox 2148 4403 3723 4476">
     <span class='ocr_line' id='line_1_106' title="bbox 2148 4403 3723 4476; baseline -0.011 -5"><span class='ocrx_word' id='word_1_906' title='bbox 2148 4417 2257 4471; x_wconf 89' lang='lat' dir='ltr'><strong>lloc</strong></span> <span class='ocrx_word' id='word_1_907' title='bbox 2280 4415 2624 4471; x_wconf 82' lang='lat' dir='ltr'><strong>destruuntur</strong></span> <span class='ocrx_word' id='word_1_908' title='bbox 2665 4413 2934 4476; x_wconf 88' lang='lat' dir='ltr'><strong>civitates;</strong></span> <span class='ocrx_word' id='word_1_909' title='bbox 2966 4424 3086 4463; x_wconf 89' lang='lat' dir='ltr'><strong>nam</strong></span> <span class='ocrx_word' id='word_1_910' title='bbox 3121 4408 3189 4461; x_wconf 89' lang='lat' dir='ltr'><strong>ita</strong></span> <span class='ocrx_word' id='word_1_911' title='bbox 3223 4405 3481 4475; x_wconf 83' lang='lat' dir='ltr'><strong>sequitur,</strong></span> <span class='ocrx_word' id='word_1_912' title='bbox 3513 4403 3723 4469; x_wconf 69' lang='lat' dir='ltr'><strong>Inimici</strong></span> 
     </span>
    </p>
   </div>
   <div class='ocr_carea' id='block_1_107' title="bbox 2146 4496 3725 4580">
    <p class='ocr_par' dir='ltr' id='par_1_107' title="bbox 2146 4496 3725 4580">
     <span class='ocr_line' id='line_1_107' title="bbox 2146 4496 3725 4580; baseline -0.009 -17"><span class='ocrx_word' id='word_1_913' title='bbox 2146 4510 2433 4580; x_wconf 80' lang='lat' dir='ltr'><strong>defecerunt</strong></span> <span class='ocrx_word' id='word_1_914' title='bbox 2458 4512 2662 4580; x_wconf 66' lang='lat' dir='ltr'><strong>[latuere</strong></span> <span class='ocrx_word' id='word_1_915' title='bbox 2687 4507 2739 4559; x_wconf 82' lang='lat' dir='ltr'><strong>in</strong></span> <span class='ocrx_word' id='word_1_916' title='bbox 2768 4506 2949 4573; x_wconf 77' lang='lat' dir='ltr'><strong>ﬁnem;</strong></span> <span class='ocrx_word' id='word_1_917' title='bbox 2969 4512 3014 4556; x_wconf 88' lang='lat' dir='ltr'><strong>et</strong></span> <span class='ocrx_word' id='word_1_918' title='bbox 3049 4501 3270 4555; x_wconf 81' lang='lat' dir='ltr'><strong>civitates</strong></span> <span class='ocrx_word' id='word_1_919' title='bbox 3294 4496 3581 4567; x_wconf 68' lang='lat' dir='ltr'><strong>destruxiin</strong></span> <span class='ocrx_word' id='word_1_920' title='bbox 3601 4508 3625 4551; x_wconf 89' lang='lat'><strong><em>:</em></strong></span> <span class='ocrx_word' id='word_1_921' title='bbox 3641 4496 3725 4549; x_wconf 84' lang='lat' dir='ltr'><strong>ci-</strong></span> 
     </span>
    </p>
   </div>
   <div class='ocr_carea' id='block_1_108' title="bbox 2149 4572 3725 4668">
    <p class='ocr_par' dir='ltr' id='par_1_108' title="bbox 2149 4572 3725 4668">
     <span class='ocr_line' id='line_1_108' title="bbox 2149 4572 3725 4668; baseline -0.01 -13"><span class='ocrx_word' id='word_1_922' title='bbox 2149 4572 2335 4656; x_wconf 75' lang='lat' dir='ltr'><strong>vitates</strong></span> <span class='ocrx_word' id='word_1_923' title='bbox 2363 4572 2539 4655; x_wconf 81' lang='lat' dir='ltr'><strong>autem</strong></span> <span class='ocrx_word' id='word_1_924' title='bbox 2579 4572 2854 4668; x_wconf 70' lang='lat' dir='ltr'><strong>inquibus</strong></span> <span class='ocrx_word' id='word_1_925' title='bbox 2893 4594 3139 4650; x_wconf 87' lang='lat' dir='ltr'><strong>diabolus</strong></span> <span class='ocrx_word' id='word_1_926' title='bbox 3168 4602 3371 4662; x_wconf 86' lang='lat' dir='ltr'><strong>regnat,</strong></span> <span class='ocrx_word' id='word_1_927' title='bbox 3411 4590 3496 4644; x_wconf 92' lang='lat' dir='ltr'><strong>ubi</strong></span> <span class='ocrx_word' id='word_1_928' title='bbox 3534 4588 3725 4644; x_wconf 86' lang='lat' dir='ltr'><strong>dolosa</strong></span> 
     </span>
    </p>
   </div>
   <div class='ocr_carea' id='block_1_109' title="bbox 2149 4679 3726 4756">
    <p class='ocr_par' dir='ltr' id='par_1_109' title="bbox 2149 4679 3726 4756">
     <span class='ocr_line' id='line_1_109' title="bbox 2149 4679 3726 4756; baseline -0.01 -10"><span class='ocrx_word' id='word_1_929' title='bbox 2149 4702 2202 4746; x_wconf 91' lang='lat' dir='ltr'><strong>et</strong></span> <span class='ocrx_word' id='word_1_930' title='bbox 2225 4691 2556 4746; x_wconf 85' lang='lat' dir='ltr'><strong>fraudulenta</strong></span> <span class='ocrx_word' id='word_1_931' title='bbox 2576 4688 2794 4745; x_wconf 89' lang='lat' dir='ltr'><strong>consilia</strong></span> <span class='ocrx_word' id='word_1_932' title='bbox 2816 4697 3063 4756; x_wconf 88' lang='lat' dir='ltr'><strong>tanquam</strong></span> <span class='ocrx_word' id='word_1_933' title='bbox 3085 4684 3244 4738; x_wconf 81' lang='lat' dir='ltr'><strong>curia:</strong></span> <span class='ocrx_word' id='word_1_934' title='bbox 3263 4682 3434 4749; x_wconf 87' lang='lat' dir='ltr'><strong>locum</strong></span> <span class='ocrx_word' id='word_1_935' title='bbox 3456 4679 3726 4744; x_wconf 85' lang='lat' dir='ltr'><strong>obtinent,</strong></span> 
     </span>
    </p>
   </div>
   <div class='ocr_carea' id='block_1_110' title="bbox 2149 4771 3727 4854">
    <p class='ocr_par' dir='ltr' id='par_1_110' title="bbox 2149 4771 3727 4854">
     <span class='ocr_line' id='line_1_110' title="bbox 2149 4771 3727 4854; baseline -0.01 -14"><span class='ocrx_word' id='word_1_936' title='bbox 2149 4785 2233 4840; x_wconf 90' lang='lat' dir='ltr'><strong>cui</strong></span> <span class='ocrx_word' id='word_1_937' title='bbox 2266 4783 2579 4854; x_wconf 91' lang='lat' dir='ltr'><strong>principatui</strong></span> <span class='ocrx_word' id='word_1_938' title='bbox 2605 4781 2751 4851; x_wconf 91' lang='lat' dir='ltr'><strong>quasi</strong></span> <span class='ocrx_word' id='word_1_939' title='bbox 2782 4778 3040 4835; x_wconf 87' lang='lat' dir='ltr'><strong>satellites</strong></span> <span class='ocrx_word' id='word_1_940' title='bbox 3063 4787 3115 4832; x_wconf 90' lang='lat' dir='ltr'><strong>et</strong></span> <span class='ocrx_word' id='word_1_941' title='bbox 3137 4775 3362 4831; x_wconf 89' lang='lat' dir='ltr'><strong>ministri</strong></span> <span class='ocrx_word' id='word_1_942' title='bbox 3392 4773 3582 4827; x_wconf 86' lang='lat' dir='ltr'><strong>adsunt</strong></span> <span class='ocrx_word' id='word_1_943' title='bbox 3604 4771 3727 4825; x_wconf 83' lang='lat' dir='ltr'><strong>offi-</strong></span> 
     </span>
    </p>
   </div>
   <div class='ocr_carea' id='block_1_111' title="bbox 2152 4865 3726 4947">
    <p class='ocr_par' dir='ltr' id='par_1_111' title="bbox 2152 4865 3726 4947">
     <span class='ocr_line' id='line_1_111' title="bbox 2152 4865 3726 4947; baseline -0.011 -15"><span class='ocrx_word' id='word_1_944' title='bbox 2152 4878 2231 4932; x_wconf 88' lang='lat' dir='ltr'><strong>cia</strong></span> <span class='ocrx_word' id='word_1_945' title='bbox 2273 4890 2605 4947; x_wconf 86' lang='lat' dir='ltr'><strong>quorumque</strong></span> <span class='ocrx_word' id='word_1_946' title='bbox 2643 4873 3022 4934; x_wconf 86' lang='lat' dir='ltr'><strong>membrorum,</strong></span> <span class='ocrx_word' id='word_1_947' title='bbox 3061 4870 3196 4924; x_wconf 78' lang='lat' dir='ltr'><strong>oculi</strong></span> <span class='ocrx_word' id='word_1_948' title='bbox 3242 4869 3305 4922; x_wconf 89' lang='lat' dir='ltr'><strong>ad</strong></span> <span class='ocrx_word' id='word_1_949' title='bbox 3337 4865 3726 4929; x_wconf 84' lang='lat' dir='ltr'><strong>curiositatem,</strong></span> 
     </span>
    </p>
   </div>
   <div class='ocr_carea' id='block_1_112' title="bbox 2151 4956 3730 5032">
    <p class='ocr_par' dir='ltr' id='par_1_112' title="bbox 2151 4956 3730 5032">
     <span class='ocr_line' id='line_1_112' title="bbox 2151 4956 3730 5032; baseline -0.008 -9"><span class='ocrx_word' id='word_1_950' title='bbox 2151 4983 2307 5023; x_wconf 90' lang='lat' dir='ltr'><strong>aures</strong></span> <span class='ocrx_word' id='word_1_951' title='bbox 2322 4970 2388 5022; x_wconf 83' lang='lat' dir='ltr'><strong>ad</strong></span> <span class='ocrx_word' id='word_1_952' title='bbox 2406 4968 2693 5027; x_wconf 85' lang='lat' dir='ltr'><strong>lasciviam,</strong></span> <span class='ocrx_word' id='word_1_953' title='bbox 2718 4964 2799 5019; x_wconf 83' lang='lat' dir='ltr'><strong>vel</strong></span> <span class='ocrx_word' id='word_1_954' title='bbox 2819 4964 2863 5017; x_wconf 90' lang='lat' dir='ltr'><strong>si</strong></span> <span class='ocrx_word' id='word_1_955' title='bbox 2884 4961 3006 5032; x_wconf 91' lang='lat' dir='ltr'><strong>quid</strong></span> <span class='ocrx_word' id='word_1_956' title='bbox 3025 4970 3108 5017; x_wconf 92' lang='lat' dir='ltr'><strong>est</strong></span> <span class='ocrx_word' id='word_1_957' title='bbox 3131 4959 3271 5015; x_wconf 90' lang='lat' dir='ltr'><strong>aliud</strong></span> <span class='ocrx_word' id='word_1_958' title='bbox 3294 4958 3433 5030; x_wconf 88' lang='lat' dir='ltr'><strong>quod</strong></span> <span class='ocrx_word' id='word_1_959' title='bbox 3457 4959 3507 5011; x_wconf 89' lang='lat' dir='ltr'><strong>in</strong></span> <span class='ocrx_word' id='word_1_960' title='bbox 3530 4956 3730 5010; x_wconf 90' lang='lat' dir='ltr'><strong>malam</strong></span> 
     </span>
    </p>
   </div>
   <div class='ocr_carea' id='block_1_113' title="bbox 2154 5048 3733 5131">
    <p class='ocr_par' dir='ltr' id='par_1_113' title="bbox 2154 5048 3733 5131">
     <span class='ocr_line' id='line_1_113' title="bbox 2154 5048 3733 5131; baseline -0.01 -15"><span class='ocrx_word' id='word_1_961' title='bbox 2154 5070 2354 5131; x_wconf 89' lang='lat' dir='ltr'><strong>partem</strong></span> <span class='ocrx_word' id='word_1_962' title='bbox 2380 5061 2605 5116; x_wconf 89' lang='lat' dir='ltr'><strong>libenter</strong></span> <span class='ocrx_word' id='word_1_963' title='bbox 2628 5056 2861 5118; x_wconf 85' lang='lat' dir='ltr'><strong>auditur,</strong></span> <span class='ocrx_word' id='word_1_964' title='bbox 2891 5068 3079 5108; x_wconf 90' lang='lat' dir='ltr'><strong>manus</strong></span> <span class='ocrx_word' id='word_1_965' title='bbox 3098 5053 3163 5107; x_wconf 90' lang='lat' dir='ltr'><strong>ad</strong></span> <span class='ocrx_word' id='word_1_966' title='bbox 3187 5053 3421 5121; x_wconf 85' lang='lat' dir='ltr'><strong>rapinam</strong></span> <span class='ocrx_word' id='word_1_967' title='bbox 3447 5049 3529 5104; x_wconf 86' lang='lat' dir='ltr'><strong>vel</strong></span> <span class='ocrx_word' id='word_1_968' title='bbox 3556 5048 3733 5119; x_wconf 82' lang='lat' dir='ltr'><strong>quod-</strong></span> 
     </span>
    </p>
   </div>
   <div class='ocr_carea' id='block_1_114' title="bbox 2154 5143 3731 5218">
    <p class='ocr_par' dir='ltr' id='par_1_114' title="bbox 2154 5143 3731 5218">
     <span class='ocr_line' id='line_1_114' title="bbox 2154 5143 3731 5218; baseline -0.01 -10"><span class='ocrx_word' id='word_1_969' title='bbox 2154 5155 2281 5209; x_wconf 87' lang='lat' dir='ltr'><strong>libet</strong></span> <span class='ocrx_word' id='word_1_970' title='bbox 2303 5153 2443 5208; x_wconf 91' lang='lat' dir='ltr'><strong>aliud</strong></span> <span class='ocrx_word' id='word_1_971' title='bbox 2471 5153 2671 5207; x_wconf 88' lang='lat' dir='ltr'><strong>facinus</strong></span> <span class='ocrx_word' id='word_1_972' title='bbox 2712 5159 2801 5203; x_wconf 91' lang='lat' dir='ltr'><strong>aut</strong></span> <span class='ocrx_word' id='word_1_973' title='bbox 2844 5148 3118 5218; x_wconf 82' lang='lat' dir='ltr'><strong>flagitium,</strong></span> <span class='ocrx_word' id='word_1_974' title='bbox 3167 5154 3223 5202; x_wconf 89' lang='lat' dir='ltr'><strong>et</strong></span> <span class='ocrx_word' id='word_1_975' title='bbox 3266 5143 3503 5198; x_wconf 87' lang='lat' dir='ltr'><strong>membra</strong></span> <span class='ocrx_word' id='word_1_976' title='bbox 3532 5154 3731 5195; x_wconf 59' lang='lat' dir='ltr'><strong>caetera</strong></span> 
     </span>
    </p>
   </div>
   <div class='ocr_carea' id='block_1_115' title="bbox 2155 5232 3736 5309">
    <p class='ocr_par' dir='ltr' id='par_1_115' title="bbox 2155 5232 3736 5309">
     <span class='ocr_line' id='line_1_115' title="bbox 2155 5232 3736 5309; baseline -0.008 -10"><span class='ocrx_word' id='word_1_977' title='bbox 2155 5245 2209 5301; x_wconf 89' lang='lat' dir='ltr'><strong>in</strong></span> <span class='ocrx_word' id='word_1_978' title='bbox 2232 5243 2371 5297; x_wconf 86' lang='lat' dir='ltr'><strong>hunc</strong></span> <span class='ocrx_word' id='word_1_979' title='bbox 2385 5242 2599 5297; x_wconf 93' lang='lat' dir='ltr'><strong>modum</strong></span> <span class='ocrx_word' id='word_1_980' title='bbox 2625 5239 2901 5309; x_wconf 73' lang='lat' dir='ltr'><strong>tyrannica</strong></span> <span class='ocrx_word' id='word_1_981' title='bbox 2927 5236 3262 5307; x_wconf 90' lang='lat' dir='ltr'><strong>principatui,</strong></span> <span class='ocrx_word' id='word_1_982' title='bbox 3291 5234 3342 5288; x_wconf 90' lang='lat' dir='ltr'><strong>id</strong></span> <span class='ocrx_word' id='word_1_983' title='bbox 3365 5241 3448 5288; x_wconf 83' lang='lat' dir='ltr'><strong>est</strong></span> <span class='ocrx_word' id='word_1_984' title='bbox 3465 5232 3736 5302; x_wconf 82' lang='lat' dir='ltr'><strong>perversis</strong></span> 
     </span>
    </p>
   </div>
   <div class='ocr_carea' id='block_1_116' title="bbox 2156 5325 3735 5397">
    <p class='ocr_par' dir='ltr' id='par_1_116' title="bbox 2156 5325 3735 5397">
     <span class='ocr_line' id='line_1_116' title="bbox 2156 5325 3735 5397; baseline -0.011 -4"><span class='ocrx_word' id='word_1_985' title='bbox 2156 5335 2389 5393; x_wconf 81' lang='lat' dir='ltr'><strong>consiliis</strong></span> <span class='ocrx_word' id='word_1_986' title='bbox 2413 5333 2710 5388; x_wconf 84' lang='lat' dir='ltr'><strong>militantia.</strong></span> <span class='ocrx_word' id='word_1_987' title='bbox 2734 5330 2896 5397; x_wconf 82' lang='lat' dir='ltr'><strong>Hujus</strong></span> <span class='ocrx_word' id='word_1_988' title='bbox 2921 5331 3146 5383; x_wconf 88' lang='lat' dir='ltr'><strong>civitatis</strong></span> <span class='ocrx_word' id='word_1_989' title='bbox 3167 5327 3315 5397; x_wconf 87' lang='lat' dir='ltr'><strong>quasi</strong></span> <span class='ocrx_word' id='word_1_990' title='bbox 3345 5325 3493 5395; x_wconf 82' lang='lat' dir='ltr'><strong>plebs</strong></span> <span class='ocrx_word' id='word_1_991' title='bbox 3513 5333 3594 5379; x_wconf 88' lang='lat' dir='ltr'><strong>cst</strong></span> <span class='ocrx_word' id='word_1_992' title='bbox 3614 5339 3735 5375; x_wconf 85' lang='lat' dir='ltr'><strong>Olll-</strong></span> 
     </span>
    </p>
   </div>
   <div class='ocr_carea' id='block_1_117' title="bbox 2166 5412 3736 5477">
    <p class='ocr_par' dir='ltr' id='par_1_117' title="bbox 2166 5412 3736 5477">
     <span class='ocr_line' id='line_1_117' title="bbox 2166 5412 3736 5477; baseline -0.009 0"><span class='ocrx_word' id='word_1_993' title='bbox 2166 5437 2260 5477; x_wconf 87' lang='lat' dir='ltr'><strong>nes</strong></span> <span class='ocrx_word' id='word_1_994' title='bbox 2291 5418 2527 5473; x_wconf 82' lang='lat' dir='ltr'><strong>delicata:</strong></span> <span class='ocrx_word' id='word_1_995' title='bbox 2562 5415 2867 5467; x_wconf 79' lang='lat' dir='ltr'><strong>affectiones</strong></span> <span class='ocrx_word' id='word_1_996' title='bbox 2905 5424 2959 5467; x_wconf 92' lang='lat' dir='ltr'><strong>et</strong></span> <span class='ocrx_word' id='word_1_997' title='bbox 2995 5412 3280 5467; x_wconf 87' lang='lat' dir='ltr'><strong>turbulenti</strong></span> <span class='ocrx_word' id='word_1_998' title='bbox 3316 5423 3490 5465; x_wconf 88' lang='lat' dir='ltr'><strong>motus</strong></span> <span class='ocrx_word' id='word_1_999' title='bbox 3536 5412 3736 5473; x_wconf 85' lang='lat' dir='ltr'><strong>animi,</strong></span> 
     </span>
    </p>
   </div>
   <div class='ocr_carea' id='block_1_118' title="bbox 2167 5496 3744 5583">
    <p class='ocr_par' dir='ltr' id='par_1_118' title="bbox 2167 5496 3744 5583">
     <span class='ocr_line' id='line_1_118' title="bbox 2167 5496 3744 5583; baseline -0.008 -18"><span class='ocrx_word' id='word_1_1000' title='bbox 2167 5508 2496 5583; x_wconf 89' lang='lat' dir='ltr'><strong>quotidianas</strong></span> <span class='ocrx_word' id='word_1_1001' title='bbox 2526 5504 2810 5558; x_wconf 88' lang='lat' dir='ltr'><strong>seditiones</strong></span> <span class='ocrx_word' id='word_1_1002' title='bbox 2849 5505 2900 5556; x_wconf 92' lang='lat' dir='ltr'><strong>in</strong></span> <span class='ocrx_word' id='word_1_1003' title='bbox 2931 5501 3145 5556; x_wconf 90' lang='lat' dir='ltr'><strong>homine</strong></span> <span class='ocrx_word' id='word_1_1004' title='bbox 3174 5503 3452 5571; x_wconf 83' lang='lat' dir='ltr'><strong>agitantes.</strong></span> <span class='ocrx_word' id='word_1_1005' title='bbox 3481 5501 3620 5571; x_wconf 84' lang='lat' dir='ltr'><strong>Ergo</strong></span> <span class='ocrx_word' id='word_1_1006' title='bbox 3645 5496 3744 5556; x_wconf 85' lang='lat' dir='ltr'><strong>nhi</strong></span> 
     </span>
    </p>
   </div>
   <div class='ocr_carea' id='block_1_119' title="bbox 2174 5594 3741 5665">
    <p class='ocr_par' dir='ltr' id='par_1_119' title="bbox 2174 5594 3741 5665">
     <span class='ocr_line' id='line_1_119' title="bbox 2174 5594 3741 5665; baseline -0.006 -7"><span class='ocrx_word' id='word_1_1007' title='bbox 2174 5619 2293 5665; x_wconf 80' lang='lat' dir='ltr'><strong>rex,</strong></span> <span class='ocrx_word' id='word_1_1008' title='bbox 2324 5599 2410 5655; x_wconf 88' lang='lat' dir='ltr'><strong>ubi</strong></span> <span class='ocrx_word' id='word_1_1009' title='bbox 2435 5598 2579 5653; x_wconf 86' lang='lat' dir='ltr'><strong>curia</strong></span> <span class='ocrx_word' id='word_1_1010' title='bbox 2602 5639 2616 5662; x_wconf 90' lang='lat'><strong>,</strong></span> <span class='ocrx_word' id='word_1_1011' title='bbox 2642 5596 2727 5650; x_wconf 89' lang='lat' dir='ltr'><strong>ubi</strong></span> <span class='ocrx_word' id='word_1_1012' title='bbox 2759 5594 3018 5658; x_wconf 90' lang='lat' dir='ltr'><strong>ministri,</strong></span> <span class='ocrx_word' id='word_1_1013' title='bbox 3043 5594 3128 5646; x_wconf 87' lang='lat' dir='ltr'><strong>ubi</strong></span> <span class='ocrx_word' id='word_1_1014' title='bbox 3159 5594 3309 5661; x_wconf 85' lang='lat' dir='ltr'><strong>plebs</strong></span> <span class='ocrx_word' id='word_1_1015' title='bbox 3336 5596 3621 5656; x_wconf 71' lang='lat' dir='ltr'><strong>invenitur,</strong></span> <span class='ocrx_word' id='word_1_1016' title='bbox 3653 5597 3741 5648; x_wconf 63' lang='lat' dir='ltr'><strong>ci-</strong></span> 
     </span>
    </p>
   </div>
   <div class='ocr_carea' id='block_1_120' title="bbox 2179 5684 3737 5758">
    <p class='ocr_par' dir='ltr' id='par_1_120' title="bbox 2179 5684 3737 5758">
     <span class='ocr_line' id='line_1_120' title="bbox 2179 5684 3737 5758; baseline -0.009 -13"><span class='ocrx_word' id='word_1_1017' title='bbox 2179 5696 2309 5748; x_wconf 79' lang='lat' dir='ltr'><strong>vitas</strong></span> <span class='ocrx_word' id='word_1_1018' title='bbox 2334 5701 2409 5746; x_wconf 76' lang='lat' dir='ltr'><strong>est</strong></span> <span class='ocrx_word' id='word_1_1019' title='bbox 2446 5708 2455 5741; x_wconf 80' lang='grc' dir='ltr'><strong><em>τ</em></strong></span> <span class='ocrx_word' id='word_1_1020' title='bbox 2488 5703 2654 5758; x_wconf 74' lang='lat' dir='ltr'><strong>neque</strong></span> <span class='ocrx_word' id='word_1_1021' title='bbox 2690 5688 2825 5740; x_wconf 80' lang='lat' dir='ltr'><strong>cnim</strong></span> <span class='ocrx_word' id='word_1_1022' title='bbox 2859 5686 2977 5739; x_wconf 82' lang='lat' dir='ltr'><strong>talia</strong></span> <span class='ocrx_word' id='word_1_1023' title='bbox 3013 5694 3184 5739; x_wconf 80' lang='lat' dir='ltr'><strong>essent</strong></span> <span class='ocrx_word' id='word_1_1024' title='bbox 3226 5685 3275 5737; x_wconf 88' lang='lat' dir='ltr'><strong>in</strong></span> <span class='ocrx_word' id='word_1_1025' title='bbox 3314 5684 3467 5740; x_wconf 84' lang='lat' dir='ltr'><strong>mulis</strong></span> <span class='ocrx_word' id='word_1_1026' title='bbox 3506 5685 3737 5747; x_wconf 67' lang='lat' dir='ltr'><strong>civitati-</strong></span> 
     </span>
    </p>
   </div>
  </div>
