2023 3100
160 148 216 176 121

160 206 226 237 hus,
241 202 291 230 nisi
305 201 380 238 prius
392 205 485 229 essent
497 200 522 227 in
537 198 647 234 singulis
661 198 823 231 hominibus,
835 197 878 232 qui
890 201 951 223 sunt

160 255 291 284 tanquam
305 248 437 275 elementa
450 252 477 274 et
489 246 590 273 semina
604 244 750 271 civitatum.
769 243 819 270 Has
832 242 951 270 civitates

160 295 290 326 destruit,
306 301 368 321 cum
382 293 488 320 excluso
508 290 568 318 inde
584 290 718 324 principe.
734 289 766 316 de
787 295 839 323 quo
852 287 951 314 dictum

160 347 221 374 est,
238 340 363 374 Princeps
379 339 454 373 hujus
467 337 551 364 sa’culi
568 337 658 363 missus
672 341 707 362 est
719 338 787 369 [oras
801 334 890 368 (Joan.
904 341 950 363 xn,

160 387 222 421 3|),
238 389 377 413 vastantur
397 384 453 411 haec
472 390 553 418 regna
575 383 655 409 verbo
667 381 799 413 veritatis,
814 380 952 414 sopiuntur

161 432 280 467 maligna
290 430 411 462 consilia,
424 434 515 464 turpes
524 428 679 456 all'ectiones
691 427 857 459 edomantur,
869 434 951 452 mcm~

162 478 274 505 brorum
298 481 326 504 et
343 483 468 503 sensuum
492 474 637 501 ministeria
660 473 842 507 captivantur.
870 476 897 498 et
917 471 950 498 ad

160 524 275 560 justitia:
288 527 316 551 et
328 522 458 550 bonorum
471 528 582 556 operum
600 520 719 547 militiam
732 518 926 546 transferuntur
941 525 949 543 ε

163 574 193 597 ιιι
204 569 272 605 jam,
288 568 357 595 sicut
371 566 515 602 Apostolus
528 565 606 599 dicit,
622 573 671 592 non
683 570 768 599 regnet
783 569 911 599 peccatum
924 563 951 589 in

163 621 251 643 nostra
265 615 366 642 mortali
381 622 485 649 corpore
499 613 585 649 (Rom.
597 621 633 643 vr,
648 612 713 646 12),.
724 616 750 639 et
766 616 860 639 caetera
875 611 951 645 hujus

164 662 228 689 loci.
248 660 324 689 Tune
346 664 455 695 pacatur
475 659 561 685 anima
575 679 582 690 ,
607 663 633 685 et
655 658 792 684 ordinatur
814 657 893 683 homo
917 656 949 683 ad

163 708 280 743 quietetn
294 711 322 734 et
335 706 369 733 ad
388 705 576 733 beatitudinem
589 703 789 738 capessendam.
803 697 881 729 Periit
896 710 950 728 me-

163 754 246 781 moria
271 760 357 780 eorum
377 760 432 778 cum
456 751 583 784 strepitu:
609 749 748 783 impiorutn
772 749 881 775 scilicet.
897 747 949 775 Sed

163 808 222 826 cum
235 798 351 832 strepitu,
367 798 422 825 sive
435 797 494 832 quia
509 797 537 823 ιιι
548 796 688 829 strepitus,
705 794 803 821 dictum
822 798 863 821 est
872 814 879 825 ,
891 801 950 821 cum

164 845 288 882 impietas
301 844 446 874 evertitur;
461 850 513 869 non
526 842 596 869 cnitn
609 841 702 867 transit
713 840 745 866 ad
758 847 886 866 summam
903 847 949 873 pa-

163 899 234 923 cem,
246 890 289 918 ubi
304 896 437 917 sutnmum
448 888 581 915 silentium
594 891 642 917 est.
657 886 707 913 nisi
722 886 765 919 qui
778 893 870 919 tnagno
882 889 949 912 stre-

165 937 221 973 pitu
245 936 319 971 prius
339 943 399 962 cum
419 935 475 962 suis
490 934 560 961 vitiis
574 933 768 967 belligeraverit
790 940 796 957 :
816 932 872 958 sive
893 939 950 957 cum

163 984 268 1018 strepitu
287 982 387 1009 dictum
413 986 472 1013 est,
500 985 528 1007 nt
549 984 639 1014 pereat
658 978 784 1006 memoria
810 977 950 1011 impiorum

164 1030 243 1055 etiam
258 1029 316 1062 ipso
331 1027 444 1062 strepitu
458 1031 595 1061 pereunte,
611 1026 636 1052 in
650 1033 702 1060 quo
718 1024 889 1051 tumultuatur
902 1024 951 1050 im-

165 1074 260 1109 pietas.
438 1070 441 1073 λ

199 1119 227 1146 9.
242 1118 317 1154 (vers.
332 1118 364 1150 8,
386 1117 425 1153 9.]
443 1117 476 1144 Et
497 1117 619 1143 Dominus
634 1116 659 1142 in
679 1121 798 1143 wlernum
812 1120 947 1150 permanet.

165 1165 261 1199 Ulquid
281 1171 344 1199 ergo
367 1164 529 1190 h'etnuerimt
548 1167 658 1197 gentes,
676 1167 702 1188 et
723 1162 809 1196 populi
832 1161 948 1187 meditati

163 1215 224 1237 sunt
236 1209 333 1240 inania,
347 1209 472 1235 adversus
487 1208 624 1234 Dominum
639 1212 666 1234 et
676 1207 803 1233 adversus
814 1206 948 1232 Christum

163 1257 220 1291 ejus
236 1255 319 1290 (Psal.
330 1263 357 1287 tt,
373 1254 417 1290 l)?
430 1263 488 1281 nam
506 1254 627 1280 Dominus
638 1254 663 1279 in
677 1258 797 1279 (etei-num
811 1256 947 1287 permanet.

163 1302 268 1329 Paravit
282 1303 307 1328 in
315 1302 415 1337 judicio
430 1301 512 1327 sedem
526 1308 597 1326 suam
607 1321 613 1332 ,
630 1305 652 1326 et
664 1300 716 1334 ipse
726 1299 849 1334 judicabit
865 1298 949 1325 orbem

163 1350 289 1376 terrarum
302 1349 327 1374 in
340 1348 466 1381 wquitate.
480 1347 584 1373 Paravit
595 1366 602 1377 ,
614 1353 674 1373 cum
688 1345 820 1378 judicatus
833 1349 889 1375 est,
904 1352 948 1371 se-

163 1394 223 1422 dem
237 1400 313 1420 snam
330 1401 337 1419 :
354 1399 402 1426 per
415 1392 486 1418 illam
501 1392 570 1417 cnim
587 1389 739 1425 patientiam
757 1389 835 1416 homo
852 1389 948 1416 ccelutn

163 1439 305 1475 acquisivit
314 1443 364 1479 ⁸,οι
378 1437 448 1464 Deus
467 1438 492 1463 in
507 1437 613 1463 homine
628 1437 634 1451 '
650 1435 819 1463 credentibus
834 1435 947 1469 profuit;

163 1492 190 1514 et
209 1486 261 1514 hoc
281 1491 323 1513 est
344 1486 477 1513 occultum
491 1484 549 1511 Filii
563 1485 703 1519 judicium.
723 1484 776 1512 Sed
795 1484 854 1518 quia
869 1483 949 1510 etiam

162 1532 248 1566 palam
262 1531 454 1565 manifesteque
468 1534 594 1557 venturus
607 1534 648 1556 est
657 1529 690 1556 ad
702 1530 775 1555 vivos
790 1533 815 1555 ct
829 1533 949 1555 mortuos

160 1578 317 1613 judicandos
327 1599 334 1610 ,
352 1577 455 1612 paravit
475 1577 501 1603 in
518 1576 620 1603 occulto
633 1575 732 1610 judicio
747 1575 839 1602 sedem
854 1582 944 1606 suam;

162 1630 185 1651 et
196 1625 250 1659 ipse
258 1624 322 1651 item
332 1625 416 1658 palatn
426 1623 551 1658 judicabit
562 1622 645 1649 orbem
657 1627 777 1648 terrarum
789 1623 813 1647 in
822 1622 947 1656 aequitate,

163 1671 189 1698 id
207 1676 264 1702 est.
281 1671 383 1697 meritis
396 1669 473 1704 digna
488 1669 643 1701 distribuet,
665 1675 748 1703 agnos
762 1667 794 1694 ad
813 1668 947 1695 dexteram

162 1723 278 1750 ponens,
293 1715 385 1742 bmdos
400 1716 431 1742 ad
447 1715 579 1742 sinistram
599 1714 703 1750 (Matth.
723 1722 786 1746 xxv,
801 1715 856 1747 33).
873 1713 949 1740 11(άὶ-

163 1762 229 1788 cubit
248 1762 356 1797 populos
367 1770 423 1787 cum
437 1761 549 1795 justitia.
567 1760 621 1787 Hoc
635 1765 675 1787 est
688 1761 757 1795 quod
775 1761 895 1795 superius
906 1760 948 1787 di-

161 1811 232 1834 ctum
254 1806 447 1840 est,Judicabit
461 1806 543 1833 orbem
559 1811 680 1833 terrarum
695 1806 720 1832 in
735 1806 850 1840 (equitate
869 1813 878 1833 :
896 1814 947 1833 non

163 1852 386 1887 quemadmodum
400 1852 520 1887 judicant
535 1852 672 1884 homines,
689 1853 732 1886 qui
746 1853 825 1879 corda
842 1859 893 1878 non
906 1851 947 1878 vi-

164 1897 246 1929 dent,
271 1905 287 1924 a
309 1897 404 1931 quibus
426 1897 583 1932 plerumque
602 1897 750 1924 deteriores
774 1896 948 1923 absolvuntur

163 1949 241 1976 quam
255 1941 484 1971 condemnamur;
501 1941 547 1968 sed
566 1942 591 1968 in
612 1941 735 1975 aequitate
749 1946 775 1968 et
797 1949 855 1967 cum
869 1941 947 1975 justi-

164 1987 198 2013 tia
213 1987 342 2013 Dominus
353 1986 482 2021 judicahit
493 2007 500 2018 ,
518 1986 696 2013 testimonium
712 1986 866 2020 perhibente
884 1994 947 2012 con-

164 2033 292 2064 scientia,
309 2037 336 2060 et
357 2032 560 2067 cogitationibus
579 2032 763 2059 accusantibus
785 2039 831 2059 seu
853 2032 946 2059 delen-

163 2078 287 2106 dentibus
301 2077 387 2113 (Rom.
402 2086 430 2109 ιι.
446 2078 501 2113 15).

200 2123 243 2151 10.
259 2122 334 2159 [νενε-
349 2123 404 2159 10.]
419 2123 450 2149 Et
463 2126 544 2158 factus
559 2128 596 2150 est
606 2122 729 2149 Dominus
741 2122 865 2157 refugiunt
881 2130 946 2156 puu-

165 2168 220 2202 peri
229 2167 277 2204 (a).
291 2168 488 2201 Quantumlibet
504 2173 678 2202 persequatur
692 2168 813 2194 inimicus
826 2167 886 2200 ille,
903 2168 947 2202 qui

163 2220 309 2240 conversus
323 2218 364 2240 est
383 2218 454 2240 retro
466 2233 473 2244 ,
490 2213 551 2247 quid
573 2213 678 2240 nocebit
698 2213 737 2239 eis
750 2220 861 2247 quorum
878 2212 948 2239 refu-

165 2261 236 2294 gium
252 2259 338 2286 factus
352 2264 393 2286 est
408 2259 551 2286 Dominus?
570 2258 621 2285 Sed
637 2259 686 2285 ltoc
699 2259 758 2291 liet,
773 2259 795 2284 si
812 2258 836 2284 in
850 2259 947 2285 smcnlo

166 2305 232 2337 hoc,
245 2304 322 2339 cujus
334 2304 378 2331 ille
392 2305 559 2339 magistratus
573 2308 613 2330 est
624 2324 632 2336 ,
649 2311 777 2338 pauperes
796 2311 855 2330 esse
873 2303 946 2330 dele-

166 2351 269 2384 gerint.
294 2350 360 2376 nihil
386 2349 500 2376 amando
521 2349 591 2384 quod
616 2349 656 2376 vel
682 2349 724 2375 hic
747 2349 880 2376 viventem
904 2354 947 2375 aut

165 2400 296 2423 amantem
312 2396 422 2428 deserit,
435 2395 476 2423 vel
490 2403 504 2423 a
518 2396 649 2423 moriente
662 2395 807 2427 deseritur;
822 2395 866 2422 tali
877 2395 947 2423 enim

167 2442 273 2477 pauperi
285 2441 416 2477 refugium
430 2442 514 2469 factus
527 2446 568 2468 est
581 2441 723 2474 Dominus,
738 2441 848 2476 Adjutor
859 2441 885 2468 in
900 2449 948 2476 op-

170 2488 374 2522 portunitatibus,
388 2488 414 2514 in
425 2487 593 2514 tribulatione.
605 2487 649 2514 Sic
661 2495 791 2522 pauperes
802 2487 872 2519 facit,
884 2494 949 2522 quo-

171 2528 237 2561 niam
249 2534 365 2569 ﬂagellat
378 2541 483 2560 omnem
500 2534 582 2560 lilium
595 2541 673 2568 quem
690 2533 782 2568 recipit
795 2533 886 2568 (Hebr.
901 2541 947 2565 xn,

169 2579 205 2614 ϐ).
216 2579 280 2606 Nam
293 2579 356 2614 quid
370 2579 406 2606 sit
419 2578 520 2614 adjutor
531 2579 556 2606 in
569 2578 796 2614 opportunitatibus
805 2599 813 2612 ,
825 2579 949 2614 exposuit

168 2632 223 2651 cum
238 2624 356 2657 addidit,
379 2623 406 2650 in
428 2624 584 2651 tribulatione
601 2632 611 2651 :
625 2631 678 2650 non
697 2623 766 2651 en'im
782 2624 946 2651 convertitur

168 2670 253 2697 anima
268 2669 302 2697 ad
318 2670 400 2697 Deum
411 2689 418 2701 ,
434 2669 484 2696 nisi
498 2669 560 2696 dum
574 2670 607 2697 ab
622 2669 672 2697 hoc
692 2670 789 2697 saeculo
803 2670 943 2702 avertitur;

167 2722 214 2742 nec
235 2715 413 2750 opportunius
445 2714 479 2741 ab
510 2714 560 2742 hoc
573 2715 671 2742 saeculo
683 2715 819 2748 avertitur,
831 2715 880 2742 nisi
895 2723 947 2742 nn-

168 2761 275 2792 zatoriis
295 2760 353 2795 ejus
367 2764 394 2787 et
408 2759 493 2787 noxiis
510 2764 537 2786 et
549 2760 706 2795 perniciosis
718 2760 897 2796 voluptatibus
910 2760 947 2787 la-

195 2828 203 2843 ¹
216 2827 252 2852 sic
262 2829 316 2851 Mss.
328 2825 388 2851 mliti
398 2832 465 2855 vero,
477 2828 500 2851 et
514 2829 575 2851 Deus
593 2824 733 2851 hominibus.

194 2856 232 2889 (a)
248 2857 313 2882 Idem
325 2862 389 2881 vers.
402 2856 430 2882 10
440 2857 568 2889 exponitur
587 2857 610 2881 in
620 2860 687 2882 Enar.
700 2856 760 2882 t‘sal.
771 2864 870 2888 unm,
882 2864 906 2882 ιι.
920 2858 944 2883 5.

730 139 929 170 ENARRAJ'IO
949 139 982 167 IN
1000 139 1159 169 PSALMUM
1178 141 1223 168 IX.

1735 141 1785 170 1⁵22

1006 196 1084 224 bores
1096 196 1255 232 doloresque
1266 197 1435 225 misceantur.

1026 240 1082 270 ‘H.
1099 241 1173 279 [υετε.
1189 242 1245 279 11.]
1259 242 1293 270 Ει
1305 249 1404 278 sperent
1418 244 1444 271 in
1459 248 1482 271 te
1492 244 1501 260 ¹
1519 245 1562 279 qui
1575 249 1727 280 cognoscunt
1739 253 1784 272 no-

1003 295 1060 314 men
1074 292 1144 314 tuum
1159 295 1169 315 :
1189 295 1249 315 cum
1263 288 1413 316 destiterint
1427 296 1536 324 sperare
1559 289 1586 315 in
1602 289 1699 317 divitiis
1717 293 1745 317 et
1756 289 1784 317 in

1003 332 1062 359 aliis
1077 332 1157 367 hujus
1175 333 1266 360 saeculi
1285 333 1482 361 blandimentis.
1496 333 1663 366 Quaerentem
1686 334 1785 370 quippe

1003 377 1117 404 animam
1140 377 1185 405 ubi
1199 378 1259 412 ﬁgat
1275 385 1348 413 spem
1362 399 1370 411 ,
1386 386 1446 405 cum
1466 378 1500 405 ab
1514 378 1565 406 hoc
1580 379 1679 406 mundo
1691 379 1784 407 avelli-

1003 427 1055 455 tur,
1068 427 1218 457 opportune
1231 423 1327 458 excipit
1347 424 1462 458 cognitio
1483 424 1597 451 nominis
1611 424 1657 452 Dei
1670 425 1680 440 ²
1695 433 1702 451 :
1720 432 1782 452 nam

1003 476 1099 497 nomen
1112 469 1197 504 ipsum
1214 469 1260 497 Dei
1276 477 1345 497 nunc
1365 477 1555 505 usquequaque
1568 470 1701 504 vulgatum
1722 475 1786 508 est;

1003 514 1050 542 sed
1063 515 1178 550 cognitio
1191 515 1305 542 nominis
1320 519 1374 546 est,
1397 523 1457 542 cum
1472 515 1516 542 ille
1528 516 1696 550 cognoscitur
1709 515 1785 551 cujus

1002 565 1043 588 est
1055 568 1151 588 nomen
1164 570 1170 589 ζ
1186 569 1238 588 non
1250 561 1321 589 enim
1333 568 1428 589 nomen
1445 565 1552 596 propter
1564 569 1593 589 se
1608 569 1704 589 nomen
1718 550 1758 589 ἔδει
1768 582 1777 593 ,

1002 605 1048 633 sed
1073 609 1181 640 propter
1194 606 1220 633 id
1239 605 1309 641 quod
1328 606 1469 641 signiﬁcat.
1490 606 1593 633 Dictum
1615 610 1657 633 est
1677 611 1783 639 autent,

1002 649 1125 677 Dominus
1142 658 1230 677 nomen
1253 655 1288 677 est
1310 649 1348 678 illi
1360 649 1467 686 (larem.
1489 658 1575 678 χχχιιι
1588 671 1595 683 ,
1610 651 1648 686 2).
1664 650 1784 686 Quapro-

1002 700 1060 729 pter
1072 696 1118 731 qtti
1138 703 1168 723 se
1188 696 1302 724 libenter
1322 696 1377 724 Deo
1398 696 1525 723 famulum
1540 696 1644 729 subdit,
1662 696 1785 731 cognovit

1001 740 1052 769 hoc
1072 749 1179 770 nomen.
1195 741 1228 769 Et
1252 747 1351 777 sperent
1370 743 1397 770 in
1416 748 1440 770 te
1460 743 1504 777 qui
1526 747 1676 778 cognoscunt
1695 750 1785 769 nomen

1001 791 1082 814 tuum.
1104 786 1169 815 Item
1191 787 1317 815 Dominus
1333 787 1398 816 dicit
1411 788 1444 815 ad
1464 788 1591 824 Moysen:
1608 788 1661 823 Ego
1674 795 1729 814 sum
1741 787 1784 822 qui

1000 840 1075 865 sum;
1088 837 1111 860 et
1124 833 1190 860 dices
1202 833 1262 868 ﬁliis
1273 833 1373 860 Israel:
1387 833 1456 861 Misit
1470 842 1508 860 me
1520 833 1565 869 qui
1579 838 1614 860 est
1628 833 1725 870 (Exod.
1740 840 1779 866 nt,

1001 877 1058 913 14).
1072 877 1180 913 Sperent
1190 886 1254 913 ergo
1266 879 1292 905 in
1305 883 1328 905 te
1339 878 1382 913 qui
1391 883 1542 913 cognoscunt
1553 886 1643 905 nomen
1655 883 1741 905 tuum:
1750 885 1783 905 ne

1000 928 1107 957 sperent
1117 923 1143 950 in
1157 923 1198 950 his
1212 923 1291 951 rebus
1298 931 1356 958 qua:
1365 923 1489 957 temporis
1500 923 1662 951 volubilitate
1671 928 1783 958 praeter-

1001 967 1097 1000 ﬂuunt,
1108 968 1172 995 nihil
1186 967 1315 996 habentes
1326 968 1385 999 nisi.
1397 969 1457 1001 erit,
1468 972 1495 996 et.
1508 968 1555 995 fuit
1564 976 1571 1001 ;
1581 968 1704 1003 quoniam
1713 968 1783 1003 quod

1001 1013 1028 1040 in
1043 1013 1094 1041 illis
1108 1013 1225 1041 futurum
1243 1018 1300 1047 est,
1314 1022 1373 1041 cum
1387 1014 1503 1047 venerit,
1517 1013 1546 1041 lit
1560 1013 1648 1041 statim
1663 1014 1783 1048 pra-teri-

1002 1064 1072 1093 tum;
1085 1064 1253 1095 exspectatur
1266 1067 1325 1087 cum
1340 1060 1499 1095 cupiditate,
1513 1060 1641 1087 amittitur
1658 1067 1718 1087 cum
1732 1059 1782 1086 do-

1002 1104 1067 1132 lore.
1081 1104 1110 1131 In
1125 1104 1172 1131 Dei
1185 1109 1272 1132 autem
1286 1109 1377 1132 natura
1391 1112 1443 1132 non
1454 1105 1505 1132 erit
1516 1105 1625 1140 aliquid,
1634 1104 1707 1139 quasi
1718 1112 1783 1131 non-

1001 1149 1063 1176 dum
1079 1149 1128 1182 sit;
1140 1154 1186 1176 aut
1200 1149 1264 1182 fuit,
1283 1149 1357 1184 quasi
1369 1149 1423 1185 jam
1438 1157 1490 1176 non
1505 1149 1557 1176 sit:
1570 1149 1616 1177 sed
1629 1153 1670 1176 est
1684 1153 1783 1176 tantum

1000 1193 1027 1221 id
1040 1194 1108 1229 quod
1120 1199 1169 1225 est.
1183 1199 1210 1221 et
1224 1194 1280 1229 ipsa
1293 1198 1335 1222 est
1346 1193 1489 1222 mternitas.
1499 1194 1626 1221 Desinant
1638 1194 1784 1229 igitur-spe-

1001 1247 1061 1267 rare
1074 1243 1102 1267 et
1114 1239 1224 1274 diligere
1238 1239 1390 1275 temporalia
1402 1260 1410 1273 ,
1426 1244 1452 1266 et
1472 1246 1502 1267 se
1519 1239 1552 1267 ad
1572 1244 1696 1266 mternam
1710 1247 1784 1273 spem

1001 1284 1138 1311 conferant
1147 1305 1155 1317 ,
1164 1284 1208 1319 qui
1222 1289 1384 1319 cognoscunt
1396 1292 1492 1312 nomen
1505 1284 1563 1320 ejus
1572 1285 1615 1319 qui
1629 1284 1695 1311 dixit
1709 1293 1715 1311 :
1727 1284 1784 1320 Ego

1000 1339 1056 1357 sum
1069 1330 1111 1365 qui
1125 1338 1191 1363 sum,
1204 1335 1231 1358 et
1244 1330 1277 1357 dc
1289 1338 1342 1365 quo
1354 1330 1452 1357 dictum
1467 1334 1508 1358 est
1523 1339 1529 1357 :
1545 1329 1615 1357 Misit
1628 1338 1666 1356 me
1680 1330 1722 1364 qui
1736 1334 1781 1357 est.

1002 1375 1126 1409 Quoniam
1148 1383 1198 1402 non
1217 1375 1369 1411 dereliquiin
1388 1380 1525 1410 querentes
1537 1380 1575 1408 te,
1596 1374 1711 1402 Domine.
1732 1375 1782 1408 Qui

999 1429 1059 1449 eum
1078 1426 1207 1456 quan-unt,
1220 1421 1274 1456 jam
1289 1421 1451 1448 transeuntia
1463 1425 1490 1449 et
1500 1421 1629 1448 moritura
1644 1428 1695 1448 non
1707 1429 1783 1456 qua:-

999 1471 1061 1494 runt
1069 1476 1076 1494 :
1083 1474 1161 1494 nemo
1169 1467 1239 1494 enim
1246 1471 1334 1502 potest
1341 1465 1444 1494 duobus
1451 1466 1563 1494 dominis
1571 1466 1670 1494 servire
1677 1465 1782 1503 (Matth.

1000 1518 1038 1543 νι,
1053 1511 1110 1547 et).
1508 1511 1513 1515 '

1035 1556 1078 1584 12.
1094 1556 1169 1594 [νεη-
1184 1556 1242 1595 12.]
1258 1556 1363 1585 Psallite
1375 1556 1494 1589 Domino,
1507 1557 1551 1593 qui
1562 1556 1656 1584 habitat
1666 1556 1693 1583 in
1702 1556 1765 1584 Sion
1774 1564 1784 1584 .'

1000 1603 1042 1631 his
1054 1604 1161 1636 dicitur,
1177 1610 1244 1639 quos
1258 1610 1310 1630 non
1325 1602 1640 1638 derelinquitqumrentes
1652 1610 1682 1630 se
1696 1602 1784 1630 Domi-

999 1656 1059 1676 nus.
1072 1648 1131 1684 Ipse
1142 1648 1242 1676 habitat
1255 1648 1281 1676 in
1297 1647 1378 1682 Sion,
1393 1647 1463 1683 quod
1484 1648 1670 1683 interpretatur
1682 1647 1784 1683 Specu-

999 1694 1062 1722 latio
1073 1714 1081 1727 ,
1095 1698 1123 1721 et
1142 1698 1226 1725 gestat
1247 1694 1387 1729 imaginem
1406 1693 1532 1721 Ecclesia:
1553 1701 1613 1728 quas
1627 1700 1698 1721 nunc
1716 1697 1758 1721 est
1773 1701 1782 1721 ς

998 1740 1067 1767 sicut
1077 1739 1223 1767 Jerusalem
1234 1744 1321 1775 gestat
1333 1738 1474 1774 imaginem
1486 1736 1611 1766 Ecclesia:
1625 1746 1684 1773 qutn
1696 1737 1784 1766 futura

998 1789 1050 1818 est,
1059 1784 1084 1812 id
1096 1789 1137 1812 est
1149 1784 1261 1812 civitatis
1273 1788 1428 1812 sanctorum
1437 1783 1491 1818 jam
1503 1782 1620 1818 angelica
1630 1782 1682 1809 vita
1693 1782 1783 1810 fruen-
1810 1804 1819 1808 -

1001 1831 1081 1861 tium:
1095 1830 1155 1865 quia
1167 1830 1313 1858 Jerusalem
1328 1830 1517 1864 interpretatur
1528 1828 1599 1855 Visio
1613 1828 1693 1863 pacis.
1708 1828 1782 1855 Prat-

999 1877 1069 1904 cedit
1085 1881 1172 1903 autem
1193 1876 1338 1911 speculatio
1351 1875 1479 1903 visionem
1489 1894 1497 1906 ,
1512 1874 1581 1901 sicut
1600 1874 1650 1900 ista
1663 1873 1782 1901 Ecclesia

1000 1922 1125 1957 priceedit
1138 1929 1196 1949 eam
1207 1930 1265 1956 qua:
1279 1921 1448 1956 promittitur,
1461 1919 1594 1947 civitatem
1606 1920 1782 1947 immortalem

999 1973 1027 1996 et
1041 1972 1177 1995 aeternam.
1199 1967 1251 1995 Sed
1271 1966 1395 2002 praecedit
1409 1970 1548 2001 tempore,
1563 1973 1616 1993 non
1635 1965 1780 2001 dignitate:

999 2013 1059 2048 quia
1073 2012 1250 2040 honorabilius
1265 2017 1306 2039 est
1319 2019 1371 2046 quo
1381 2010 1519 2046 pervenire
1532 2010 1649 2045 nitimur,
1665 2018 1743 2046 quam
1756 2010 1781 2038 id

999 2057 1068 2092 quod
1081 2058 1193 2093 agimus.
1209 2062 1237 2084 ut
1249 2057 1387 2092 pervenire
1400 2064 1550 2084 mereamur
1559 2065 1567 2089 ;
1576 2056 1679 2092 agimus
1693 2061 1781 2084 autem

999 2103 1215 2138 speculationem,
1226 2107 1254 2130 ut
1262 2103 1444 2138 perveniamus
1451 2102 1484 2130 ad
1493 2103 1631 2130 visionem.
1639 2103 1691 2130 Sed
1702 2103 1781 2131 etiam

1000 2148 1094 2184 ipsam,
1108 2157 1166 2184 qua:
1181 2156 1251 2176 nunc
1265 2153 1321 2180 est.
1341 2148 1485 2176 Ecelesiam
1501 2148 1551 2176 nisi
1567 2148 1694 2176 Dominus
1707 2148 1783 2175 inha-

999 2195 1104 2227 bilarct,
1113 2194 1161 2222 iret
1174 2194 1199 2221 in
1208 2201 1324 2223 errorem
1337 2194 1480 2229 quamlibet
1489 2194 1679 2222 studiosissima
1688 2201 1783 2228 spectt-

1000 2241 1062 2268 latio
1074 2249 1080 2267 :
1092 2245 1118 2268 et
1132 2240 1192 2268 huic
1207 2240 1332 2268 Ecclesia:
1345 2240 1443 2267 dictum
1455 2245 1505 2273 est,
1515 2239 1647 2274 Templum
1659 2240 1723 2266 enim
1736 2239 1781 2266 Dei

1000 2290 1113 2313 sanctum
1124 2291 1174 2318 est,
1188 2285 1255 2321 quod
1265 2286 1324 2312 estis
1339 2293 1382 2312 vos
1392 2285 1414 2319 (Ι
1428 2285 1487 2312 Cor.
1499 2292 1537 2317 tn,
1548 2284 1608 2319 l7);
1619 2288 1655 2317 et,
1669 2283 1702 2310 In
1715 2284 1780 2311 inte-

1000 2332 1064 2359 riore
1081 2331 1180 2358 homine
1198 2330 1310 2357 habitare
1321 2330 1447 2357 Christum
1471 2337 1514 2364 per
1533 2329 1609 2364 [idem
1628 2329 1654 2356 in
1668 2329 1783 2357 cordibus

999 2378 1085 2405 vestris
1100 2377 1206 2412 (Ep/tes.
1217 2384 1244 2404 ιιι
1255 2398 1262 2409 ,
1275 2376 1330 2412 16).
1343 2373 1498 2410 Pnacipitut"
1510 2382 1574 2410 ergo
1586 2375 1662 2402 nobis
1673 2379 1702 2401 ut
1715 2375 1784 2409 psal-

999 2423 1084 2450 lanius
1107 2423 1217 2449 Domino
1229 2442 1236 2455 ,
1251 2422 1296 2456 qui
1316 2421 1415 2448 habitat
1434 2420 1460 2447 in
1474 2419 1554 2452 Sion,
1569 2425 1598 2447 ut
1614 2420 1783 2447 concorditer

1000 2469 1142 2496 Dominum
1160 2468 1283 2496 Ecclesia:
1297 2467 1498 2494 inhabitatorem
1519 2467 1665 2494 laudemus.
1678 2467 1783 2493 Annuu-

1000 2515 1060 2542 tinte
1073 2515 1136 2540 inter
1148 2519 1232 2549 gentes
1249 2512 1374 2539 mirabilia
1388 2513 1440 2547 ejus
1454 2520 1463 2540 .'
1475 2517 1501 2540 et
1513 2513 1608 2540 factum
1622 2518 1680 2546 est,
1691 2517 1718 2540 et
1731 2520 1781 2542 non

1000 2560 1103 2587 desinet
1119 2559 1187 2594 ﬁeri,
1698 2582 1703 2590 ,
1745 2553 1752 2560 “

1035 2605 1078 2632 l5.
1092 2604 1172 2641 [vers.
1185 2604 1246 2640 15.]
1263 2604 1386 2637 Quoniam
1399 2604 1526 2637 requirens
1539 2604 1684 2640 sanguinem
1697 2611 1782 2630 eorum

1000 2656 1150 2678 memoratus
1164 2655 1210 2677 est.
1226 2651 1305 2685 Quasi
1325 2651 1530 2685 responderetur
1542 2651 1576 2678 ab
1589 2650 1629 2678 bis
1648 2651 1691 2685 qui
1711 2650 1783 2676 missi

1000 2702 1062 2725 sunt
1082 2697 1275 2732 evangelizare,
1300 2698 1336 2725 illi
1351 2697 1583 2732 puecepto'quod
1608 2697 1705 2724 dictum
1728 2700 1782 2728 cst,

1032 2765 1040 2780 ι
1058 2764 1116 2789 mliti
1129 2770 1135 2788 :
1149 2766 1174 2795 Et
1185 2767 1279 2795 sperent
1290 2764 1347 2790 inte
1357 2771 1446 2789 omnes.
1460 2765 1541 2793 Abest,
1553 2770 1657 2789 ornuesa
1669 2767 1721 2795 ttss.

1032 2795 1041 2811 '
1057 2798 1090 2819 ua
1101 2796 1128 2829 ιιι
1136 2793 1259 2825 plerisque
1272 2799 1361 2829 nsunt
1369 2796 1393 2820 in
1405 2796 1493 2829 editis:
1506 2793 1726 2829 Quwrente'quippe
1733 2794 1784 2820 mti—

1000 2832 1043 2873 '"“:
1054 2824 1195 2881 'aliiii'ii‘ii'i
1205 2829 1647 2881 massinissae?“
1658 2828 1710 2850 ⁸⁸⁸·

1094 2857 1121 2886 ti,
1132 2855 1193 2882 illud
1204 2855 1356 2887 principium.
1373 2855 1434 2887 nisi,
1445 2855 1481 2881 illi
1492 2858 1616 2887 pra'cepto.
