4046 6200
480 414 788 470 Ἀκηιιηεὶαιθ
827 413 953 468 inter
980 418 1148 482 gentes
1191 405 1441 463 M150
1478 398 1624 470 εἰπε
1668 413 1724 463 ει
1759 401 2039 465 dicemur,

481 505 696 573 Domine
717 547 730 570 ,
752 504 863 575 quis
881 496 1094 557 credidit
1130 499 1329 556 aeditui
1344 507 1512 554 nostro
1529 494 1681 569 (Isai.
1709 510 1824 561 un,
1848 492 1928 565 i)?
1951 504 2006 548 et
2022 533 2038 559 ,

482 595 698 665 Propter
729 604 783 651 re
815 593 1089 647 occidimur
1129 602 1233 647 tota
1270 591 1352 646 die
1385 587 1556 661 (Psd.
1590 601 1746 651 sunt,
1767 584 1882 655 εξ),
1909 598 2039 638 con-

481 690 757 744 venienter
787 683 1026 752 sequitur
1048 724 1063 749 ,
1094 681 1275 737 dicens
1300 719 1316 745 ,
1345 671 1448 735 non
1473 678 1591 733 sine
1633 690 1826 746 magno
1867 672 2037 729 fructu

476 774 783 831 a'tcnrilalis
827 775 1114 830 morituros
1162 774 1215 829 in
1253 771 1622 843 persecutione
1661 765 1987 825 Christianos
2019 783 2035 821 :

477 866 727 934 Quoniam
763 866 1019 937 requirens
1051 866 1346 935 sanguinem
1381 876 1553 918 eorum
1593 868 1894 915 numeratus
1939 866 2031 912 est.

472 957 576 1013 Sed
625 972 720 1012 cur
763 958 1060 1027 sanguinem
1100 973 1271 1011 eorum
1311 951 1724 1010 maluitdiccre?
1753 951 1835 1006 An
1886 948 2034 1019 quasi

471 1049 606 1103 atius
642 1049 935 1121 imperitior
964 1056 1018 1104 et
1062 1049 1279 1104 minoris
1327 1047 1447 1103 ﬁdei
1499 1052 1760 1117 maereret
1808 1042 1988 1098 dicens
2014 1081 2032 1107 ,

472 1141 748 1208 Quomodo
788 1141 1198 1206 aununtiabunt,
1226 1155 1344 1196 cum
1376 1140 1438 1194 in
1459 1150 1554 1193 eos
1595 1135 1875 1192 inﬁdelitas
1900 1146 2034 1205 gen-

474 1238 601 1289 tium
637 1236 879 1291 seevitura
905 1235 1010 1301 sit;
1044 1235 1166 1289 huic
1199 1231 1568 1305 respondetur,
1598 1230 1844 1297 Quoniam
1863 1225 2033 1291 requi-

472 1343 587 1382 rens
627 1329 916 1398 sanguinem
959 1342 1129 1382 eorum
1175 1334 1477 1380 memoratus
1496 1332 1607 1389 est;
1630 1321 1685 1376 id
1708 1329 1793 1376 est
1814 1359 1831 1387 ,
1858 1319 2035 1374 veniet

432 1444 445 1459 ι
473 1419 715 1472 tt‘t‘mum
738 1417 1013 1486 judicium,
1040 1416 1126 1472 ubi
1155 1426 1205 1472 et
1228 1412 1617 1472 interfectorum
1647 1411 1809 1483 gloria
1830 1452 1846 1475 ,
1877 1416 1933 1466 et
1952 1410 2036 1464 in-

473 1506 837 1562 terﬁciundum
875 1522 1029 1579 paena
1062 1504 1339 1561 manifesta
1379 1504 1487 1560 sit?
1512 1501 1818 1558 Mentorem
1842 1508 1918 1555 est
1940 1514 2037 1553 au-

472 1605 601 1664 tem,
628 1611 782 1652 nemo
796 1598 870 1652 ita
912 1598 1139 1668 positum
1165 1603 1313 1666 putet
1334 1634 1350 1658 ,
1372 1594 1523 1665 quasi
1551 1591 1748 1650 oblivio
1773 1589 1928 1645 cadat
1975 1589 2030 1644 iu

438 1703 444 1709 '
471 1686 658 1752 Deum;
687 1686 778 1742 sed
807 1686 929 1758 quia
964 1696 1082 1757 post.
1103 1688 1318 1757 longum
1345 1695 1552 1755 tempus
1588 1683 1820 1740 futurum
1845 1689 1928 1738 est
1945 1681 2034 1751 ju-

469 1777 683 1844 dicium,
709 1776 996 1834 secundum
1017 1778 1259 1832 allectum
1289 1775 1616 1831 intimorum
1644 1773 1914 1829 hominum
1936 1786 2030 1842 po-

460 1868 625 1922 situm
655 1877 752 1931 est,
786 1869 875 1938 qui
900 1868 1048 1939 quasi
1091 1867 1311 1922 oblitum
1339 1867 1500 1922 Deum
1530 1872 1747 1936 putant,
1774 1865 1897 1934 quia
1921 1877 2026 1918 non

468 1968 574 2014 tam
620 1958 725 2031 cito
762 1957 889 2014 facit
934 1970 1091 2030 quam
1144 1959 1241 2029 ipsi
1285 1958 1485 2013 volunt.
1522 1956 1618 2011 liis
1649 1952 1841 2011 dicitur
1867 1953 2028 2009 etiam

466 2048 605 2119 quod
648 2050 921 2121 sequitur,
955 2046 1078 2104 Non
1105 2058 1178 2103 est
1201 2048 1382 2104 oblitus
1419 2049 1687 2103 clamorem
1713 2058 2029 2117 pauperum;

473 2141 525 2194 id
564 2150 678 2207 est,
702 2154 810 2196 non
835 2151 896 2197 ut
932 2141 1131 2212 putatis
1161 2140 1358 2195 oblitus
1402 2147 1485 2195 est
1526 2157 1540 2193 :
1584 2138 1735 2208 quasi
1789 2136 2027 2192 dicerent

463 2239 645 2300 postca
667 2244 823 2300 quam
866 2230 1163 2297 audierunt,
1194 2229 1502 2284 Memor-atus
1529 2239 1632 2292 est,
1660 2228 1802 2298 Ergo
1831 2225 2026 2282 oblitus

461 2329 607 2387 crat;
638 2318 758 2376 Non
782 2331 852 2377 est
873 2320 1074 2386 oblitus,
1104 2321 1302 2392 inquit,
1324 2322 1591 2375 clamarent
1620 2333 1916 2390 pauperum.

533 2409 668 2484 14.[
708 2398 835 2466 uers.
868 2410 1242 2484 14,15.]S.cd
1280 2424 1460 2481 quiero
1498 2409 1620 2480 quis
1656 2409 1854 2465 clamor
1898 2420 2025 2478 pan»

459 2516 644 2574 perum
674 2503 744 2557 sit
781 2515 937 2573 quem
981 2501 1120 2558 Dens
1155 2517 1263 2559 non
1304 2501 1649 2558 obliviscitur.
1678 2502 1758 2556 An
1786 2500 1885 2557 iste
1911 2499 2024 2556 cla-

460 2607 579 2647 mor
615 2601 731 2658 est,
759 2593 909 2663 cujus
954 2592 1068 2649 haec
1090 2592 1252 2649 verba
1293 2599 1421 2649 sunt
1441 2606 1457 2645 :
1480 2589 1721 2646 Miserere
1746 2591 1846 2645 ntei
1866 2631 1882 2657 ,
1914 2589 2023 2644 Do-

458 2685 592 2739 mine
612 2726 628 2751 ,
655 2685 768 2739 uide
784 2686 1115 2740 humilitatem
1145 2699 1306 2739 meum
1337 2682 1399 2738 ab
1420 2682 1636 2738 inimicis
1670 2683 1833 2738 meis?
1850 2682 2025 2751 Quare

457 2790 586 2847 ergo
628 2791 734 2832 non
777 2777 940 2843 dixit,
966 2775 1220 2834 Miserere
1264 2776 1433 2833 nostri
1457 2817 1472 2840 ,
1504 2775 1745 2841 Domine,
1772 2774 1891 2831 vide
1920 2774 2022 2829 hu-

457 2865 731 2923 militatem
758 2878 991 2923 nostram
1016 2868 1084 2923 ab
1110 2867 1336 2923 inimicis
1363 2865 1580 2933 nostris,
1600 2874 1846 2936 tanquam
1869 2863 2021 2920 multi

458 2970 715 3028 pauperes
739 2957 1002 3023 clament;
1028 2957 1126 3014 sed
1155 2966 1402 3028 tanquam
1422 2968 1562 3012 unus
1580 2998 1596 3024 ,
1629 2954 1864 3010 Miserere
1891 2956 1986 3009 mei
2003 2993 2021 3023 ,

459 3046 711 3104 Domine?
738 3050 817 3102 An
862 3049 984 3119 quia
1033 3062 1170 3103 unus
1213 3046 1513 3118 interpellat
1556 3060 1649 3116 pro
1674 3047 1904 3110 sanctis,
1931 3045 2023 3116 qui

459 3130 659 3210 primus
706 3150 907 3212 pauper
950 3148 1046 3210 pro
1079 3140 1229 3195 nobis
1258 3136 1428 3196 factus
1461 3147 1574 3205 est,
1614 3152 1739 3193 cum
1777 3145 1919 3192 esset
1944 3134 2025 3192 di-

420 3264 427 3283 ι
458 3248 549 3288 vos
587 3230 655 3305 (li
681 3230 799 3288 Cor.
829 3246 940 3299 vnt,
965 3230 1023 3304 9)
1048 3240 1150 3309 ,hct
1172 3231 1283 3301 ipse
1308 3231 1438 3309 dicit
1466 3244 1482 3286 :
1511 3229 1611 3297 Qui
1634 3229 1826 3284 exultas
1861 3244 1939 3282 me
1961 3228 2025 3283 de

459 3304 614 3396 portis
665 3322 864 3389 mortis,
914 3332 969 3378 at
997 3304 1585 3378 annuntiem'tmiuersas
1618 3321 1792 3375 laudes
1832 3330 1944 3376 tuas
1967 3321 2023 3376 in

458 3417 615 3486 portis
659 3414 783 3487 )ilize
806 3412 971 3471 Sion?
995 3412 1271 3470 Exaltatar
1310 3412 1454 3469 enim
1480 3411 1639 3468 homo
1680 3412 1734 3467 in
1780 3412 1870 3468 illo
1914 3426 2020 3467 non

457 3506 627 3561 solum
671 3518 825 3576 quem
875 3515 1082 3577 gestat,
1107 3502 1248 3576 quod
1289 3507 1450 3575 caput
1491 3503 1740 3559 Ecclesia:
1781 3511 1902 3569 est,
1928 3500 2024 3557 sed

456 3599 614 3654 etiam
663 3597 907 3669 quisquis.
937 3606 1176 3652 nosnnm
1220 3605 1303 3652 est
1332 3596 1387 3651 ‘m
1417 3595 1624 3651 caneris
1658 3593 1943 3660 membris;
1966 3602 2025 3649 et

455 3689 719 3743 exaltatur
743 3687 810 3742 ab
846 3688 1091 3743 omnibus
1127 3684 1722 3759 pravis-cupiditatibus,
1745 3700 1863 3756 quae
1901 3692 2027 3739 sunt

457 3788 625 3848 portat
649 3777 855 3845 mortis,
877 3778 998 3849 quia
1025 3793 1120 3849 per
1139 3778 1258 3834 ilias
1286 3777 1392 3833 itur
1416 3777 1468 3832 in
1494 3782 1741 3833 mortem.
1767 3775 1910 3832 Mors
1930 3790 2024 3830 au-

459 3875 564 3921 tem
586 3876 670 3921 est
691 3867 800 3936 jam
828 3869 939 3937 ipsa
964 3864 1146 3924 lzcti‘tia
1172 3868 1224 3923 in
1264 3866 1586 3940 perfruendo
1604 3908 1621 3936 ,
1648 3877 1771 3923 cum
1800 3867 2026 3937 quisque

456 3957 765 4027 adipiscitur
805 3959 944 4028 quod
978 3956 1180 4029 perdite
1201 3959 1501 4031 concupivit
1530 3976 1545 4016 :
1575 3959 1730 4015 radix
1759 3967 1841 4014 est
1877 3959 2024 4015 enim

457 4050 693 4105 omnium
730 4052 989 4105 manuum
1036 4052 1296 4122 cupiditas
1326 4050 1369 4125 (ι
1395 4051 1526 4107 Tim.
1557 4067 1644 4120 Vl,
1677 4051 1790 4121 {0);
1817 4060 1873 4107 et
1898 4064 2023 4121 pro-

458 4151 639 4212 ptere’a
673 4148 821 4211 porta
863 4143 1048 4197 mortis
1076 4152 1186 4207 est,
1216 4144 1336 4213 Quia
1374 4151 1580 4200 mortua
1619 4149 1703 4198 est
1728 4141 1882 4196 vidua
1903 4151 2025 4211 qnt‘e

458 4234 511 4290 iu
562 4228 765 4290 deliciis
788 4226 916 4288 vivit
940 4232 1050 4307 (Id.
1074 4244 1131 4301 v,
1161 4233 1218 4304 ϐ)
1249 4250 1263 4288 :
1289 4233 1357 4288 ad
1397 4248 1527 4305 quas
1551 4233 1767 4289 delicias
1805 4247 1901 4302 per
1928 4244 2026 4287 cu-

457 4323 704 4400 piditates
735 4330 978 4395 tauquam
1004 4336 1102 4394 per
1128 4333 1308 4394 portas
1334 4325 1521 4380 mortis
1544 4323 1865 4394 pervenitur.
1891 4320 2026 4378 Sunt

456 4426 635 4474 autem
664 4424 830 4488 portae
882 4412 1003 4470 litim
1042 4412 1168 4471 Sion
1191 4454 1209 4483 ,
1236 4415 1411 4470 omnia
1451 4415 1649 4485 optima
1693 4414 1905 4480 studia,
1930 4426 2027 4486 per

455 4519 576 4578 quae
603 4508 813 4564 venitur
847 4506 913 4562 ad
950 4506 1211 4562 visionem
1259 4503 1405 4575 pacis
1448 4504 1504 4558 in
1542 4515 1722 4561 saneta
1767 4504 2023 4561 Ecclesia».

457 4598 517 4654 in
543 4597 627 4654 his
654 4599 814 4669 igitur
837 4602 1003 4670 portis
1028 4597 1166 4654 bene
1205 4594 1589 4651 annuntiantur
1629 4597 1891 4652 universae
1913 4597 2029 4652 lau-

446 4684 554 4755 des
574 4686 669 4744 Dei
686 4729 702 4755 ,
726 4696 788 4744 ut
814 4700 921 4745 non
956 4689 1118 4746 detur
1141 4698 1382 4744 sanctum
1418 4686 1640 4742 canibus
1662 4727 1678 4753 ,
1706 4701 1878 4759 neque
1900 4701 2025 4758 pro-

454 4778 701 4853 iiciantur
741 4783 1039 4853 margaritas
1082 4791 1213 4838 ante
1258 4791 1449 4850 porcos
1497 4776 1735 4851 (Matth.
1783 4792 1889 4845 vn,
1932 4778 2023 4849 6);

457 4873 548 4944 qui
574 4873 777 4929 malunt
804 4874 1141 4944 pertinaciter
1165 4875 1389 4942 latrare,
1414 4886 1571 4945 quam
1613 4870 1852 4930 studiose
1877 4886 2027 4945 quso

456 4978 600 5031 rere,
625 4973 720 5019 aut
755 4963 845 5035 qui
884 4975 984 5020 nec
1008 4964 1204 5021 latrare
1223 4980 1325 5027 nec
1376 4978 1650 5037 quaerere,
1688 4963 1782 5020 sed
1819 4964 1873 5020 in
1898 4976 2025 5020 sua.

454 5066 577 5111 rum
624 5056 953 5126 voluptatum
990 5069 1149 5112 cteno
1173 5055 1418 5119 volutari.
1464 5056 1595 5112 Cum
1618 5064 1795 5113 autem
1838 5056 1894 5112 in
1930 5054 2027 5112 bo-

458 5147 546 5205 nis
585 5147 775 5205 studiis
815 5147 999 5204 laudes
1046 5148 1142 5204 Dei
1179 5134 1577 5217 aiiountiantur,
1605 5150 1906 5221 petentibus
1928 5148 2025 5204 da-

380 5224 386 5230 ’
427 5225 582 5307 ἰιιῃ
628 5246 685 5293 et
730 5236 1091 5309 querentibus
1135 5236 1498 5294 manifestatur
1522 5280 1536 5305 ,
1589 5248 1645 5295 et
1696 5238 2027 5310 pulsantibus

458 5327 717 5400 aperitur.
744 5328 827 5384 An
856 5327 993 5384 forte
1015 5334 1184 5398 portas
1206 5328 1394 5386 mortis
1432 5337 1556 5383 sunt
1579 5330 1883 5399 corporales
1900 5343 2028 5385 seu-

456 5434 552 5477 sus
589 5428 646 5476 et
694 5418 866 5487 oculi,
896 5419 987 5492 qni
1028 5420 1196 5489 aperti
1221 5428 1345 5474 sunt
1382 5418 1582 5476 homini
1604 5435 1729 5476 cum
1776 5421 1845 5477 de
1885 5420 2028 5491 ligno

457 5513 631 5567 vetito-
647 5518 912 5582 gustasset
958 5508 1165 5578 (Cenes.
1191 5524 1268 5577 tu,
1296 5509 1351 5582 7)
1376 5549 1394 5575 ,
1426 5525 1457 5565 a
1481 5510 1677 5595 quibus
1705 5511 2023 5578 excitantur,

460 5604 655 5669 quibus
697 5602 893 5659 dicitur
936 5611 997 5657 ut
1035 5612 1282 5674 quarraut
1322 5616 1426 5660 non
1480 5618 1599 5674 quas
1636 5602 1907 5669 videntur,
1930 5604 2023 5661 sed

459 5709 577 5761 qua:
625 5710 731 5753 non
783 5693 1047 5763 videntur;
1085 5693 1207 5766 quia
1249 5709 1372 5767 qua:
1419 5693 1664 5754 videntur
1716 5696 2023 5768 temporalia

1635 290 1718 347 .8.
1759 280 2117 346 AUGUSan
2156 285 2457 349 EPISCOPI

3599 285 3703 343 {2-}

2150 406 2273 453 sunt
2293 439 2310 465 ,
2342 415 2463 470 quae
2487 406 2665 455 autem
2702 412 2808 455 non
2836 397 3079 456 videntur
3110 407 3302 456 aeterna
3338 407 3463 457 sunt
3488 398 3554 471 (ll
3578 398 3700 460 Cor.

2144 503 2215 555 tv,
2244 488 2334 559 18)
2364 507 2378 545 :
2402 498 2459 545 et
2484 499 2652 560 portae
2673 500 2799 547 sunt
2824 491 2945 547 tilia:
2970 490 3098 547 Sion
3120 532 3137 560 ,
3162 501 3486 547 sacramenta
3516 500 3570 548 et
3618 491 3701 559 in-

2140 580 2231 636 itia
2252 582 2371 638 ﬁdei
2391 623 2407 650 ,
2433 599 2551 654 quas
2578 583 2908 655 pulsantibus
2930 583 3257 655 aperiuntur,
3288 592 3346 638 ut
3370 585 3701 655 perveniatur

2137 672 2207 729 ad
2263 675 2469 732 occulta
2497 676 2654 733 Filii?
2679 676 2795 733 Non
2841 677 2983 732 enim
3023 675 3208 732 oculus
3232 675 3397 743 vidit,
3423 686 3515 732 aut
3553 679 3704 734 auris

2137 758 2375 831 audivit,
2401 776 2492 822 aut
2518 768 2570 822 in
2598 783 2692 824 cor
2727 766 2956 823 hominis
3000 767 3269 835 ascendit,
3294 783 3412 838 quae
3436 784 3703 839 praeparaa

2136 855 2212 911 vit
2265 856 2401 913 Deus
2447 857 2781 930 diligentibus
2817 873 2877 914 se
2917 857 2964 929 (Ι
2987 857 3104 913 Cor.
3150 874 3224 927 υ,
3254 858 3333 930 9).
3378 859 3490 915 Huc
3531 877 3700 931 usque

2135 960 2218 1003 est
2265 948 2465 1005 clamor
2508 965 2829 1022 pauperum,
2857 965 3013 1023 quem
3056 967 3166 1009 non
3213 953 3410 1010 oblitus
3465 963 3547 1010 est
3590 953 3698 1010 Do-

2206 1129 2292 1185 15.
2336 1127 2490 1203 [verm
2524 1130 2648 1206 16.]
2700 1132 2898 1189 Deinde
2937 1132 3194 1204 sequitur,
3229 1134 3505 1191 Easultabo
3544 1152 3695 1208 super

2133 1217 2352 1273 salutare
2388 1216 2567 1274 tuum:
2593 1221 2780 1303 idest,
2819 1237 2938 1277 cum
2970 1221 3289 1279 beatitudine
3327 1226 3640 1282 continebor
3664 1242 3699 1283 a

2134 1309 2347 1364 salutari
2369 1320 2475 1374 tuo,
2498 1312 2635 1382 quod
2664 1322 2746 1368 est
2766 1313 3018 1368 Dominus
3046 1323 3227 1370 noster
3249 1314 3405 1371 Jesus
3429 1315 3693 1385 Christus,

2134 1397 2314 1454 Virtus
2337 1401 2673 1472 etSapieutia
2703 1403 2791 1458 Dei
2815 1400 2927 1477 (Id.
2955 1420 3004 1468 ι,
3027 1403 3145 1477 24).
3176 1404 3316 1477 Ergo
3350 1405 3586 1463 Ecclesia
3611 1406 3698 1465 di-

2132 1490 2200 1544 cit
2227 1506 2344 1560 quze
2373 1491 2459 1547 hic
2497 1492 2763 1563 aﬂligitur,
2790 1474 2846 1549 et
2868 1509 2963 1565 spe
3000 1474 3146 1550 salva
3170 1474 3297 1551 est‘:
3325 1497 3574 1567 quamdiu
3603 1514 3697 1555 oc-

2131 1581 2329 1635 cultum
2370 1591 2454 1637 est
2479 1581 2596 1639 Filii
2627 1582 2883 1654 judicium
2907 1626 2924 1650 ,
2948 1585 3058 1655 ipsa
3087 1600 3183 1656 spe
3209 1578 3381 1654 ‘dicit,
3415 1585 3695 1644 Exsultabo

2130 1685 2281 1740 super
2309 1672 2531 1726 salutare
2574 1682 2749 1740 tuum;
2769 1674 2888 1744 quia
2926 1690 3065 1734 nunc
3095 1676 3564 1748 circumstrepentc
3597 1693 3696 1736 seu

2125 1762 2180 1816 .vi
2197 1802 2217 1830 ,
2244 1778 2337 1818 seu
2359 1778 2541 1831 errore
2568 1764 2851 1821 Gentiliqu
2880 1767 3141 1824 atteritur.
3174 1766 3361 1838 Inﬁma
3380 1778 3497 1824 sunt
3520 1780 3696 1842 gentes

2129 1855 2183 1909 in
2202 1856 2520 1926 corruptione
2536 1898 2551 1922 ,
2594 1874 2745 1928 quam
2769 1863 2990 1930 fecerant
3011 1876 3032 1915 :
3053 1860 3412 1917 animadverte
3433 1863 3692 1932 quemad-

2130 1945 2344 2002 modum
2388 1959 2627 2005 servetur
2651 1966 2806 2021 pmua
2856 1952 3122 2022 peccatori
3159 1953 3227 2008 de
3262 1955 3511 2029 operibus
3542 1956 3694 2025 suis;

2128 2046 2180 2093 et
2207 2040 2645 2109 quemadmodum
2677 2044 2764 2114 qui
2793 2042 3070 2099 voluerunt
3094 2046 3338 2117 persequi
3364 2046 3653 2103 Ecclesiam
3677 2090 3696 2117 ,

2127 2127 2182 2182 in
2198 2143 2260 2183 ea
2285 2131 2619 2200 corruptione
2633 2133 2740 2187 sint
2754 2134 2864 2201 fixi,
2882 2149 3040 2204 quam
3064 2150 3124 2191 se
3142 2135 3336 2192 inferre
3362 2137 3698 2195 arbitraban-

2127 2228 2214 2276 tur
2239 2238 2391 2278 :nam
2430 2225 2728 2281 interﬁcere
2772 2241 2994 2296 corpora
3013 2228 3295 2298 cupiebant
3317 2271 3334 2297 ,
3360 2244 3481 2285 cum
3516 2231 3614 2301 ipsi
3641 2230 3700 2288 in

2125 2311 2301 2368 anima
2342 2324 2694 2370 morerentur.
2721 2313 2788 2370 In
2825 2316 3104 2387 muscipula
3141 2318 3239 2374 ista
3259 2360 3276 2384 ,
3304 2334 3455 2391 quam
3474 2323 3701 2377 occulta-

2124 2413 2298 2467 verunt
2319 2444 2336 2470 ,
2366 2406 2749 2475 comprehensus
2813 2416 2885 2461 est
2933 2423 3018 2477 pes
3064 2423 3259 2462 eorum.
3289 2408 3576 2481 Muscipula
3604 2427 3700 2468 oe-

2125 2492 2302 2558 culta.
2328 2503 2411 2549 εει
2437 2493 2621 2550 dolosa
2650 2497 2918 2567 cogitatio.
2952 2497 3054 2552 Pes
3079 2498 3271 2553 anima:
3312 2494 3455 2569 iecte
3500 2500 3699 2557 intelli-

2123 2584 2264 2655 gitur
2284 2600 2435 2640 amor
2462 2604 2476 2643 :
2501 2588 2591 2658 qui
2643 2603 2763 2644 cuin
2807 2603 2999 2658 pravus
3047 2599 3150 2656 est,
3179 2599 3400 2645 vocatur
3435 2591 3699 2662 cupiditas

2124 2682 2217 2731 aut
2244 2675 2447 2744 libido;
2476 2692 2595 2733 cum
2621 2689 2799 2742 autem
2822 2687 2999 2735 rectus
3019 2721 3036 2748 ,
3062 2680 3275 2736 dilectio
3315 2681 3401 2737 vel
3442 2682 3698 2739 cbaritas.

2124 2765 2321 2823 Amore
2338 2768 2480 2823 enim
2514 2778 2753 2825 movetur
2791 2758 3043 2841 tauquam
3074 2771 3141 2826 ad
3171 2772 3346 2827 locum
3371 2789 3476 2845 quo
3506 2774 3696 2831 tendit.

2124 2858 2296 2918 Locus
2322 2870 2498 2916 autem
2546 2862 2736 2916 anima:
2777 2862 2956 2917 nonin
2994 2863 3167 2933 spatio
3189 2863 3368 2934 aliquo
3408 2874 3527 2933 est,
3554 2865 3699 2937 quod

2125 2950 2293 3008 forma
2328 2962 2551 3024 occupat
2574 2953 2815 3024 corporis
2834 2994 2854 3020 ,
2883 2952 2980 3010 sed
3004 2955 3059 3009 in
3095 2953 3476 3029 delectatione,
3503 2972 3610 3029 quo
3638 2972 3699 3015 se

2125 3044 2432 3113 pervenisse
2475 3059 2569 3114 per
2609 3058 2843 3100 amorem
2904 3028 3153 3101 la:tatur°:
3181 3045 3465 3102 delectatio
3511 3056 3699 3125 autem

2124 3140 2417 3209 perniciosa
2460 3139 2698 3209 sequitur
2740 3138 3082 3210 cupiditatem
3109 3181 3125 3207 ,
3165 3139 3434 3195 fructuosa
3466 3140 3701 3197 cbarita-

2125 3230 2417 3287 tem.Unde
2441 3241 2495 3285 et
2523 3231 2667 3286 radix
2692 3231 2829 3287 dicta
2844 3241 2927 3288 est
2952 3232 3232 3303 cupiditas.
3259 3231 3302 3306 (l
3322 3228 3455 3287 Tim.
3479 3249 3554 3300 vt,
3584 3232 3697 3306 £0).

2126 3320 2295 3377 Radix
2317 3336 2477 3392 porro
2520 3331 2772 3393 tanquam
2796 3336 2894 3392 pes
2929 3320 3139 3375 arboris
3172 3321 3499 3393 intelligitur.
3530 3322 3698 3378 Radix

2126 3412 2262 3469 dicta
2306 3425 2389 3469 est
2415 3422 2469 3468 et
2493 3414 2724 3470 charitas
2746 3455 2762 3481 ,
2792 3412 2881 3468 ubi
2905 3412 2973 3469 de
3000 3413 3292 3468 seminibus
3331 3410 3584 3470 Dominus
3612 3412 3698 3468 lo-

2125 3505 2322 3576 quitur,
2350 3520 2467 3575 qua:
2497 3505 2547 3559 in
2574 3505 2801 3576 petrosis
2821 3504 2951 3560 locis
2975 3515 3229 3561 exurente
3245 3506 3357 3561 sole
3383 3506 3403 3539 ί
3427 3502 3698 3574 aresCunt,

2108 3596 2248 3675 quia
2295 3610 2400 3651 non
2454 3595 2651 3651 habent
2688 3596 2867 3670 altam.
2901 3595 3134 3651 radicem
3184 3595 3393 3666 (Matth.
3450 3608 3575 3661 χιιι,
3613 3598 3696 3669 5).

2127 3684 2279 3742 Unde
2316 3686 2577 3758 signiﬁcat
2626 3700 2718 3742 eos
2743 3687 2831 3753 qui
2854 3686 3087 3758 gaudent
3117 3687 3431 3760 excipiendo
3478 3690 3699 3745 verbum

2125 3779 2396 3845 veritatis,
2440 3778 2534 3834 sed
2584 3780 2779 3834 cedunt
2821 3780 3313 3849 persecutionibus,
3343 3781 3536 3851 quibus
3581 3780 3700 3837 sola

2126 3870 2383 3927 cbaritate
2422 3872 2706 3927 resistitur.
2739 3864 3118 3941 Et’Apostolus
3146 3870 3274 3927 dicit
3304 3890 3319 3927 :
3354 3871 3423 3928 Ut
3453 3873 3506 3926 in
3525 3873 3699 3927 chari-

2090 3951 2115 3968 ⁷
2128 3970 2229 4017 tate
2247 3961 2458 4018 radicati
2469 3970 2515 4016 et
2532 3962 2734 4035 fundati
2749 3963 2943 4033 possitis
2954 3964 3371 4033 comprehendere
3385 3963 3596 4035 (Ephes.
3617 3980 3699 4032 ut,

2129 4052 2346 4124 i7).Pes
2360 4068 2486 4125 ergo
2506 4063 2861 4139 (necatorum,
2876 4054 2927 4108 id
2946 4064 3030 4109 est
3041 4070 3211 4122 amor,
3233 4055 3703 4126 comprehenditur

2127 4142 2182 4198 in
2222 4143 2510 4215 muscipula
2551 4160 2707 4215 quant
2751 4145 3050 4211 occultant;
3078 4148 3198 4216 quia
3228 4161 3347 4201 cum
3388 4146 3700 4203 fraudulen-

2128 4242 2236 4289 tam
2277 4233 2538 4289 actionem
2582 4244 2866 4289 consecuta
2906 4234 3063 4291 fuerit
3103 4234 3421 4304 delectatio,
3452 4252 3574 4293 cum
3601 4252 3703 4294 eos

2129 4323 2404 4380 tradiderit
2451 4324 2589 4380 Deus
2645 4325 2698 4379 iu
2750 4326 3235 4397 concupiscentiam
3287 4327 3464 4382 cordis
3509 4344 3698 4385 eorum
3806 4391 3812 4396 ,

2129 4414 2306 4488 (Rom.
2329 4432 2382 4483 ι,
2406 4414 2523 4490 24),
2547 4416 2655 4487 jam
2684 4417 2773 4472 illa
2809 4417 3090 4474 delectatio
3112 4417 3291 4490 alligat
3328 4434 3439 4483 eos,
3477 4429 3535 4475 ut
3574 4414 3735 4477 iude‘

2128 4507 2445 4579 abrumpere
2468 4523 2707 4564 amorem
2744 4518 2799 4565 et
2846 4509 2914 4564 ad
2956 4510 3100 4565 utilia
3154 4508 3400 4566 conferre
3458 4526 3563 4566 non
3603 4526 3704 4566 au-

2128 4597 2316 4666 deant;
2342 4599 2466 4671 quia
2485 4615 2605 4656 cum
2633 4600 2805 4656 conati
2834 4600 3043 4665 fuerint,
3062 4585 3318 4657 dolebant
3334 4602 3515 4657 animo
3532 4643 3547 4666 ,
3579 4611 3706 4657 tan-

2130 4704 2287 4761 quam
2329 4691 2519 4767 pedem
2558 4691 2625 4748 de
2652 4691 2910 4762 compede
2935 4707 3132 4747 exuere
3168 4692 3464 4761 cupientes;
3489 4692 3570 4746 cui
3602 4691 3705 4747 do-

2131 4780 2229 4837 lori
2247 4782 2683 4848 sucoumbentes,
2709 4798 2741 4838 a
2785 4783 3093 4853 perniciosis
3135 4782 3575 4839 delectationibus
3605 4799 3706 4837 no-

2131 4875 2248 4932 lunt
2274 4876 2579 4933 abscedere.
2599 4874 2667 4931 In
2686 4875 2965 4947 muscipula
2987 4890 3113 4946 ergo
3132 4892 3283 4946 quam
3303 4876 3701 4943 occultaverunt,

2109 4965 2186 5023 id
2228 4976 2310 5023 est
2331 4967 2385 5021 iu
2410 4966 2746 5023 fraudulento
2784 4965 3039 5030 consilio,
3070 4967 3456 5039 comprehensus
3500 4978 3573 5023 est
3613 4984 3705 5040 pes

2131 5072 2322 5125 eorum,
2343 5073 2496 5114 amor
2517 5058 2719 5114 scilicet
2740 5057 2827 5127 qui
2854 5071 2949 5127 per
2975 5057 3213 5113 fraudem
3243 5058 3481 5129 pervenit
3504 5056 3575 5113 ad
3603 5073 3701 5112 va-

2132 5166 2254 5207 nam
2283 5150 2541 5217 lzetitiam,
2573 5159 3034 5221 quacomparatur
3064 5150 3235 5206 dolor.

2205 5242 2292 5300 iii.
2335 5240 2485 5315 [cers.
2534 5241 2645 5315 ιιι]
2690 5242 3016 5313 Cognoscitur
3042 5245 3063 5275 ²
3092 5241 3339 5299 Dominus
3383 5244 3574 5302 iudicia
3613 5248 3705 5318 [ao

2198 5456 2378 5523 ’_Bditl,
2413 5461 2674 5523 cauernae:
2702 5452 2803 5523 sole
3063 5465 3302 5509 amem.
3323 5464 3433 5508 llas.
3456 5459 3706 5523 otth

2133 5516 2341 5589 ueniente
2370 5530 2388 5567 :
2410 5518 2499 5589 sed
2523 5530 2586 5589 es
2611 5518 2670 5568 iis
2698 5516 2842 5589 aliqui
2879 5518 3080 5589 habent,
3102 5527 3277 5573 manu
3298 5526 3346 5572 et
3373 5533 3407 5570 α
3436 5517 3566 5579 sole;
3605 5516 3709 5581 ain;

2134 5585 2333 5632 exercite
2352 5578 2481 5640 sole;
2502 5576 2601 5637 alii,
2623 5576 2854 5630 exurente
2873 5578 2988 5631 sole.

2134 5641 2377 5756 ηόἒκιὲῗέἰ,
2400 5647 2720 5706 cognoscatur.
2745 5649 2801 5693 At
2818 5650 2942 5705 Mss,
2969 5641 3262 5709 cognoscitur
3288 5655 3306 5694 :
3326 5643 3463 5707 iuxta
3484 5649 3613 5705 LXX,
3633 5645 3713 5709 gi-
