4046 6200
326 329 435 384 ηε

322 442 480 492 ciens.
512 435 637 492 Haec
675 444 802 491 sunt
839 434 1034 506 judicia
1072 431 1161 486 Dei
1190 448 1202 485 :
1235 444 1339 485 non
1374 428 1450 485 ab
1479 428 1563 482 illa
1592 424 1889 496 tranquilli-

324 540 437 584 L-nte
457 525 798 582 beatitudinis
820 540 948 589 sum,
970 538 1064 579 nec
1084 538 1111 576 a
1139 520 1357 577 secretis
1383 518 1670 589 sapientius,
1700 515 1892 586 quibus

324 621 653 689 recipiuntur
674 618 842 672 beatas
866 617 1077 679 animm,
1101 614 1364 682 profertur
1380 610 1596 674 ferrum,
1627 617 1716 661 aut
1736 605 1889 676 ignis,

324 724 420 763 aut
462 709 627 762 bestia
651 748 669 773 ,
697 717 787 761 aut
814 705 1006 777 aliquid
1047 704 1148 758 tale
1189 719 1293 773 quo
1318 700 1619 758 crucientur
1648 705 1894 768 peccato-

327 818 436 856 res.
468 800 573 856 Sed
611 798 880 870 quomodo
922 798 1256 862 cruciantur,
1282 805 1334 849 et
1358 791 1623 864 quomodo
1645 791 1764 845 facit
1796 789 1896 843 Do.

329 895 504 947 minus
529 892 807 961 judicium?
834 889 898 942 In
927 891 1175 959 aperibus,
1205 886 1391 957 inquit,
1416 899 1654 937 manuum
1688 895 1897 936 suarum

328 984 719 1052 comprehensus
750 991 819 1035 est
847 989 1092 1050 peccator.

402 1074 487 1126 17.
512 1070 667 1144 [rem
694 1068 918 1141 18-221.]
946 1069 1041 1123 Hic
1088 1065 1461 1135 interponitur.
1497 1062 1752 1117 Canticum
1781 1061 1897 1113 dia-

328 1165 591 1235 psalmatis
613 1162 686 1235 (α)
725 1182 737 1217 :
766 1164 913 1233 quasi
955 1160 1156 1215 occulta
1184 1158 1361 1213 laetitia
1384 1199 1398 1221 ,
1424 1166 1675 1225 quantum
1714 1153 1899 1208 existi-

329 1273 481 1312 mare
506 1271 808 1325 possumus,
826 1253 1173 1323 separationis
1202 1265 1317 1320 qua:
1344 1263 1486 1301 nunc
1515 1245 1592 1311 ﬁt,
1622 1262 1723 1299 non
1748 1245 1898 1302 locis.

330 1348 427 1403 sed
464 1337 830 1402 affectionibus
864 1344 1156 1397 animorum
1178 1384 1192 1405 ,
1221 1342 1358 1394 inter
1394 1346 1699 1409 peccatores
1740 1342 1792 1388 et
1814 1334 1904 1401 ju-

332 1449 448 1494 stos
471 1479 485 1500 ,
515 1438 650 1491 sicut
692 1450 972 1507 granorum
1017 1448 1043 1484 a
1076 1431 1240 1501 paleis
1268 1429 1444 1484 adhuc
1468 1427 1519 1480 in
1549 1440 1690 1478 area.
1720 1422 1787 1477 Et
1816 1437 1903 1474 se-

330 1532 543 1601 quitur,
568 1529 932 1583 meertan'tur
976 1532 1253 1594 peccatores
1287 1523 1340 1574 in
1384 1519 1674 1587 infernum;
1704 1515 1755 1569 id
1783 1523 1863 1567 est
1884 1554 1900 1578 ,

330 1622 522 1676 dentur
547 1621 601 1673 in
627 1631 814 1671 manus
837 1630 1114 1675 suas.cum
1143 1613 1221 1666 eis
1242 1612 1493 1681 parcitur,
1532 1616 1587 1662 et
1617 1607 1901 1675 illaquecn-

335 1721 422 1764 tur
470 1708 819 1763 delectatione
859 1704 1147 1759 mortifera.
1208 1701 1392 1755 Omnes
1431 1709 1597 1768 gentes
1644 1712 1755 1765 qua:
1781 1693 1907 1747 obli-

333 1802 593 1853 viscantur
634 1795 794 1851 Deum
821 1796 983 1865 :quia
1028 1809 1148 1847 cum
1195 1807 1302 1845 non
1344 1790 1695 1860 probaverunt
1736 1786 1906 1865 Deum

336 1891 532 1943 habere
559 1889 610 1943 in
641 1888 824 1942 notitia
850 1860 1041 1952 ,idedit
1069 1882 1188 1947 illos
1225 1882 1364 1936 Deus
1392 1880 1444 1934 in
1472 1860 1756 1947 reprobum
1787 1891 1911 1929 sen-

335 1996 451 2036 sutn
477 1979 650 2052 (Rom.
678 1995 718 2045 ι,
742 1974 860 2047 28).
1761 1972 1766 1981 '

412 2072 497 2127 l8.
537 2070 669 2135 Quia
712 2085 811 2122 non
854 2068 907 2121 in
936 2064 1091 2135 ﬁnem
1120 2063 1302 2118 oblivio
1350 2061 1441 2116 erit
1472 2058 1706 2132 pauperis
1729 2058 1745 2089 ¹
1778 2074 1791 2110 :
1822 2055 1912 2126 qui

340 2166 548 2221 videtur
578 2178 715 2218 nunc
758 2162 810 2216 in
856 2159 1123 2214 oblivione
1140 2171 1261 2212 esse
1280 2196 1295 2220 ,
1326 2168 1444 2209 cum
1469 2160 1774 2222 peccatores
1801 2148 1915 2203 feli-

340 2259 503 2313 citate
544 2254 701 2324 hujus
744 2251 923 2306 saeculi
951 2253 1141 2305 florere
1186 2247 1577 2310 existimantur,
1610 2253 1663 2296 et
1684 2242 1809 2311 justi
1839 2242 1916 2294 la-

339 2347 567 2410 borare;
616 2342 711 2398 sed
742 2342 1009 2413 patientia,
1039 2339 1207 2409 inquit
1226 2378 1239 2403 ,
1271 2350 1547 2407 pauperum
1590 2348 1689 2385 non
1714 2331 1867 2402 perict
1896 2332 1916 2361 ²

346 2440 400 2491 in
427 2448 687 2492 aeternum.
738 2432 1068 2501 Quapropter
1098 2442 1238 2483 nunc
1286 2424 1535 2496 patientia
1561 2437 1695 2493 opus
1741 2429 1824 2477 est
1851 2420 1917 2474 ad

348 2526 691 2598 perferendos
736 2524 938 2589 malos,
992 2520 1081 2590 qui
1125 2521 1233 2588 jam
1278 2517 1631 2572 voluntatibus
1690 2514 1919 2586 separati

352 2628 494 2681 sunt,
528 2619 695 2671 donec
717 2616 875 2669 etiam
901 2612 1088 2667 ultimo
1112 2609 1311 2679 judicio
1338 2615 1669 2676 separentur.

424 2709 511 2764 i9.
538 2706 801 2777 Exsurge,
837 2701 1065 2767 Domine,
1092 2718 1191 2754 non
1219 2701 1485 2770 prwvaleat
1531 2696 1697 2749 homo.
1731 2693 1923 2762 Implo-

353 2810 500 2853 ratur
544 2798 772 2850 futurum
812 2794 1065 2864 judicium
1099 2809 1114 2847 :
1144 2791 1241 2846 sed
1285 2799 1567 2857 antequam
1592 2785 1789 2852 veniat,
1819 2782 1923 2837 Ju-

353 2892 609 2953 dicentur,
637 2887 806 2957 inquit
831 2928 844 2950 ,
873 2897 1040 2955 gentes
1066 2884 1117 2936 in
1158 2890 1425 2947 conspectu
1467 2888 1587 2931 tuo:
1614 2877 1715 2931 hoc
1743 2883 1825 2931 est
1872 2874 1925 2929 in

355 2981 581 3035 occulto.
614 2978 753 3047 quod
784 2977 972 3033 dicitur
1018 2989 1199 3029 coram
1253 2957 1361 3026 Deo
1382 3014 1394 3030 .
1425 2970 1602 3040 paucis
1649 2966 1848 3022 sanctis
1871 2972 1929 3021 et

353 3073 506 3142 justis
552 3068 982 3137 intelligantibus.
1019 3064 1292 3129 (.‘onstitue,
1324 3060 1555 3127 Domine,
1589 3058 1928 3129 legislatorem

360 3180 508 3232 super
523 3178 626 3215 eos.
657 3159 874 3215 Videtur
923 3156 1050 3211 mihi
1090 3153 1470 3210 Antichristum
1497 3150 1795 3221 signiﬁcare
1819 3191 1834 3214 ,
1861 3147 1929 3204 de

357 3271 457 3326 quo
481 3252 769 3323 Apostolus
792 3251 918 3306 dicit
949 3267 962 3303 :
993 3248 1115 3304 Cum
1138 3247 1429 3301 revelabitur
1448 3245 1595 3298 homo
1621 3243 1808 3314 peccati
1834 3242 1852 3311 (
1887 3238 1930 3295 ll

362 3346 508 3400 Thes.
537 3362 573 3400 ll
592 3386 607 3411 ,
628 3345 702 3416 '5).
732 3344 911 3398 Sciant
934 3350 1105 3412 gentes
1133 3339 1153 3370 ⁸
1175 3338 1407 3406 quoniam
1434 3336 1657 3389 homines
1678 3343 1794 3387 sunt
1825 3347 1845 3387 :
1872 3341 1931 3387 ιιι

358 3440 443 3509 qui
474 3438 659 3491 nolunt
694 3435 902 3490 liberari
934 3450 965 3487 a
989 3432 1123 3486 Filio
1147 3431 1270 3495 Dei,
1300 3440 1352 3483 et
1379 3427 1646 3497 pertinere
1670 3424 1736 3479 ad
1765 3424 1930 3478 ﬁlium

362 3529 610 3595 hominis,
634 3537 827 3583 etesse
854 3526 943 3580 lilii
974 3523 1245 3578 hominum
1267 3562 1280 3585 ,
1316 3519 1365 3573 id
1386 3528 1471 3573 est
1500 3517 1621 3571 novi
1647 3516 1890 3571 homines
1912 3555 1929 3582 ,

360 3622 593 3676 serviant
620 3618 850 3683 homini,
880 3617 931 3671 id
962 3626 1044 3671 est
1063 3615 1227 3669 veteri
1257 3611 1455 3666 homini
1483 3608 1745 3681 peccaturi
1766 3650 1781 3677 ,
1804 3624 1929 3679 quo-

361 3716 494 3767 niam
522 3714 747 3768 homines
773 3720 911 3765 sunt.

792 3856 843 3896 IN
882 3854 1122 3895 ΡεΑιιιωι
1160 3851 1408 3893 Αιτειιωι
1446 3852 1519 3891 IX.

426 3977 522 4031 79.0.
551 3973 701 4046 Iners.
755 3970 891 4046 1-5.]
908 3974 973 4027 Et
1000 3972 1121 4043 quia
1155 3971 1241 4025 ille
1263 3970 1327 4022 ad
1360 3979 1560 4022 tantum
1583 3966 1791 4021 culmen
1819 3966 1935 4019 ina-

368 4069 451 4124 nis
477 4070 664 4139 glorise
687 4076 941 4122 venturus
970 4063 1202 4118 creditur
1221 4104 1236 4128 ,
1272 4068 1412 4114 tanta
1441 4060 1489 4115 ei
1520 4059 1694 4113 licebit
1724 4056 1899 4111 facere
1918 4099 1932 4122 ,

367 4169 422 4215 et
449 4160 499 4213 in
528 4170 715 4213 Omnes
748 4158 1008 4215 homines.
1032 4165 1085 4209 et
1107 4153 1159 4208 in
1181 4163 1393 4207 sanctos
1423 4151 1551 4214 Dei,
1580 4160 1636 4204 ut
1667 4159 1789 4203 tunc
1812 4164 1938 4203 vere

370 4250 605 4303 nonnulli
655 4247 847 4301 inﬁrmi
884 4246 1206 4300 arbitrentur
1233 4241 1393 4297 Deum
1422 4256 1509 4295 res
1549 4240 1808 4294 humanas
1837 4255 1937 4293 ne-

368 4340 583 4412 gligere;
616 4338 924 4407 interposito
948 4335 1310 4405 diapsalmate,
1335 4331 1545 4401 subjicit
1570 4340 1814 4401 tanquam
1844 4344 1940 4383 vo-

368 4446 484 4486 Cem
510 4431 831 4500 gementium
857 4446 871 4492 ;
902 4436 954 4483 et
980 4424 1326 4496 qua-rentium
1371 4439 1466 4477 cur
1488 4422 1744 4492 judicium
1775 4420 1932 4476 diﬂ‘c-

367 4533 516 4578 ratur
543 4542 557 4578 :
594 4520 813 4591 thuid,
840 4518 1054 4573 Domine
1074 4561 1088 4583 ,
1120 4517 1308 4587 inquit,
1331 4516 1581 4570 recessisti
1622 4515 1810 4584 longe?
1838 4515 1939 4568 De-

370 4613 493 4668 inde
520 4613 609 4681 qui
632 4612 711 4665 sic
735 4610 1007 4680 qua-sivit,
1034 4617 1279 4677 tanquam
1326 4614 1543 4675 repente
1572 4603 1899 4657 intelleXcrit
1923 4643 1937 4662 ,

371 4712 463 4757 aut
503 4701 656 4773 quasi
709 4701 880 4754 sciens
927 4696 1326 4768 interrogaverit
1353 4705 1409 4750 ut
1448 4695 1701 4756 doceret.
1731 4694 1943 4763 subjicit

371 4794 595 4858 dicens,
626 4791 858 4861 Despicis
891 4791 941 4843 in
988 4786 1446 4857 opportunitatibus
1467 4825 1483 4852 ,
1511 4785 1562 4838 in
1601 4782 1941 4837 tribulationi-

370 4886 493 4946 bus;
513 4884 563 4937 id
594 4891 695 4945 est,
728 4889 1023 4951 opportune
1045 4878 1274 4947 despicis
1294 4918 1306 4940 ,
1335 4884 1389 4931 et
1418 4875 1543 4931 facis
1581 4873 1943 4929 tribulationes

368 4973 440 5028 ad
480 4972 884 5026 inflammandos
932 4972 1134 5025 animos
1179 4967 1439 5023 desiderio
1490 4967 1745 5021 adventus
1797 4965 1867 5018 tui
1925 4980 1938 5017 :

370 5065 457 5119 his
491 5064 633 5118 enim
669 5060 949 5131 jucundior
974 5068 1056 5115 est
1107 5060 1222 5114 ἷοιιε
1276 5057 1363 5111 ille
1397 5057 1550 5122 vitm,
1587 5056 1677 5125 qui
1723 5054 1941 5108 multum

372 5157 631 5221 siticrint;
684 5155 861 5225 itaque
908 5153 1143 5207 insinuat
1194 5148 1472 5205 consilium
1520 5146 1825 5213 dilationis,
1856 5145 1941 5200 di-

436 5308 455 5340 ²
482 5305 706 5369 Plerique
726 5312 858 5364 Mss,
884 5301 933 5353 in
954 5299 1097 5369 finem
1120 5300 1179 5369 in
1189 5295 1535 5369 oblivioneerit
1556 5306 1756 5369 pauper.

438 5371 458 5400 ι
480 5356 701 5431 Quinque
734 5356 859 5425 Mss,
896 5356 1083 5431 peribit.
1116 5361 1201 5410 Alii
1222 5374 1328 5410 ωιη
1355 5359 1513 5431 editis,
1534 5356 1681 5431 periet
1704 5367 1729 5431 .-
1752 5356 1941 5431 vitiose,

372 5431 464 5480 ..ιι
482 5413 1116 5493 torsissem;
1133 5420 1427 5493 ρορευοιιξειο
1444 5413 1733 5493 caretis“!
1748 5413 1946 5493 P9P???"

519 5477 679 5541 una}.
697 5477 851 5540 verba
875 5485 1030 5553 μηνίει
1059 5486 1172 5534 dicit
1193 5484 1480 5545 Augustinus
1494 5482 1543 5529 in
1560 5477 1642 5528 lib.
1663 5477 1767 5527 ede
1786 5484 1940 5527 om.

373 5553 653 5610 christiana,
679 5551 826 5602 c.13.
873 5608 882 5610 Α
1045 5608 1052 5610 Α
1280 5607 1290 5610 _
1352 5603 1364 5610 _
1463 5608 1470 5610 Α
1542 5608 1578 5610 __
1703 5606 1711 5610 Α
1789 5605 1816 5610 _

373 5603 1943 5724 u',‘tneditis,utsciatu.AbestpartiatlautaMss.etaer

440 5711 516 5799 iii)
549 5744 697 5788 Gram.
723 5741 852 5797 Lxx,
873 5731 963 5786 ode
981 5728 1336 5795 cupiamus.

1448 311 1839 373 ENARRATIO
1867 309 1935 368 IN
1971 307 2291 367 PSALMUM
2331 307 2421 365 IX.

3465 304 3575 359 19.6

2001 438 2165 478 cens:
2197 424 2316 476 dum
2341 420 2564 491 superbit
2599 420 2802 491 impius,
2830 420 3111 475 incenditur
3131 435 3343 490 pauper.
3369 417 3557 474 Mirum

1998 524 2082 569 est
2108 523 2161 583 et
2190 528 2391 576 verum,
2416 521 2612 581 quanto
2638 510 2812 566 studio
2833 511 2989 567 bona:
3013 511 3126 580 spei
3153 509 3357 580 parvuli
3384 524 3566 563 accen-

1998 606 2189 661 dantur
2210 604 2275 659 ad
2298 614 2444 660 recte
2470 602 2776 669 vivendum,
2799 602 3192 672 comparatione
3218 601 3573 670 peccantium.

1999 697 2385 770 Quomysterio
2406 697 2598 767 agitur,
2615 705 2670 750 ut
2695 696 2854 751 etiam
2876 696 3106 751 haereses
3122 710 3239 751 esse
3265 694 3574 763 permittan-

2001 800 2085 845 tur
2107 808 2123 844 :
2144 806 2247 844 non
2265 789 2385 860 quia
2414 789 2509 857 ipsi
2536 788 2767 843 bzerctici
2792 788 2891 841 hoc
2911 789 3109 847 volunt;
3126 788 3217 842 sed
3246 788 3367 858 quia
3386 788 3487 843 hoc
3506 788 3574 843 de

2001 881 2232 950 peccatis
2259 896 2440 933 eorum
2463 878 2637 933 divina
2669 887 2919 947 oneratur
2942 878 3277 932 Providentia
3297 919 3312 942 ,
3345 893 3462 947 qum
3505 877 3577 930 lu-

2005 988 2120 1028 cem
2152 984 2206 1027 et
2253 973 2377 1027 facit
2404 982 2457 1026 et
2484 970 3003 1037 ordinat,~tenebras
3039 980 3215 1024 autem
3258 978 3460 1023 tantum
3493 984 3581 1021 or-

2003 1067 2149 1121 dinat
2177 1064 2331 1137 (Gen.
2362 1082 2414 1127 ι,
2438 1066 2490 1130 5,
2514 1065 2567 1133 4)
2594 1103 2609 1130 ,
2641 1073 2697 1118 ut
2722 1065 2788 1118 sit
2830 1078 3012 1118 earum
3056 1062 3447 1131 comparatione
3487 1060 3576 1113 lux

2004 1158 2219 1229 gratior,
2238 1159 2373 1213 sicut
2391 1157 2752 1212 luereticorum
2783 1154 3175 1225 comparatione
3197 1153 3479 1223 jucundior
3496 1162 3577 1205 est

2006 1252 2256 1306 inventio’
2274 1250 2507 1305 veritatis
2540 1264 2636 1304 :ea
2690 1247 2884 1318 quippe
2940 1245 3331 1315 comparatione
3374 1242 3578 1312 probati

2007 1343 2267 1399 manifesti
2296 1341 2425 1395 ﬁunt
2460 1343 2596 1395 inter
2630 1338 2873 1394 homines
2901 1338 2988 1407 qui
3023 1338 3128 1391 Deo
3163 1337 3268 1390 noti
3298 1346 3437 1389 sunt.

2076 1435 2164 1487 2i.
2192 1430 2690 1502 Comprehenduntur
2730 1431 2781 1483 in
2825 1427 3205 1499 cogitationibus
3250 1427 3375 1489 suis,
3397 1424 3574 1493 quibus

2012 1527 2229 1595 cogitant
2252 1541 2270 1579 :
2296 1524 2347 1577 id
2368 1532 2469 1585 est,
2498 1522 2649 1576 mala:
2670 1520 3016 1591 cogitationes
3037 1504 3220 1572 eorum
3250 1516 3454 1570 vincula
3480 1515 3583 1567 illis

2014 1619 2164 1671 ﬁunt.
2203 1616 2309 1671 Sed
2359 1630 2523 1686 quare
2569 1614 2703 1667 ﬁunt
2754 1610 3003 1666 vincula?
3047 1610 3299 1677 Quoniam
3349 1606 3584 1661 laudatur

2012 1719 2271 1781 peccator,
2305 1707 2493 1777 inquit,
2524 1708 2577 1759 in
2601 1704 2861 1761 desideriis
2891 1704 3074 1757 anima:
3093 1718 3217 1755 suae.
3241 1698 3579 1755 Adulantium

2013 1801 2202 1869 lingua:
2230 1799 2447 1868 alligant
2470 1797 2673 1850 animas
2708 1796 2762 1849 in
2787 1794 3020 1864 peccatis
3052 1809 3067 1847 τ
3098 1791 3323 1847 delectat
3352 1789 3494 1844 enim
3521 1801 3584 1838 ea

2014 1891 2206 1955 facere,
2237 1890 2289 1944 in
2318 1888 2509 1959 quibus
2536 1902 2639 1942 non
2667 1886 2839 1939 solum
2867 1899 2974 1938 non
3004 1882 3256 1937 metuitur
3293 1877 3585 1946 reprehen—

2014 1997 2122 2049 sor,
2149 1980 2241 2035 sed
2268 1979 2425 2035 etiam
2470 1976 2712 2031 laudator
2737 1974 2968 2028 auditur.
2998 1972 3063 2025 Et
3092 1971 3176 2042 qui
3204 1970 3379 2039 iniqua
3421 1968 3543 2037 gerit
3569 2007 3584 2029 ,

2017 2073 2318 2128 benedicitur
2348 2087 2367 2125 :
2397 2070 2519 2125 hinc
2546 2066 3067 2137 comprehenduntur
3098 2064 3149 2118 in
3179 2059 3585 2132 cogitationibus

2018 2166 2154 2231 suis,
2186 2162 2374 2234 quibus
2402 2161 2659 2231 cogitant.

2088 2254 2175 2309 22.
2227 2252 2375 2326 [vers.
2418 2250 2498 2324 4.]
2538 2249 2762 2304 Irritavit
2816 2247 3086 2301 Dominum
3137 2252 3387 2315 peccator.
3423 2240 3591 2295 Nemo

2019 2347 2311 2418 gratuletur
2338 2344 2538 2399 homini
2566 2343 2657 2413 qui
2688 2350 3026 2411 prosperatur
3052 2338 3104 2392 iu
3135 2337 3215 2391 via
3262 2350 3356 2390 sua
3379 2375 3395 2398 ,
3440 2336 3592 2402 cujus

2023 2439 2249 2510 peccatis
2277 2436 2426 2491 deest
2456 2436 2613 2501 ultor,
2659 2444 2714 2488 ct
2757 2433 2909 2487 adest
2950 2429 3233 2484 laudator:
3272 2424 3440 2494 major
3474 2424 3589 2477 haec

2024 2533 2102 2586 ira
2129 2529 2336 2585 Domini
2365 2537 2466 2583 est.
2498 2526 2726 2581 lrritavit
2759 2524 2901 2579 enim
2928 2521 3210 2577 Dominum
3242 2525 3506 2589 peccator,
3541 2524 3596 2569 ut

2024 2622 2121 2674 ista
2156 2619 2403 2688 patiatur,
2428 2617 2479 2671 id
2510 2626 2611 2681 est,
2655 2624 2713 2668 ut
2754 2611 3104 2681 correptionis
3132 2608 3335 2677 ﬂagella
3366 2623 3468 2660 non
3500 2620 3595 2673 pa-
3650 2596 3653 2601 λ

2025 2712 2202 2766 tiatur.
2236 2709 2457 2765 Irritavit
2480 2707 2750 2760 Dominum
2773 2711 3000 2774 peccator
3027 2699 3342 2755 :secundum
3371 2696 3597 2749 multitu-

2028 2806 2193 2860 dinem
2246 2804 2338 2858 ira
2382 2816 2487 2857 stuc
2514 2817 2614 2854 non
2651 2798 2891 2869 exquiret.
2936 2794 3152 2850 Multum
3180 2791 3443 2852 irascitur,
3469 2787 3596 2841 dum

2029 2912 2133 2951 non
2160 2893 2407 2964 exquirit,
2434 2891 2557 2946 dum
2583 2889 2732 2960 quasi
2758 2884 3086 2942 obliviscitur
3129 2891 3182 2937 et
3229 2896 3332 2935 non
3377 2876 3599 2933 attendit

2029 2995 2262 3059 peccata,
2295 2993 2352 3041 et
2400 2999 2495 3053 per
2519 2980 2728 3035 fraudes
2752 2986 2807 3033 et
2833 2977 3034 3032 scelera
3074 2972 3141 3027 ad
3185 2970 3397 3027 divitias
3428 2970 3598 3022 hono-

2029 3058 2220 3147 resque
2252 3073 2559 3145 pervenitur
2588 3090 2601 3124 :
2630 3068 2770 3141 quod
2807 3067 3035 3122 maxime
3064 3065 3117 3118 in
3146 3063 3236 3117 illo
3271 3058 3599 3116 Antichristo

2030 3176 2346 3224 eventurum
2370 3172 2475 3228 est,
2503 3161 2592 3232 qui
2620 3174 2786 3230 usque
2812 3157 2945 3212 adeo
2976 3156 3162 3210 beatus
3200 3151 3461 3207 videbitur
3499 3147 3599 3202 ho-

2031 3258 2280 3322 minibus,
2314 3264 2370 3309 ut
2397 3254 2553 3308 etiam
2586 3252 2727 3305 Deus
2763 3256 2993 3319 putetur.
3021 3244 3127 3301 Sed
3154 3252 3350 3315 quanta
3392 3242 3491 3296 ista
3522 3240 3601 3294 ira

2032 3352 2102 3407 sit
2130 3349 2240 3413 Dei,
2260 3348 2452 3402 docent
2476 3342 2770 3414 sequentia.

2101 3440 2190 3496 ‘23.
2224 3438 2374 3512 [vers.
2399 3434 2477 3509 5.]
2502 3434 2621 3490 Non
2645 3443 2719 3489 est
2750 3432 2883 3487 Deus
2908 3431 2958 3484 in
2981 3436 3247 3497 conspectu
3265 3426 3394 3497 ejus,
3426 3431 3603 3476 conta-

2034 3508 2291 3587 minamur
2316 3530 2409 3585 via:
2435 3508 2543 3599 eius
2570 3527 2625 3580 in
2647 3524 2782 3579 omni
2810 3532 3049 3591 tempore.
3075 3517 3177 3585 Qui
3204 3514 3351 3570 novit
3376 3512 3459 3566 vel
3479 3508 3604 3581 quid

2034 3623 2279 3696 gaudeat,
2308 3622 2390 3675 vel
2434 3617 2559 3689 quid
2600 3617 2809 3671 laetetur
2844 3612 2899 3666 in
2938 3610 3135 3673 anima,
3181 3604 3327 3660 novit
3354 3610 3604 3671 quantum

2037 3717 2231 3771 malum
2270 3716 2337 3769 sit
2367 3714 2482 3768 luce
2508 3708 2681 3765 deseri
2713 3703 2952 3761 veritatis
2977 3703 3028 3765 ¹;
3063 3714 3181 3754 cum
3210 3709 3455 3766 magnum
3493 3706 3605 3747 ma-

2038 3808 2147 3862 lum
2190 3805 2435 3860 homines
2486 3808 2669 3870 putent
2710 3796 2983 3850 oculorum
3012 3787 3363 3858 corporalium
3394 3782 3607 3839 caecita-

2040 3910 2168 3962 tem,
2196 3912 2296 3966 qua
2328 3897 2417 3949 lux
2447 3894 2542 3946 ista
2576 3887 2886 3945 retrahitur.
2931 3883 3193 3948 Quantam
3226 3891 3353 3947 ergo
3390 3887 3603 3945 pinnam

2038 3991 2233 4063 patitur
2271 3986 2359 4058 qui
2407 3981 2654 4039 secundis
2690 3978 2849 4033 rebus
2896 3982 3233 4045 peccatorum
3284 3981 3501 4022 suorum
3543 3978 3608 4018 eo

2042 4059 2366 4152 perducitur,
2389 4084 2444 4129 ut
2472 4088 2575 4128 non
2599 4071 2668 4127 sit
2694 4070 2833 4124 Deus
2859 4068 2912 4122 in
2934 4074 3221 4133 conspectu
3244 4059 3378 4129 ejus,
3405 4066 3457 4113 et
3479 4071 3609 4111 cou-

2040 4149 2360 4233 tamiuentur
2384 4167 2483 4220 vite
2506 4164 2622 4233 ejus
2647 4163 2699 4216 in
2728 4159 2874 4215 omni
2904 4166 3161 4225 tempore,
3204 4152 3253 4207 id
3288 4160 3389 4216 est,
3415 4149 3611 4218 cogita-

2042 4266 2216 4321 tiones
2236 4272 2289 4318 et
2311 4258 2541 4315 consilia!
2558 4255 2673 4327 ejus
2710 4249 2981 4307 immunda
3024 4246 3163 4300 sint!
3194 4246 3507 4314 Auferuutur
3523 4241 3613 4311 ju-

2043 4358 2174 4413 dicia
2203 4367 2288 4409 tua
2314 4370 2345 4407 a
2372 4352 2500 4425 facie
2520 4345 2887 4413 eius.Animus
2908 4342 3049 4398 enim
3072 4339 3208 4393 male
3228 4336 3324 4389 sibi
3346 4333 3611 4389 conscius.

2042 4452 2166 4505 dum
2194 4447 2294 4502 sibi
2322 4423 2529 4501 videtur
2549 4439 2746 4496 nullam
2771 4449 2979 4508 pcenam
3001 4431 3129 4502 pati,
3152 4427 3321 4482 credit
3345 4423 3481 4493 quod
3506 4438 3613 4476 non

2038 4541 2239 4612 judicet
2286 4537 2448 4602 Deus,
2494 4542 2549 4589 et
2594 4532 2672 4587 sic
2715 4528 3028 4584 auferuntur
3060 4517 3256 4589 judicia
3302 4514 3394 4569 Dei
3424 4528 3453 4565 a
3483 4511 3616 4566 facie

2044 4604 2179 4702 ejus,
2211 4644 2330 4685 cum
2360 4629 2473 4681 lucc
2498 4624 2613 4695 ipsa
2650 4620 2721 4676 sit
2754 4631 2944 4687 magna
2982 4609 3271 4668 damnatio.
3299 4605 3365 4660 Et
3394 4604 3615 4659 omnium

2043 4724 2360 4778 inimicorum
2400 4732 2605 4772 suorum
2647 4708 3007 4783 dominabitur.
3051 4703 3126 4756 lta
3165 4701 3305 4755 enim
3351 4697 3608 4757 traditur,

2045 4814 2187 4886 quod
2218 4826 2371 4882 reges
2409 4820 2596 4864 omnes
2644 4806 2990 4871 superaturus
3019 4795 3108 4858 sit,
3141 4801 3193 4847 et
3221 4792 3366 4845 solus
3394 4802 3616 4857 regnum

2046 4879 2384 4966 obtenturus;
2413 4897 2625 4970 quando
2647 4895 2806 4950 etiam
2836 4887 3125 4945 secundum
3161 4884 3494 4955 Apostolum,
3522 4879 3612 4949 qui

2045 4998 2115 5054 de
2142 4996 2233 5051 illo
2256 4991 2525 5064 prazdicat,
2556 4986 2624 5041 In
2669 4982 2855 5051 templo
2896 4979 2992 5033 Dei
3036 4976 3262 5064 sedebit,
3294 4972 3537 5064 extollens
3566 4983 3619 5022 se

2045 5102 2196 5158 super
2213 5059 2357 5138 omne
2391 5078 2524 5150 quod
2555 5074 2735 5130 colitur
2757 5081 2805 5126 et
2824 5069 2958 5142 quod
2978 5068 3162 5122 dicitur
3180 5063 3320 5118 Deus
3343 5060 3411 5133 (ll
3440 5059 3613 5113 Thess.

2046 5193 2106 5244 ιι,
2133 5174 2212 5246 4).
3445 5242 3456 5246 _
3629 5205 3632 5207 λ

2116 5242 2205 5320 24.
2232 5260 2381 5337 [vers.
2402 5258 2485 5333 6.]
2515 5258 2580 5313 Et
2603 5255 2851 5327 quoniam
2881 5251 3101 5308 traditus
3139 5248 3191 5303 in
3238 5242 3616 5312 concupiscen-

2049 5358 2173 5412 tiam
2196 5354 2371 5410 cordis
2396 5353 2476 5408 sui
2505 5359 2559 5405 et
2579 5346 2900 5403 damnationi
2941 5344 3137 5399 ultima:
3176 5338 3487 5398 destinatus,
3519 5344 3618 5399 per

2047 5449 2273 5505 nefarias
2297 5455 2438 5500 artes
2462 5442 2528 5497 ad
2555 5440 2682 5496 illud
2696 5455 2886 5494 vanum
2903 5446 2955 5492 et
2976 5437 3131 5491 inane
3142 5431 3350 5487 culmen
3365 5422 3609 5480 domina-

2048 5544 2347 5609 tionemque
2364 5547 2613 5592 venturus
2632 5544 2731 5598 cst,
2750 5540 3025 5603 prepterea
3045 5526 3302 5597 sequitur.
3325 5518 3464 5575 Dixit
3478 5516 3610 5571 enim

2111 5660 2138 5728 ι,
2151 5661 2252 5704 Duo
2272 5661 2395 5712 Mss,
2422 5650 2575 5701 lucem
2596 5647 2817 5699 deserere
2839 5641 3066 5695 ueritatis.
3099 5638 3184 5689 Alii
3204 5643 3324 5694 tres,
3350 5632 3503 5682 lucem
3523 5631 3611 5681 dc-

2045 5730 2157 5771 εεῑι.
