4046 6196
427 307 528 363 127

421 525 536 562 nem
559 511 666 564 sine
689 511 844 574 malo;
859 509 907 563 id
925 519 1026 575 est,
1050 508 1188 564 fama
1210 526 1326 566 mea
1347 522 1402 568 et
1425 528 1613 568 nomen
1629 530 1800 570 meum
1815 515 1990 572 dehac

421 602 761 674 generatione
783 601 835 654 in
851 602 1254 671 generationem,
1263 613 1594 672 posterorum
1617 621 1720 690 non
1745 607 1984 674 transiet,

329 707 338 716 ·
418 691 522 746 nisi
566 693 766 747 artibus
809 692 962 747 malis
1004 693 1266 764 adipiscar
1293 706 1397 748 tam
1425 695 1691 751 excelsum
1725 698 1987 768 principa-

419 790 550 845 tum,
578 781 644 836 de
664 797 768 851 quo
792 783 989 852 posteri
1018 791 1195 840 tacere
1221 799 1322 840 non
1343 787 1564 856 possint.
1591 788 1814 851 Αιιίηυιε
1840 791 1982 845 enim

415 872 652 942 perditus
681 881 738 927 et
757 889 964 944 ,expers
991 876 1248 930 bonarum
1284 877 1475 933 artium
1520 890 1676 951 atque
1709 897 1739 935 a
1765 882 1983 951 justitite

412 962 612 1018 lumine
637 963 866 1030 alienus,
895 965 1046 1020 malis
1075 967 1276 1022 artibus
1305 969 1403 1023 sibi
1433 969 1630 1024 aditum
1659 971 1875 1028 molitur
1913 973 1982 1029 ad

409 1053 603 1108 famam
632 1064 737 1109 tam
763 1055 1082 1124 diuturnam,
1111 1067 1171 1112 ut
1197 1059 1334 1128 apud
1374 1071 1614 1130 posteros
1654 1063 1812 1117 etiam
1840 1064 1981 1120 cele-

411 1143 620 1200 bretur.
650 1146 825 1218 Et'qui
855 1162 958 1201 non
981 1158 1196 1216 possunt
1229 1149 1364 1204 bene
1390 1150 1739 1219 innotescere,
1761 1153 1980 1224 cupiunt

408 1237 490 1292 vel
517 1239 655 1294 male
675 1238 742 1293 de
761 1254 820 1294 se
843 1239 1081 1294 homines
1103 1240 1264 1310 loqui,
1293 1241 1582 1297 dummodo
1607 1241 1798 1298 nome'n
1826 1244 1978 1299 latis-

404 1329 542 1385 sime
561 1342 893 1402 pervagetur.
925 1332 1074 1400 Quod
1101 1332 1186 1386 hic
1209 1333 1440 1388 arbitror
1462 1333 1658 1390 dictum
1678 1349 1831 1404 esse;
1855 1335 1974 1392 Non

408 1423 642 1475 movebar
661 1422 732 1476 de
757 1425 1077 1493 generatione
1098 1424 1149 1478 in
1175 1426 1542 1495 generationem
1568 1428 1678 1481 sine
1700 1428 1854 1482 malo.
1881 1429 1974 1484 Est

402 1519 460 1564 et
494 1501 646 1565 alius
695 1513 1012 1568 intellectus.
1055 1513 1108 1570 Si
1155 1515 1224 1570 de
1265 1517 1612 1586 generatione
1659 1519 1870 1573 mortali
1903 1519 1970 1575 ad

403 1604 715 1660 aeternitatis
739 1607 1131 1674 generationem
1169 1623 1229 1662 se
1261 1609 1438 1664 venire
1470 1625 1572 1663 non
1603 1625 1759 1678 posse
1801 1627 1970 1668 vanus

401 1704 457 1750 et
484 1697 683 1750 erroris
708 1696 896 1766 plenus
922 1699 1129 1753 animus
1156 1699 1466 1767 arbitratur,
1497 1702 1600 1757 nisi
1629 1704 1830 1759 artibus
1857 1722 1968 1759 ma-

399 1787 499 1850 lis;
528 1789 670 1858 quod
708 1791 920 1860 quidem
950 1793 1109 1847 etiam
1152 1793 1219 1848 de
1257 1793 1474 1851 Simone
1517 1797 1841 1852 diffamatum
1887 1807 1969 1853 est

397 1879 534 1950 (Act.
565 1897 674 1946 vm,
703 1881 868 1952 9-25),
900 1899 1019 1940 cum
1044 1887 1317 1949 sceleratis
1337 1889 1538 1944 artibus
1563 1891 1756 1944 caelum
1781 1906 1839 1946 se
1871 1907 1969 1961 pu-

395 1981 562 2027 tasset
584 1973 929 2044 adepturum,
961 1986 1015 2032 et
1054 1977 1124 2034 de
1162 1978 1390 2034 humana
1419 1983 1760 2050 generatione
1797 1985 1849 2038 in
1878 1985 1963 2038 di-

394 2067 569 2121 vinam
591 2069 982 2138 generationem
1009 2071 1168 2127 rebus
1192 2074 1408 2144 magicis
1432 2075 1772 2130 transiturum
1798 2093 1811 2128 :
1835 2077 1962 2144 quid

391 2173 520 2228 ergo
551 2161 763 2220 mirum.
786 2161 851 2236 psi
901 2164 1058 2216 etiam
1108 2164 1198 2219 ille
1236 2164 1396 2220 homo
1435 2167 1656 2234 peccati,
1685 2167 1772 2236 qui
1799 2176 1961 2222 totam

392 2249 679 2317 nequitiam
724 2235 790 2306 et.
825 2252 1169 2320 impietatem,
1207 2271 1366 2322 quam
1403 2271 1590 2312 omnes
1634 2258 1960 2327 pseudopro-

390 2341 565 2408 phetze
603 2341 983 2397 inclinaverunt
1005 2383 1022 2408 ,
1066 2344 1376 2414 impleturus
1405 2357 1511 2414 est,
1544 2358 1597 2402 et
1627 2357 1769 2402 tanta
1811 2349 1957 2419 signa

388 2431 642 2498 facturus,
673 2443 728 2488 ut
753 2434 1015 2503 decipiat,
1045 2436 1089 2489 si
1129 2437 1238 2491 fieri
1281 2435 1490 2506 potest,
1531 2440 1688 2493 etiam
1720 2441 1916 2496 electos
1939 2483 1954 2508 ,

385 2521 628 2578 dicturus
651 2532 735 2578 est
762 2525 814 2578 in
849 2525 1010 2580 corde
1053 2541 1150 2580 suo
1181 2545 1195 2580 :
1229 2526 1352 2582 Non
1389 2528 1621 2584 movebar
1661 2530 1724 2584 de
1748 2540 1960 2602 genera-

385 2614 520 2668 tione
543 2617 596 2668 in
619 2618 986 2687 generationem
1014 2619 1120 2673 sine
1142 2620 1275 2674 malo
1297 2622 1342 2675 ."

453 2703 542 2760 25.
571 2705 716 2777 [vers.
761 2706 838 2781 7.]
877 2707 1035 2780 Cujus
1074 2711 1422 2766 maledictione
1459 2727 1514 2766 os
1562 2714 1672 2783 ejus
1701 2714 1716 2745 ί
1748 2715 1956 2784 plenum

383 2805 477 2862 est,
501 2808 549 2851 et
568 2799 906 2855 amaritudine
933 2811 981 2855 et
1009 2802 1148 2857 dolo.
1175 2803 1416 2872 Magnum
1443 2805 1584 2861 enim
1613 2807 1951 2864 maledictum

313 2921 318 2924 -
379 2895 480 2952 est,
514 2898 618 2944 tam
649 2891 1113 2948 nefandisartibus
1153 2896 1344 2951 caelum
1382 2907 1651 2966 appetere,
1683 2909 1736 2954 et
1763 2900 1830 2954 ad
1855 2915 1952 2956 ca-

381 2978 624 3046 piendam
654 2984 1112 3061 aeternam'sedem
1138 2985 1260 3040 talia
1282 2989 1467 3042 merita
1492 3004 1818 3060 comparare.
1843 2993 1949 3051 Sed

378 3067 478 3124 hae
505 3069 618 3140 ejus
647 3072 1014 3130 maledictione
1050 3089 1112 3130 os
1157 3076 1368 3146 plenum
1398 3088 1518 3135 est:
1551 3097 1656 3136 non
1682 3084 1823 3138 enim
1855 3085 1950 3140 ha-

377 3157 522 3214 bebit
545 3161 790 3216 ell‘ectum
818 3164 918 3220 ista
947 3165 1225 3237 cupiditas,
1240 3168 1333 3224 sed
1353 3169 1486 3224 intra
1512 3186 1574 3225 os
1602 3172 1718 3242 eius
1745 3183 1944 3231 tantum

377 3249 574 3306 valebit
601 3252 666 3306 ad
690 3267 813 3309 eum
845 3255 1168 3325 perdendum
1190 3299 1205 3323 ,
1247 3259 1336 3329 qui
1375 3260 1489 3316 hare
1523 3263 1620 3317 sibi
1663 3279 1822 3320 ausus
1865 3277 1948 3322 est

374 3333 611 3410 polliceri
627 3358 748 3398 eum
768 3346 1120 3403 amaritudine
1143 3355 1198 3403 et
1221 3347 1366 3417 dolo,
1385 3349 1437 3405 id
1461 3362 1564 3418 est,
1579 3353 1654 3407 ira
1674 3364 1726 3408 et
1743 3355 1962 3413 insidiis-

373 3433 565 3504 quibus
591 3435 641 3490 in
671 3451 796 3492 suas
822 3447 997 3508 partes
1019 3454 1373 3498 conversurus
1407 3453 1491 3498 est
1531 3446 1940 3504 multitudinem.

375 3524 484 3579 Sub
513 3525 687 3598 lingua
715 3529 824 3600 ejus
853 3529 994 3584 labor
1021 3540 1067 3585 et
1103 3532 1269 3588 dolor.
1312 3533 1452 3589 Nihil
1500 3543 1584 3590 est
1631 3536 1944 3597 laboriosius
1971 3561 1976 3566 ·

373 3617 647 3690 iniquitate
675 3631 729 3676 et
753 3623 1025 3692 impietate
1044 3643 1057 3677 :
1074 3641 1232 3695 quem
1253 3627 1487 3683 laborem
1503 3632 1739 3700 sequitur
1765 3631 1939 3700 dolor;

370 3711 493 3780 quia
523 3727 627 3767 non
654 3713 824 3768 solum
849 3715 965 3770 sine
989 3715 1178 3783 fructu,
1207 3719 1300 3774 sed
1336 3719 1494 3774 etiam
1534 3722 1601 3776 ad
1651 3723 1942 3791 perniciem

373 3800 659 3856 laboratur.
690 3804 790 3870 Qui
823 3805 972 3884 labor
1000 3817 1052 3862 et
1079 3807 1231 3864 dolor
1269 3809 1335 3864 ad
1378 3810 1506 3866 illud
1549 3811 1775 3868 refertur
1800 3815 1966 3884 quod,

370 3890 502 3944 dixit
529 3890 580 3945 in
607 3893 768 3948 corde
793 3877 913 3962 suo,
937 3895 1058 3951 Non
1086 3899 1316 3954 movebar
1341 3899 1404 3953 de
1429 3903 1746 3971 generatione
1779 3904 1832 3958 in
1855 3923 1942 3976 ge-

370 3981 678 4034 nerationem
704 3983 811 4037 sine
836 3986 972 4040 malo
1003 4003 1022 4040 :
1052 3996 1107 4042 et
1137 4001 1434 4059 propterea,
1463 3993 1556 4046 sub
1583 3993 1757 4065 lingua
1781 3997 1892 4066 ejus
1920 4012 1942 4061 ;

370 4085 500 4134 nou,
533 4070 583 4124 in
615 4070 819 4143 lingua;
847 4077 1092 4144 quoniam
1124 4079 1278 4134 tacite
1321 4079 1418 4135 ista
1459 4083 1780 4152 cogitaturus
1817 4095 1900 4140 est
1920 4126 1936 4150 ,

370 4159 673 4217 hominibus
695 4172 871 4218 autem
900 4165 1000 4220 alia
1027 4166 1318 4238 locuturus,
1350 4181 1406 4226 ut
1451 4172 1620 4229 bonus
1669 4182 1724 4229 et
1763 4174 1940 4244 justus

370 4260 426 4306 ct
455 4251 545 4306 Dei
577 4251 714 4306 lilius
739 4253 1000 4309 videatur.

439 4343 530 4399 26.
561 4344 708 4418 [uers.
733 4344 811 4419 8.]
841 4346 993 4402 Sedet
1018 4349 1070 4402 in
1093 4350 1290 4407 insidiis
1313 4370 1424 4407 cum
1450 4357 1704 4411 divitibus.
1734 4357 1936 4425 Quibus

367 4435 636 4505 divitibus,
666 4438 768 4494 nisi
795 4437 874 4494 eis
897 4453 1029 4510 quos
1051 4439 1206 4510 hujus
1225 4444 1403 4498 saeculi
1427 4449 1731 4504 muneribus
1752 4465 1935 4506 eumu-

369 4527 531 4582 labit?
558 4529 622 4584 Et
651 4530 768 4586 ideo
798 4531 850 4587 in
880 4531 1083 4587 insidiis
1107 4547 1226 4587 cum
1267 4533 1348 4588 bis
1388 4535 1578 4593 sedere
1611 4540 1782 4596 dictus
1807 4551 1889 4597 est
1915 4585 1931 4609 ,

367 4618 612 4685 quoniam
650 4608 831 4676 falsam
883 4623 1182 4679 felicitatem
1223 4625 1456 4694 ipsorum
1497 4627 1565 4682 ad
1593 4608 1934 4700 decipiendos

367 4709 607 4766 homines
649 4713 952 4768 ostentabit.
1002 4714 1099 4782 Qui
1145 4731 1302 4784 prava
1340 4717 1608 4773 voluntate
1645 4719 1767 4774 dum
1800 4723 1933 4778 tales

367 4801 734 4871 csse'cupiunt,
751 4811 806 4856 et
830 4803 966 4858 bona
993 4815 1191 4860 aeterna
1221 4821 1323 4860 non
1347 4817 1608 4876 quaerunt,
1637 4807 1688 4862 in
1714 4808 1932 4879 laqueos
1972 4813 1982 4823 ’

369 4889 484 4956 ejus
509 4891 759 4946 incident.
787 4890 856 4945 In
884 4895 1088 4950 occultis
1119 4906 1172 4950 ut
1205 4897 1473 4967 interﬁciat
1505 4899 1832 4954 innocentem.
1861 4901 1930 4956 In

366 4981 574 5034 occultis
606 4991 735 5051 puto
775 4981 971 5037 dictum
1011 4999 1164 5048 esse,
1193 4987 1283 5041 ubi
1312 5002 1415 5041 non
1447 4987 1597 5044 facile
1625 4989 1932 5062 intelligitur

365 5070 488 5140 quid
515 5072 888 5142 appetendum,
919 5077 1108 5146 quidve
1134 5061 1433 5149 fugiendum
1457 5081 1528 5137 sit
1555 5101 1568 5136 :
1597 5061 1928 5142 innocentem

367 5173 542 5218 autem
569 5165 863 5221 interficere
887 5208 902 5228 ,
929 5176 1009 5221 est
1039 5183 1102 5222 ex
1129 5171 1407 5225 innocente
1435 5172 1606 5228 facere
1629 5185 1927 5231 nocentem.

433 5254 522 5330 9.7.
554 5253 700 5326 [vers.
731 5255 809 5328 9.]
843 5257 992 5311 Oculi
1019 5259 1125 5328 ejus
1145 5259 1197 5312 in
1225 5277 1492 5330 pauperem
1517 5266 1808 5332 respiciunt.
1830 5267 1929 5322 Ju-

365 5361 476 5404 stos
503 5351 644 5404 enim
673 5351 898 5405 maxime
925 5362 1294 5418 persecuturus
1321 5363 1402 5406 est
1427 5353 1494 5407 de
1519 5356 1708 5423 quibus
1731 5358 1927 5413 dictum

365 5448 448 5493 est
475 5454 488 5492 ε
520 5438 660 5493 Beati
689 5455 930 5510 pauperes
959 5440 1159 5508 spiritu,
1200 5441 1317 5507 quia
1357 5440 1578 5509 ipsorum
1619 5456 1690 5498 est
1722 5463 1928 5516 regnum

366 5529 602 5586 calorum
625 5529 838 5600 (Matth.
867 5547 919 5597 v,
951 5530 1028 5598 5).
1061 5529 1341 5588 Insidiatur
1369 5532 1421 5583 in
1448 5535 1660 5600 occulto,
1693 5536 1822 5589 velut
1851 5538 1929 5591 leo

411 5661 540 5784 t‘ls'ic
575 5646 753 5727 aliquot
785 5665 952 5736 proba:
990 5671 1114 5732 nota:
1153 5670 1276 5723 ωδε»,
1312 5665 1442 5726 juxta
1488 5668 1615 5715 LXX.
1637 5666 1705 5722 io...-
1740 5665 1930 5726 plrnum

361 5733 443 5770 εει.

1620 308 1678 366 S.
1719 307 2082 366 AUGUSTINI
2123 311 2426 376 EPISCOPI

423 418 477 473 in
493 417 644 473 corde
663 437 755 474 suo
773 435 792 474 :
820 419 936 474 Non
957 420 1186 474 mouebor
1213 421 1276 476 de
1305 421 1622 493 generatione
1639 425 1689 477 in
1711 422 2002 494 generatioo-
2095 427 2149 480 in
2170 429 2325 484 cubili
2349 451 2359 486 ε

3565 335 3664 401 {28

2095 427 2149 480 in
2170 429 2325 484 cubili
2349 450 2459 488 suo.
2486 433 2717 494 Leonem
2746 439 2797 494 in
2825 430 2986 499 cubili
3010 444 3139 501 dicit
3162 463 3282 504 eum
3311 451 3488 524 inquo
3507 465 3560 511 et
3580 464 3656 513 vis

2093 526 2147 572 et
2185 519 2336 576 dolus
2362 525 2680 593 operabitur.
2709 528 2884 585 Prima
2907 537 3048 590 enim
3077 541 3369 608 persecutio
3400 519 3650 602 Ecclesiae

2063 681 2065 683 ι
2093 608 2319 666 violenta
2350 611 2466 679 fuit,
2497 630 2615 671 cum
2648 623 3151 695 proscriptionibus,
3205 635 3509 698 tormentis,
3542 651 3651 692 ca:-

2091 698 2260 764 dibus,
2281 703 2562 760 Christiani
2585 709 2651 764 ad
2677 713 3076 774 sacriﬁcandum
3097 732 3412 791 cogerentur
3441 744 3453 780 :
3478 727 3644 784 altera

2091 793 2388 856 persecutio
2436 794 2761 855 fraudulenta
2805 813 2916 870 est,
2949 822 3067 877 quae
3093 826 3232 866 nunc
3274 827 3370 882 per
3404 815 3652 885 cujusce-

2089 881 2232 935 modi
2264 883 2280 914 ⁸
2311 883 2591 944 lnereticos
2630 901 2685 946 et
2726 893 2890 950 falsos
2918 896 3108 956 fratres
3135 881 3308 973 agitur
3338 922 3352 958 :
3385 881 3537 964 tertia
3561 926 3653 965 su-

2086 985 2263 1040 perest
2290 994 2384 1047 per
2407 981 2789 1041 Antichristum
2835 1001 3052 1047 ventura
3078 1035 3093 1061 ,
3124 1011 3224 1066 qua
3252 997 3382 1054 nihil
3405 1012 3486 1058 est
3513 1007 3651 1073 peri-

2083 1067 2336 1136 culosius,
2354 1076 2599 1142 quoniatn
2620 1087 2674 1132 et
2703 1079 2924 1136 violenta
2956 1093 3009 1139 et
3036 1085 3362 1146 fraudulenta
3390 1067 3648 1154 erit.‘Vitn

2082 1154 2296 1215 habebit
2321 1161 2372 1216 in
2398 1164 2638 1235 imperio,
2665 1169 2843 1226 dolum
2871 1174 2924 1227 in
2949 1175 3216 1234 miraculis
3245 1200 3259 1236 :
3287 1182 3352 1238 ad
3377 1186 3481 1239 vim
3511 1189 3649 1243 rela-

2081 1257 2190 1304 tum
2216 1263 2316 1315 est.
2347 1257 2486 1325 quod
2516 1258 2712 1314 dietum
2743 1273 2842 1340 est,
2879 1264 2988 1332 leo;
3010 1267 3073 1322 ad
3097 1272 3270 1340 dolos,
3293 1277 3430 1344 quod
3452 1278 3646 1336 dictum

2079 1348 2180 1406 est,
2206 1343 2259 1396 in
2283 1347 2436 1400 cubili
2474 1365 2587 1402 suo.
2629 1351 2698 1405 Et
2727 1369 2934 1410 rursum
2972 1357 3085 1427 ipsa
3115 1343 3334 1431 repetita
3363 1378 3486 1420 sunt
3512 1384 3642 1425 con—

2078 1448 2234 1488 verso
2258 1436 2462 1493 ordine.
2487 1439 2784 1512 Insidiatur,
2817 1447 3004 1518 inquit,
3034 1460 3090 1504 ut
3125 1454 3293 1530 rapiat
3326 1475 3598 1530 pauperem
3631 1477 3648 1514 :

2076 1522 2178 1579 hoc
2204 1526 2271 1580 ad
2299 1527 2478 1584 dolum
2518 1534 2744 1600 pertinet
2774 1553 2788 1590 :
2816 1538 2956 1606 quod
2995 1522 3485 1616 autem‘sequitur,
3533 1550 3642 1606 Ra-

2073 1631 2192 1686 pere
2209 1635 2476 1688 pauperem
2501 1623 2623 1678 dum
2642 1628 2849 1682 attrahit
2877 1646 3010 1697 eum,
3029 1632 3293 1691 violentia:
3319 1637 3638 1710 deputatur;

2071 1707 2278 1762 attrahit
2301 1712 2441 1766 enim
2466 1715 2744 1784 signiﬁcat,
2775 1720 2966 1789 quibus
2989 1732 3163 1792 potest
3193 1707 3512 1787 cruciatibus
3557 1707 3639 1788 af;

2071 1795 2298 1867 lligendo
2322 1801 2387 1856 ad
2414 1817 2474 1857 se
2499 1805 2728 1864 adducit.

2137 1888 2230 1944 28.
2271 1887 2422 1962 [vers.
2448 1893 2556 1966 l0.]
2586 1897 2712 1952 Item
2742 1899 2846 1956 duo
2875 1918 2992 1972 quae
3017 1917 3326 1977 sequuntur,
3355 1911 3465 1981 ipsa
3493 1927 3631 1972 sunt.

2067 1976 2135 2031 In
2161 1981 2444 2052 muscipula
2475 2002 2568 2044 sua
2605 1989 2888 2044 humiliabit
2930 2009 3064 2059 eum,
3107 1996 3260 2054 dolus
3287 1976 3389 2054 est:
3412 2000 3635 2059 Inclina-

2067 2070 2218 2135 bitur,
2263 2082 2310 2126 et
2348 2075 2510 2154 cadet,
2542 2078 2662 2133 dum
2687 2081 3026 2138 dominabitur
3064 2105 3359 2158 pauperum,
3398 2093 3584 2150 vis-cst
3615 2117 3629 2151 :

2067 2164 2358 2235 muscipula
2386 2169 2526 2241 enim
2566 2170 2702 2226 bene
2749 2175 3009 2244 significat
3053 2180 3309 2248 insidias;
3339 2183 3630 2243 dominatio

2067 2269 2195 2308 vero
2240 2265 2494 2313 terrorem
2543 2265 2875 2330 apertissime
2923 2266 3172 2324 insinuat.
3223 2272 3288 2326 Et
3330 2273 3464 2330 bene
3516 2280 3626 2343 ait,

2065 2346 2368 2403 Humiliabit
2399 2367 2511 2405 eum
2537 2353 2588 2406 in
2619 2357 2902 2424 muscipula
2941 2375 3036 2413 sua
3069 2369 3097 2414 ":
3133 2376 3254 2417 cum
3298 2366 3438 2419 enim
3477 2369 3626 2438 signa

2062 2437 2147 2491 illa
2199 2441 2373 2496 facere
2417 2444 2674 2514 coeperit,
2723 2455 2923 2518 quanto
2964 2450 3285 2508 mirabiliora
3314 2437 3628 2514 videbuntur

2061 2527 2382 2600 hominibus,
2413 2542 2559 2589 tanto
2585 2535 2658 2590 illi
2685 2538 2887 2607 sancti,
2919 2541 3006 2606 qui
3044 2529 3184 2598 tunc
3235 2556 3409 2612 erunt,
3438 2559 3624 2604 conte-

2059 2630 2394 2688 mnentur,et
2420 2625 2568 2694 quasi
2595 2639 2692 2696 pro
2719 2627 2885 2683 nihilo
2905 2629 3264 2700 habebuntur;
3290 2652 3423 2706 quos
3439 2638 3525 2693 ille
3541 2641 3624 2694 cui

2058 2725 2150 2779 per
2166 2710 2421 2781 justitiam
2447 2723 2500 2768 et
2527 2715 2878 2772 innocentiam
2907 2721 3174 2788 resistent,
3199 2726 3434 2782 miriﬁcis
3474 2727 3624 2785 factis

2056 2813 2306 2870 superare
2332 2803 2614 2860 videbitur.
2643 2806 2745 2862 Sed
2758 2809 3100 2878 inclinabitur,
3129 2825 3174 2868 et
3199 2816 3362 2884 cadet,
3385 2818 3506 2872 dum
3531 2821 3624 2873 do-

2055 2893 2326 2947 minabitur
2352 2912 2653 2964 pauperum,
2685 2898 2736 2953 id
2776 2910 2874 2965 est,
2921 2901 3046 2956 dum
3084 2905 3333 2972 quaelibet
3365 2910 3618 2978 supplicia

2055 2981 2312 3052 irrogabit
2338 2985 2705 3042 resistentibus
2733 2987 2831 3043 sibi
2863 2992 3030 3046 servis
3055 2992 3168 3048 Dei.

2081 3063 2086 3066 ’
2121 3074 2212 3136 29.
2247 3073 2394 3146 [vers.
2421 3078 2508 3143 ll,
2536 3078 2648 3152 12.]
2681 3079 2832 3137 Unde
2857 3093 3031 3139 autem
3061 3086 3416 3159 inclinabitur,
3445 3102 3501 3149 et
3529 3111 3618 3150 ca-

2051 3163 2184 3219 det?
2207 3165 2348 3221 Dixit
2373 3169 2502 3222 enim
2526 3170 2577 3224 in
2602 3173 2751 3225 corde
2771 3189 2861 3228 suo
2889 3191 2908 3228 :
2939 3173 3135 3231 Oblitus
3153 3189 3227 3232 est
3250 3180 3404 3245 Deus,
3440 3188 3617 3240 avertit

2050 3257 2234 3326 faciem
2259 3275 2424 3324 suam,
2450 3277 2512 3314 ne
2534 3261 2699 3316 uideat
2719 3279 2872 3333 usque
2897 3267 2948 3319 in
2979 3267 3148 3336 ﬁnem.
3183 3269 3308 3326 Hznc
3345 3283 3424 3328 est
3467 3276 3615 3332 incli-

2049 3347 2192 3402 natio
2233 3358 2289 3404 et
2329 3364 2484 3406 casus
2509 3353 2856 3422 miserrimus,
2885 3355 3008 3411 dum
3038 3359 3244 3414 animus
3273 3360 3534 3420 humanus
3561 3367 3626 3420 in-

2048 3439 2161 3494 suis
2206 3439 2566 3509 iniquitatibus
2613 3445 2762 3514 quasi
2811 3459 3169 3516 prOSpemtur,
3221 3463 3275 3506 et
3324 3457 3467 3524 parci
3513 3458 3614 3514 sibi

2049 3537 2228 3598 putat;
2256 3545 2376 3586 cum
2400 3543 2713 3599 excaecctur,
2743 3545 2796 3590 ct
2819 3541 3150 3594 servetur‘ad
3171 3543 3402 3599 ultimam
3421 3562 3614 3616 oppor-

2049 3628 2335 3690 tunamque
2359 3623 2662 3690 vindictam,
2685 3624 2756 3680 de
2781 3642 2879 3696 qua
2904 3645 3042 3684 nunc
3063 3630 3171 3698 jam
3202 3633 3434 3702 loquitur
3455 3677 3471 3700 ,
3497 3637 3610 3692 E1:-

2048 3727 2215 3782 surge,
2240 3711 2455 3770 Domine
2475 3713 2634 3782 Deus,
2665 3718 2910 3772 exaltetur
2936 3737 3120 3776 manus
3146 3733 3268 3789 tua;
3295 3727 3343 3779 id
3372 3736 3470 3792 est,
3500 3744 3612 3784 ma-

2047 3801 2234 3857 nifesta
2280 3804 2348 3858 sit
2391 3806 2622 3874 potentia
2676 3816 2782 3862 tua.
2836 3809 3092 3878 Superius
3137 3823 3313 3869 autem
3361 3816 3607 3884 dixerat,

2046 3892 2296 3965 Exsurge,
2348 3895 2589 3960 Domine,
2636 3914 2736 3952 non
2785 3901 3052 3968 pracvaleat
3098 3903 3282 3971 homo,
3319 3907 3610 3976 judicentur

2044 3995 2212 4056 gentes
2239 3987 2290 4040 in
2318 4000 2586 4057 conspectu
2624 3999 2745 4057 tuo;
2773 3990 2825 4046 id
2867 4001 2948 4048 est
2987 3993 3039 4047 in
3082 3997 3318 4063 occulto,
3352 3999 3436 4054 ubi
3463 4001 3609 4058 solus

2047 4078 2185 4132 Deus
2211 4079 2369 4134 videt.
2417 4081 2528 4136 lloc
2570 4082 2762 4138 factum
2792 4093 2874 4138 est
2894 4127 2910 4149 ,
2938 4101 3058 4140 eum
3088 4087 3234 4158 impii
3267 4089 3332 4144 ad
3364 4108 3605 4164 magnam

2043 4184 2161 4236 qua;
2191 4169 2395 4224 videtur
2421 4171 2722 4227 hominibus
2750 4172 3052 4230 felicitatem
3101 4192 3484 4249 pervenerunt;
3511 4199 3602 4240 su-

2044 4273 2139 4327 per
2168 4274 2301 4328 quos
2329 4263 2668 4315 consumitur
2695 4263 2961 4333 legislator
2985 4307 2998 4330 ,
3029 4267 3235 4336 qualem
3268 4269 3462 4327 habere
3489 4257 3606 4331 me-

2043 4358 2279 4413 ruerunt,
2310 4350 2376 4404 de
2401 4366 2504 4421 quo
2526 4352 2717 4407 dicitur
2741 4371 2754 4407 :
2779 4354 3061 4422 Constitue,
3089 4356 3326 4425 Domine,
3351 4361 3608 4432 legislato-

2040 4460 2146 4497 rem
2181 4460 2330 4513 super
2356 4448 2468 4508 eos,
2518 4447 2676 4499 sciant
2720 4457 2888 4516 gentes
2923 4450 3158 4518 quoniam
3195 4451 3418 4509 homines
3468 4467 3600 4512 sunt.

2039 4533 2188 4589 Nunc
2207 4546 2380 4588 autem
2408 4545 2520 4605 post
2544 4535 2683 4590 illam
2718 4539 2974 4592 occultam
3007 4555 3211 4608 poenam
3241 4552 3399 4613 atque
3425 4545 3598 4600 vindi-

2038 4636 2178 4680 ctam
2206 4625 2418 4690 dicitur,
2449 4625 2696 4698 Exsurge.
2725 4627 2939 4682 Domine
2972 4629 3124 4697 Deus,
3154 4634 3399 4688 exalletur
3424 4653 3599 4707 manus

2038 4726 2126 4770 tua
2155 4733 2172 4770 :
2197 4732 2301 4770 non
2323 4716 2502 4786 utique
2527 4719 2576 4770 in
2601 4719 2827 4785 occulto,
2851 4720 2943 4774 sed
2969 4721 3074 4791 iam
3097 4722 3148 4775 in
3178 4723 3597 4781 manifestissima

2037 4809 2223 4878 gloria.
2251 4807 2334 4863 Ne
2353 4809 2657 4864 obliviscaris
2683 4829 2958 4880 pauperum
2983 4813 3034 4866 in
3061 4814 3234 4881 ﬁnem;
3256 4814 3305 4869 id
3331 4824 3432 4882 est,
3459 4818 3596 4873 sicut

2037 4901 2180 4968 impii
2214 4910 2430 4966 putant,
2459 4902 2544 4968 qui
2573 4901 2756 4955 dicunt
2785 4919 2798 4954 :
2831 4902 3022 4956 Oblitus
3043 4913 3112 4957 est
3137 4903 3290 4968 Deus,
3320 4908 3495 4960 avertit
3518 4911 3599 4978 fa-

2038 4993 2162 5047 ciem
2195 5009 2340 5047 suam
2381 5010 2444 5047 ne
2471 4993 2632 5047 videat
2660 5009 2822 5064 usque
2865 4995 2918 5048 in
2952 4995 3120 5063 linem.
3153 4996 3328 5068 Usque
3354 4997 3408 5052 in
3439 5000 3596 5054 linem

2035 5093 2211 5139 autem
2237 5091 2428 5154 negant
2455 5083 2618 5140 Deum
2653 5084 2866 5150 videre,
2905 5086 2992 5155 qui
3022 5085 3203 5142 dicunt
3234 5103 3355 5143 eum
3384 5103 3472 5145 res
3499 5089 3597 5144 hu-

2035 5189 2219 5230 manas
2243 5182 2296 5230 et
2324 5183 2560 5230 terrenas
2603 5189 2706 5230 non
2749 5190 2968 5242 curare;
3011 5180 3256 5247 quoniam
3281 5187 3420 5234 terra
3446 5180 3596 5250 quasi

2038 5268 2156 5322 linis
2180 5275 2262 5323 est
2286 5282 2484 5331 rerum,
2515 5267 2635 5336 quia
2666 5266 2905 5322 ultimum
2931 5268 3249 5324 elementum
3287 5279 3370 5325 est
3403 5269 3454 5324 in
3488 5285 3596 5340 quo

2035 5357 2276 5414 homines
2298 5357 2685 5434 ordinatissime
2708 5357 2965 5426 laborant,
2992 5359 3082 5416 sed
3114 5361 3346 5416 laborum
3375 5377 3590 5420 suorum

2035 5448 2272 5503 ordinem
2307 5447 2484 5502 videre
2509 5462 2614 5502 non
2641 5457 2878 5519 possunt,
2907 5450 2994 5520 qui
3027 5453 3254 5507 maxime
3272 5454 3505 5523 pertinet
3525 5454 3593 5510 ad

2681 5603 2771 5654 Sed
2798 5603 2972 5680 melius
2999 5605 3180 5680 aliquot
3216 5616 3344 5670 Ilss.,
3380 5610 3597 5680 διαπρα-

2037 5667 2166 5718 modi
2193 5679 2210 5716 :
2238 5678 2334 5729 qua
2371 5677 2488 5715 voce
2518 5666 2667 5715 utitur
2695 5669 2867 5730 passim
2899 5666 3202 5732 Augustinus,
3226 5683 3314 5734 pro
3331 5666 3339 5670 ⁷
3355 5666 3598 5734 qualibus-

2040 5741 2252 5790 cumque.
