4046 6200
372 284 472 339 129

368 399 570 452 occulta
597 398 733 453 Filii.
762 400 1030 454 Laborans
1051 414 1173 467 ergo
1190 398 1422 453 Ecclesia
1452 396 1556 451 illis
1578 397 1922 466 temporibus,

369 503 614 561 tanquam
646 493 796 547 navis
827 494 876 547 in
905 492 1106 562 magnis
1129 490 1375 545 ﬂuctibus
1400 499 1453 543 et
1481 488 1746 558 procellis,
1775 486 1923 556 quasi

364 582 713 637 dormientem
759 584 949 638 excitat
988 580 1263 636 Dominum
1290 622 1304 645 ,
1339 588 1396 632 ut
1448 580 1669 647 imperet
1707 577 1876 630 ventis
1904 615 1921 640 ,

363 682 416 725 et
444 673 796 742 tranquillitas
822 673 1001 728 redeat
1027 689 1041 725 :
1071 671 1200 726 dicit
1224 684 1352 740 ergo
1371 712 1385 729 ,
1420 669 1669 739 Exsurge,
1709 666 1925 720 Domine

364 760 518 824 Deus,
550 763 797 817 excitetur
838 779 1012 817 manus
1052 772 1158 827 tua,
1195 777 1256 815 ne
1290 758 1596 815 obliviscaris
1652 773 1925 827 pauperum

312 862 323 875 "
354 854 414 905 in
437 852 605 919 ﬁnem.
1416 914 1431 927 .
1778 916 1781 921 ί

431 941 516 996 50.
549 940 703 1013 [νει-ε.
736 943 821 1008 15,
846 942 1091 1016 14.].1ειιιι
1118 943 1292 1010 itaque
1318 940 1649 995 manifestum
1670 936 1923 1008 judicium

370 1032 744 1102 intelligentes,
766 1043 821 1088 et
858 1035 1184 1089 exsultantes
1221 1032 1440 1098 dicunt,
1476 1031 1689 1102 Propter
1714 1029 1834 1101 quid
1852 1030 1923 1082 ir-

358 1123 530 1177 ritavi:
562 1124 748 1193 impius
771 1122 970 1179 Deum?
999 1124 1047 1179 id
1075 1134 1192 1189 est,
1228 1123 1348 1192 quid
1379 1122 1570 1191 profuit
1600 1129 1740 1176 tanta
1777 1120 1912 1175 mala

358 1212 529 1268 facere
544 1212 738 1277 {Dixit
764 1215 896 1268 enim
924 1215 976 1267 in
1002 1214 1152 1268 corde
1175 1230 1268 1268 suo
1290 1230 1310 1267 :
1339 1212 1457 1265 Non
1471 1213 1700 1283 requiret.
1720 1210 1919 1265 Deinde

357 1305 593 1374 sequitur
621 1324 635 1360 :
673 1304 821 1359 Vides
845 1306 1081 1375 quoniam
1109 1314 1163 1358 tu
1187 1304 1405 1358 laborent
1430 1314 1474 1357 et
1500 1305 1627 1356 iram
1655 1304 1671 1335 ¹
1696 1302 1922 1356 conside-

358 1411 460 1457 ras,
489 1405 543 1448 ut
569 1397 741 1449 tradas
764 1412 847 1450 eos
869 1396 923 1449 in
959 1412 1137 1449 manus
1174 1405 1303 1449 tuas.
1332 1395 1531 1450 Sensus
1556 1396 1654 1449 iste
1685 1410 1918 1463 pronun-

360 1487 627 1541 tiationem
657 1489 865 1558 quaerit,
894 1488 946 1543 in
972 1503 1074 1558 qua
1103 1488 1147 1542 si
1184 1496 1415 1543 erratum
1447 1486 1604 1543 fuerit
1625 1526 1640 1549 ,
1667 1487 1919 1540 obscura-

355 1589 458 1633 tur.
476 1577 563 1634 Sic
582 1581 723 1634 enim
746 1579 875 1634 dixit
896 1581 945 1634 in
967 1579 1126 1635 corde
1154 1594 1251 1634 suo
1276 1579 1466 1648 impius
1494 1597 1507 1633 :
1534 1577 1651 1632 Non
1684 1577 1921 1646 requiret

357 1669 512 1734 Deus,
543 1670 690 1739 quasi
719 1670 856 1724 Deus
883 1670 1117 1724 laborem
1141 1678 1194 1724 et
1216 1670 1348 1723 iram
1376 1668 1699 1730 consideret,
1729 1675 1786 1721 nt
1811 1674 1917 1720 tra-

354 1759 441 1814 dat
459 1775 550 1816 eos
573 1762 623 1813 in
652 1775 838 1815 manus
866 1775 1019 1825 suas;
1049 1760 1100 1814 id
1126 1768 1224 1825 est,
1244 1762 1391 1830 quasi
1418 1759 1657 1813 laborare
1677 1767 1730 1810 et
1760 1756 1915 1811 irasci

356 1857 553 1912 timeat,
580 1863 632 1906 et
667 1859 947 1922 propterea
985 1852 1087 1906 illis
1124 1860 1361 1922 parcat,
1378 1866 1444 1905 ne
1478 1864 1699 1904 onerosa
1739 1848 1811 1902 illi
1849 1848 1919 1902 sit

353 1958 503 2012 pinna
523 1958 728 2006 eorum,
746 1951 836 1997 aut
860 1958 927 1997 ne
954 1942 1237 1997 iracundia:
1270 1944 1290 1974 ¹
1321 1948 1628 2009 tempestate
1657 1939 1915 2005 turbetur,

351 2032 613 2103 quomodo
645 2032 955 2102 plerumque
1001 2031 1240 2085 homines
1264 2076 1267 2077 ν
1289 2031 1503 2096 faciunt,
1530 2029 1916 2084 dissimulantes

354 2123 653 2187 vindictam,
686 2137 754 2176 ne
782 2121 1041 2187 laborent,
1071 2130 1162 2175 aut
1190 2122 1481 2174 irascantur
1506 2120 1550 2175 ³.

419 2214 507 2269 51.
540 2214 649 2266 Tibi
688 2213 952 2267 derelictus
991 2222 1063 2265 est
1111 2228 1319 2281 pauper.
1363 2210 1486 2265 ideo
1529 2210 1669 2265 enim
1712 2222 1912 2277 pauper

353 2316 452 2368 est.
480 2305 531 2361 id
552 2314 653 2370 est,
686 2305 863 2359 ‘omnia
897 2304 1051 2373 hujus
1077 2302 1256 2357 mundi
1286 2302 1593 2369 temporalia
1623 2301 1757 2355 bona
1787 2313 1916 2354 con-

358 2399 595 2468 tempsit,
638 2408 694 2451 ut
736 2406 790 2451 tu
817 2396 890 2451 sis
922 2404 1119 2449 tantum
1152 2408 1273 2464 spes
1313 2394 1446 2463 ejus.
1488 2390 1693 2460 Pupilla
1731 2400 1783 2442 tu
1818 2390 1915 2443 eris

355 2492 585 2559 adjutor;
613 2489 662 2543 id
686 2499 786 2553 est,
816 2488 863 2542 ei
883 2488 966 2542 cui
996 2487 1217 2541 moritur
1241 2496 1391 2556 pater
1424 2485 1510 2540 hic
1536 2483 1763 2538 mundus
1781 2522 1795 2544 ,
1822 2498 1915 2550 per

356 2596 503 2649 quem
530 2581 815 2635 carnaliter
851 2579 1057 2648 genitus
1085 2586 1198 2639 est,
1246 2586 1299 2631 et
1335 2576 1442 2645 jam
1483 2582 1658 2643 potest
1699 2572 1911 2627 dicere:

359 2673 573 2727 Mundus
592 2672 714 2725 mihi
733 2672 1003 2739 cruciﬁxus
1026 2678 1116 2732 est,
1141 2678 1187 2723 et
1207 2685 1296 2739 ego
1318 2666 1505 2719 mundo
1524 2664 1671 2730 (Gal.
1696 2680 1768 2727 vr,
1798 2663 1909 2733 Μ).

356 2761 562 2817 Talibus
589 2762 732 2816 enim
775 2761 986 2830 pupillis
1028 2769 1176 2828 pater
1216 2758 1275 2812 lit
1317 2757 1473 2811 Deus.
1522 2756 1683 2809 Docet
1723 2755 1914 2822 quippe

356 2852 604 2907 Dominus
630 2851 858 2920 pupillos
888 2849 997 2904 fieri
1032 2848 1320 2917 discipulos
1345 2861 1469 2900 suos
1488 2887 1502 2909 ,
1533 2845 1721 2915 quibus
1744 2842 1910 2897 dicit:

356 2940 433 2995 Ne
456 2940 592 2994 vobis
616 2940 793 2994 dicatis
832 2951 1021 3008 patrem
1049 2938 1099 2992 in
1125 2937 1267 2990 terris
1292 2936 1503 3004 (Matth.
1531 2951 1680 2997 χχιιι,
1706 2934 1785 3003 9).
1812 2930 1914 2987 Cu-

351 3031 432 3100 jus
468 3032 549 3085 rci
590 3026 891 3099 exemplum
931 3028 1151 3098 prmbuit
1181 3027 1326 3096 prior
1356 3027 1467 3096 ipse
1493 3023 1714 3080 dicendo
1741 3040 1756 3080 :
1789 3022 1915 3089 Qua:

353 3122 471 3174 mihi
497 3131 677 3187 mater,
708 3130 792 3173 aut
820 3120 904 3189 qui
931 3119 1111 3185 fratres
1133 3116 1243 3187 (Id.
1276 3133 1346 3170 xu
1366 3158 1379 3178 ,
1407 3115 1533 3186 48)?
1561 3114 1709 3170 Unde
1732 3114 1915 3169 volunt

352 3213 559 3280 quidam
606 3209 1035 3280 perniciosissimi
1079 3208 1311 3262 haeretici
1356 3207 1432 3276 (a)
1490 3220 1761 3270 asserere,
1807 3219 1912 3258 non

352 3319 468 3357 eum
500 3302 745 3356 habuisse
784 3310 1003 3355 matrem
1036 3316 1052 3354 :
1086 3314 1183 3353 nec
1210 3298 1389 3352 vident
1428 3311 1544 3351 esse
1585 3310 1912 3365 consequens

352 3396 393 3447 si
424 3394 539 3447 h:rc
562 3393 721 3447 verba
748 3390 1049 3452 attendant,
1093 3398 1148 3444 ut
1183 3403 1283 3443 nec
1322 3387 1560 3455 discipuli
1588 3386 1702 3457 ejus
1738 3395 1913 3454 patres

352 3485 663 3547 habuerint;
693 3485 811 3552 quia
838 3484 973 3536 sicut
998 3482 1109 3550 ipse
1136 3479 1285 3540 dixit,
1323 3478 1447 3546 Quae
1466 3478 1589 3531 mihi
1617 3487 1771 3531 mater
1799 3485 1874 3531 est
1893 3517 1909 3542 ,

352 3578 426 3631 sic
454 3577 573 3630 illos
602 3576 812 3639 docuit,
844 3588 963 3628 cum
1005 3573 1078 3627 ait
1109 3590 1123 3626 :
1158 3571 1330 3626 Nolite
1367 3571 1503 3625 vobis
1530 3570 1690 3623 dicere
1722 3579 1911 3640 patrem

350 3668 400 3720 in
424 3671 584 3721 terris.

416 3761 504 3813 52.
536 3758 684 3831 (vers.
718 3757 813 3821 15,
845 3754 957 3827 16.]
1003 3753 1211 3809 Comere
1251 3753 1509 3807 brachium
1550 3750 1819 3821 peccatoris
1864 3759 1912 3803 et

353 3851 594 3920 maligni;
630 3849 770 3902 illius
796 3847 993 3901 scilicet
1031 3845 1097 3898 de
1134 3846 1238 3913 quo
1268 3858 1423 3911 supra
1448 3841 1756 3895 dicebatur:
1791 3838 1913 3891 Om-

351 3943 485 3994 nium
525 3941 842 3993 inimicorum
869 3952 1072 3990 suorum
1101 3934 1455 3988 dominabitur.
1484 3930 1758 3984 Brachium
1785 3943 1910 3997 ergo

350 4032 493 4100 ejus,
522 4029 655 4084 dixit
694 4026 980 4097 potentiam
1009 4026 1163 4094 ejus:
1190 4024 1271 4077 cui
1312 4024 1574 4076 contraria
1611 4027 1692 4072 est
1717 4016 1910 4071 Christi

352 4120 603 4190 potentia,
626 4118 693 4173 de
713 4133 813 4187 qua
834 4116 1024 4171 dicitur
1048 4133 1061 4169 :
1095 4113 1341 4182 Exsurge,
1367 4110 1581 4163 Domine
1601 4108 1751 4173 Deus,
1774 4107 1911 4161 exal-

354 4224 478 4265 tetur
502 4227 678 4265 manus
717 4219 822 4262 tua.
863 4207 1162 4276 Requiretur
1196 4204 1431 4258 delictum
1470 4202 1607 4271 ejus,
1647 4214 1736 4253 nec
1771 4199 1910 4251 inve-

354 4304 532 4357 nietur.
564 4301 788 4368 PrOpter
814 4298 940 4353 illud
960 4339 974 4361 ,
1005 4295 1055 4351 id
1083 4304 1165 4349 est
1190 4293 1236 4358 ⁸,
1262 4291 1579 4362 judicabitur
1610 4288 1675 4342 de
1700 4296 1911 4357 peccato

352 4406 483 4455 suo,
514 4400 567 4445 et
605 4391 717 4459 ipse
761 4390 927 4457 periet
958 4394 1172 4455 propter
1208 4390 1479 4452 peccatum
1505 4394 1675 4433 suum.
1714 4376 1911 4432 Deinde

349 4482 472 4553 quid
498 4482 688 4536 mirum
720 4479 763 4535 si
795 4479 1049 4548 sequitur,
1082 4474 1328 4528 Dominus
1352 4471 1572 4541 regnabit
1598 4471 1650 4522 in
1674 4479 1909 4522 aeternum

349 4583 394 4624 et
422 4573 473 4625 in
497 4570 737 4625 saxulum
773 4568 972 4632 saeculi,
1006 4565 1227 4636 peribitis
1256 4572 1423 4633 gentes
1466 4561 1527 4614 de
1567 4569 1696 4612 terra
1734 4558 1909 4612 illius?

351 4668 549 4721 Gentes
574 4663 765 4733 posuit,
795 4668 1102 4733 peccatores
1131 4666 1184 4711 et
1209 4656 1417 4725 impios.

421 4761 509 4815 55.
541 4757 690 4831 [vers.
724 4754 837 4828 17.]
864 4752 1180 4808 Desiderium
1208 4763 1484 4820 pauperum
1523 4743 1767 4801 exaudivit
1796 4739 1906 4796 Do-

351 4863 517 4905 minus
540 4866 558 4903 :
589 4847 910 4904 desiderium
940 4842 1068 4899 illud
1097 4855 1202 4911 quo
1228 4839 1546 4903 mstuabant,
1582 4850 1700 4890 cum
1729 4833 1780 4887 in
1816 4848 1909 4887 an-

348 4942 533 5012 gustiis
566 4949 620 4995 et
657 4934 1080 4992 tribulationibus
1120 4930 1276 5001 hujus
1305 4927 1483 4982 szcculi
1526 4923 1727 4978 Domini
1768 4922 1907 4977 diem

350 5032 800 5101 concupiscerent.
835 5023 1265 5091 Prtrparationem
1286 5019 1452 5072 cordis
1473 5033 1643 5070 eorum
1662 5013 1910 5068 mudivit

348 5124 485 5176 auris
510 5130 595 5174 tua
619 5136 637 5173 :
668 5118 781 5173 hazc
809 5126 890 5172 est
913 5114 1087 5170 cordis
1117 5109 1464 5183 praeparatio,
1503 5106 1570 5160 de
1593 5120 1690 5175 qua
1718 5104 1771 5159 in
1804 5103 1908 5157 alio

416 5277 559 5324 'l.ov.
598 5272 744 5331 addit,
768 5276 815 5321 et
853 5267 1098 5326 dolorem;
1120 5265 1245 5329 quod
1284 5276 1311 5312 a
1344 5261 1478 5311 libris
1496 5262 1602 5309 aliis
1633 5268 1683 5308 et
1722 5271 1750 5307 a
1785 5271 1909 5322 grae-

346 5337 588 5453 m'abtidiii,
622 5406 682 5443 ne
703 5389 958 5443 iracundia
987 5394 1034 5437 et
1053 5390 1323 5455 tempestate
1347 5382 1780 5455 {dissentientibus

417 5459 436 5490 ³
457 5443 712 5520 sic
734 5460 860 5503 noue
884 5459 986 5520 Mss.
1007 5448 1122 5497 Editi
1144 5443 1278 5506 vero,
1298 5446 1379 5508 qui
1397 5443 1692 5495 dissimulata
1706 5443 1911 5492 vindicta

348 5514 977 5579 εἶαδονωῖῑηείναεεαῖζξπνῖ
1014 5569 1060 5579 ..
1180 5574 1220 5579 --
1341 5567 1371 5579 ..
1474 5574 1486 5579 -
1550 5573 1576 5579 -
1618 5577 1628 5579 _
1774 5560 1788 5579 .-

414 5560 588 5629 ῗῇἷιῖ
592 5560 831 5639 {iriiri}
838 5560 971 5640 illud
1008 5569 1152 5621 idem.
1180 5574 1286 5619 uss.
1312 5567 1493 5629 aliquot
1514 5572 1736 5627 :Propter
1771 5560 1909 5623 illud,

350 5642 404 5693 id
424 5648 511 5691 est.

415 5704 491 5765 (α)
524 5698 775 5750 uanicbai.

1485 281 1873 339 ENARRATIO
1912 280 1974 335 IN
2015 282 2330 337 PSALMUM
2372 283 2457 338 IX.

3508 293 3603 345 150

2038 394 2239 462 psalmo
2267 398 2492 462 canitur,
2531 396 2772 452 Paratum
2800 416 2886 453 cor
2912 416 3073 454 meum
3092 441 3108 465 ,
3160 400 3296 456 Deus
3316 445 3330 468 ,
3373 416 3604 473 paratum

2034 502 2120 537 cor
2146 502 2307 537 meum
2339 486 2505 557 (Psal.
2536 503 2659 551 LVI,
2696 489 2753 556 8)
2776 505 2790 553 ;
2817 489 2883 543 de
2909 505 3009 560 qua
3038 490 3165 545 dicit
3191 494 3509 561 Apostolus:
3543 495 3603 549 Si

2032 572 2195 628 autem
2232 577 2365 643 quod
2393 593 2491 629 non
2516 578 2735 632 videmus
2757 597 3014 647 speramus
3032 621 3046 645 ,
3078 598 3167 649 per
3201 584 3489 651 patientiam
3515 602 3604 640 ea:-

2030 675 2310 737 spertamus
2336 665 2509 737 (Rom.
2539 684 2658 730 vnt,
2687 669 2804 739 25).
2832 669 2947 724 Jam
2974 686 3099 725 vero
3127 687 3306 727 aurem
3340 675 3465 739 Dei,
3495 693 3600 732 non

2031 757 2326 811 membrum
2354 772 2687 826 corporeum,
2717 759 2807 812 sed
2838 762 3119 827 potentiam
3150 778 3270 817 esse
3304 780 3403 832 qua
3434 781 3601 820 exau-

2028 844 2138 907 dit,
2171 845 2488 916 regulariter
2515 848 2771 902 debemus
2800 850 3075 917 accipere;
3106 860 3264 919 atque
3290 853 3356 905 ita
3383 856 3600 922 quibus-

2028 950 2130 1004 que
2159 936 2443 990 nominatis
2474 936 2725 990 membris
2754 937 2867 1003 ejus
2888 978 2901 1001 ,
2934 954 3051 1007 qua:
3099 939 3151 992 in
3198 940 3348 994 nobis
3377 943 3597 999 visibilia

2028 1032 2082 1078 et
2109 1039 2362 1094 corporea
2402 1035 2554 1091 sunt,
2589 1026 2850 1094 potentias
2885 1028 3245 1096 Operationum
3287 1043 3493 1100 oportet
3518 1032 3598 1086 in-

2028 1114 2210 1183 telligi,
2245 1131 2310 1171 ne
2331 1131 2471 1185 smpe
2493 1116 2587 1173 ista
2610 1125 2920 1185 repetantur
2944 1133 2956 1169 :
2991 1132 3093 1171 non
3120 1120 3259 1172 enim
3281 1135 3593 1189 corporeum

2028 1206 2105 1260 fas
2130 1216 2213 1262 est
2237 1216 2441 1276 putare,
2471 1208 2611 1277 quod
2640 1210 2890 1265 Dominus
2919 1210 3056 1265 Deus
3079 1226 3182 1264 non
3204 1222 3476 1266 sonantem
3501 1228 3595 1267 vo-

2025 1311 2164 1357 cem,
2190 1297 2283 1351 sed
2312 1300 2750 1366 praeparationem
2777 1301 2953 1353 cordis
2983 1301 3216 1353 exaudit.

2095 1388 2181 1441 54.
2216 1386 2363 1459 [vers.
2399 1389 2507 1461 18.]
2533 1390 2776 1443 Judicare
2811 1392 3005 1460 pupillo
3044 1400 3090 1444 et
3123 1393 3345 1445 humili:
3384 1393 3435 1446 id
3475 1403 3591 1458 est,

2024 1490 2128 1530 non
2154 1476 2199 1530 ci
2225 1478 2312 1547 qui
2340 1477 2699 1532 conformatur
2728 1480 2847 1533 huic
2878 1480 3072 1535 srrculo
3094 1522 3107 1543 ,
3136 1496 3308 1550 neque
3336 1484 3589 1551 superbo.

2022 1567 2177 1621 Aliud
2208 1577 2288 1621 est
2316 1568 2457 1622 enim
2483 1568 2722 1637 judicare
2753 1570 3028 1638 pupillum,
3061 1570 3202 1627 aliud
3228 1571 3466 1638 judicare
3496 1587 3593 1639 pu-

2023 1657 2184 1726 pillo:
2214 1657 2413 1726 judicat
2442 1659 2698 1728 pupillum
2723 1661 2879 1713 etiam
2904 1661 2991 1727 qui
3017 1660 3365 1725 condemnat;
3394 1660 3593 1729 judiCat

2021 1759 2193 1801 autem
2224 1749 2424 1816 pupillo
2450 1750 2535 1818 qui
2566 1766 2661 1818 pro
2684 1751 2773 1803 illo
2799 1750 3000 1818 profert
3027 1753 3366 1807 sententiam.
3400 1752 3465 1807 Ut
3490 1770 3589 1807 non

2020 1848 2244 1907 apponat
2275 1840 2405 1892 ultra
2433 1841 2757 1910 magniﬁcare
2788 1857 2843 1894 se
2881 1842 3028 1894 homo
3061 1858 3211 1909 super
3235 1852 3435 1896 terram.
3479 1844 3589 1897 lio-

2021 1928 2188 1982 tuines
2215 1930 2354 1982 enim
2383 1940 2535 1995 sunt,
2564 1928 2636 1983 de'
2655 1931 2845 1999 quibus
2871 1932 3066 1985 dictum
3097 1943 3177 1985 est
3204 1950 3217 1985 :
3254 1932 3396 1986 Pone
3418 1975 3431 1995 ,
3472 1934 3585 1988 Do-

2018 2019 2168 2082 mine,
2198 2020 2531 2090 legislatorem
2555 2038 2706 2090 super
2733 2038 2833 2086 eos,
2864 2023 3022 2075 sciant
3044 2033 3213 2092 gentes
3232 2026 3466 2093 quoniam
3495 2027 3587 2079 ho-

2016 2109 2173 2163 mines
2198 2121 2331 2163 sunt.
2365 2110 2467 2165 Sed
2495 2111 2651 2165 etiam
2682 2111 2767 2166 ille
2802 2113 2890 2182 qui
2918 2113 3107 2168 eodem
3136 2114 3252 2167 loco
3279 2115 3586 2185 intelligitur

2019 2201 2139 2269 poni
2169 2216 2328 2270 super
2356 2217 2467 2266 eos,
2499 2203 2656 2256 homo
2684 2202 2817 2268 erit,
2855 2203 2922 2257 de
2955 2218 3061 2273 quo
3090 2219 3231 2258 nunc
3258 2203 3465 2265 dicitur,
3514 2203 3582 2257 Ut

2016 2304 2117 2343 non
2142 2300 2365 2359 apponat
2390 2292 2524 2345 ultra
2562 2294 2888 2361 magniﬁcare
2917 2309 2971 2346 se
2996 2293 3144 2346 homo
3176 2309 3326 2361 super
3359 2303 3545 2346 terram
3565 2310 3584 2347 :

2016 2393 2136 2433 cum
2164 2381 2367 2435 venerit
2396 2383 2598 2438 scilicet
2626 2383 2786 2437 Filius
2824 2383 3055 2438 hominis
3089 2382 3328 2453 judicare
3354 2384 3582 2454 pupillo,

2016 2472 2102 2539 qui
2130 2486 2188 2525 se
2213 2473 2358 2526 exuit
2385 2483 2614 2528 veterem
2645 2456 2936 2542 hominem,
2964 2483 3124 2544 atque
3153 2474 3253 2528 hoc
3279 2474 3439 2528 modo
3468 2484 3586 2528 tan-

2014 2574 2169 2629 quam
2196 2563 2379 2615 extulit
2410 2564 2638 2617 Patrem.

2086 2676 2174 2730 35.
2204 2676 2328 2729 Post
2348 2677 2551 2729 occulta
2574 2692 2700 2747 ergo
2720 2677 2855 2740 Filii,
2882 2675 2947 2731 de
2970 2675 3159 2746 quibus
3182 2676 3232 2729 in
3259 2676 3361 2729 hoc
3381 2675 3585 2745 psalmo

2016 2767 2178 2819 multa
2212 2766 2349 2819 dicta
2390 2776 2545 2828 sunt,
2585 2775 2741 2821 erunt
2781 2766 3056 2820 manifesta
3099 2766 3249 2831 Filii,
3293 2765 3360 2820 de
3387 2765 3579 2835 quibus

2016 2869 2179 2923 pauca
2210 2855 2261 2909 in
2287 2854 2390 2909 line
2411 2856 2647 2924 ejusdem
2673 2856 2862 2925 psalmi
2890 2871 3029 2909 nunc
3048 2855 3186 2909 dicta
3215 2864 3338 2909 sunt
3362 2872 3375 2908 :
3406 2870 3475 2910 ex
3498 2854 3584 2910 his

2014 2956 2189 3002 autem
2235 2947 2415 3001 titulus
2453 2947 2620 3002 factus
2648 2956 2763 3011 est,
2811 2964 2928 3017 qua:
2970 2948 3223 3017 majorem
3254 2947 3341 3003 hic
3380 2956 3581 3018 partem

2018 3045 2215 3091 tenent.
2246 3037 2425 3091 Potest
2453 3046 2507 3092 et
2533 3038 2644 3106 ipse
2667 3038 2782 3093 dies
2807 3036 3063 3092 adventus
3092 3032 3306 3092 Domini
3324 3047 3469 3093 recte
3495 3054 3588 3092 nu-

2014 3126 2205 3180 merari
2234 3125 2374 3181 inter
2397 3128 2600 3181 occulta
2632 3127 2770 3194 Filii,
2800 3128 3038 3196 quamvis
3070 3128 3177 3196 ipsa
3208 3127 3415 3181 Domini
3443 3132 3584 3197 pra:-

2014 3217 2184 3272 sentia
2216 3217 2493 3271 manifesta
2535 3217 2704 3271 futura
2744 3219 2845 3282 sit;
2890 3218 2955 3271 de
2982 3216 3071 3271 illo
3100 3218 3240 3271 enim
3271 3216 3356 3271 die
3384 3218 3582 3273 dictum

2015 3315 2096 3359 est
2122 3306 2262 3376 quod
2287 3321 2444 3361 nemo
2470 3323 2589 3360 eum
2621 3309 2778 3361 sciret
2798 3306 3015 3376 ,‘neque
3043 3307 3250 3375 Angeli,
3287 3322 3385 3360 nec
3409 3307 3585 3360 Virtu-

2015 3405 2122 3463 tes,
2174 3412 2343 3467 neque
2392 3396 2555 3451 Filius
2599 3397 2830 3451 hominis
2861 3397 3069 3466 (Matth.
3103 3411 3247 3460 xxrv,
3283 3395 3371 3464 56)
3403 3414 3416 3448 :
3456 3396 3582 3463 quid

2014 3501 2139 3557 ergo
2167 3496 2269 3541 tam
2297 3488 2561 3541 occultum
2581 3528 2596 3549 ,
2639 3502 2797 3556 quam
2840 3486 2890 3540 id
2920 3486 3058 3555 quod
3097 3487 3253 3539 etiam
3283 3485 3380 3553 ipsi
3417 3485 3581 3553 judici

2014 3578 2274 3632 occultum
2321 3592 2438 3632 esse
2483 3577 2679 3631 dictum
2724 3588 2838 3641 est,
2881 3592 2985 3630 non
3024 3576 3089 3629 ad
3120 3575 3579 3644 cognoscendum,

2013 3668 2103 3723 secl
2130 3668 2196 3722 ad
2224 3667 2588 3737 prodendum?
2620 3668 2693 3721 De
2718 3662 2941 3720 occultis
2962 3676 3137 3718 autem
3180 3663 3316 3726 Filii,
3350 3664 3506 3716 etiam
3535 3664 3579 3716 si

2011 3758 2285 3827 quisquam
2330 3774 2433 3811 non
2475 3758 2567 3811 Dei
2613 3756 2800 3809 Filium
2851 3754 3136 3807 subaudire
3179 3752 3439 3815 voluerit,
3486 3752 3579 3806 sed

2012 3849 2176 3920 ipsius
2204 3849 2396 3912 David,
2437 3849 2587 3917 cujus
2616 3846 2813 3900 nomini
2844 3854 3008 3897 totum
3042 3842 3354 3897 Psalterium
3392 3842 3581 3896 tribui-

2013 3947 2117 4004 tur,
2150 3953 2267 3992 nam
2316 3937 2547 3991 Davidici
2579 3936 2758 4004 utique
2796 3934 2991 3988 Psalmi
3035 3933 3386 4002 appellantur,
3423 3947 3580 3986 voces

2012 4031 2127 4085 illas
2161 4029 2340 4083 audiat
2378 4029 2566 4098 quibus
2608 4027 2833 4081 Domino
2861 4026 3072 4091 dicitur,
3118 4025 3358 4078 Miserere
3384 4025 3576 4089 nostri,

2011 4121 2088 4190 ﬁli
2123 4119 2289 4173 David
2332 4117 2441 4189 (Id.
2474 4134 2577 4181 xx,
2607 4116 2729 4187 50);
2775 4127 2933 4186 atque
2962 4117 3033 4169 ita
3076 4116 3233 4169 etiam
3273 4115 3373 4168 hoc
3421 4116 3579 4167 modo

2011 4213 2257 4269 eumdem
2290 4212 2566 4266 Dominum
2597 4208 2863 4264 Christum
2895 4208 3184 4277 intelligat,
3214 4207 3279 4261 de
3314 4207 3463 4275 cujus
3485 4221 3579 4259 oc-

2011 4305 2166 4360 cultis
2188 4305 2302 4374 ipse
2330 4303 2563 4372 psalmus
2589 4301 2873 4368 inscriptus
2898 4308 2999 4353 est.
3030 4298 3119 4352 Sic
3151 4297 3291 4351 enim
3317 4297 3473 4350 etiam
3511 4296 3579 4348 ab

2010 4395 2198 4465 angelo
2224 4394 2415 4449 dicitur
2440 4409 2451 4444 :
2484 4391 2639 4444 Dabit
2663 4390 2740 4444 illi
2770 4389 2908 4443 Deus
2935 4389 3103 4443 sedem
3134 4386 3295 4440 David
3320 4387 3473 4454 patris
3500 4388 3580 4439 sui

2011 4486 2160 4556 (Luc.
2190 4502 2237 4547 ι,
2270 4485 2379 4555 52).
2410 4484 2519 4538 Nec
2548 4483 2637 4538 illa
2676 4482 2938 4537 sententia
2980 4480 3102 4534 huic
3141 4478 3422 4532 intellectui
3454 4493 3582 4531 con-

2012 4579 2171 4633 traria
2213 4586 2321 4639 est,
2350 4592 2451 4647 qua
2500 4576 2637 4631 idem
2683 4575 2939 4629 Dominus
2977 4572 3168 4641 qumrit
3204 4586 3231 4623 a
3261 4569 3488 4635 Judzcis,
3519 4570 3579 4622 Si

2010 4669 2144 4736 ﬁlius
2170 4667 2333 4721 David
2354 4667 2582 4721 Christus
2613 4674 2701 4729 est,
2738 4662 2985 4730 quomodo
3011 4662 3061 4714 in
3093 4662 3273 4728 spiritu
3305 4669 3445 4713 vocat
3469 4677 3580 4713 eum

2010 4761 2302 4825 Dominum,
2326 4760 2495 4812 dicens
2521 4774 2538 4812 :
2567 4757 2704 4809 Dixit
2731 4755 2980 4808 Dominus
3008 4751 3224 4804 Domino
3263 4766 3403 4812 meo,
3449 4749 3581 4803 Sede

2010 4852 2077 4903 ad
2095 4852 2351 4905 dexteram
2377 4865 2559 4911 meam,
2590 4848 2748 4899 donec
2778 4860 2961 4913 ponam
2990 4852 3216 4895 tumucos
3238 4852 3348 4895 tuos
3380 4840 3468 4893 sub
3496 4858 3583 4907 pc-

1992 4941 2154 4997 ‘dibus
2178 4943 2274 4996 tuis
2304 4941 2512 5011 (Matth.
2543 4953 2674 5001 xxu,
2701 4938 2815 5006 44).
2853 4937 3054 4990 Dictum
3085 4944 3169 4989 est
3191 4935 3332 4990 enim
3363 4934 3581 5004 imperi-

2010 5036 2108 5100 tis,
2152 5035 2239 5103 qui
2268 5032 2507 5101 quamvis
2539 5038 2818 5081 venturum
2854 5027 3123 5082 Christum
3160 5038 3464 5096 sperarent,
3506 5037 3584 5078 se-

2010 5126 2237 5182 cundum
2277 5124 2544 5178 hominem
2574 5132 2746 5176 tamen
2777 5136 2895 5175 eum
2923 5128 3322 5190 exspectarent,
3353 5134 3461 5173 non
3502 5134 3583 5173 se-

2011 5218 2236 5274 cundum
2263 5214 2402 5286 quod
2431 5214 2609 5268 Virtus
2637 5223 2689 5267 et
2715 5211 2980 5280 Sapientia
3013 5196 3105 5267 Dei
3126 5222 3226 5267 est.
3257 5213 3416 5267 Docet
3446 5227 3573 5281 ergo

2012 5310 2083 5365 ibi
2132 5308 2288 5362 ﬁdem
2331 5305 2658 5360 verissimam
2705 5313 2758 5357 et
2798 5304 3241 5368 sincerissimam,
3286 5310 3347 5357 ut
3388 5311 3443 5357 et
3474 5301 3579 5355 Do-

2011 5388 2185 5455 minus
2216 5400 2285 5453 sit
2323 5397 2460 5466 regis
2500 5393 2658 5448 David
2681 5437 2695 5456 ,
2737 5394 3024 5447 secundum
3065 5393 3205 5463 quod
3240 5400 3322 5446 est
3347 5391 3579 5447 Verbum

2016 5493 2065 5546 in
2094 5489 2385 5559 principio,
2435 5486 2572 5538 Dens
2601 5482 2737 5551 apud
2772 5483 2964 5541 Datim,
2997 5498 3088 5552 per
3130 5482 3268 5550 quod
3300 5483 3428 5533 facta
3458 5488 3581 5534 sunt

2015 5582 2189 5637 omnia
2220 5578 2399 5647 (Joan.
2434 5592 2470 5641 I,
2501 5577 2587 5645 l);
2619 5585 2672 5629 et
2700 5573 2868 5633 filius,
2915 5574 3199 5626 secundum
3240 5569 3376 5638 quod
3415 5568 3579 5623 factus

2022 5673 2160 5728 cstei
2186 5687 2247 5727 cx
2275 5669 2476 5724 semine
2498 5665 2659 5720 David
2683 5664 2970 5717 secundum
2998 5676 3207 5715 carnem
3238 5658 3404 5725 (Rom.
3430 5674 3464 5724 t,
3497 5660 3577 5727 5).
