4046 6200
427 306 520 360 i3!

424 418 537 473 Non
566 417 711 474 enim
739 418 898 485 dicit,
925 416 1037 472 Non
1082 425 1162 470 est
1200 413 1339 470 ﬁlius
1368 414 1528 470 David
1559 413 1830 480 Christus;
1862 414 1955 471 sed
1976 457 1992 482 ,

422 512 478 566 Si
502 511 611 581 jam
644 511 835 567 tenetis
862 510 999 580 quod
1040 509 1181 564 ﬁlius
1205 510 1274 564 sit
1310 509 1460 579 ejus,
1505 509 1690 565 discite
1729 508 1994 579 quomodo

420 608 491 661 sit
519 605 768 660 Dominus
791 602 936 672 ejus;
967 616 1065 658 nec
1090 603 1313 658 teneatis
1355 603 1408 657 in
1450 601 1664 657 Christo
1689 601 1830 671 quod
1856 601 1994 658 ﬁlius

424 693 650 749 hominis
674 701 788 756 est,
818 692 888 745 ita
928 691 1069 745 enim
1100 690 1243 746 ﬁlius
1270 691 1429 746 David
1461 700 1575 756 est;
1604 699 1655 746 et
1684 690 1994 761 relinquatis

418 783 558 852 quod
587 781 749 836 Filius
779 780 870 835 Dei
900 789 1004 848 est,
1033 781 1103 836 ita
1131 781 1272 836 enim
1300 780 1556 835 Dominus
1582 780 1695 850 ejus
1723 790 1822 835 est.

891 948 971 1009 IN
1014 948 1392 1010 PSALMUM
1434 948 1494 1009 Χ

1001 1062 1410 1125 ΕΝΛΙῖῐίᾹῐΊΟ.

752 1180 818 1237 In
845 1181 999 1252 ﬁnem
1018 1222 1032 1245 ,
1080 1177 1313 1234 Paulinus
1341 1180 1441 1251 ipsi
1466 1179 1655 1236 David.

489 1297 541 1350 i.
572 1292 723 1368 [νινε.
756 1294 809 1359 i,
838 1291 920 1366 2.]
944 1292 1087 1348 Nova
1114 1292 1426 1347 tractatione
1454 1292 1633 1347 titulus
1654 1291 1753 1347 iste
1778 1308 1882 1347 non
1913 1292 1994 1346 in-

418 1385 591 1455 diget;
615 1384 724 1454 jam
751 1383 895 1438 enim
920 1383 1048 1437 satis
1070 1390 1348 1438 tractatum
1368 1393 1450 1437 est
1474 1381 1600 1452 quid
1624 1382 1710 1445 sit,
1735 1382 1791 1436 in
1818 1382 1987 1447 ﬁnem.

425 1476 599 1545 Ipsum
627 1489 755 1545 ergo
788 1473 982 1529 Psalmi
1013 1484 1214 1529 textum
1239 1472 1537 1534 videamus,
1568 1474 1656 1542 qui
1694 1472 1826 1527 mihi
1852 1471 1995 1527 vidc-

423 1577 509 1620 tur
535 1564 792 1620 adversus
817 1562 1097 1618 haereticos
1123 1563 1196 1634 (α)
1222 1562 1491 1619 canendus
1510 1602 1526 1627 ,
1554 1562 1649 1631 qui.
1667 1576 1993 1619 commemo-

414 1656 582 1711 rando
606 1663 662 1710 et
693 1654 1060 1725 exaggerando
1084 1654 1369 1708 multorum
1401 1653 1452 1707 in
1483 1652 1719 1708 Ecclesia
1744 1660 1985 1723 peccata,

417 1747 567 1818 quasi
597 1745 735 1816 apud
763 1746 910 1815 ipsos
940 1744 1069 1815 justi
1098 1752 1190 1799 aut
1217 1757 1402 1799 omnes
1433 1752 1525 1797 aut
1549 1742 1727 1813 plures
1752 1742 1893 1808 sint,
1921 1741 1991 1796 ab

421 1838 580 1891 unius
623 1835 875 1895 Ecclesiae
913 1850 1052 1889 verae
1096 1835 1282 1888 matris
1321 1833 1573 1889 uberibus
1610 1846 1709 1888 nos
1749 1839 1990 1888 avertere

412 1936 570 1995 atque
614 1925 859 1993 abripere
902 1925 1226 1991 moliuntur,
1283 1923 1610 1983 afﬁrmantes
1658 1923 1801 1995 quod
1849 1923 1989 1994 apud

412 2017 558 2086 ipsos
584 2016 654 2071 sit
676 2015 939 2080 Christus,
967 2025 1020 2070 et
1044 2015 1194 2086 quasi
1225 2014 1308 2084 pie
1336 2014 1678 2084 studioseque
1705 2013 1990 2069 admonen-

415 2118 530 2172 tes,
577 2118 634 2161 ut
673 2107 739 2161 ad
785 2121 880 2165 eos
918 2105 1241 2161 transeundo
1271 2105 1712 2175 transmigremus
1734 2103 1804 2160 ad
1829 2104 1990 2159 Chri-

412 2208 576 2260 stum,
601 2212 761 2266 quem
791 2211 853 2251 se
892 2195 1090 2251 habere
1112 2195 1456 2251 mentiuntur.
1486 2194 1677 2249 Notum
1704 2202 1787 2251 est
1811 2204 1987 2251 autem

412 2286 679 2341 Christum
705 2286 758 2341 in
784 2285 1059 2356 prophetia
1075 2327 1092 2351 ,
1118 2301 1238 2340 cum
1267 2287 1444 2340 multis
1469 2285 1774 2340 nominibus
1798 2286 1991 2359 allego-

411 2379 523 2433 rice
545 2378 922 2440 insinuarctur,
941 2377 1099 2431 etiam
1126 2387 1360 2430 montem
1384 2375 1726 2445 appellatum.
1753 2374 1985 2445 Respon-

408 2467 640 2523 dcodum
679 2475 765 2522 est
801 2466 980 2535 itaque
1017 2464 1167 2532 istis,
1207 2474 1263 2520 et
1293 2464 1577 2521 dicendum
1611 2481 1626 2519 :
1672 2463 1739 2518 In
1771 2463 1987 2518 Datiano

408 2558 638 2628 conﬁdo,
668 2557 914 2627 quomodo
955 2556 1121 2611 dicitis
1149 2556 1332 2611 anima:
1372 2571 1495 2610 mete
1520 2570 1540 2610 :
1569 2553 1898 2626 Tranamigra
1933 2556 1987 2610 in

410 2656 603 2704 montes
627 2647 755 2703 sicut
778 2647 991 2717 passer?
1019 2662 1181 2703 unum
1212 2656 1445 2703 montem
1477 2656 1632 2703 teneo
1659 2646 1711 2700 in
1741 2660 1846 2716 quo
1866 2661 1989 2700 con-

407 2740 547 2804 ﬁdo,
592 2738 863 2810 quomodo
896 2737 1071 2794 dicitis
1098 2746 1156 2792 ut
1180 2736 1246 2791 ad
1274 2751 1369 2791 vos
1404 2746 1704 2811 transeam.
1740 2746 1984 2807 tanquam

410 2830 559 2905 tonui
585 2830 687 2885 sint
716 2827 950 2893 Christi?
973 2827 1079 2905 Aut
1106 2828 1151 2882 si
1177 2841 1273 2883 vos
1301 2836 1508 2882 montes
1536 2842 1657 2899 esse
1684 2826 1862 2886 dicitis
1888 2841 1985 2901 per

407 2920 708 2993 superbiam
728 2962 744 2987 ,
774 2927 986 2992 oportet
1018 2918 1230 2989 quidem
1259 2934 1377 2977 esse
1402 2932 1671 2990 passerem
1700 2928 1983 2990 pennatam

404 3011 688 3068 virtutibus
728 3019 781 3066 et
825 3010 1104 3080 praeceptis
1146 3008 1275 3073 Dei;
1319 3008 1413 3065 sed
1441 3023 1507 3064 ea
1546 3009 1656 3080 ipsa
1700 3008 1985 3080 prohibeat

406 3102 589 3157 volare
608 3101 660 3155 in
689 3099 820 3159 istos
842 3108 1072 3166 montes,
1103 3107 1159 3154 et
1179 3099 1230 3155 in
1252 3100 1492 3171 superbis
1511 3099 1811 3157 hominibus
1834 3114 1983 3170 spem

406 3191 690 3246 collocare.
735 3190 915 3247 ilaheo
955 3188 1171 3244 domum
1214 3189 1305 3245 ubi
1350 3189 1716 3260 requiescam.
1762 3188 1886 3260 quia
1928 3191 1981 3247 in

414 3283 639 3339 Domino
665 3280 914 3337 conﬁdo:
948 3295 1069 3336 nam
1097 3290 1151 3335 et
1177 3293 1359 3351 passer
1397 3279 1601 3337 invenit
1638 3279 1737 3335 sibi
1765 3279 1981 3337 domum

409 3372 584 3443 (Ptol.
630 3370 959 3443 ιικιιιι,,4)
980 3411 995 3436 ,
1041 3378 1098 3426 et
1139 3368 1308 3425 factus
1337 3379 1420 3424 est
1444 3368 1697 3427 Dominus
1723 3369 1986 3445 refugium

408 3463 623 3533 pauperi
650 3461 819 3527 (Paul.
852 3478 927 3527 lx,
960 3459 1072 3532 10).
1110 3461 1358 3516 Dicamus
1383 3475 1509 3531 ergo
1540 3469 1647 3515 tota
1677 3459 1886 3527 ﬁducia,
1913 3475 1981 3517 ne

405 3553 530 3609 dum
559 3553 824 3610 Christum
849 3551 989 3623 apud
1012 3552 1290 3610 haereticos
1311 3552 1613 3622 quaerimus.
1638 3552 1976 3609 amittamus:

404 3644 473 3699 In
518 3643 739 3701 Domino
791 3644 1028 3714 conﬁdo;
1081 3643 1330 3714 quomodo
1378 3641 1544 3698 dicitis
1586 3642 1769 3698 animo:
1815 3658 1980 3699 uicto:

408 3735 735 3806 Trauamigra
762 3735 814 3789 in
835 3745 1026 3791 montes
1052 3734 1180 3790 sicut
1204 3733 1410 3804 passer?

473 3825 528 3881 2.
559 3824 706 3899 [verm
731 3823 812 3897 5.]
841 3807 1093 3892 Quoniam
1112 3839 1223 3878 ecce
1247 3833 1530 3892 peccatores
1553 3823 1868 3881 iracndia-runt
1894 3841 1979 3879 ar-

402 3932 536 3979 cum,
566 3924 864 3987 parauerunt
892 3915 1102 3986 sagittas
1126 3930 1246 3970 suas
1268 3915 1321 3968 in
1356 3914 1589 3985 pharetra
1609 3954 1626 3980 ,
1658 3924 1711 3970 ut
1743 3914 1978 3986 sagittam

292 4038 297 4041 τ
328 4018 339 4031 “
392 4007 457 4065 ,in
488 4004 701 4060 obscura
736 4005 859 4059 luna
886 4014 1043 4060 rectos
1063 4005 1234 4061 corde.
1272 4004 1527 4060 Tcrrores
1556 4006 1641 4059 isti
1680 4014 1804 4063 sum
1827 4020 1976 4063 com-

403 4095 714 4151 minantium
742 4095 894 4153 nobis
918 4094 987 4151 de
1014 4083 1379 4165 peccatoribus
1397 4134 1414 4161 ,
1453 4104 1508 4150 ut
1538 4094 1605 4151 ad
1638 4109 1699 4153 se
1729 4104 1974 4166 tanquam

402 4185 471 4240 ad
494 4184 668 4254 justus
696 4194 1043 4240 transeamus.
1076 4183 1227 4252 Ecce,
1256 4184 1530 4259 inquiunt,
1569 4192 1852 4255 peccatores
1890 4185 1975 4239 in-

403 4279 664 4333 tenderunt
687 4293 861 4331 arcum
884 4292 906 4332 :
932 4276 1117 4343 credo,
1160 4276 1491 4349 Scripturas,
1521 4289 1653 4347 quas
1681 4274 1757 4331 illi
1791 4289 1975 4335 carna-

400 4371 525 4425 liter
563 4368 981 4439 interpretando,
1023 4377 1312 4422 venenatas
1349 4366 1472 4422 inde
1508 4364 1796 4423 sententias
1820 4364 1973 4425 emit-

401 4470 538 4516 tunt.
584 4458 899 4514 Paraverunt
945 4457 1154 4528 sagittas
1194 4472 1317 4511 sua:
1358 4456 1414 4511 in
1460 4456 1752 4526 pharetra‘:
1786 4452 1973 4513 eadem

400 4550 557 4605 verba
586 4550 823 4614 scilicet,
867 4564 984 4618 qua:
1010 4545 1402 4616 Scripturarum
1441 4545 1752 4601 auctoritate
1780 4543 1974 4615 iacula-

401 4643 505 4698 tnri
526 4651 670 4705 sunt,
694 4643 745 4697 in
774 4640 951 4695 cordis
972 4638 1181 4694 occulto
1211 4645 1547 4708 paraverunt.
1576 4634 1643 4690 Ut
1660 4636 1897 4708 sagittam
1918 4636 1971 4691 in

402 4735 611 4787 obscura
635 4731 759 4787 (una
779 4741 939 4786 rectos
964 4729 1154 4784 corde:
1184 4738 1241 4784 ut
1264 4742 1383 4784 cum
1413 4726 1696 4791 senserint,
1720 4727 1970 4783 Ecclesiae

403 4822 603 4878 lumine
642 4829 858 4892 propter
894 4819 1281 4879 multitudinem
1325 4817 1684 4890 imperitorum
1711 4827 1766 4873 et
1792 4833 1970 4877 carna-

400 4917 525 4969 lium
556 4915 856 4979 obscurato,
896 4929 1002 4973 non
1044 4928 1104 4968 se
1143 4926 1300 4983 posse
1324 4910 1597 4975 convinci,
1630 4919 1971 4980 corrumpant

399 5007 569 5060 bonos
614 5020 793 5060 mores
833 5003 1109 5074 colloquiis
1150 5004 1303 5058 malis
1341 5000 1552 5071 (lCor.
1584 5017 1674 5068 xv,
1717 5003 1831 5072 35).
1863 5002 1967 5060 Sed

398 5106 582 5151 contra
603 5110 789 5159 omnes
812 5095 942 5153 latos
969 5104 1198 5151 terrores
1216 5092 1494 5151 dicendum
1517 5101 1599 5149 est
1623 5111 1635 5146 :
1663 5091 1729 5146 In
1751 5091 1966 5151 Domino

397 5191 620 5259 conﬁdo.
1106 5256 1114 5263 ε

468 5282 521 5337 3.
550 5280 697 5336 Luna
725 5293 851 5335 vero
888 5292 1048 5350 quam
1092 5286 1447 5347 congruenter
1481 5276 1741 5348 signiticet
1784 5278 1968 5335 Eccle-

398 5374 533 5430 siam
551 5413 568 5438 ,
598 5369 814 5426 memini
840 5384 927 5425 me
952 5367 1261 5438 promisisse
1298 5367 1351 5422 in
1381 5368 1482 5423 hoc
1507 5369 1708 5437 psalmo
1731 5368 1966 5426 conside-

398 5474 635 5521 raturum
659 5459 757 5530 (ι).
788 5458 915 5514 Dum
939 5466 1064 5513 sunt
1087 5456 1155 5513 de
1173 5457 1295 5513 luna
1321 5455 1602 5526 opiniones
1626 5459 1922 5529 probabiles
1946 5475 1960 5512 :

317 5598 327 5613 .
400 5553 590 5609 harum
618 5559 794 5607 autem
821 5565 941 5622 quas
966 5563 1090 5604 vera
1118 5547 1208 5615 sit,
1238 5556 1331 5603 aut
1354 5560 1461 5604 non
1486 5561 1723 5618 omnino,
1742 5556 1838 5604 aut
1856 5551 1962 5607 uil-

462 5664 537 5788 l‘ii
1146 5736 1243 5785 vm,
1267 5733 1315 5772 n.
1338 5720 1390 5773 ο.

1645 300 1702 358 s.
1748 300 2108 360 AUGUSTINI
2146 254 2441 361 scissor!

3565 313 3666 370 132

2106 416 2339 473 ﬁcillime
2379 418 2609 475 arbitror
2654 432 2812 491 posse
2854 418 3121 477 hominem
3163 423 3317 479 seire.
3362 425 3495 480 Cum
3523 429 3667 482 enim

2099 508 2356 575 quceritur
2389 509 2529 565 unde
2566 510 2744 566 lumen
2784 509 3007 578 habeat,
3037 513 3126 567 alii
3169 513 3351 569 dicunt
3386 530 3537 571 suum
3569 516 3669 572 ha-

2100 597 2246 667 bere,
2268 600 2363 656 sed
2383 601 2591 672 globum
2620 604 2735 673 ejus
2759 603 3037 660 dimidium
3055 605 3251 671 lucere,
3281 606 3552 663 dimidium
3576 625 3671 664 au-

2102 699 2206 744 tem
2236 691 2517 747 obscurum
2562 707 2713 760 esse;
2744 694 2868 750 dum
2894 705 3073 753 autem
3113 709 3356 753 movetur
3383 699 3435 754 in
3467 699 3670 756 circulo

2098 795 2227 848 suo,
2271 784 2508 839 eamdem
2535 796 2738 856 partem
2766 802 2866 855 qua
2909 788 3081 855 lucet,
3125 789 3375 860 paulatim
3404 790 3469 846 ad
3500 802 3671 851 terras

2096 874 2354 940 converti,
2386 883 2443 929 ut
2467 875 2631 931 videri
2657 892 2687 932 a
2714 878 2866 932 nobis
2892 880 3090 948 possit,
3124 891 3178 936 et
3205 880 3325 937 ideo
3348 882 3495 953 prius
3515 886 3666 954 quasi

2096 964 2472 1021 corniculatam
2499 982 2774 1037 apparere.
2801 968 2931 1023 Nam
2971 979 3025 1025 et
3048 970 3092 1024 si
3119 968 3283 1026 facias
3315 968 3473 1042 pilam
3501 989 3567 1029 ex
3590 976 3660 1030 di-

2097 1055 2258 1111 midia
2296 1065 2441 1127 parte
2477 1057 2754 1113 candidam
2776 1099 2792 1126 ,
2835 1067 2891 1114 et
2912 1074 2980 1116 ex
3022 1060 3237 1116 dimidia
3266 1062 3579 1133 obscuram;
3622 1069 3667 1123 si

2096 1159 2215 1201 eam
2246 1157 2447 1217 partem
2478 1164 2594 1218 quae
2623 1149 2846 1205 obscura
2872 1160 2955 1208 est
2978 1161 3102 1207 ante
3126 1154 3307 1209 oculos
3334 1154 3552 1221 habeas,
3584 1156 3668 1210 ni-

2094 1234 2169 1291 hil
2206 1236 2450 1317 candoris
2475 1239 2655 1303 vides,
2699 1250 2897 1297 etcum
2941 1243 3167 1313 coeperis
3208 1244 3350 1300 illam
3386 1246 3668 1303 candidam

2093 1334 2298 1395 partem
2343 1327 2411 1383 ad
2458 1330 2642 1384 oculos
2684 1342 3030 1398 convertere,
3084 1338 3128 1388 si
3168 1322 3419 1404 paulatim
3467 1336 3665 1402 facias,

2094 1416 2266 1484 primo
2312 1431 2513 1473 cornua
2565 1418 2813 1474 candoris
2871 1421 3076 1477 videbis
3099 1464 3114 1490 ,
3168 1422 3361 1480 deinde
3414 1425 3667 1495 paulatim

2092 1508 2319 1570 crescit,
2366 1508 2535 1565 donec
2565 1518 2673 1565 tota
2714 1525 2836 1580 pars
2858 1513 3088 1570 candens
3129 1524 3433 1589 opponatur
3457 1517 3663 1585 oculis,

2092 1607 2149 1652 et
2189 1597 2322 1653 nihil
2364 1598 2605 1656 obscurae
2645 1601 2860 1657 alterius
2903 1611 3068 1673 partis
3105 1604 3393 1661 videatur:
3440 1608 3580 1678 quod
3618 1609 3666 1666 si

2092 1702 2407 1758 perseveres
2445 1692 2619 1748 adhuc
2661 1694 2909 1764 paulatim
2955 1706 3294 1765 convertere,
3342 1698 3526 1770 incipit
3567 1701 3668 1756 ob-

2092 1783 2316 1838 scuritas
2367 1798 2662 1855 apparere,
2713 1796 2771 1841 et
2815 1787 3016 1843 candor
3068 1788 3272 1856 minui,
3329 1790 3497 1847 donec
3562 1792 3667 1848 lte-

2092 1888 2207 1928 rum
2234 1872 2298 1929 ad
2343 1889 2535 1930 cornua
2565 1878 2781 1943 redeat,
2816 1889 2870 1935 et
2917 1890 3195 1950 postremo
3221 1891 3362 1938 totus
3401 1882 3469 1940 ab
3495 1885 3667 1941 oculis

2092 1972 2381 2033 avertatur,
2421 1980 2485 2021 ac
2512 1983 2694 2022 rursus
2717 1968 2941 2025 obscura
2970 1971 3055 2025 illa
3083 1987 3205 2042 pars
3246 1973 3358 2028 sola
3386 1974 3552 2048 possit
3573 1976 3656 2031 vi-

2080 2054 2249 2111 deri:
2294 2056 2435 2128 quod
2478 2057 2591 2113 ﬁeri
2630 2059 2846 2129 dicunt,
2891 2076 3010 2116 cum
3054 2063 3231 2119 lumen
3270 2064 3410 2120 luna:
3449 2065 3660 2124 videtur

2091 2162 2343 2206 crescere
2369 2165 2537 2221 usque
2561 2151 2625 2206 ad
2655 2154 3153 2223 quintamdecimam
3179 2157 3378 2224 lunam,
3405 2170 3458 2215 et
3481 2177 3666 2218 rursus

2092 2240 2348 2311 usquead
2383 2242 2703 2299 tricesimam
2729 2245 2917 2313 minui,
2945 2257 2998 2302 et
3029 2248 3203 2304 redire
3228 2250 3295 2305 ad
3319 2266 3539 2320 cornua,
3560 2253 3664 2309 do-

2089 2345 2188 2385 nec
2214 2332 2423 2401 penitus
2444 2332 2575 2386 nihil
2594 2334 2645 2388 in
2666 2349 2728 2390 ea
2747 2335 2879 2390 lucis
2902 2347 3173 2408 appareat.
3200 2338 3500 2396 Secundum
3526 2342 3665 2400 hanc

2089 2421 2393 2490 Opinionem
2422 2422 2543 2478 luna
2565 2425 2617 2478 in
2638 2426 2887 2496 allegoria
2907 2429 3167 2498 signiﬁcat
3187 2430 3496 2501 Ecclesiam,
3520 2437 3664 2508 quod

2088 2526 2153 2566 ex
2180 2522 2329 2582 parte
2350 2514 2610 2584 spirituali
2637 2514 2777 2572 lucet
2801 2517 3054 2587 Ecclesia,
3079 2536 3145 2576 ex
3169 2530 3317 2590 parte
3341 2532 3514 2579 autem
3543 2541 3663 2582 car-

2089 2603 2200 2657 nali
2224 2604 2449 2660 obscura
2479 2615 2562 2661 est
2590 2622 2603 2661 :
2634 2616 2689 2663 et
2716 2608 2996 2679 aliquando
3019 2612 3309 2683 Spiritualis
3333 2630 3456 2685 pars
3480 2617 3532 2671 in
3560 2617 3662 2674 bo-

2088 2694 2171 2749 nis
2199 2695 2452 2766 operibus
2479 2707 2695 2769 apparet
2736 2700 3073 2771 hominibus;
3101 2704 3384 2777 aliquando
3404 2719 3579 2765 autem
3606 2711 3661 2769 in

2087 2787 2409 2843 conscientia
2434 2787 2582 2855 latet,
2614 2805 2678 2845 ac
2712 2791 2825 2848 Deo
2867 2795 3228 2852 tantummodo
3254 2806 3377 2853 nota
3405 2808 3507 2867 est,
3534 2816 3659 2860 cum

2086 2877 2205 2935 solo
2225 2892 2450 2951 corpore
2474 2892 2696 2952 apparet
2715 2883 3050 2952 hominibus;
3080 2887 3215 2944 sicut
3240 2891 3513 2967 contingit,
3536 2909 3661 2957 cum

2086 2981 2301 3024 oramus
2329 2969 2381 3023 in
2418 2969 2602 3037 corde,
2639 2981 2694 3027 et
2718 2974 2866 3051 quasi
2907 2968 3036 3030 niliil
3063 2992 3219 3048 agere
3245 2978 3505 3051 videmur,
3531 2983 3658 3042 dum

2086 3072 2190 3117 non
2211 3058 2280 3114 ad
2308 3068 2525 3128 terram,
2555 3063 2647 3117 sed
2669 3079 2880 3120 sursum
2913 3069 3072 3123 corda
3102 3068 3299 3128 habere
3316 3072 3567 3144 jubemur
3589 3077 3660 3134 ad

2086 3149 2387 3209 Dominum.
2415 3154 2519 3209 Alii
2546 3165 2721 3212 autem
2752 3158 2936 3215 dicunt
2975 3175 3080 3216 non
3114 3162 3308 3220 habere
3353 3165 3529 3227 lunam
3572 3168 3661 3224 lu-

2085 3257 2206 3298 men
2229 3245 2520 3316 proprium,
2549 3247 2642 3302 sed
2669 3263 2698 3303 a
2725 3249 2839 3305 sole
2866 3250 3146 3321 illustrari;
3177 3255 3269 3310 sed
3297 3258 3507 3328 quando
3534 3274 3658 3317 cum

2084 3332 2177 3387 illo
2203 3342 2303 3402 est,
2335 3350 2450 3391 eam
2481 3346 2683 3407 partem
2710 3338 2775 3394 ad
2802 3354 2898 3396 nos
2924 3340 3122 3399 habere
3158 3360 3260 3416 qua
3291 3361 3395 3402 non
3417 3347 3660 3405 illustra-

2085 3432 2192 3491 tur,
2215 3434 2269 3479 et
2293 3423 2410 3481 ideo
2436 3425 2567 3482 nihil
2597 3428 2648 3485 in
2674 3444 2736 3486 ea
2766 3428 2900 3488 lucis
2929 3431 3126 3498 videri;
3154 3450 3275 3490 cum
3312 3446 3487 3492 autem
3526 3439 3661 3499 inci-

2082 3515 2161 3586 pit
2183 3515 2364 3573 abillo
2390 3519 2660 3588 recedere,
2688 3521 2936 3579 illustrari
2961 3523 3028 3580 ab
3053 3541 3116 3582 ea
3140 3528 3298 3584 etiam
3320 3537 3469 3600 parte
3496 3547 3657 3601 quam

2086 3604 2243 3662 habet
2268 3608 2336 3663 ad
2381 3616 2596 3677 terram,
2637 3622 2691 3666 et
2717 3615 3016 3670 necessario
3056 3616 3345 3687 inciperea
3383 3620 3658 3690 cornibus,

2081 3698 2255 3756 donec
2280 3698 2373 3754 ﬁat
2391 3701 2780 3771 quintadecima
2804 3715 2987 3761 contra
3006 3706 3205 3774 solem;
3228 3719 3351 3764 tunc
3375 3710 3514 3769 enim
3539 3711 3661 3768 sole

2080 3790 2357 3845 occidente
2398 3791 2568 3847 oritur
2588 3832 2603 3859 ,
2637 3803 2694 3848 ut
2733 3794 2975 3866 quisquis
3002 3797 3330 3859 occidentem
3359 3801 3525 3856 solem
3552 3802 3655 3857 ob-

2080 3881 2389 3950 servaverit,
2422 3897 2541 3941 cum
2571 3898 2693 3939 eum
2740 3886 2964 3956 omperit
2992 3902 3095 3943 non
3133 3890 3333 3958 videre,
3364 3906 3681 3950 conversus.

2078 3971 2145 4026 ad
2185 3964 2677 4040 Orientem,lunam
2722 3989 2943 4047 surgere
2982 3978 3192 4047 videat;
3222 3988 3381 4052 atque
3418 3983 3541 4039 inde
3583 4000 3656 4041 ex

2076 4064 2178 4118 alia
2207 4073 2351 4135 parte
2373 4080 2494 4120 cum
2520 4066 2569 4122 ei
2599 4068 2823 4137 coeperit
2864 4069 3243 4142 propinquare,
3273 4073 3416 4131 illam
3444 4084 3654 4145 partem
3746 4112 3749 4113 ν

2078 4156 2143 4210 ad
2174 4172 2269 4211 nos
2295 4167 2626 4224 convertere,
2654 4174 2757 4228 qua
2784 4174 2889 4216 non
2913 4161 3221 4230 illustratur,
3246 4163 3417 4221 donec
3441 4166 3507 4221 ad
3529 4181 3655 4222 cor-

2079 4261 2180 4303 nua
2223 4247 2406 4303 rcdeat
2447 4256 2605 4319 atque
2644 4250 2766 4305 inde
2811 4253 3027 4308 omnino
3068 4269 3175 4310 non
3213 4267 3495 4326 appareat;
3525 4259 3652 4330 quia

2076 4346 2199 4392 tunc
2237 4353 2357 4408 p:u~s
2381 4337 2469 4391 illa
2498 4355 2618 4409 qua;
2642 4340 2955 4411 illustratur,
2983 4358 3192 4399 sursum
3220 4355 3302 4401 est
3322 4347 3389 4401 ad
3426 4349 3645 4418 caelum,

2075 4429 2139 4485 ad
2173 4439 2363 4491 terram
2392 4441 2568 4487 autem
2615 4432 2706 4488 illa
2751 4450 2906 4505 quam
2938 4436 3142 4493 radiare
3177 4439 3256 4493 sol
3300 4454 3404 4494 non
3448 4453 3643 4513 potest.

2076 4522 2216 4596 Ergo
2241 4533 2295 4579 et
2332 4525 2620 4580 secundum
2650 4524 2785 4582 hanc
2813 4528 3115 4600 opinionem
3136 4572 3152 4597 ,
3181 4531 3304 4586 luna
3334 4531 3649 4606 intelligitur

2075 4613 2325 4680 Ecclesia,
2352 4614 2489 4685 quod
2529 4631 2681 4671 suum
2710 4618 2887 4674 lumen
2917 4634 3020 4675 non
3062 4619 3273 4690 habeat,
3299 4624 3394 4679 sed
3423 4625 3490 4683 ab
3517 4628 3641 4683 nni-

2072 4705 2247 4776 genito
2272 4706 2361 4761 Dei
2390 4706 2540 4774 Filio,
2566 4709 2656 4779 qui
2685 4711 2862 4765 multis
2892 4711 3021 4767 locis
3050 4713 3102 4769 in
3127 4716 3326 4772 sanctis
3344 4718 3635 4789 Scripturis

2071 4792 2347 4868 allegorice
2383 4797 2462 4852 sol
2502 4799 2799 4869 appellatus
2845 4792 2968 4870 est,
3006 4803 3319 4862 illustratur.
3353 4792 3515 4877 Quein
3542 4826 3643 4867 ne-

2070 4887 2297 4943 scientes
2320 4896 2374 4945 et
2401 4903 2623 4947 cernere
2645 4906 2752 4946 non
2775 4892 3014 4950 valentes
3039 4894 3274 4955 hteretici
3301 4898 3375 4973 (α)
3399 4901 3637 4972 quidam,

2069 4979 2135 5034 ad
2162 4979 2316 5035 istum
2345 4979 2514 5037 solem
2558 4996 2872 5052 corporeum
2913 4994 2968 5041 et
2998 4986 3280 5058 visibilem,
3309 4992 3449 5062 quod
3488 5008 3640 5050 com-

2069 5086 2228 5128 mune
2271 5071 2448 5129 lumen
2491 5081 2574 5128 est
2599 5072 2774 5129 carnis
2801 5074 3073 5159 hominum
3121 5088 3281 5150 atque
3308 5096 3634 5154 muscarum,

2069 5175 2256 5216 sensus
2297 5162 2615 5232 simplicium
2654 5173 3198 5225 conanturavertere
3218 5211 3233 5236 ,
3266 5180 3322 5226 et
3351 5173 3639 5230 nonnullo-

2070 5268 2185 5308 rum
2226 5263 2486 5318 avertunt.
2516 5256 2606 5326 qui
2632 5256 2880 5326 quamdiu
2928 5274 3035 5316 non
3058 5272 3283 5333 possunt
3322 5264 3631 5325 interiorem

2068 5344 2240 5401 lucem
2269 5346 2501 5402 veritatis
2534 5358 2711 5404 mente
2737 5351 3007 5418 contueri;
3047 5353 3277 5426 simplici
3317 5356 3423 5415 ﬁde
3445 5360 3633 5418 catho-

2129 5476 2473 5553 (q)lntanic_hasi
2502 5480 2741 5553 nimirum,
2770 5482 2962 5553 quinia
2990 5483 3076 5553 lib.
3106 5491 3124 5534 l
3151 5485 3218 5553 de
3247 5490 3426 5553 Genﬁi
3460 5497 3625 5549 contra

2428 5547 2491 5623 Si
2505 5538 2823 5623 ‘EJ‘R:_9:§;
2851 5544 3113 5623 ἕτέφέθωμ
3128 5538 3632 5623 “tingi—mis}?

2055 5600 2405 5674 ερυοθειεωξςι
2428 5601 2511 5651 nn.
2535 5602 2600 5674 de
2615 5600 2820 5674 Moribus
2852 5600 3073 5674 names"
3092 5621 3136 5659 c.
3169 5610 3219 5669 s,
3245 5600 3294 5660 η.
3321 5600 3413 5674 is,”
3437 5600 3632 5667 ἰξίάῖιό-

2066 5667 2161 5733 tur.
2187 5666 2240 5712 Et
2269 5664 2718 5733 oraUOpt's_demum
2739 5666 2797 5714 ad
2818 5667 2987 5733 solem,
2998 5664 3405 5733 quaquaversum,
3429 5664 3633 5726 circum-

2069 5724 2127 5785 it,
2148 5734 2238 5785 per
2256 5723 2387 5772 diem
2409 5724 2615 5776 fundere
2639 5735 2888 5779 narranttu'
2909 5730 2959 5778 in
2975 5723 3060 5781 lib.
3084 5723 3147 5797 ut:
3170 5723 3447 5785 tltercsibus
3462 5723 3479 5749 ³
